{"host":"c2ypwvkuo6d4slur","time":1612766066,"event":{"mods":["BaseMod","Colored Map","Minty Spire (QoL Compilation)","StSLib","Together in Spire"],"gold_per_floor":[118,293,293,313,313,346,346,362,412,412,428,428,455,36,36,132,132,142,142,92,96,96,126,141,141,141,173,173,123,141,156,156,258,258,268,282,282,282,65,77,109,124,124,124,136,164,174,174,174,174,174],"floor_reached":50,"language":"ENG","playtime":3558,"items_purged":["Pain","Doubt","Strike_B","Reprogram"],"score":625,"play_id":"fa07381d-605e-4f8a-9991-be405d03042e","local_time":"20210207223426","is_ascension_mode":false,"campfire_choices":[{"data":"Defragment","floor":7,"key":"SMITH"},{"data":"Dualcast","floor":12,"key":"SMITH"},{"data":"Loop","floor":15,"key":"SMITH"},{"data":"Biased Cognition","floor":25,"key":"SMITH"},{"data":"Coolheaded","floor":28,"key":"SMITH"},{"data":"Hologram","floor":32,"key":"SMITH"},{"data":"Storm","floor":44,"key":"SMITH"},{"data":"Buffer","floor":49,"key":"SMITH"}],"circlet_count":0,"master_deck":["Zap+1","Dualcast+1","Conserve Battery+1","Defragment+1","Compile Driver","Coolheaded+1","Loop+1","Biased Cognition+1","Hologram+1","Sweeping Beam+1","Necronomicurse","Darkness+1","Cold Snap+1","Echo Form","Fission","Heatsinks","Coolheaded","Capacitor","Melter","Conserve Battery","Leap+1","Force Field+1","Storm+1","Capacitor","Dark Shackles","Compile Driver+1","Lockon","Ball Lightning+1","Buffer+1"],"relics":["Cracked Core","WarpedTongs","MealTicket","Smiling Mask","Blue Candle","Blood Vial","OrangePellets","PreservedInsect","Runic Dome","Necronomicon","Darkstone Periapt","War Paint","Symbiotic Virus","Pandora\u0027s Box","Juzu Bracelet","Bag of Preparation","Art of War"],"acts_visited":["Exordium","TheCity","TheBeyond"],"potions_floor_usage":[21,47,50,50],"damage_taken":[{"damage":0,"enemies":"2 Louse","floor":1,"turns":1},{"damage":0,"enemies":"Small Slimes","floor":4,"turns":1},{"damage":0,"enemies":"Gremlin Nob","floor":6,"turns":1},{"damage":1,"enemies":"Cultist","floor":8,"turns":2},{"damage":8,"enemies":"Exordium Wildlife","floor":11,"turns":2},{"damage":5,"enemies":"3 Sentries","floor":13,"turns":2},{"damage":1,"enemies":"The Guardian","floor":16,"turns":5},{"damage":0,"enemies":"Chosen","floor":18,"turns":2},{"damage":5,"enemies":"2 Thieves","floor":21,"turns":2},{"damage":0,"enemies":"Book of Stabbing","floor":23,"turns":2},{"damage":13,"enemies":"Snake Plant","floor":24,"turns":2},{"damage":0,"enemies":"Slavers","floor":27,"turns":2},{"damage":0,"enemies":"Snecko","floor":30,"turns":1},{"damage":0,"enemies":"Chosen and Byrds","floor":31,"turns":3},{"damage":0,"enemies":"Automaton","floor":33,"turns":3},{"damage":10,"enemies":"3 Shapes","floor":35,"turns":2},{"damage":0,"enemies":"Orb Walker","floor":36,"turns":1},{"damage":0,"enemies":"3 Darklings","floor":40,"turns":1},{"damage":1,"enemies":"Giant Head","floor":41,"turns":2},{"damage":0,"enemies":"4 Shapes","floor":42,"turns":1},{"damage":0,"enemies":"Sphere and 2 Shapes","floor":45,"turns":2},{"damage":0,"enemies":"Reptomancer","floor":46,"turns":1},{"damage":25,"enemies":"Transient","floor":47,"turns":2},{"damage":0,"enemies":"Time Eater","floor":50,"turns":1}],"seed_played":"-632747988168084202","potions_obtained":[{"floor":1,"key":"Strength Potion"},{"floor":4,"key":"Swift Potion"},{"floor":6,"key":"GamblersBrew"},{"floor":23,"key":"Swift Potion"},{"floor":27,"key":"Energy Potion"},{"floor":47,"key":"LiquidBronze"}],"is_trial":false,"path_per_floor":["M","?","?","M","?","E","R","M","T","T","M","R","E","$","R","B",null,"M","?","$","M","?","E","M","R","T","E","R","$","M","M","R","B",null,"M","M","?","?","$","M","E","M","T","R","M","E","M","?","R","B"],"character_chosen":"DEFECT","items_purchased":["OrangePellets","PreservedInsect","Loop","Capacitor","Dark Shackles"],"campfire_rested":0,"item_purchase_floors":[14,14,14,39,39],"current_hp_per_floor":[75,75,80,80,80,80,80,79,79,79,71,71,66,80,80,79,80,80,80,80,75,59,61,50,50,50,52,52,67,69,71,71,73,80,70,72,62,62,77,79,79,80,80,80,80,80,55,55,55,57,57],"gold":174,"neow_bonus":"UPGRADE_CARD","is_daily":false,"chose_seed":false,"campfire_upgraded":8,"win_rate":0.0,"timestamp":1612766066,"path_taken":["M","?","?","M","?","E","R","?","T","?","M","R","E","$","R","BOSS","M","?","$","M","?","E","M","R","T","E","R","$","M","M","R","BOSS","M","M","?","?","$","M","E","M","T","R","M","E","M","?","R","BOSS"],"items_purchased_type":["Relic","Relic","Card","Card","Card"],"build_version":"2020-12-22","purchased_purges":4,"victory":false,"max_hp_per_floor":[75,75,80,80,80,80,80,80,80,80,80,80,80,80,80,80,80,80,80,80,80,80,80,80,80,80,80,80,80,80,80,80,80,80,80,80,80,80,80,80,80,80,80,80,80,80,80,76,76,76,76],"card_choices":[{"not_picked":["Recycle","Redo"],"picked":"Conserve Battery","floor":1},{"not_picked":["Hologram","Sweeping Beam"],"picked":"Defragment","floor":4},{"not_picked":["Barrage","Sunder"],"picked":"Compile Driver","floor":6},{"not_picked":["Reprogram","Redo","Streamline"],"picked":"SKIP","floor":8},{"not_picked":["Rip and Tear","Go for the Eyes","Steam"],"picked":"SKIP","floor":11},{"not_picked":["Tempest","Rip and Tear"],"picked":"Coolheaded","floor":13},{"not_picked":["Multi-Cast","Thunder Strike"],"picked":"Biased Cognition","floor":16},{"not_picked":["Conserve Battery","Sweeping Beam"],"picked":"Hologram","floor":18},{"not_picked":["Skim","Sunder+1"],"picked":"Sweeping Beam+1","floor":21},{"not_picked":["Streamline","Rebound"],"picked":"Darkness+1","floor":23},{"not_picked":["Stack","Aggregate","Beam Cell"],"picked":"SKIP","floor":24},{"not_picked":["Aggregate","Tempest"],"picked":"Cold Snap+1","floor":27},{"not_picked":["Skim","Rebound","Sweeping Beam"],"picked":"SKIP","floor":30},{"not_picked":["Coolheaded","Leap"],"picked":"Echo Form","floor":31},{"not_picked":["Echo Form","Creative AI"],"picked":"Fission","floor":33},{"not_picked":["Compile Driver","Gash+1"],"picked":"Leap+1","floor":35},{"not_picked":["Genetic Algorithm","Steam+1"],"picked":"Force Field+1","floor":36},{"not_picked":["Force Field","Steam+1"],"picked":"Compile Driver+1","floor":40},{"not_picked":["Melter","Reinforced Body"],"picked":"Lockon","floor":41},{"not_picked":["Barrage","Beam Cell+1"],"picked":"Ball Lightning+1","floor":42},{"not_picked":["Barrage","Go for the Eyes+1","Conserve Battery+1"],"picked":"SKIP","floor":45},{"not_picked":["Rebound+1","Leap+1"],"picked":"Buffer","floor":46},{"not_picked":["Darkness","BootSequence","Go for the Eyes"],"picked":"SKIP","floor":47}],"player_experience":36720,"relics_obtained":[{"floor":6,"key":"MealTicket"},{"floor":9,"key":"Smiling Mask"},{"floor":10,"key":"Blue Candle"},{"floor":13,"key":"Blood Vial"},{"floor":22,"key":"Necronomicon"},{"floor":23,"key":"Darkstone Periapt"},{"floor":26,"key":"War Paint"},{"floor":27,"key":"Symbiotic Virus"},{"floor":41,"key":"Juzu Bracelet"},{"floor":43,"key":"Bag of Preparation"},{"floor":46,"key":"Art of War"}],"event_choices":[{"damage_healed":0,"gold_gain":175,"player_choice":"AGREE","damage_taken":0,"max_hp_gain":0,"max_hp_loss":0,"event_name":"Liars Game","floor":2,"gold_loss":0,"cards_obtained":["Doubt"]},{"damage_healed":0,"gold_gain":0,"player_choice":"Donut","damage_taken":0,"max_hp_gain":5,"max_hp_loss":0,"event_name":"Big Fish","floor":3,"gold_loss":0},{"damage_healed":0,"gold_gain":0,"player_choice":"Rummage","damage_taken":0,"relics_obtained":["WarpedTongs"],"max_hp_gain":0,"max_hp_loss":0,"event_name":"Accursed Blacksmith","floor":5,"gold_loss":0,"cards_obtained":["Pain"]},{"damage_healed":0,"gold_gain":0,"player_choice":"Ignored","damage_taken":0,"max_hp_gain":0,"max_hp_loss":0,"event_name":"Ghosts","floor":19,"gold_loss":0},{"damage_healed":0,"gold_gain":0,"player_choice":"Obtained Book","damage_taken":16,"max_hp_gain":0,"max_hp_loss":0,"event_name":"Cursed Tome","floor":22,"gold_loss":0},{"damage_healed":0,"gold_gain":0,"player_choice":"Memory 3","damage_taken":10,"max_hp_gain":0,"max_hp_loss":0,"event_name":"SensoryStone","floor":37,"gold_loss":0},{"damage_healed":0,"gold_gain":0,"cards_transformed":["Melter"],"player_choice":"Transformed","damage_taken":0,"max_hp_gain":0,"max_hp_loss":0,"event_name":"Transmorgrifier","floor":38,"gold_loss":0,"cards_obtained":["Storm"]},{"damage_healed":0,"gold_gain":0,"player_choice":"Max HP","damage_taken":0,"max_hp_gain":0,"max_hp_loss":4,"event_name":"Winding Halls","floor":48,"gold_loss":0}],"is_beta":false,"boss_relics":[{"not_picked":["Coffee Dripper","SacredBark"],"picked":"Runic Dome"},{"not_picked":["Runic Pyramid","Velvet Choker"],"picked":"Pandora\u0027s Box"}],"items_purged_floors":[14,20,29,39],"is_endless":false,"potions_floor_spawned":[1,4,6,11,16,18,23,27,30,35,36,42,47],"killed_by":"Time Eater","ascension_level":0}}