{"host":"8a3jzv7qxg3y7b6t","time":1612760791,"event":{"mods":["BaseMod","Better Third Choice","Downfall","Hermit","Minty Spire (QoL Compilation)","Relic Stats","StSLib","The Bug Knight","The Cursed"],"gold_per_floor":[112,112,132,142,155,155,188,188,239,249,264,264,264],"floor_reached":12,"language":"ENG","playtime":613,"items_purged":[],"score":94,"play_id":"f6c72c81-f926-4fdc-89f7-8affa4f4499b","local_time":"20210207210631","is_ascension_mode":true,"campfire_choices":[{"floor":6,"key":"RECALL"},{"data":"HollowMod:CycloneSlash","floor":8,"key":"SMITH"}],"circlet_count":0,"master_deck":["HollowMod:NailStrikeStart","HollowMod:NailStrikeStart","HollowMod:NailStrikeStart","HollowMod:NailStrikeStart","HollowMod:QuickDashStart","HollowMod:QuickDashStart","HollowMod:QuickDashStart","HollowMod:QuickDashStart","HollowMod:FocusHealStart","HollowMod:PogoStrike+1","HollowMod:SoulStrike","Regret","HollowMod:MonomonsArchive","HollowMod:SoulStrike","HollowMod:CycloneSlash+1","HollowMod:GoodIntentions","HollowMod:DescendingDark","HollowMod:GreatSlash"],"relics":["HollowMod:VesselMask","Ornamental Fan","Blood Vial"],"acts_visited":["Exordium"],"potions_floor_usage":[7,12,12],"damage_taken":[{"damage":17,"enemies":"Jaw Worm","floor":1,"turns":5},{"damage":0,"enemies":"Cultist","floor":3,"turns":2},{"damage":0,"enemies":"2 Louse","floor":4,"turns":3},{"damage":10,"enemies":"2 Fungi Beasts","floor":5,"turns":4},{"damage":33,"enemies":"Gremlin Nob","floor":7,"turns":5},{"damage":4,"enemies":"3 Louse","floor":10,"turns":3},{"damage":4,"enemies":"Red Slaver","floor":11,"turns":3},{"damage":33,"enemies":"Lagavulin","floor":12,"turns":9}],"seed_played":"-7729973344521229422","potions_obtained":[{"floor":5,"key":"Block Potion"},{"floor":7,"key":"SkillPotion"},{"floor":11,"key":"FearPotion"}],"is_trial":false,"path_per_floor":["M","?","M","M","M","R","E","R","T","M","M","E"],"character_chosen":"THE_BUGKNIGHT","items_purchased":[],"campfire_rested":0,"item_purchase_floors":[],"current_hp_per_floor":[64,64,70,75,71,71,44,44,44,42,40,19,19],"gold":264,"neow_bonus":"UPGRADE_CARD","is_daily":false,"chose_seed":false,"campfire_upgraded":1,"win_rate":0.0,"timestamp":1612760791,"path_taken":["M","?","M","M","M","R","E","R","T","M","M","E"],"items_purchased_type":[],"build_version":"2020-12-22","purchased_purges":0,"victory":false,"max_hp_per_floor":[75,75,75,75,75,75,75,75,75,75,75,75,75],"relic_stats":{"Blood Vial":6,"counters":[8,34],"Ornamental Fan":[44],"obtain_stats":[{"Blood Vial":7,"Ornamental Fan":2,"HollowMod:VesselMask":0},{"Blood Vial":5,"Ornamental Fan":1,"HollowMod:VesselMask":0},{"Blood Vial":19,"Ornamental Fan":5,"HollowMod:VesselMask":0}]},"card_choices":[{"not_picked":["HollowMod:CornifersMapStart","HollowMod:ChannelNail"],"picked":"HollowMod:SoulStrike","floor":1},{"not_picked":["HollowMod:CoiledNail","HollowMod:CloakDash"],"picked":"HollowMod:MonomonsArchive","floor":3},{"not_picked":["HollowMod:WraithStrike","HollowMod:PureNailStrike"],"picked":"HollowMod:SoulStrike","floor":4},{"not_picked":["HollowMod:SiblingsSouls","HollowMod:VengefulSpirit"],"picked":"HollowMod:CycloneSlash","floor":5},{"not_picked":["HollowMod:DescendingDark","HollowMod:NewJinnsSoul"],"picked":"HollowMod:GoodIntentions","floor":7},{"not_picked":["HollowMod:InfectedAttack","HollowMod:WraithStrike"],"picked":"HollowMod:DescendingDark","floor":10},{"not_picked":["HollowMod:InfectedCysts","HollowMod:CornifersMapStart"],"picked":"HollowMod:GreatSlash","floor":11}],"player_experience":663726,"relics_obtained":[{"floor":7,"key":"Blood Vial"}],"event_choices":[{"damage_healed":0,"gold_gain":0,"player_choice":"Box","damage_taken":0,"relics_obtained":["Ornamental Fan"],"max_hp_gain":0,"max_hp_loss":0,"event_name":"Big Fish","floor":2,"gold_loss":0,"cards_obtained":["Regret"]}],"is_beta":false,"boss_relics":[],"items_purged_floors":[],"is_endless":false,"potions_floor_spawned":[5,7,11],"killed_by":"Lagavulin","ascension_level":3}}