{"host":"soyfmymeou4emntr","time":1612761359,"event":{"mods":["BaseMod","Minty Spire (QoL Compilation)","Permanent Neow","Relic Sorter","Relic Stats","StSLib"],"gold_per_floor":[118,14,14,28,28,28,58,58,84,94,429,50,80,92,92,167,167,177,177,188,137,154,188,188,188,188,188,220,220,252,262,262,338,338,355,355,365,141,159,159,194,211,211,261,93,107,107,117,117,117,117],"floor_reached":50,"language":"ENG","playtime":3898,"items_purged":["Defend_P"],"score":1346,"play_id":"babd6590-d4a8-4180-8450-6ae80576f300","local_time":"20210207221559","is_ascension_mode":true,"campfire_choices":[{"data":"SignatureMove","floor":6.0,"key":"SMITH"},{"data":"PathToVictory","floor":8.0,"key":"SMITH"},{"data":"PathToVictory","floor":15.0,"key":"SMITH"},{"data":"Vault","floor":24.0,"key":"SMITH"},{"floor":27.0,"key":"REST"},{"floor":29.0,"key":"REST"},{"data":"Wireheading","floor":32.0,"key":"SMITH"},{"data":"PathToVictory","floor":40.0,"key":"SMITH"},{"floor":47.0,"key":"RECALL"},{"floor":49.0,"key":"REST"}],"circlet_count":0,"master_deck":["AscendersBane","Defend_P","Eruption","Vigilance","Judgement+1","Nirvana+1","Blasphemy+1","SignatureMove+1","MentalFortress","PathToVictory+1","PathToVictory+1","PathToVictory+1","Evaluate","Scrawl","Protect","PathToVictory","Vault+1","JustLucky","JustLucky","Nirvana","PathToVictory+1","Wireheading+1","Vault","ThirdEye","EmptyBody","Protect","Nirvana"],"relics":["Astrolabe","Strawberry","Pen Nib","Bronze Scales","Old Coin","TungstenRod","Art of War","Empty Cage","Lantern","Pear","Vajra","Yang","Runic Pyramid","Membership Card","Juzu Bracelet","Mummified Hand"],"acts_visited":["Exordium","TheCity","TheBeyond"],"potions_floor_usage":[50],"damage_taken":[{"damage":0.0,"enemies":"2 Louse","floor":1.0,"turns":2.0},{"damage":0.0,"enemies":"Jaw Worm","floor":4.0,"turns":1.0},{"damage":0.0,"enemies":"Gremlin Nob","floor":7.0,"turns":2.0},{"damage":0.0,"enemies":"Cultist","floor":10.0,"turns":2.0},{"damage":24.0,"enemies":"Lagavulin","floor":11.0,"turns":4.0},{"damage":0.0,"enemies":"Gremlin Nob","floor":13.0,"turns":2.0},{"damage":0.0,"enemies":"Large Slime","floor":14.0,"turns":3.0},{"damage":7.0,"enemies":"The Guardian","floor":16.0,"turns":5.0},{"damage":0.0,"enemies":"3 Byrds","floor":18.0,"turns":2.0},{"damage":0.0,"enemies":"Spheric Guardian","floor":20.0,"turns":3.0},{"damage":3.0,"enemies":"Snecko","floor":22.0,"turns":4.0},{"damage":41.0,"enemies":"Book of Stabbing","floor":23.0,"turns":4.0},{"damage":22.0,"enemies":"Slavers","floor":28.0,"turns":5.0},{"damage":0.0,"enemies":"Gremlin Leader","floor":30.0,"turns":4.0},{"damage":3.0,"enemies":"3 Cultists","floor":31.0,"turns":5.0},{"damage":26.0,"enemies":"Collector","floor":33.0,"turns":6.0},{"damage":4.0,"enemies":"3 Shapes","floor":35.0,"turns":5.0},{"damage":0.0,"enemies":"3 Darklings","floor":37.0,"turns":4.0},{"damage":16.0,"enemies":"4 Shapes","floor":39.0,"turns":5.0},{"damage":12.0,"enemies":"Giant Head","floor":41.0,"turns":6.0},{"damage":14.0,"enemies":"Writhing Mass","floor":42.0,"turns":3.0},{"damage":3.0,"enemies":"Maw","floor":46.0,"turns":5.0},{"damage":9.0,"enemies":"Spire Growth","floor":48.0,"turns":4.0},{"damage":100044,"enemies":"Awakened One","floor":50,"turns":4}],"seed_played":"8954911639370295461","potions_obtained":[{"floor":7.0,"key":"FearPotion"},{"floor":11.0,"key":"ColorlessPotion"},{"floor":14.0,"key":"Energy Potion"},{"floor":16.0,"key":"StancePotion"},{"floor":20.0,"key":"Explosive Potion"},{"floor":23.0,"key":"Regen Potion"},{"floor":30.0,"key":"DistilledChaos"},{"floor":41.0,"key":"SteroidPotion"},{"floor":48.0,"key":"AttackPotion"}],"is_trial":false,"path_per_floor":["M","$","?","M","?","R","E","R","T","M","E","$","E","M","R","B",null,"M","?","M","$","M","E","R","?","T","R","E","R","E","M","R","B",null,"M","?","M","$","M","R","E","M","T","?","$","M","R","M","R","B"],"character_chosen":"WATCHER","items_purchased":["MentalFortress","PathToVictory","TungstenRod","Protect","JustLucky","Membership Card","Protect","Mummified Hand","Weak Potion"],"campfire_rested":3,"item_purchase_floors":[2,2,12,12,21,38,38,45,45],"current_hp_per_floor":[61,61,66,66,62,62,62,62,62,62,38,38,38,38,38,31,68,68,68,68,68,65,24,24,24,34,61,53,80,80,77,77,51,80,76,76,76,76,60,60,48,34,34,34,34,31,31,22,49,0,0],"gold":117,"neow_bonus":"BOSS_RELIC","is_daily":false,"chose_seed":false,"campfire_upgraded":6,"win_rate":0.0,"timestamp":1612761359,"path_taken":["M","$","?","M","?","R","E","R","T","M","E","?","E","M","R","BOSS","M","?","M","$","?","E","R","?","T","R","E","R","E","?","R","BOSS","M","?","M","$","?","R","E","M","T","?","?","M","R","M","R","BOSS"],"items_purchased_type":["Card","Card","Relic","Card","Card","Relic","Card","Relic","Potion"],"build_version":"2020-12-22","purchased_purges":1,"victory":false,"max_hp_per_floor":[68,68,73,73,80,80,80,80,80,80,80,80,80,80,80,80,80,80,80,80,80,80,80,80,80,90,90,90,90,90,90,90,90,90,90,90,90,90,90,90,90,90,90,90,90,90,90,90,90,90,90],"relic_stats":{"counters":[24,89],"Mummified Hand":[11],"Astrolabe":["Judgement","Nirvana","Blasphemy"],"Bronze Scales":[178],"Yang":[28],"Pen Nib":[5],"Art of War":[30],"Juzu Bracelet":1,"obtain_stats":[{"Lantern":23,"Pear":26,"Astrolabe":0,"Vajra":28,"Yang":30,"Pen Nib":7,"Juzu Bracelet":41,"Empty Cage":17,"Old Coin":11,"Mummified Hand":45,"Strawberry":5,"Bronze Scales":9,"Art of War":13,"Membership Card":38,"PureWater":0,"TungstenRod":12,"Runic Pyramid":34},{"Lantern":12,"Pear":12,"Astrolabe":0,"Vajra":13,"Yang":14,"Pen Nib":3,"Juzu Bracelet":20,"Empty Cage":8,"Old Coin":5,"Mummified Hand":21,"Strawberry":2,"Bronze Scales":3,"Art of War":6,"Membership Card":18,"PureWater":0,"TungstenRod":5,"Runic Pyramid":16},{"Lantern":34,"Pear":34,"Astrolabe":0,"Vajra":39,"Yang":43,"Pen Nib":5,"Juzu Bracelet":74,"Empty Cage":21,"Old Coin":11,"Mummified Hand":77,"Strawberry":3,"Bronze Scales":5,"Art of War":13,"Membership Card":63,"PureWater":0,"TungstenRod":11,"Runic Pyramid":54}],"TungstenRod":31},"card_choices":[{"not_picked":["Protect","Halt"],"picked":"SignatureMove","floor":1.0},{"not_picked":["ThirdEye","Consecrate"],"picked":"PathToVictory","floor":4.0},{"not_picked":["Protect","FlurryOfBlows"],"picked":"PathToVictory","floor":7.0},{"not_picked":["WindmillStrike","Pray"],"picked":"Evaluate","floor":10.0},{"not_picked":["Prostrate","CarveReality"],"picked":"Scrawl","floor":11.0},{"not_picked":["Prostrate","Consecrate","EmptyMind"],"picked":"SKIP","floor":13.0},{"not_picked":["Protect","FollowUp"],"picked":"PathToVictory","floor":14.0},{"not_picked":["MasterReality","Brilliance"],"picked":"Vault","floor":16.0},{"not_picked":["Consecrate","SashWhip","FlurryOfBlows"],"picked":"SKIP","floor":18.0},{"not_picked":["SignatureMove","Collect","ClearTheMind"],"picked":"SKIP","floor":20.0},{"not_picked":["Halt","BowlingBash"],"picked":"JustLucky","floor":22.0},{"not_picked":["InnerPeace","Devotion"],"picked":"Nirvana","floor":23.0},{"not_picked":["WheelKick","Pray","BowlingBash"],"picked":"SKIP","floor":28.0},{"not_picked":["ClearTheMind","SashWhip"],"picked":"PathToVictory+1","floor":30.0},{"not_picked":["Study","CutThroughFate"],"picked":"Wireheading","floor":31.0},{"not_picked":["ConjureBlade","Wish"],"picked":"Vault","floor":33.0},{"not_picked":["Protect","FlyingSleeves"],"picked":"ThirdEye","floor":35.0},{"not_picked":["Halt","Indignation+1"],"picked":"EmptyBody","floor":37.0},{"not_picked":["FlurryOfBlows","Swivel","FollowUp"],"picked":"SKIP","floor":39.0},{"not_picked":["FlyingSleeves+1","Crescendo","FearNoEvil"],"picked":"SKIP","floor":41.0},{"not_picked":["FlurryOfBlows","Swivel"],"picked":"Nirvana","floor":42.0},{"not_picked":["Evaluate","FollowUp","BattleHymn+1"],"picked":"SKIP","floor":46.0},{"not_picked":["Sanctity+1","FlurryOfBlows","CarveReality"],"picked":"SKIP","floor":48.0}],"player_experience":3122383,"relics_obtained":[{"floor":7.0,"key":"Pen Nib"},{"floor":9.0,"key":"Bronze Scales"},{"floor":11.0,"key":"Old Coin"},{"floor":13.0,"key":"Art of War"},{"floor":23.0,"key":"Lantern"},{"floor":26.0,"key":"Pear"},{"floor":28.0,"key":"Vajra"},{"floor":30.0,"key":"Yang"},{"floor":41.0,"key":"Juzu Bracelet"}],"event_choices":[{"damage_healed":0.0,"max_hp_gain":5.0,"max_hp_loss":0.0,"gold_gain":0.0,"event_name":"Big Fish","player_choice":"Donut","floor":3.0,"gold_loss":0.0,"damage_taken":0.0},{"damage_healed":0.0,"max_hp_gain":0.0,"max_hp_loss":0.0,"gold_gain":0.0,"event_name":"Scrap Ooze","player_choice":"Success","floor":5.0,"gold_loss":0.0,"damage_taken":11.0,"relics_obtained":["Strawberry"]},{"damage_healed":0.0,"max_hp_gain":0.0,"max_hp_loss":0.0,"gold_gain":0.0,"event_name":"Match and Keep!","player_choice":"0 cards matched","floor":19.0,"gold_loss":0.0,"damage_taken":0.0,"cards_obtained":[]},{"cards_removed":["Defend_P"],"damage_healed":0.0,"max_hp_gain":0.0,"max_hp_loss":0.0,"gold_gain":0.0,"event_name":"Purifier","player_choice":"Purged","floor":25.0,"gold_loss":0.0,"damage_taken":0.0},{"damage_healed":0.0,"max_hp_gain":0.0,"max_hp_loss":0.0,"gold_gain":0.0,"event_name":"Transmorgrifier","player_choice":"Ignored","floor":36.0,"gold_loss":0.0,"damage_taken":0.0},{"damage_healed":0.0,"max_hp_gain":0.0,"max_hp_loss":0.0,"gold_gain":50.0,"event_name":"Golden Shrine","player_choice":"Pray","floor":44.0,"gold_loss":0.0,"damage_taken":0.0}],"is_beta":false,"boss_relics":[{"not_picked":["Fusion Hammer","Snecko Eye"],"picked":"Empty Cage"},{"not_picked":["Coffee Dripper","Calling Bell"],"picked":"Runic Pyramid"}],"items_purged_floors":[38],"is_endless":false,"potions_floor_spawned":[7,11,14,16,20,23,30,33,41,48],"killed_by":"Awakened One","ascension_level":20}}