{"host":"ymw71f7rc9ndansy","time":1612749536,"event":{"mods":["ATMod(阿瑾Mod)","Act Like it!","Arknights","Aspiration","BaseMod","DeckTracker","Hubris","Library of Ruina","Library of Ruina Extra","Minty Spire (QoL Compilation)","MostiFishMod","Relic Filter Mod","Remove Card Discount Mod","Replay The Spire","RumiaBox-露米娅的神秘盒子","StSLib","TestMod","【功能Mod】精心准备","【遗物卡牌】REMEMod"],"gold_per_floor":[111,138,157,170,247,250,329,360,384,459,459,459,515,201,201,277,277,297,308,308,136,156,156,154,154,154,154,204,239,239,273,273,345,345,365,365,375,392,392,392,402,396,396,396,396,396,409,409,409,409,409,409,409,409,407,439,439],"floor_reached":58,"language":"ZHS","playtime":2602,"items_purged":["Spreading Infection","LightAttack","LightAttack","LightAttack","Dodge","ChargeAndCover","FocusedStrikes+1","Shame","LightDefense","GaleKick+1","GutHarvesting+1","LightDefense","Reload+1","testmod-CardIndex+1","ChargeUp+1","RagingStormLove"],"score":3401,"play_id":"19656966-80de-461a-9eaf-116532e6ac9f","local_time":"20210208095856","is_ascension_mode":true,"campfire_choices":[{"data":"GutHarvesting","floor":12.0,"key":"SMITH"},{"data":"AT_FamilyPortrait","floor":15.0,"key":"SMITH"},{"data":"Reload","floor":23.0,"key":"SMITH"},{"data":"testmod-CardIndex","floor":25.0,"key":"SMITH"},{"data":"ChargeUp","floor":32.0,"key":"SMITH"},{"floor":40,"key":"RECALL"},{"data":"RipSpace","floor":44,"key":"SMITH"},{"data":"GrazeTheGrass","floor":49,"key":"SMITH"},{"data":"GrazeTheGrass","floor":54,"key":"SMITH"}],"circlet_count":0,"master_deck":["AscendersBane","AT_FamilyPortrait+1","IronWall","QuickSuppression","Leap_lor","SavageMode+1","GrazeTheGrass+1","testmod-EternalityOfKhronos+1","Quickness","GrazeTheGrass+1","RipSpace+1","Leap_lor","GrazeTheGrass+1","Leap_lor","RipSpace+1","Disposal","Cruelty"],"relics":["PageOfLibrarian","testmod-TestBox","DaveBox","REME_ComplimentaryCards","AT_ATBox","PatriotShield","testmod-Déjàvu","Anchor","SynthV:TestCard","Baka","Onion Ring","REME_PuzzleBoxRelic","Whetstone","PreservedInsect","Mango","hubris:Towel","ReplayTheSpireMod:CursedCoin","GodSword7","ReplayFunnel","Coffee Dripper","Strawberry","DiscerningMonocle","Dream Catcher","Omamori","Cauldron","AT_ArchangelStaff","ReplayTheSpireMod:Shallot","MagicDraw2","AT_BellowingDragoncrestRing","Replay:Mystery Machine","Technique","Tiny Chest","Gremlin Food","Runic Dome","AT_TimeSand","Art of War","Oddly Smooth Stone","Ccalipers","HandDrill","AT_ChloranthyRing","Sundial","Lee\u0027s Waffle","Juzu Bracelet","PageOfForsakenMurderer","testmod-Antiphasic","Centennial Puzzle","DollysMirror","SumBook"],"acts_visited":["Exordium","TheCity","TheBeyond","TheEnding"],"potions_floor_usage":[57],"damage_taken":[{"damage":0.0,"enemies":"Cultist","floor":1.0,"turns":2.0},{"damage":0.0,"enemies":"2 Louse","floor":2.0,"turns":1.0},{"damage":0.0,"enemies":"Jaw Worm","floor":3.0,"turns":2.0},{"damage":0.0,"enemies":"Exordium Thugs","floor":4.0,"turns":2.0},{"damage":20.0,"enemies":"3 Sentries","floor":6.0,"turns":3.0},{"damage":6.0,"enemies":"Large Slime","floor":7.0,"turns":9.0},{"damage":0.0,"enemies":"Gremlin Nob","floor":8.0,"turns":1.0},{"damage":0.0,"enemies":"Lagavulin","floor":10.0,"turns":4.0},{"damage":0.0,"enemies":"Looter","floor":13.0,"turns":1.0},{"damage":0.0,"enemies":"Fading Forest","floor":16.0,"turns":4.0},{"damage":0.0,"enemies":"3 Byrds","floor":18.0,"turns":2.0},{"damage":0.0,"enemies":"Spheric Guardian","floor":19.0,"turns":1.0},{"damage":0.0,"enemies":"Snecko","floor":22.0,"turns":2.0},{"damage":0.0,"enemies":"Book of Stabbing","floor":29.0,"turns":1.0},{"damage":0.0,"enemies":"REME_1_Revenger","floor":31.0,"turns":2.0},{"damage":0.0,"enemies":"KingOfGreed","floor":33.0,"turns":3.0},{"damage":4.0,"enemies":"3 Shapes","floor":35.0,"turns":1.0},{"damage":0,"enemies":"3 Darklings","floor":37,"turns":1},{"damage":0,"enemies":"Maw","floor":38,"turns":2},{"damage":18,"enemies":"4 Shapes","floor":41,"turns":1},{"damage":0,"enemies":"3 Darklings","floor":47,"turns":1},{"damage":0,"enemies":"hubris:GrandSnecko","floor":50,"turns":2},{"damage":0,"enemies":"Donu and Deca","floor":51,"turns":2},{"damage":0,"enemies":"Shield and Spear","floor":56,"turns":1},{"damage":22,"enemies":"The Heart","floor":57,"turns":4}],"seed_played":"6850351711336631827","potions_obtained":[{"floor":4.0,"key":"Milkshake"}],"is_trial":false,"path_per_floor":["M","M","M","M","T","E","M","E","T","E","?","R","M","$","R","B",null,"M","M","?","$","M","R","$","R","T","$","?","E","T","E","R","B",null,"M","$","M","M","?","R","M","$","T","R","?","T","M","$","R","B","B",null,null,"R","$","E","B",null],"character_chosen":"Librarian","items_purchased":["ReplayTheSpireMod:CursedCoin","GodSword7","Leap_lor","ReplayFunnel","DiscerningMonocle","Dream Catcher","Omamori","testmod-CardIndex","Cauldron","AT_ArchangelStaff","ReplayTheSpireMod:Shallot","testmod-EternalityOfKhronos","AT_BellowingDragoncrestRing","Replay:Mystery Machine","Technique","AT_TimeSand","Art of War","Quickness","UnforgettableMelody","Oddly Smooth Stone","Ccalipers","HandDrill","Leap_lor","Lee\u0027s Waffle","Juzu Bracelet","PageOfForsakenMurderer","testmod-Antiphasic","Centennial Puzzle","DollysMirror","PowerPotion"],"campfire_rested":0,"item_purchase_floors":[14,14,14,14,21,21,21,21,24,24,24,24,27,27,27,36,36,36,36,42,42,42,42,48,48,48,55,55,55,55],"current_hp_per_floor":[54,43,43,48,48,28,49,49,49,63,63,63,63,63,63,63,112,112,112,119,119,119,119,119,119,119,119,119,124,124,124,124,124,143,139,139,139,139,139,139,121,121,121,121,121,121,121,156,156,156,156,156,156,156,156,156,146],"gold":439,"neow_bonus":"RANDOM_COMMON_RELIC","is_daily":false,"chose_seed":false,"campfire_upgraded":8,"win_rate":0.0,"timestamp":1612749536,"path_taken":["M","M","?","M","?","E","M","E","T","E","?","R","M","$","R","BOSS","M","M","?","?","M","R","$","R","T","$","?","E","?","E","R","BOSS","M","$","M","M","?","R","M","$","T","R","?","?","M","$","R","BOSS","BOSS","R","$","E","BOSS"],"items_purchased_type":["Relic","Relic","Card","Relic","Relic","Relic","Relic","Card","Relic","Relic","Relic","Card","Relic","Relic","Relic","Relic","Relic","Card","Card","Relic","Relic","Relic","Card","Relic","Relic","Relic","Relic","Relic","Relic","Potion"],"build_version":"2020-12-22","purchased_purges":16,"victory":true,"max_hp_per_floor":[60,97,100,100,100,108,108,105,105,128,128,128,128,128,128,128,128,128,128,135,135,135,135,135,135,135,135,135,149,149,149,149,149,149,149,149,149,149,149,149,149,149,149,149,149,149,149,156,156,156,156,156,156,156,156,156,146],"card_choices":[{"not_picked":["Unlock1","PreemptiveStrike","DesperateStruggle","OpportunitySpotted","EnergyShield","RipSpace","UnavoidableGaze","CumulusWall"],"picked":"GaleKick","floor":1.0},{"not_picked":["StructuralAnalysis","EnergyStrike","AsThePrescriptOrders","SuppressingShot","Standoff","UpbeatPerformance","BayonetCombat","Disposal","Creak","NightInTheBackstreets","JiaoTu"],"picked":"SKIP","floor":2.0},{"not_picked":["SpearedSweep","BiAn","GatherIntel","SmokingPipe","ShockingBlow","ForTheFamily","SkyClearingCut","ReadyUp","GuardingStance","ExtractFuel"],"picked":"GutHarvesting","floor":3.0},{"not_picked":["SpearedSweep","UpbeatPerformance","PinpointShot","Struggle","UnavoidableGaze","YoureTooSlow","RhinoRam","Reload","BiAn","MultiHit"],"picked":"RagingStormLove","floor":4.0},{"not_picked":["IngredientHunt","UpbeatPerformance","IronWall","Eject","BiteOff","BindingArms","AutomatedMovement","KeepItFresh","Diversion","PreemptiveStrike","ShrineToMusic"],"picked":"SKIP","floor":6.0},{"not_picked":["FervidEmotions","IllEndYou","GoinFirst","Feast","Tailoring","Wallop_lor","CutIn","MultiHit","Faith","UnavoidableGaze","EnergyStrike"],"picked":"SKIP","floor":7.0},{"not_picked":["SmokingPipe","InnerArdor","StructuralAnalysis","Parry","BindingArms","SkyClearingCut","ShockRound","ToWhereThePrescriptPoints","UnavoidableGaze","Thrust"],"picked":"QuickSuppression","floor":8.0},{"not_picked":["IronWall","SetFire","ForTheFamily","SmokingPipe","Outburst","Pound","UpbeatPerformance","FlyingSword","SerpentSwordTechnique","AsThePrescriptOrders","StartinOutLightly"],"picked":"SKIP","floor":10.0},{"not_picked":["Decapitation","Parry2","Execute_lor","Quickness","MultiBlock","FlashingStrike","QuickAttack","PreemptiveStrike","SinglePointStab","FleetEdge","ExtractFuel"],"picked":"SKIP","floor":13.0},{"not_picked":["Clone","DriedUp","DefenseOrder","FieryDragonSlash","SharpNails","EnergyCycle","RushDown","BackstreetsDash","MultiBlock","FrontalAssault"],"picked":"SavageMode","floor":18.0},{"not_picked":["RhinoRam","BackstreetsDash+1","HandleRequest","StayCalm+1","VenomousFangs","DefenseOrder","Standoff","DesperateStruggle","RepressedFlesh","Parry+1"],"picked":"Reload","floor":19.0},{"not_picked":["GuidanceOfTheGears","WillOfThePrescript","IdentifyWeakpoint","Thrust","MindWhip","YoureTooSlow","Parry2","DarkCloud","Ripple","SenseQuarry"],"picked":"GrazeTheGrass+1","floor":22.0},{"not_picked":["BiAn","FrontalAssault","Commandeering","SuppressingShot","EnergyStrike","SnakesPrey","Struggle","WillOfThePrescript","Faith","AssaultOrder+1","InnerArdor"],"picked":"SKIP","floor":29.0},{"not_picked":["Concentration","Reload","GrazeTheGrass","CumulusWall","Pound","VioletBlade","ViolentFlame","Leap_lor","Wallop_lor","StructuralAnalysis+1"],"picked":"ChargeUp","floor":31.0},{"not_picked":["QuickAttack","SkitterAway","BlowItUp+1","StayCalm","HandleRequest+1","SharpSwipe","UnavoidableGaze","FierceCharge","RepressedFlesh","SuppressingShot+1","Collision"],"picked":"SKIP","floor":35.0},{"not_picked":["SturdyDefense+1","BackAttack","Wallop_lor","SunsetBlade","SpearedSweep","ViolentFlame","SnakesPrey","YoureAHindrance","QuickSuppression+1","ForTheFamily"],"picked":"GrazeTheGrass","floor":37},{"not_picked":["CoordinatedAssault+1","PuppetBlockade","Unlock1+1","Thrust","VioletBlade","MultiHit+1","PinpointShot","ProselytesBlade","GaleKick","SnakesPrey","QuickAttack"],"picked":"SKIP","floor":38},{"not_picked":["HardRehearsal+1","FeelinGood","Wallop_lor","HeavyPeaks","StartinOutLightly","EnergyShield+1","Multislash+1","HandleRequest","ProselytesBlade","Parry2"],"picked":"RipSpace","floor":41},{"not_picked":["LawAndOrder","Pound","CoordinatedAssault","Diversion","SnakesPrey+1","StructuralAnalysis+1","Overcharge","Decapitation","Clone+1","ShockingBlow"],"picked":"GrazeTheGrass","floor":47},{"not_picked":["Bvapour+1","HardRehearsal+1","CumulusWall","CutIn","BizarreAttack","PinpointShot+1","SnakesPrey","SuppressingShot","Standoff","GoinFirst","MultiBlock"],"picked":"SKIP","floor":56}],"player_experience":1080300,"relics_obtained":[{"floor":1.0,"key":"SynthV:TestCard"},{"floor":1.0,"key":"Baka"},{"floor":5.0,"key":"Onion Ring"},{"floor":6.0,"key":"REME_PuzzleBoxRelic"},{"floor":8.0,"key":"Whetstone"},{"floor":9.0,"key":"PreservedInsect"},{"floor":10.0,"key":"Mango"},{"floor":26.0,"key":"MagicDraw2"},{"floor":29.0,"key":"Tiny Chest"},{"floor":31.0,"key":"Gremlin Food"},{"floor":43,"key":"AT_ChloranthyRing"},{"floor":46,"key":"Sundial"},{"floor":56,"key":"SumBook"}],"event_choices":[{"damage_healed":0.0,"max_hp_gain":0.0,"max_hp_loss":0.0,"gold_gain":0.0,"event_name":"Addict","player_choice":"Stole Relic","floor":20.0,"gold_loss":0.0,"damage_taken":0.0,"relics_obtained":["Strawberry"],"cards_obtained":["Shame"]},{"damage_healed":0.0,"max_hp_gain":0.0,"max_hp_loss":0.0,"gold_gain":50.0,"event_name":"Nest","player_choice":"Stole From Cult","floor":28.0,"gold_loss":0.0,"damage_taken":0.0},{"cards_removed":["UnforgettableMelody"],"damage_healed":0,"gold_gain":0,"player_choice":"Removed Power","damage_taken":0,"max_hp_gain":0,"max_hp_loss":0,"event_name":"Falling","floor":39,"gold_loss":0},{"damage_healed":0,"gold_gain":0,"player_choice":"Ignored","damage_taken":0,"max_hp_gain":0,"max_hp_loss":0,"event_name":"SecretPortal","floor":45,"gold_loss":0}],"is_beta":false,"boss_relics":[{"not_picked":["aspiration:PoetsPen_weak","testmod-DeterminationOfClimber"],"picked":"Coffee Dripper"},{"not_picked":["aspiration:RitualDagger","Velvet Choker"],"picked":"Runic Dome"}],"items_purged_floors":[14,14,14,14,14,14,14,21,21,21,21,24,42,42,42,55],"is_endless":false,"potions_floor_spawned":[1,4,8,10,13,18,19,37,47],"ascension_level":20}}