{"host":"dvpvhz1t6etneyb3","time":1612821760,"event":{"mods":["AchievementEnabler","BaseMod","Colored Map","Highlight Path","Minty Spire (QoL Compilation)","Permanent Neow","Quick Restart"],"gold_per_floor":[117,134,134,25,39,69,69,96,119,119,135,199,214,243,243,243,243],"floor_reached":16,"language":"ENG","playtime":860,"items_purged":[],"score":240,"play_id":"c5df6ce4-ee86-4b9a-afd7-bb66439d4f89","local_time":"20210208170240","is_ascension_mode":true,"campfire_choices":[{"data":"Dash","floor":7.0,"key":"SMITH"},{"floor":10.0,"key":"REST"},{"data":"Adrenaline","floor":15.0,"key":"SMITH"}],"circlet_count":0,"master_deck":["AscendersBane","Strike_G","Strike_G","Strike_G","Strike_G","Strike_G","Defend_G","Defend_G","Defend_G","Defend_G","Defend_G","Survivor","Neutralize+1","Dash+1","Poisoned Stab","Dagger Throw","Backflip","Well Laid Plans","Predator","Backstab","Adrenaline+1"],"relics":["Ring of the Snake","Toy Ornithopter","Bag of Preparation","MealTicket","Bottled Tornado","HornCleat"],"acts_visited":[],"potions_floor_usage":[16],"damage_taken":[{"damage":0.0,"enemies":"Jaw Worm","floor":1.0,"turns":6.0},{"damage":7.0,"enemies":"Cultist","floor":2.0,"turns":5.0},{"damage":0.0,"enemies":"Small Slimes","floor":5.0,"turns":3.0},{"damage":22.0,"enemies":"Lagavulin","floor":6.0,"turns":6.0},{"damage":26.0,"enemies":"Gremlin Nob","floor":8.0,"turns":4.0},{"damage":0.0,"enemies":"3 Louse","floor":11.0,"turns":4.0},{"damage":7.0,"enemies":"3 Sentries","floor":12.0,"turns":8.0},{"damage":0.0,"enemies":"2 Fungi Beasts","floor":13.0,"turns":3.0},{"damage":12.0,"enemies":"3 Sentries","floor":14.0,"turns":9.0},{"damage":38,"enemies":"Slime Boss","floor":16,"turns":7}],"seed_played":"6142639130970296919","potions_obtained":[{"floor":3.0,"key":"ColorlessPotion"},{"floor":3.0,"key":"SteroidPotion"},{"floor":6.0,"key":"Energy Potion"},{"floor":8.0,"key":"FearPotion"},{"floor":12.0,"key":"FearPotion"}],"is_trial":false,"path_per_floor":["M","M","?","$","M","E","R","E","T","R","M","?","M","E","R","B"],"character_chosen":"THE_SILENT","items_purchased":["Poisoned Stab","Explosive Potion"],"campfire_rested":1,"item_purchase_floors":[4,4],"current_hp_per_floor":[59,52,52,52,52,30,30,9,9,28,28,26,26,19,19,0,0],"gold":243,"neow_bonus":"UPGRADE_CARD","is_daily":false,"chose_seed":false,"campfire_upgraded":2,"win_rate":0.0,"timestamp":1612821760,"path_taken":["M","M","?","$","?","E","R","E","T","R","M","?","M","E","R","BOSS"],"items_purchased_type":["Card","Potion"],"build_version":"2020-12-22","purchased_purges":0,"victory":false,"max_hp_per_floor":[66,66,66,66,66,66,66,66,66,66,66,66,66,66,66,66,66],"card_choices":[{"not_picked":["Backflip","Bane","Caltrops"],"picked":"SKIP","floor":1.0},{"not_picked":["Expertise","Choke"],"picked":"Dash","floor":2.0},{"not_picked":["Catalyst","Caltrops"],"picked":"Dagger Throw","floor":5.0},{"not_picked":["PiercingWail","Flying Knee"],"picked":"Backflip","floor":6.0},{"not_picked":["Malaise","Prepared"],"picked":"Well Laid Plans","floor":8.0},{"not_picked":["Sucker Punch","Prepared"],"picked":"Predator","floor":11.0},{"not_picked":["Noxious Fumes","Choke"],"picked":"Backstab","floor":12.0},{"not_picked":["Tactician","Deflect","Poisoned Stab"],"picked":"SKIP","floor":13.0},{"not_picked":["Masterful Stab","Cloak And Dagger"],"picked":"Adrenaline","floor":14.0}],"player_experience":2172437,"relics_obtained":[{"floor":6.0,"key":"Toy Ornithopter"},{"floor":8.0,"key":"Bag of Preparation"},{"floor":9.0,"key":"MealTicket"},{"floor":12.0,"key":"Bottled Tornado"},{"floor":14.0,"key":"HornCleat"}],"event_choices":[{"damage_healed":0.0,"max_hp_gain":0.0,"max_hp_loss":0.0,"gold_gain":0.0,"event_name":"Lab","player_choice":"Got Potions","floor":3.0,"gold_loss":0.0,"damage_taken":0.0},{"damage_healed":0.0,"max_hp_gain":0.0,"max_hp_loss":0.0,"gold_gain":0.0,"event_name":"Dead Adventurer","player_choice":"Searched \u00272\u0027 times","floor":12.0,"gold_loss":0.0,"damage_taken":0.0}],"is_beta":false,"boss_relics":[],"items_purged_floors":[],"is_endless":false,"potions_floor_spawned":[6,8,12],"killed_by":"Slime Boss","ascension_level":20}}