{"host":"8is2j71l4wmybkoi","time":1612769102,"event":{"mods":["AchievementEnabler","BaseMod","Colored Map","Minty Spire (QoL Compilation)","Rare Cards Sparkle","StSLib","SuperFastMode"],"gold_per_floor":[213,17,17,32,107,135,152,185,185,23,36,36,36,53,53,130,130,141,155,155,155,182,182,217,217,241,272,17,17,30,49,49,126,126,137,152,152,164,179,210,210,55,55,65,93,93,119,34,34,34,34,34,34,69,69,69],"floor_reached":55,"language":"KOR","playtime":2560,"items_purged":["Strike_G","Strike_G","Defend_G"],"score":1537,"play_id":"0d95f3f1-221f-4f0a-af86-a2759733ea2d","local_time":"20210208162502","is_ascension_mode":true,"campfire_choices":[{"floor":12.0,"key":"REST"},{"data":"Trip","floor":15.0,"key":"SMITH"},{"floor":23.0,"key":"REST"},{"data":"Bullet Time","floor":25.0,"key":"SMITH"},{"floor":29.0,"key":"REST"},{"data":"Accuracy","floor":32.0,"key":"SMITH"},{"floor":41,"key":"REST"},{"floor":46,"key":"RECALL"},{"data":"Well Laid Plans","floor":49,"key":"SMITH"},{"data":"Prepared","floor":52,"key":"SMITH"}],"circlet_count":0,"master_deck":["AscendersBane","Strike_G+1","Defend_G","Defend_G","Defend_G","Defend_G","Survivor","Neutralize","Blade Dance+1","Choke","Corpse Explosion","Prepared+1","Accuracy+1","Trip+1","Reflex","Underhanded Strike","Bullet Time+1","Dagger Throw","Necronomicurse","Endless Agony","Night Terror","Dash+1","Doppelganger","Malaise","Dash","PiercingWail","Backflip","Well Laid Plans+1","Sucker Punch+1"],"relics":["Ring of the Snake","Bronze Scales","Centennial Puzzle","InkBottle","Regal Pillow","Black Star","Necronomicon","Toy Ornithopter","Akabeko","Whetstone","Lantern","Bottled Tornado","Anchor","Busted Crown","Happy Flower","PreservedInsect","Lee\u0027s Waffle","Mummified Hand","Boot","Smiling Mask","Nunchaku","Vajra","StrikeDummy","Pen Nib"],"acts_visited":["Exordium","TheCity","TheBeyond","TheEnding"],"potions_floor_usage":[38,54,55],"damage_taken":[{"damage":5.0,"enemies":"Cultist","floor":1.0,"turns":5.0},{"damage":0.0,"enemies":"Small Slimes","floor":4.0,"turns":3.0},{"damage":18.0,"enemies":"3 Sentries","floor":6.0,"turns":6.0},{"damage":0.0,"enemies":"Jaw Worm","floor":7.0,"turns":3.0},{"damage":16.0,"enemies":"Gremlin Nob","floor":8.0,"turns":3.0},{"damage":0.0,"enemies":"Red Slaver","floor":11.0,"turns":2.0},{"damage":8.0,"enemies":"Blue Slaver","floor":14.0,"turns":3.0},{"damage":22.0,"enemies":"Slime Boss","floor":16.0,"turns":6.0},{"damage":6.0,"enemies":"2 Thieves","floor":18.0,"turns":3.0},{"damage":22.0,"enemies":"Shell Parasite","floor":19.0,"turns":4.0},{"damage":0.0,"enemies":"Slavers","floor":24.0,"turns":1.0},{"damage":34.0,"enemies":"Book of Stabbing","floor":27.0,"turns":4.0},{"damage":0.0,"enemies":"3 Cultists","floor":30.0,"turns":3.0},{"damage":0.0,"enemies":"Snake Plant","floor":31.0,"turns":2.0},{"damage":46.0,"enemies":"Automaton","floor":33.0,"turns":8.0},{"damage":4.0,"enemies":"Orb Walker","floor":35.0,"turns":3.0},{"damage":0.0,"enemies":"3 Darklings","floor":36.0,"turns":1.0},{"damage":5,"enemies":"Transient","floor":38,"turns":5},{"damage":35,"enemies":"Spire Growth","floor":39,"turns":4},{"damage":0,"enemies":"Giant Head","floor":40,"turns":4},{"damage":20,"enemies":"3 Darklings","floor":44,"turns":3},{"damage":0,"enemies":"Reptomancer","floor":45,"turns":5},{"damage":0,"enemies":"Nemesis","floor":47,"turns":4},{"damage":17,"enemies":"Awakened One","floor":50,"turns":10},{"damage":6,"enemies":"Shield and Spear","floor":54,"turns":3},{"damage":69,"enemies":"The Heart","floor":55,"turns":9}],"seed_played":"-7434203188017021399","potions_obtained":[{"floor":4.0,"key":"AttackPotion"},{"floor":6.0,"key":"Explosive Potion"},{"floor":8.0,"key":"SmokeBomb"},{"floor":11.0,"key":"Fire Potion"},{"floor":16.0,"key":"Swift Potion"},{"floor":19.0,"key":"Explosive Potion"},{"floor":30.0,"key":"GamblersBrew"},{"floor":33.0,"key":"Block Potion"},{"floor":39,"key":"CunningPotion"},{"floor":40,"key":"Poison Potion"},{"floor":47,"key":"SpeedPotion"}],"is_trial":false,"path_per_floor":["M","$","?","M","?","E","M","E","T","$","M","R","$","M","R","B",null,"M","M","?","?","T","R","E","R","T","E","$","R","M","M","R","B",null,"M","M","?","M","M","E","R","$","T","M","E","R","E","$","R","B",null,"R","$","E","B"],"character_chosen":"THE_SILENT","items_purchased":["Bronze Scales","Strength Potion","Trip","Anchor","Lee\u0027s Waffle","Well Laid Plans"],"campfire_rested":4,"item_purchase_floors":[2,2,10,28,42,48],"current_hp_per_floor":[54,54,54,54,43,25,25,9,9,9,9,43,43,35,35,13,53,47,25,4,4,4,38,43,43,43,9,9,43,43,43,43,2,50,46,46,46,46,11,11,45,73,73,53,53,53,53,53,53,36,64,64,64,63,0,0],"gold":69,"neow_bonus":"HUNDRED_GOLD","is_daily":false,"chose_seed":false,"campfire_upgraded":5,"win_rate":0.0,"timestamp":1612769102,"path_taken":["M","$","?","M","?","E","M","E","T","$","M","R","?","?","R","BOSS","M","M","?","?","?","R","E","R","T","E","$","R","M","M","R","BOSS","M","M","?","M","?","E","R","$","T","M","E","R","E","$","R","BOSS","R","$","E","BOSS"],"items_purchased_type":["Relic","Potion","Card","Relic","Relic","Card"],"build_version":"2020-12-22","purchased_purges":3,"victory":false,"max_hp_per_floor":[66,66,66,66,66,66,66,66,66,66,66,66,66,66,66,66,66,66,66,66,66,66,66,66,66,66,66,66,66,66,66,66,66,66,66,66,66,66,66,66,66,73,73,73,73,73,73,73,73,73,73,73,73,73,73,73],"card_choices":[{"not_picked":["Bane","Setup"],"picked":"Blade Dance","floor":1.0},{"not_picked":["Acrobatics","Bane"],"picked":"Choke","floor":4.0},{"not_picked":["Predator","PiercingWail"],"picked":"Corpse Explosion","floor":6.0},{"not_picked":["Deflect","Dodge and Roll"],"picked":"Prepared","floor":7.0},{"not_picked":["Flying Knee","Distraction"],"picked":"Accuracy","floor":8.0},{"not_picked":["PiercingWail","Dagger Throw"],"picked":"Reflex","floor":11.0},{"not_picked":["Distraction","Sucker Punch"],"picked":"Underhanded Strike","floor":14.0},{"not_picked":["Night Terror","Malaise"],"picked":"Bullet Time","floor":16.0},{"not_picked":["Slice+1","Outmaneuver","Dodge and Roll"],"picked":"SKIP","floor":18.0},{"not_picked":["Dagger Spray","Outmaneuver"],"picked":"Dagger Throw","floor":19.0},{"not_picked":["Bane","All Out Attack"],"picked":"Dash","floor":24.0},{"not_picked":["Finisher","Dodge and Roll"],"picked":"Doppelganger","floor":27.0},{"not_picked":["Prepared","Choke","Dagger Throw"],"picked":"SKIP","floor":30.0},{"not_picked":["Dagger Spray","Prepared","Masterful Stab"],"picked":"SKIP","floor":31.0},{"not_picked":["Corpse Explosion","Tools of the Trade"],"picked":"Malaise","floor":33.0},{"not_picked":["Slice+1"],"picked":"SKIP","floor":35.0},{"not_picked":["Cloak And Dagger"],"picked":"SKIP","floor":36.0},{"not_picked":["Underhanded Strike"],"picked":"SKIP","floor":38},{"not_picked":["Eviscerate"],"picked":"SKIP","floor":39},{"not_picked":[],"picked":"Dash","floor":40},{"not_picked":[],"picked":"PiercingWail","floor":44},{"not_picked":["Bouncing Flask"],"picked":"SKIP","floor":45},{"not_picked":[],"picked":"Backflip","floor":47},{"not_picked":[],"picked":"Sucker Punch+1","floor":54}],"player_experience":1054405,"relics_obtained":[{"floor":6.0,"key":"Centennial Puzzle"},{"floor":8.0,"key":"InkBottle"},{"floor":9.0,"key":"Regal Pillow"},{"floor":20.0,"key":"Necronomicon"},{"floor":22.0,"key":"Toy Ornithopter"},{"floor":24.0,"key":"Akabeko"},{"floor":24.0,"key":"Whetstone"},{"floor":27.0,"key":"Lantern"},{"floor":27.0,"key":"Bottled Tornado"},{"floor":40,"key":"Happy Flower"},{"floor":40,"key":"PreservedInsect"},{"floor":43,"key":"Mummified Hand"},{"floor":45,"key":"Boot"},{"floor":45,"key":"Smiling Mask"},{"floor":47,"key":"Nunchaku"},{"floor":47,"key":"Vajra"},{"floor":54,"key":"StrikeDummy"},{"floor":54,"key":"Pen Nib"}],"event_choices":[{"damage_healed":0.0,"max_hp_gain":0.0,"max_hp_loss":0.0,"gold_gain":0.0,"event_name":"Liars Game","player_choice":"Ignored","floor":3.0,"gold_loss":0.0,"damage_taken":0.0},{"damage_healed":0.0,"max_hp_gain":0.0,"max_hp_loss":0.0,"gold_gain":75.0,"event_name":"World of Goop","player_choice":"Gather Gold","floor":5.0,"gold_loss":0.0,"damage_taken":11.0},{"damage_healed":0.0,"max_hp_gain":0.0,"max_hp_loss":0.0,"gold_gain":0.0,"event_name":"Cursed Tome","player_choice":"Obtained Book","floor":20.0,"gold_loss":0.0,"damage_taken":21.0},{"damage_healed":0.0,"max_hp_gain":0.0,"max_hp_loss":0.0,"gold_gain":0.0,"cards_transformed":["Strike_G","Strike_G"],"event_name":"Drug Dealer","player_choice":"Became Test Subject","floor":21.0,"gold_loss":0.0,"damage_taken":0.0,"cards_obtained":["Endless Agony","Night Terror"]},{"damage_healed":0.0,"max_hp_gain":0.0,"max_hp_loss":0.0,"gold_gain":0.0,"event_name":"Accursed Blacksmith","player_choice":"Forge","floor":37.0,"gold_loss":0.0,"damage_taken":0.0,"cards_upgraded":["Blade Dance"]}],"is_beta":false,"boss_relics":[{"not_picked":["Coffee Dripper","SacredBark"],"picked":"Black Star"},{"not_picked":["Calling Bell","Runic Pyramid"],"picked":"Busted Crown"}],"items_purged_floors":[10,28,48],"is_endless":false,"potions_floor_spawned":[4,6,8,11,16,19,30,33,39,40,47],"killed_by":"The Heart","ascension_level":15}}