{"host":"k1qq3tnzhl68zvao","time":1612757317,"event":{"mods":["ATMod(阿瑾Mod)","AchievementEnabler","BaseMod","Colored Powertips","Conspire","DeckTracker","Downfall","Energized Spire","GifTheSpireLib","Minty Spire (QoL Compilation)","Quick Restart","Relic Filter Mod","Replay The Spire","Spicy Shops","StSLib","【遗物卡牌】REMEMod"],"gold_per_floor":[112,130,130,142,158,185,185,215,215,225,260,278,1,1,1,150,150,174,188,208,221,221,221],"floor_reached":22,"language":"ZHS","playtime":2027,"items_purged":["Strike_R"],"score":270,"play_id":"d7fb1b0a-4021-458f-bf40-43a1c39e0ab4","local_time":"20210208120837","is_ascension_mode":true,"campfire_choices":[{"data":"Flex","floor":7,"key":"SMITH"},{"data":"True Grit","floor":15,"key":"SMITH"}],"circlet_count":0,"master_deck":["Bash","ReplayTheSpireMod:Speed Training","AT_FamilyPortrait","Flex+1","Battle Trance","Infernal Blade","Juggernaut","Disarm","True Grit+1","Twin Strike+1","Armaments+1","Armaments+1","Limit Break+1","Flame Barrier","Thunderclap","Heavy Blade","ReplayTheSpireMod:LeadingStrike","AT_ShrugMaster","conspire:Charge","Uppercut","AT_BodySlamDance","Replay:Undeath\u0027s Touch"],"relics":["Burning Blood","AT_ATBox","REME_ComplimentaryCards","Blood Vial","Anchor","Blue Doll","Strawberry","Golden Egg","OrangePellets","Golden Idol","Pandora\u0027s Box"],"acts_visited":["Exordium","TheCity"],"potions_floor_usage":[10,16],"damage_taken":[{"damage":3,"enemies":"Jaw Worm","floor":1,"turns":3},{"damage":0,"enemies":"2 Louse","floor":2,"turns":3},{"damage":0,"enemies":"Cultist","floor":4,"turns":4},{"damage":9,"enemies":"Red Slaver","floor":5,"turns":3},{"damage":35,"enemies":"Lagavulin","floor":6,"turns":9},{"damage":18,"enemies":"Replay:BlueRogue","floor":8,"turns":4},{"damage":6,"enemies":"2 Fungi Beasts","floor":10,"turns":3},{"damage":28,"enemies":"conspire:MimicChest","floor":11,"turns":8},{"damage":2,"enemies":"3 Louse","floor":12,"turns":5},{"damage":25,"enemies":"Slime Boss","floor":16,"turns":7},{"damage":0,"enemies":"Chosen","floor":18,"turns":5},{"damage":8,"enemies":"conspire:FuzzyDice","floor":19,"turns":5},{"damage":39,"enemies":"Shelled Parasite and Fungi","floor":20,"turns":5},{"damage":7,"enemies":"Snake Plant","floor":21,"turns":3},{"damage":34,"enemies":"Cultist and Chosen","floor":22,"turns":5}],"seed_played":"6473337222549963436","potions_obtained":[{"floor":2,"key":"SteroidPotion"},{"floor":5,"key":"FearPotion"},{"floor":10,"key":"REME_GoldPotion"},{"floor":12,"key":"Weak Potion"},{"floor":16,"key":"bronze:BurnAndBuffPotion"},{"floor":18,"key":"CultistPotion"}],"is_trial":false,"path_per_floor":["M","M","?","M","M","E","R","E","T","M","?","M","$","?","R","B",null,"M","M","M","M","M"],"character_chosen":"IRONCLAD","items_purchased":["Twin Strike","OrangePellets","Armaments"],"campfire_rested":0,"item_purchase_floors":[13,13,13],"current_hp_per_floor":[77,80,73,80,77,50,50,40,47,49,29,35,35,35,35,18,65,73,73,42,43,11,11],"gold":221,"neow_bonus":"RANDOM_COMMON_RELIC","is_daily":false,"chose_seed":false,"campfire_upgraded":2,"win_rate":0.0,"timestamp":1612757317,"path_taken":["M","M","?","M","M","E","R","E","T","M","?","?","?","?","R","BOSS","M","M","M","M","M"],"items_purchased_type":["Card","Relic","Card"],"build_version":"2020-12-22","purchased_purges":1,"victory":false,"max_hp_per_floor":[80,80,80,80,80,80,80,80,87,87,87,87,87,81,81,81,81,81,81,81,81,81,81],"card_choices":[{"not_picked":["Cleave","Thunderclap"],"picked":"Flex","floor":1},{"not_picked":["Rampage","Wild Strike"],"picked":"Battle Trance","floor":2},{"not_picked":["Blood for Blood","REME_TheLastStrike"],"picked":"Infernal Blade","floor":4},{"not_picked":["AT_GerminateFire","Power Through","Heavy Blade"],"picked":"SKIP","floor":5},{"not_picked":["Dropkick","Wild Strike"],"picked":"Juggernaut","floor":6},{"not_picked":["Dropkick","Anger"],"picked":"Disarm","floor":8},{"not_picked":["Sentinel","ReplayTheSpireMod:Strike From Hell","AT_DrawKnifeCut"],"picked":"SKIP","floor":10},{"not_picked":["Twin Strike","Life Link"],"picked":"True Grit","floor":11},{"not_picked":["Iron Wave","Heavy Blade","Dark Embrace"],"picked":"SKIP","floor":12},{"not_picked":["Hemogenesis","Eclipse"],"picked":"Limit Break","floor":16},{"not_picked":["Shrug It Off","Burning Pact","Anger"],"picked":"SKIP","floor":18},{"not_picked":["Reckless Charge","Metallicize"],"picked":"AT_BodySlamDance","floor":19},{"not_picked":["Warcry+1","Cleave+1"],"picked":"Replay:Undeath\u0027s Touch","floor":20},{"not_picked":["ReplayTheSpireMod:Corrosion Curse","Replay:Undeath\u0027s Touch","Armaments"],"picked":"SKIP","floor":21}],"player_experience":512402,"relics_obtained":[{"floor":6,"key":"Anchor"},{"floor":8,"key":"Blue Doll"},{"floor":9,"key":"Strawberry"},{"floor":11,"key":"Golden Egg"}],"event_choices":[{"cards_removed":["Strike_R"],"damage_healed":0,"gold_gain":0,"player_choice":"Card Removal","damage_taken":7,"max_hp_gain":0,"max_hp_loss":0,"event_name":"Golden Wing","floor":3,"gold_loss":0},{"damage_healed":0,"gold_gain":0,"player_choice":"Lose Max HP","damage_taken":0,"relics_obtained":["Golden Idol"],"max_hp_gain":0,"max_hp_loss":6,"event_name":"Golden Idol","floor":14,"gold_loss":0}],"is_beta":false,"boss_relics":[{"not_picked":["Runic Pyramid","energizedSpire:StickyHand"],"picked":"Pandora\u0027s Box"}],"items_purged_floors":[13],"is_endless":false,"potions_floor_spawned":[2,5,10,12,16,18,20],"killed_by":"Cultist and Chosen","ascension_level":7}}