{"host":"eaiphzh066bwqdh7","time":1612803241,"event":{"mods":["BaseMod","Better Note","Halation","Hubris","Minty Spire (QoL Compilation)","Reliquary","Replay The Spire","StSLib"],"gold_per_floor":[118,130,230,244,258,258,275,275,301,301,313,313,313,313,313,408,408,420,420,420,420,440,469,482,482,482,513,37,37,56,66,66,66,66],"floor_reached":33,"language":"ENG","playtime":934,"items_purged":["Amnesia"],"score":362,"play_id":"c9d87227-1066-470f-9a49-58f61f54ec66","local_time":"20210208115401","is_ascension_mode":true,"campfire_choices":[{"data":"Blade Dance","floor":6,"key":"SMITH"},{"floor":8,"key":"REST"},{"data":"Blade Dance","floor":10,"key":"SMITH"},{"data":"Deadly Poison","floor":12,"key":"SMITH"},{"data":"Poisoned Stab","floor":15,"key":"SMITH"},{"floor":25,"key":"REST"},{"floor":29,"key":"REST"},{"floor":32,"key":"REST"}],"circlet_count":0,"master_deck":["Strike_G+1","Strike_G+1","Strike_G+1","Defend_G+1","Defend_G+1","Defend_G+1","Defend_G+1","Survivor","Neutralize","Cloak And Dagger+1","Blade Dance+1","Poisoned Stab+1","Deflect","Blade Dance+1","Deadly Poison+1","ReplayTheSpireMod:Necrosis","Die Die Die+1","Glass Knife+1","Leg Sweep+1","Deadly Poison+1","Slice","Hidden Blade+1","Slice"],"relics":["Ring of the Snake","War Paint","MealTicket","Astrolabe","ReplayTheSpireMod:Ring of Collecting","Ring of Fury","The Courier","Bottled Flame","Frozen Egg 2","Golden Egg","reliquary:JackalopeAntler"],"acts_visited":["Exordium","TheCity"],"potions_floor_usage":[5,16,16,16,16,16,27,31,31,33],"damage_taken":[{"damage":0,"enemies":"Cultist","floor":1,"turns":4},{"damage":1,"enemies":"2 Louse","floor":2,"turns":3},{"damage":0,"enemies":"Jaw Worm","floor":4,"turns":3},{"damage":0,"enemies":"2 Fungi Beasts","floor":5,"turns":3},{"damage":10,"enemies":"Blue Slaver","floor":7,"turns":3},{"damage":10,"enemies":"Large Slime","floor":11,"turns":4},{"damage":47,"enemies":"Fading Forest","floor":16,"turns":11},{"damage":0,"enemies":"Chosen","floor":18,"turns":3},{"damage":0,"enemies":"Spheric Guardian","floor":22,"turns":3},{"damage":0,"enemies":"Gremlin Leader","floor":23,"turns":5},{"damage":42,"enemies":"Shelled Parasite and Fungi","floor":24,"turns":4},{"damage":31,"enemies":"Book of Stabbing","floor":27,"turns":4},{"damage":9,"enemies":"Cultist and Chosen","floor":30,"turns":4},{"damage":25,"enemies":"Snake Plant","floor":31,"turns":3},{"damage":34,"enemies":"Pondfish","floor":33,"turns":4}],"seed_played":"-4317749210466800993","potions_obtained":[{"floor":1,"key":"DistilledChaos"},{"floor":5,"key":"Strength Potion"},{"floor":11,"key":"EntropicBrew"},{"floor":18,"key":"LifebloodPotion"},{"floor":22,"key":"SteroidPotion"},{"floor":27,"key":"CunningPotion"},{"floor":30,"key":"PowerPotion"}],"is_trial":false,"path_per_floor":["M","M","?","M","M","R","M","R","T","R","M","R","?","?","R","B",null,"M","?","?","?","M","E","M","R","T","E","$","R","M","M","R","B"],"character_chosen":"THE_SILENT","items_purchased":["Golden Egg","reliquary:JackalopeAntler"],"campfire_rested":4,"item_purchase_floors":[28,28],"current_hp_per_floor":[70,69,69,69,69,69,59,70,70,70,60,60,60,60,60,21,70,70,57,57,57,57,57,15,37,37,6,21,43,34,9,31,0,0],"gold":66,"neow_bonus":"RANDOM_COMMON_RELIC","is_daily":false,"chose_seed":false,"campfire_upgraded":4,"win_rate":0.0,"timestamp":1612803241,"path_taken":["M","?","?","M","?","R","M","R","T","R","M","R","?","?","R","BOSS","M","?","?","?","M","E","M","R","T","E","$","R","M","?","R","BOSS"],"items_purchased_type":["Relic","Relic"],"build_version":"2020-12-22","purchased_purges":1,"victory":false,"max_hp_per_floor":[70,70,70,70,70,70,70,70,70,70,70,70,70,70,70,70,70,70,75,75,75,75,75,75,75,75,75,75,75,75,75,75,75,75],"card_choices":[{"not_picked":["PiercingWail","Acrobatics"],"picked":"Cloak And Dagger","floor":1},{"not_picked":["Leg Sweep","Acrobatics"],"picked":"Blade Dance","floor":2},{"not_picked":["Riddle With Holes","Replay:Bag of Tricks"],"picked":"Poisoned Stab","floor":4},{"not_picked":["Underhanded Strike","hubris:SlightOfHand"],"picked":"Deflect","floor":5},{"not_picked":["Dodge and Roll","Skewer"],"picked":"Blade Dance","floor":7},{"not_picked":["Toxin Wave","Acrobatics"],"picked":"Deadly Poison","floor":11},{"not_picked":["Burst","Poison Darts"],"picked":"ReplayTheSpireMod:Necrosis","floor":16},{"not_picked":["Dagger Spray+1","Blur"],"picked":"Deadly Poison+1","floor":18},{"not_picked":["Fluid Movement","Heel Hook"],"picked":"Slice","floor":22},{"not_picked":["Replay:Bag of Tricks","hubris:Counter","Sucker Punch"],"picked":"SKIP","floor":23},{"not_picked":["Acrobatics","ReplayTheSpireMod:Speed Training","Sucker Punch"],"picked":"SKIP","floor":24},{"not_picked":["Riddle With Holes","Distraction","Dagger Spray"],"picked":"SKIP","floor":27},{"not_picked":["Well Laid Plans+1","Endless Agony"],"picked":"Hidden Blade+1","floor":30},{"not_picked":["Dagger Spray","Bane"],"picked":"Slice","floor":31}],"player_experience":283021,"relics_obtained":[{"floor":9,"key":"MealTicket"},{"floor":21,"key":"ReplayTheSpireMod:Ring of Collecting"},{"floor":21,"key":"Ring of Fury"},{"floor":23,"key":"The Courier"},{"floor":26,"key":"Bottled Flame"},{"floor":27,"key":"Frozen Egg 2"}],"event_choices":[{"damage_healed":0,"gold_gain":100,"player_choice":"Pray","damage_taken":0,"max_hp_gain":0,"max_hp_loss":0,"event_name":"Golden Shrine","floor":3,"gold_loss":0},{"damage_healed":0,"gold_gain":0,"player_choice":"Ignored","damage_taken":0,"max_hp_gain":0,"max_hp_loss":0,"event_name":"Liars Game","floor":13,"gold_loss":0},{"damage_healed":0,"gold_gain":0,"player_choice":"Grow","damage_taken":0,"max_hp_gain":0,"max_hp_loss":0,"event_name":"Living Wall","floor":14,"gold_loss":0,"cards_upgraded":["Cloak And Dagger"]},{"damage_healed":0,"gold_gain":0,"player_choice":"Shed Blood","damage_taken":18,"max_hp_gain":5,"max_hp_loss":0,"event_name":"Forgotten Altar","floor":19,"gold_loss":0},{"damage_healed":0,"gold_gain":0,"player_choice":"Simplicity","damage_taken":0,"max_hp_gain":0,"max_hp_loss":0,"event_name":"Back to Basics","floor":20,"gold_loss":0,"cards_upgraded":["Strike_G","Strike_G","Strike_G","Defend_G","Defend_G"]}],"is_beta":false,"boss_relics":[{"not_picked":["halation:PlatinumPhoenix","Abe\u0027s Treasure"],"picked":"Astrolabe"}],"items_purged_floors":[28],"is_endless":false,"potions_floor_spawned":[1,5,11,18,22,27,30],"killed_by":"Pondfish","ascension_level":4}}