{"host":"gjfulft9y42c2y2c","time":1612779890,"event":{"mods":["AchievementEnabler","BaseMod","Colored Map","DeckTracker","Keyboard Shortcuts","Minty Spire (QoL Compilation)","Permanent Neow","StSLib","SuperFastMode","everything is the same but u backflip on backflip"],"gold_per_floor":[10,24,41,54,74,100,100,100,100,100,25,57,57,71,71,71,71],"floor_reached":16,"language":"KOR","playtime":450,"items_purged":["Strike_R"],"score":224,"play_id":"873c9c57-8fb4-4f0d-9bcb-46fc8eb85ba9","local_time":"20210208192450","is_ascension_mode":true,"campfire_choices":[{"data":"Armaments","floor":7.0,"key":"SMITH"},{"data":"Immolate","floor":10.0,"key":"SMITH"},{"data":"Evolve","floor":15,"key":"SMITH"}],"circlet_count":0,"master_deck":["AscendersBane","Strike_R","Strike_R","Strike_R","Strike_R+1","Defend_R","Defend_R","Defend_R","Defend_R","Bash","Immolate+1","Disarm+1","Armaments+1","Power Through","Clothesline","Evolve+1","Pommel Strike"],"relics":["Burning Blood","Bottled Tornado","Sundial","Mummified Hand"],"acts_visited":["Exordium"],"potions_floor_usage":[12,16,16],"damage_taken":[{"damage":6.0,"enemies":"Cultist","floor":1.0,"turns":3.0},{"damage":5.0,"enemies":"Jaw Worm","floor":2.0,"turns":3.0},{"damage":0.0,"enemies":"2 Louse","floor":3.0,"turns":1.0},{"damage":10.0,"enemies":"Exordium Thugs","floor":4.0,"turns":5.0},{"damage":3.0,"enemies":"Looter","floor":5.0,"turns":3.0},{"damage":36.0,"enemies":"Lagavulin","floor":6.0,"turns":8.0},{"damage":15,"enemies":"3 Sentries","floor":12,"turns":4},{"damage":9,"enemies":"Blue Slaver","floor":14,"turns":4},{"damage":12,"enemies":"Hexaghost","floor":16,"turns":10}],"seed_played":"845142511444410230","potions_obtained":[{"floor":1.0,"key":"LiquidBronze"},{"floor":5.0,"key":"LiquidBronze"},{"floor":12,"key":"EssenceOfSteel"}],"is_trial":false,"path_per_floor":["M","M","M","M","M","E","R","T","T","R","$","E","?","M","R","B"],"character_chosen":"IRONCLAD","items_purchased":[],"campfire_rested":0,"item_purchase_floors":[],"current_hp_per_floor":[68,69,75,71,74,44,44,44,44,44,44,35,12,9,9,0,0],"gold":71,"neow_bonus":"THREE_RARE_CARDS","is_daily":false,"chose_seed":false,"campfire_upgraded":3,"win_rate":0.0,"timestamp":1612779890,"path_taken":["M","M","?","M","M","E","R","?","T","R","$","E","?","M","R","BOSS"],"items_purchased_type":[],"build_version":"2020-12-22","purchased_purges":1,"victory":false,"max_hp_per_floor":[75,75,75,75,75,75,75,75,75,75,75,75,75,75,75,75,75],"card_choices":[{"not_picked":["Barricade","Offering"],"picked":"Immolate","floor":0.0},{"not_picked":["Rage","Flex"],"picked":"Disarm","floor":1.0},{"not_picked":["Sentinel","Havoc"],"picked":"Armaments","floor":2.0},{"not_picked":["Headbutt","Twin Strike"],"picked":"Power Through","floor":3.0},{"not_picked":["True Grit","Armaments"],"picked":"Clothesline","floor":4.0},{"not_picked":["True Grit","Offering"],"picked":"Evolve","floor":5.0},{"not_picked":["Anger","Blood for Blood"],"picked":"Pommel Strike","floor":6.0},{"not_picked":["True Grit","Clothesline","Rupture"],"picked":"SKIP","floor":12},{"not_picked":["Infernal Blade","Twin Strike","Spot Weakness"],"picked":"SKIP","floor":14}],"player_experience":275804,"relics_obtained":[{"floor":6.0,"key":"Bottled Tornado"},{"floor":8.0,"key":"Sundial"},{"floor":12,"key":"Mummified Hand"}],"event_choices":[{"damage_healed":0,"gold_gain":0,"player_choice":"Entered Light","damage_taken":23,"max_hp_gain":0,"max_hp_loss":0,"event_name":"Shining Light","floor":13,"gold_loss":0,"cards_upgraded":["Disarm","Strike_R"]}],"is_beta":false,"boss_relics":[],"items_purged_floors":[11],"is_endless":false,"potions_floor_spawned":[1,5,12,14],"killed_by":"Hexaghost","ascension_level":20}}