{"host":"syozzdlzcqop4jia","time":1612816947,"event":{"mods":["BaseMod","Colored Map","Colored Powertips","Minty Spire (QoL Compilation)","Quick Restart"],"gold_per_floor":[109,32,32,51,51,51,1,1,81,101,176,204,222,295,295,392,392,406,422,25,100,110,145,160,176,176,176,192,192,208,37,37,134,134,146,446,461,477,477,477,507,507,507,100,150,150,167,185,185,185,185],"floor_reached":50,"language":"ENG","playtime":3177,"items_purged":[],"score":567,"play_id":"6bfac710-3b20-460b-a587-f995ecabcf00","local_time":"20210208214227","is_ascension_mode":true,"campfire_choices":[{"floor":6,"key":"REST"},{"data":"Tempest","floor":8,"key":"SMITH"},{"floor":15,"key":"REST"},{"floor":27,"key":"REST"},{"data":"Regret","floor":29,"key":"PURGE"},{"data":"Fusion","floor":32,"key":"SMITH"},{"floor":40,"key":"REST"},{"data":"Biased Cognition","floor":46,"key":"SMITH"},{"floor":49,"key":"REST"}],"circlet_count":0,"master_deck":["Strike_B","Strike_B","Strike_B","Strike_B","Defend_B","Defend_B","Defend_B+1","Defend_B+1","Zap","Dualcast","Tempest+1","Melter","Beam Cell","Redo","Electrodynamics","Buffer","Rebound","Streamline+1","Defragment","Leap","Capacitor+1","Conserve Battery+1","Fusion+1","Glacier","The Bomb","Biased Cognition+1","Compile Driver+1","Conserve Battery+1","Self Repair","Steam+1","Shame","Thunder Strike","Streamline+1","Defragment+1","Self Repair+1"],"relics":["Cracked Core","Thread and Needle","Meat on the Bone","Kunai","Question Card","Cursed Key","Torii","Boot","Peace Pipe","Inserter","InkBottle","Pantograph","Bottled Tornado","Shovel"],"acts_visited":["Exordium","TheCity","TheBeyond"],"potions_floor_usage":[28,41],"damage_taken":[{"damage":4,"enemies":"2 Louse","floor":1,"turns":3},{"damage":2,"enemies":"Small Slimes","floor":4,"turns":3},{"damage":0,"enemies":"Jaw Worm","floor":10,"turns":2},{"damage":8,"enemies":"3 Sentries","floor":12,"turns":7},{"damage":6,"enemies":"Lots of Slimes","floor":13,"turns":3},{"damage":22,"enemies":"The Guardian","floor":16,"turns":10},{"damage":0,"enemies":"Spheric Guardian","floor":18,"turns":1},{"damage":0,"enemies":"Chosen","floor":19,"turns":4},{"damage":22,"enemies":"Snake Plant","floor":22,"turns":4},{"damage":44,"enemies":"Book of Stabbing","floor":23,"turns":6},{"damage":0,"enemies":"Sentry and Sphere","floor":24,"turns":2},{"damage":0,"enemies":"Cultist and Chosen","floor":25,"turns":7},{"damage":24,"enemies":"Shelled Parasite and Fungi","floor":28,"turns":4},{"damage":0,"enemies":"3 Cultists","floor":30,"turns":2},{"damage":38,"enemies":"Champ","floor":33,"turns":13},{"damage":0,"enemies":"3 Shapes","floor":35,"turns":5},{"damage":0,"enemies":"Orb Walker","floor":37,"turns":3},{"damage":28,"enemies":"Transient","floor":38,"turns":5},{"damage":80,"enemies":"Reptomancer","floor":41,"turns":8},{"damage":0,"enemies":"Mind Bloom Boss Battle","floor":45,"turns":6},{"damage":38,"enemies":"3 Darklings","floor":47,"turns":4},{"damage":8,"enemies":"Writhing Mass","floor":48,"turns":5},{"damage":82,"enemies":"Donu and Deca","floor":50,"turns":7}],"seed_played":"-7702419617791504654","potions_obtained":[{"floor":10,"key":"DuplicationPotion"},{"floor":12,"key":"GamblersBrew"},{"floor":18,"key":"FearPotion"},{"floor":28,"key":"FairyPotion"},{"floor":30,"key":"PowerPotion"},{"floor":41,"key":"GamblersBrew"},{"floor":48,"key":"BlessingOfTheForge"}],"is_trial":false,"path_per_floor":["M","$","?","M","?","R","?","R","T","M","?","E","M","?","R","B",null,"M","M","$","?","M","E","M","M","T","R","M","R","M","$","R","B",null,"M","?","M","M","?","R","E","?","T","$","?","R","M","M","R","B"],"character_chosen":"DEFECT","items_purchased":["Melter","Torii","Defragment","Leap","The Bomb","Bottled Tornado","Thunder Strike"],"campfire_rested":5,"item_purchase_floors":[2,20,20,20,31,44,44],"current_hp_per_floor":[71,71,53,51,36,58,58,58,58,58,47,39,45,45,67,45,75,75,75,75,68,46,14,26,38,38,60,48,48,48,48,48,22,75,75,75,75,47,47,69,31,31,31,31,63,63,44,55,75,0,0],"gold":185,"neow_bonus":"ONE_RARE_RELIC","is_daily":false,"chose_seed":false,"campfire_upgraded":3,"win_rate":0.0,"timestamp":1612816947,"path_taken":["M","$","?","M","?","R","?","R","T","M","?","E","M","?","R","BOSS","M","M","$","?","M","E","M","M","T","R","M","R","?","$","R","BOSS","M","?","M","?","?","R","E","?","T","$","?","R","M","M","R","BOSS"],"items_purchased_type":["Card","Relic","Card","Card","Card","Relic","Card"],"build_version":"2020-12-22","purchased_purges":0,"victory":false,"max_hp_per_floor":[75,75,75,75,75,75,75,75,75,75,75,75,75,75,75,75,75,75,75,75,75,75,75,75,75,75,75,75,75,75,75,75,75,75,75,75,75,75,75,75,75,75,75,75,75,75,75,75,75,75,75],"card_choices":[{"not_picked":["Undo","Rebound"],"picked":"Tempest","floor":1},{"not_picked":["Chill","Hologram"],"picked":"Beam Cell","floor":4},{"not_picked":["Hologram","Cold Snap"],"picked":"Redo","floor":10},{"not_picked":["Turbo","Hologram"],"picked":"Electrodynamics","floor":12},{"not_picked":["Go for the Eyes","Beam Cell","Compile Driver","FTL"],"picked":"SKIP","floor":13},{"not_picked":["Electrodynamics","Seek","Multi-Cast"],"picked":"Buffer","floor":16},{"not_picked":["Turbo","Barrage","Gash"],"picked":"Rebound","floor":18},{"not_picked":["Doom and Gloom","Double Energy","Hello World"],"picked":"Streamline+1","floor":19},{"not_picked":["Beam Cell","Sweeping Beam+1","Leap","Rebound"],"picked":"SKIP","floor":22},{"not_picked":["Storm","Compile Driver","Heatsinks"],"picked":"Capacitor+1","floor":23},{"not_picked":["Hologram","Multi-Cast","Redo"],"picked":"Conserve Battery+1","floor":24},{"not_picked":["Beam Cell","Compile Driver","Genetic Algorithm","Chill"],"picked":"SKIP","floor":25},{"not_picked":["Hello World","Rebound","Cold Snap+1"],"picked":"Fusion","floor":28},{"not_picked":["Rebound+1","Beam Cell","Conserve Battery+1"],"picked":"Glacier","floor":30},{"not_picked":["Rainbow","Creative AI","Fission"],"picked":"Biased Cognition","floor":33},{"not_picked":["Melter","Go for the Eyes","FTL+1"],"picked":"Compile Driver+1","floor":35},{"not_picked":["Cold Snap","Steam","Redo"],"picked":"Conserve Battery+1","floor":37},{"not_picked":["Barrage","Steam","Skim+1"],"picked":"Self Repair","floor":38},{"not_picked":["Cold Snap+1","Go for the Eyes","Barrage+1"],"picked":"Steam+1","floor":41},{"not_picked":["Cold Snap","Stack+1","All For One"],"picked":"Streamline+1","floor":45},{"not_picked":["Coolheaded+1","Chill+1","Glacier+1"],"picked":"Defragment+1","floor":47},{"not_picked":["Hologram","Storm+1","Leap"],"picked":"Self Repair+1","floor":48}],"player_experience":631234,"relics_obtained":[{"floor":9,"key":"Kunai"},{"floor":12,"key":"Question Card"},{"floor":23,"key":"Boot"},{"floor":26,"key":"Peace Pipe"},{"floor":41,"key":"InkBottle"},{"floor":43,"key":"Pantograph"},{"floor":45,"key":"Shovel"}],"event_choices":[{"damage_healed":0,"gold_gain":0,"player_choice":"Success","damage_taken":18,"relics_obtained":["Meat on the Bone"],"max_hp_gain":0,"max_hp_loss":0,"event_name":"Scrap Ooze","floor":3,"gold_loss":0},{"damage_healed":0,"gold_gain":0,"player_choice":"Entered Light","damage_taken":15,"max_hp_gain":0,"max_hp_loss":0,"event_name":"Shining Light","floor":5,"gold_loss":0,"cards_upgraded":["Defend_B","Defend_B"]},{"cards_removed":["Regret"],"damage_healed":0,"gold_gain":0,"player_choice":"Card Removal","damage_taken":0,"max_hp_gain":0,"max_hp_loss":0,"event_name":"The Cleric","floor":7,"gold_loss":50},{"damage_healed":0,"gold_gain":75,"player_choice":"Gather Gold","damage_taken":11,"max_hp_gain":0,"max_hp_loss":0,"event_name":"World of Goop","floor":11,"gold_loss":0},{"damage_healed":0,"gold_gain":73,"player_choice":"Gained Gold","damage_taken":0,"max_hp_gain":0,"max_hp_loss":0,"event_name":"Golden Wing","floor":14,"gold_loss":0},{"damage_healed":0,"gold_gain":75,"player_choice":"Touch","damage_taken":7,"max_hp_gain":0,"max_hp_loss":0,"event_name":"FaceTrader","floor":21,"gold_loss":0},{"damage_healed":0,"gold_gain":300,"player_choice":"Gold","damage_taken":0,"max_hp_gain":0,"max_hp_loss":0,"event_name":"Wheel of Change","floor":36,"gold_loss":0},{"damage_healed":0,"gold_gain":0,"player_choice":"Ignored","damage_taken":0,"max_hp_gain":0,"max_hp_loss":0,"event_name":"Tomb of Lord Red Mask","floor":39,"gold_loss":0},{"damage_healed":0,"gold_gain":0,"player_choice":"Ignored","damage_taken":0,"max_hp_gain":0,"max_hp_loss":0,"event_name":"Mysterious Sphere","floor":42,"gold_loss":0},{"damage_healed":0,"gold_gain":0,"player_choice":"Fight","damage_taken":0,"max_hp_gain":0,"max_hp_loss":0,"event_name":"MindBloom","floor":45,"gold_loss":0}],"is_beta":false,"boss_relics":[{"not_picked":["SlaversCollar","Fusion Hammer"],"picked":"Cursed Key"},{"not_picked":["Sozu","Empty Cage"],"picked":"Inserter"}],"items_purged_floors":[],"is_endless":false,"potions_floor_spawned":[10,12,18,19,28,30,41,48],"killed_by":"Donu and Deca","ascension_level":1}}