{"host":"q7zm4xeotpldz9qq","time":1612797452,"event":{"mods":["ATMod(阿瑾Mod)","BaseMod","Colored Powertips","Minty Spire (QoL Compilation)","Relic Stats","Replay The Spire","StSLib","[功能]功能增强和修复MOD","残留之物"],"gold_per_floor":[116,116,191,191,191,191,207,234,189,189,212,242,237,263,275,425,425,526,526,544,554,554,554,554,587,587,587,665,676,688,688,698,698,698,897,897,910,923,873,883,898,910,0,15,85,85,85,85,85,85,85,285,285,285,285,513,613],"floor_reached":58,"language":"ZHS","playtime":4467,"items_purged":["PlaceholderMod:BaseStrike","PlaceholderMod:BaseStrike","PlaceholderMod:BaseStrike","PlaceholderMod:BaseStrike","PlaceholderMod:BaseStrike","PlaceholderMod:BaseDefend","PlaceholderMod:BaseDefend","PlaceholderMod:BaseDefend","PlaceholderMod:BaseDefend","PlaceholderMod:BaseDefend","PlaceholderMod:CycleAttack+1","PlaceholderMod:InnerStable","PlaceholderMod:SpinBlade","PlaceholderMod:UnpureUse","PlaceholderMod:UnpureUse","PlaceholderMod:HornyBlast","Decay","Decay","PlaceholderMod:SelfCoupling","PlaceholderMod:SeverePoisonStrike"],"score":1443,"play_id":"f00f0f55-c5cc-416a-a9be-97885104f177","local_time":"20210208231732","is_ascension_mode":false,"campfire_choices":[{"floor":10,"key":"RECALL"},{"floor":17,"key":"REST"},{"data":"PlaceholderMod:ThreeBenzyolStart","floor":27,"key":"SMITH"},{"floor":34,"key":"REST"},{"data":"AT_ShrugMaster","floor":46,"key":"SMITH"},{"floor":49,"key":"REST"},{"floor":51,"key":"REST"},{"floor":54,"key":"REST"}],"circlet_count":0,"master_deck":["PlaceholderMod:Crystal","PlaceholderMod:PoisonWhip","AT_EmpoweredMortalDraw","Purity","PlaceholderMod:ParasiteChange","PlaceholderMod:Stable","PlaceholderMod:CycleAttack","PlaceholderMod:HighConcentration+1","Secret Technique","PlaceholderMod:AttackAsDefend","Sadistic Nature","AT_PowerWithin","Good Instincts","PlaceholderMod:PoisonBlast","Master of Strategy","Dramatic Entrance","PlaceholderMod:Assimilation","PlaceholderMod:EnergyAbsorb+1","PlaceholderMod:TriggerStrike","PlaceholderMod:ReactionCatalyze","PlaceholderMod:DissolvingSpikes","PlaceholderMod:CycleAttack","PlaceholderMod:PoisonBlast","PlaceholderMod:SelectReaction","PlaceholderMod:DirectingGroup","Purity","PlaceholderMod:SprayAttack+1","PlaceholderMod:Internalization+1","PlaceholderMod:ThreeBenzyolStart+1","Bite","Bite","Bite","Bite","Bite","PlaceholderMod:StrongAcid","Trip","Secret Technique","PlaceholderMod:HighConcentration+1","PlaceholderMod:SprayAttack+1","PlaceholderMod:CorePoison","PlaceholderMod:Internalization","PlaceholderMod:Hyperplasia","PlaceholderMod:StrongAcid+1","PlaceholderMod:HornyBlast+1","Blasphemy","Anger+1","Outmaneuver","PlaceholderMod:DirectingGroup","PlaceholderMod:BlastSpray+1","Double Energy+1","Cleave+1","AT_ShrugMaster+1","PlaceholderMod:StrongAcid","PlaceholderMod:BlastSpray+1","Sadistic Nature","Conserve Battery+1","Crescendo+1","Replay:Bootleg Shield Generator","PlaceholderMod:ComplexForm","PlaceholderMod:StrongAcid","PlaceholderMod:Internalization","PlaceholderMod:Sweep+1"],"relics":["PlaceholderMod:Tancle","AT_ATBox","AT_EbonyIvory","Pear","Lee\u0027s Waffle","AT_GreenNoBalance","StoneCalendar","PlaceholderMod:SoulofChaos","ReplayTheSpireMod:ShopPack","AT_DeathDance","PlaceholderMod:DeVermisMysteriis","Orichalcum","Toolbox","AT_GoldPhoenixTree","ReplayTheSpireMod:CursedCoin","Incense Burner","Sundial","DollysMirror","Pet Ghost","Replay:Bottled Eggs","Bag of Marbles","Molten Egg 2","Quantum Egg","AT_TheCollector","Ice Cream","PrismaticShard","Sozu","PreservedInsect","PlaceholderMod:FlatBlood","Red Mask","Bottled Tornado","Gremlin Food","PlaceholderMod:DaolothFragment","OrangePellets","Pen Nib","Mercury Hourglass","AT_BellowingDragoncrestRing","Medical Kit","ReplayTheSpireMod:Shallot"],"acts_visited":["Exordium","TheCity","TheBeyond","TheEnding"],"potions_floor_usage":[],"damage_taken":[{"damage":0,"enemies":"Small Slimes","floor":1,"turns":2},{"damage":15,"enemies":"Jaw Worm","floor":7,"turns":3},{"damage":32,"enemies":"Replay:BlueRogue","floor":8,"turns":5},{"damage":42,"enemies":"Gremlin Nob","floor":12,"turns":5},{"damage":3,"enemies":"Lagavulin","floor":14,"turns":4},{"damage":1,"enemies":"Cultist","floor":15,"turns":2},{"damage":10,"enemies":"Hexaghost","floor":18,"turns":5},{"damage":0,"enemies":"Chosen","floor":20,"turns":2},{"damage":4,"enemies":"2 Thieves","floor":21,"turns":3},{"damage":51,"enemies":"Book of Stabbing","floor":25,"turns":5},{"damage":3,"enemies":"Centurion and Healer","floor":29,"turns":3},{"damage":7,"enemies":"Snake Plant","floor":30,"turns":3},{"damage":0,"enemies":"Cultist and Chosen","floor":32,"turns":3},{"damage":33,"enemies":"Champ","floor":35,"turns":7},{"damage":7,"enemies":"3 Darklings","floor":37,"turns":2},{"damage":0,"enemies":"Orb Walker","floor":38,"turns":2},{"damage":5,"enemies":"4 Shapes","floor":40,"turns":1},{"damage":0,"enemies":"Spire Growth","floor":41,"turns":2},{"damage":12,"enemies":"Sphere and 2 Shapes","floor":42,"turns":3},{"damage":19,"enemies":"Writhing Mass","floor":44,"turns":3},{"damage":15,"enemies":"Awakened One","floor":52,"turns":5},{"damage":0,"enemies":"Shield and Spear","floor":56,"turns":2},{"damage":87,"enemies":"The Heart","floor":57,"turns":4}],"seed_played":"5464718482165464497","potions_obtained":[{"floor":7,"key":"LifebloodPotion"},{"floor":8,"key":"SpeedPotion"},{"floor":12,"key":"Adrenaline Potion"}],"is_trial":false,"path_per_floor":["M","$","?","PTL","PTL","T","M","E","$","R","T","E","$","E","M","$","R","B",null,"M","M","$","?","$","E","T","R","T","M","M","?","M","$","R","B",null,"M","M","$","M","M","M","?","M","T","R","$","?","R","?","R","B",null,"R","$","E","B",null],"character_chosen":"THE_PLACEHOLDER","items_purchased":["AT_EbonyIvory","Pear","Lee\u0027s Waffle","PlaceholderMod:SpinBlade","PlaceholderMod:ParasiteChange","PlaceholderMod:UnpureUse","PlaceholderMod:HornyBlast","PlaceholderMod:SoulofChaos","ReplayTheSpireMod:ShopPack","PlaceholderMod:HighConcentration","Secret Technique","PlaceholderMod:PoisonAbsorb","PlaceholderMod:AttackAsDefend","Master of Strategy","PlaceholderMod:DeVermisMysteriis","Orichalcum","Toolbox","Dramatic Entrance","PlaceholderMod:Assimilation","PlaceholderMod:EnergyAbsorb","AT_GoldPhoenixTree","ReplayTheSpireMod:CursedCoin","PlaceholderMod:DissolvingSpikes","PlaceholderMod:CycleAttack","PlaceholderMod:PoisonBlast","PlaceholderMod:SelectReaction","Incense Burner","Sundial","DollysMirror","Purity","PlaceholderMod:SprayAttack","PlaceholderMod:Internalization+1","PlaceholderMod:ThreeBenzyolStart","Pet Ghost","PlaceholderMod:StrongAcid","Trip","Secret Technique","PlaceholderMod:HighConcentration","Replay:Bottled Eggs","AT_TheCollector","Ice Cream","PrismaticShard","PlaceholderMod:StrongAcid","PlaceholderMod:HornyBlast+1","PlaceholderMod:CycleAttack+1","PreservedInsect","PlaceholderMod:FlatBlood","PlaceholderMod:DirectingGroup","Gremlin Food","PlaceholderMod:DaolothFragment","OrangePellets","PlaceholderMod:StrongAcid","PlaceholderMod:BlastSpray+1","Sadistic Nature","Mercury Hourglass","AT_BellowingDragoncrestRing","Medical Kit","Replay:Bootleg Shield Generator","PlaceholderMod:ComplexForm","PlaceholderMod:StrongAcid","PlaceholderMod:Internalization"],"campfire_rested":5,"item_purchase_floors":[2,2,2,2,2,2,2,9,9,9,9,9,9,13,13,13,13,13,13,13,16,16,16,16,16,16,22,22,22,22,22,22,22,24,24,24,24,24,24,33,33,33,33,33,33,39,39,39,47,47,47,47,47,47,55,55,55,55,55,55,55],"current_hp_per_floor":[78,95,84,84,84,84,32,15,15,15,15,5,5,44,50,50,80,74,106,106,106,106,79,79,32,35,35,35,36,29,22,28,28,54,30,89,82,85,85,80,80,79,82,63,63,63,63,66,97,100,108,93,108,108,108,108,23],"gold":613,"neow_bonus":"RANDOM_COLORLESS","is_daily":false,"chose_seed":false,"campfire_upgraded":2,"win_rate":0.0,"timestamp":1612797452,"path_taken":["M","$","?","PTL","PTL","?","M","E","$","R","T","E","$","E","?","$","R","BOSS","M","M","$","?","$","E","?","R","T","M","M","?","M","$","R","BOSS","M","?","$","M","M","?","?","M","T","R","$","?","R","?","R","BOSS","R","$","E","BOSS"],"items_purchased_type":["Relic","Relic","Relic","Card","Card","Card","Card","Relic","Relic","Card","Card","Card","Card","Card","Relic","Relic","Relic","Card","Card","Card","Relic","Relic","Card","Card","Card","Card","Relic","Relic","Relic","Card","Card","Card","Card","Relic","Card","Card","Card","Card","Relic","Relic","Relic","Relic","Card","Card","Card","Relic","Relic","Card","Relic","Relic","Relic","Card","Card","Card","Relic","Relic","Relic","Card","Card","Card","Card"],"build_version":"2020-12-22","purchased_purges":20,"victory":true,"max_hp_per_floor":[78,95,95,95,95,95,95,95,95,95,95,95,95,95,102,102,102,106,106,106,110,110,79,79,79,82,82,82,82,82,85,89,89,89,89,89,89,92,92,92,92,99,102,102,102,102,102,105,105,108,108,108,108,108,108,108,108],"relic_stats":{"Sozu":2,"OrangePellets":[3],"Lee\u0027s Waffle":7,"counters":[23,76],"Sundial":[0],"StoneCalendar":[47],"PreservedInsect":68,"Pen Nib":[3],"Orichalcum":[114],"Medical Kit":[1],"obtain_stats":[{"Ice Cream":33,"PlaceholderMod:Tancle":0,"AT_ATBox":0,"PlaceholderMod:DaolothFragment":47,"StoneCalendar":8,"PlaceholderMod:DeVermisMysteriis":13,"Incense Burner":22,"Bottled Tornado":45,"PrismaticShard":33,"Pet Ghost":24,"Sozu":36,"Sundial":22,"DollysMirror":22,"Toolbox":13,"Red Mask":43,"Replay:Bottled Eggs":24,"Gremlin Food":47,"Lee\u0027s Waffle":2,"Pear":2,"ReplayTheSpireMod:CursedCoin":16,"Quantum Egg":28,"AT_GreenNoBalance":14,"AT_GoldPhoenixTree":16,"AT_EbonyIvory":2,"AT_SilverBalance":6,"PreservedInsect":39,"Pen Nib":50,"Orichalcum":13,"Medical Kit":55,"Mercury Hourglass":55,"OrangePellets":47,"AT_BellowingDragoncrestRing":55,"ReplayTheSpireMod:Shallot":56,"AT_TheCollector":33,"Molten Egg 2":26,"Bag of Marbles":25,"PlaceholderMod:SoulofChaos":9,"AT_DeathDance":12,"ReplayTheSpireMod:ShopPack":9,"PlaceholderMod:FlatBlood":39},{"Ice Cream":13,"PlaceholderMod:Tancle":0,"AT_ATBox":0,"PlaceholderMod:DaolothFragment":20,"StoneCalendar":3,"PlaceholderMod:DeVermisMysteriis":4,"Incense Burner":9,"Bottled Tornado":20,"PrismaticShard":13,"Pet Ghost":9,"Sozu":14,"Sundial":9,"DollysMirror":9,"Toolbox":4,"Red Mask":19,"Replay:Bottled Eggs":9,"Gremlin Food":20,"Lee\u0027s Waffle":1,"Pear":1,"ReplayTheSpireMod:CursedCoin":6,"Quantum Egg":10,"AT_GreenNoBalance":5,"AT_GoldPhoenixTree":6,"AT_EbonyIvory":1,"AT_SilverBalance":1,"PreservedInsect":16,"Pen Nib":20,"Orichalcum":4,"Medical Kit":21,"Mercury Hourglass":21,"OrangePellets":20,"AT_BellowingDragoncrestRing":21,"ReplayTheSpireMod:Shallot":22,"AT_TheCollector":13,"Molten Egg 2":10,"Bag of Marbles":10,"PlaceholderMod:SoulofChaos":3,"AT_DeathDance":4,"ReplayTheSpireMod:ShopPack":3,"PlaceholderMod:FlatBlood":16},{"Ice Cream":45,"PlaceholderMod:Tancle":0,"AT_ATBox":0,"PlaceholderMod:DaolothFragment":65,"StoneCalendar":10,"PlaceholderMod:DeVermisMysteriis":15,"Incense Burner":31,"Bottled Tornado":65,"PrismaticShard":45,"Pet Ghost":31,"Sozu":52,"Sundial":31,"DollysMirror":31,"Toolbox":15,"Red Mask":62,"Replay:Bottled Eggs":31,"Gremlin Food":65,"Lee\u0027s Waffle":2,"Pear":2,"ReplayTheSpireMod:CursedCoin":21,"Quantum Egg":36,"AT_GreenNoBalance":15,"AT_GoldPhoenixTree":21,"AT_EbonyIvory":2,"AT_SilverBalance":2,"PreservedInsect":56,"Pen Nib":65,"Orichalcum":15,"Medical Kit":70,"Mercury Hourglass":70,"OrangePellets":65,"AT_BellowingDragoncrestRing":70,"ReplayTheSpireMod:Shallot":72,"AT_TheCollector":45,"Molten Egg 2":36,"Bag of Marbles":36,"PlaceholderMod:SoulofChaos":10,"AT_DeathDance":15,"ReplayTheSpireMod:ShopPack":10,"PlaceholderMod:FlatBlood":56}],"Mercury Hourglass":[24]},"card_choices":[{"not_picked":["Blind","Dark Shackles"],"picked":"Purity","floor":0},{"not_picked":["PlaceholderMod:ParasiteChange","PlaceholderMod:CrystallizationStrike"],"picked":"PlaceholderMod:InnerStable","floor":1},{"not_picked":["PlaceholderMod:SeverePoisonStrike","PlaceholderMod:ParasiteChange"],"picked":"PlaceholderMod:Stable","floor":7},{"not_picked":["PlaceholderMod:ParasiteChange","PlaceholderMod:SpinBlade"],"picked":"PlaceholderMod:CycleAttack","floor":8},{"not_picked":["AT_FalsePromise","AT_BreakingExtremeWeapon"],"picked":"Sadistic Nature","floor":9},{"not_picked":["Deep Breath","HandOfGreed"],"picked":"AT_PowerWithin","floor":9},{"not_picked":["Survey Options","Bandage Up"],"picked":"Good Instincts","floor":9},{"not_picked":["PlaceholderMod:HighConcentration","PlaceholderMod:HardStrike"],"picked":"PlaceholderMod:PoisonBlast","floor":12},{"not_picked":["PlaceholderMod:AttackAsDefend","PlaceholderMod:StressReaction"],"picked":"PlaceholderMod:TriggerStrike","floor":14},{"not_picked":["PlaceholderMod:StressReaction","PlaceholderMod:UnpureUse"],"picked":"PlaceholderMod:ReactionCatalyze","floor":15},{"not_picked":["PlaceholderMod:InnerSoften","PlaceholderMod:CorePoison"],"picked":"PlaceholderMod:SelfCoupling","floor":18},{"not_picked":["PlaceholderMod:ConsolidateHit","PlaceholderMod:Turn"],"picked":"PlaceholderMod:DirectingGroup","floor":20},{"not_picked":["PlaceholderMod:ParasiteChange+1","PlaceholderMod:SprayAttack"],"picked":"PlaceholderMod:SeverePoisonStrike","floor":21},{"not_picked":["PlaceholderMod:SpinBlade+1","PlaceholderMod:Polyp"],"picked":"PlaceholderMod:SprayAttack+1","floor":25},{"not_picked":["PlaceholderMod:PoisonExcitation+1","PlaceholderMod:Polyp"],"picked":"PlaceholderMod:CorePoison","floor":29},{"not_picked":["PlaceholderMod:Turn","PlaceholderMod:SubstitutionNucleophilic1+1"],"picked":"PlaceholderMod:Internalization","floor":30},{"not_picked":["PlaceholderMod:ContinueSpray+1","PlaceholderMod:Package"],"picked":"PlaceholderMod:Hyperplasia","floor":32},{"not_picked":["AT_WaterDrop","PlaceholderMod:PericyclicReaction"],"picked":"Blasphemy","floor":35},{"not_picked":["SashWhip+1","Hologram"],"picked":"Anger+1","floor":37},{"not_picked":["PiercingWail","Havoc"],"picked":"Outmaneuver","floor":38},{"not_picked":["Barrage+1","Run Through+1"],"picked":"PlaceholderMod:BlastSpray+1","floor":40},{"not_picked":["AT_WindFlip+1","Sucker Punch+1"],"picked":"Double Energy+1","floor":41},{"not_picked":["Hologram+1","PlaceholderMod:HardStinger"],"picked":"Cleave+1","floor":42},{"not_picked":["PlaceholderMod:HardStinger","Beam Cell+1"],"picked":"AT_ShrugMaster","floor":44},{"not_picked":["PlaceholderMod:PoisonBlast","PlaceholderMod:AngryAttack+1"],"picked":"Conserve Battery+1","floor":50},{"not_picked":["Replay:ManipulateFuture","Consecrate+1"],"picked":"Crescendo+1","floor":50},{"not_picked":["EmptyBody+1","ReplayTheSpireMod:GoodbyeWorld"],"picked":"PlaceholderMod:Sweep+1","floor":56}],"player_experience":78568,"relics_obtained":[{"floor":6,"key":"AT_SilverBalance"},{"floor":8,"key":"StoneCalendar"},{"floor":12,"key":"AT_DeathDance"},{"floor":25,"key":"Bag of Marbles"},{"floor":26,"key":"Molten Egg 2"},{"floor":28,"key":"Quantum Egg"},{"floor":45,"key":"Bottled Tornado"},{"floor":50,"key":"Pen Nib"},{"floor":56,"key":"ReplayTheSpireMod:Shallot"}],"event_choices":[{"damage_healed":0,"gold_gain":75,"player_choice":"Gather Gold","damage_taken":11,"max_hp_gain":0,"max_hp_loss":0,"event_name":"World of Goop","floor":3,"gold_loss":0},{"damage_healed":0,"gold_gain":0,"player_choice":"Became a vampire","damage_taken":0,"max_hp_gain":0,"max_hp_loss":34,"event_name":"Vampires","floor":23,"gold_loss":0,"cards_obtained":["Bite","Bite","Bite","Bite","Bite"]},{"damage_healed":0,"gold_gain":0,"player_choice":"Damaged","damage_taken":8,"max_hp_gain":0,"max_hp_loss":0,"event_name":"Wheel of Change","floor":31,"gold_loss":0},{"damage_healed":0,"gold_gain":0,"player_choice":"Paid","damage_taken":0,"relics_obtained":["Red Mask"],"max_hp_gain":0,"max_hp_loss":0,"event_name":"Tomb of Lord Red Mask","floor":43,"gold_loss":910},{"cards_removed":["PlaceholderMod:PoisonAbsorb"],"damage_healed":0,"gold_gain":0,"player_choice":"Removed Skill","damage_taken":0,"max_hp_gain":0,"max_hp_loss":0,"event_name":"Falling","floor":48,"gold_loss":0}],"is_beta":false,"boss_relics":[{"not_picked":["Replay:Drink Me","Replay:Bronze Core","Honey Jar"]},{"not_picked":["Velvet Choker","Painkiller Herb"],"picked":"Sozu"}],"items_purged_floors":[9,9,9,9,9,9,9,9,9,13,39,39,39,39,39,39,39,39,39,39],"is_endless":false,"potions_floor_spawned":[7,8,12,29,32,35,40,42],"ascension_level":0}}