{"host":"c7dr7q4h26dxt6y4","time":1612744157,"event":{"mods":["BaseMod","BetterRewards","Colored Map","Conspire","Glutton Mod","Hubris","Mimic Mod","Minty Spire (QoL Compilation)","Reliquary","Shop Mod","StSLib","SuperFastMode","The Jungle","The Saiyan"],"gold_per_floor":[89,189,189,189,200,231,231,231,231,246,258,258,258,271,271,375,375,395,15,31,31,46,46,84,84,120,132,158,200,212,212],"floor_reached":30,"language":"ENG","playtime":1360,"items_purged":[],"score":323,"play_id":"6806a865-77b2-4a36-8df6-9d3075f39b97","local_time":"20210207162917","is_ascension_mode":true,"campfire_choices":[{"data":"Saiyan:TurtleShell","floor":7,"key":"SMITH"},{"floor":13,"key":"REST"},{"floor":15,"key":"REST"},{"floor":23,"key":"REST"}],"circlet_count":0,"master_deck":["Saiyan:SAIYA_Strike","Saiyan:SAIYA_Strike","Saiyan:SAIYA_Strike","Saiyan:SAIYA_Strike","Saiyan:SAIYA_Defend","Saiyan:SAIYA_Defend","Saiyan:SAIYA_Defend","Saiyan:SAIYA_Defend","Saiyan:KaioKen","Saiyan:RuthlessBlow","Saiyan:GenkiDama","Saiyan:Makankosappo","Saiyan:TurtleShell+1","Saiyan:Scouter","Saiyan:Quickening","Saiyan:PlotArmor","Saiyan:TurtleShell","Saiyan:Rekindle","Saiyan:FinalFlash","Saiyan:ExpandingShockwave+1","Saiyan:FingerParry+1","Saiyan:KameHameHa","hubris:DuctTapeCard","Saiyan:MeteorDash","Saiyan:KiExplosion+1"],"relics":["SaiyanSoul","SaiyanHeart","reliquary:RoseTintedGlasses","reliquary:SilkGlove","Matryoshka","hubris:Towel","conspire:RoyalGoblet","MerchantsRug","Mercury Hourglass","Art of War","MawBank","hubris:DuctTape","Strawberry"],"acts_visited":["Exordium","TheCity"],"potions_floor_usage":[22,29,29],"damage_taken":[{"damage":0,"enemies":"Jaw Worm","floor":1,"turns":3},{"damage":0,"enemies":"Cultist","floor":5,"turns":2},{"damage":13,"enemies":"3 Sentries","floor":6,"turns":3},{"damage":20,"enemies":"conspire:RoseBush","floor":10,"turns":2},{"damage":4,"enemies":"Large Slime","floor":11,"turns":5},{"damage":18,"enemies":"conspire:2 RoseBushes","floor":14,"turns":3},{"damage":25,"enemies":"Slime Boss","floor":16,"turns":9},{"damage":11,"enemies":"conspire:FuzzyDice","floor":18,"turns":6},{"damage":22,"enemies":"3 Byrds","floor":20,"turns":6},{"damage":25,"enemies":"Snake Plant","floor":22,"turns":5},{"damage":3,"enemies":"Cultist and Chosen","floor":26,"turns":9},{"damage":17,"enemies":"Cultist and Chosen","floor":28,"turns":5},{"damage":17,"enemies":"Book of Stabbing","floor":29,"turns":6},{"damage":17,"enemies":"conspire:HollyBat","floor":30,"turns":6}],"seed_played":"-165828490812201666","potions_obtained":[{"floor":1,"key":"LiquidMemories"},{"floor":5,"key":"Weak Potion"},{"floor":16,"key":"DuplicationPotion"},{"floor":29,"key":"Dexterity Potion"}],"is_trial":false,"path_per_floor":["M","?","$","?","M","E","R","?","T","M","M","?","R","M","R","B",null,"M","$","M","?","M","R","$","?","MIM","$","M","E","M"],"character_chosen":"SAIYAJIN","items_purchased":["reliquary:RoseTintedGlasses","Saiyan:FinalFlash","Saiyan:SaiyanHubris","MerchantsRug","reliquary:BrokenClock"],"campfire_rested":3,"item_purchase_floors":[3,19,19,19,19],"current_hp_per_floor":[62,62,52,52,52,41,41,41,41,22,21,21,41,26,47,24,73,63,63,42,28,7,32,32,32,33,33,20,13,0,0],"gold":212,"neow_bonus":"ONE_RANDOM_RARE_CARD","is_daily":false,"chose_seed":false,"campfire_upgraded":1,"win_rate":0.0,"timestamp":1612744157,"path_taken":["M","?","?","?","M","E","R","?","T","M","?","?","R","M","R","BOSS","M","$","M","?","M","R","$","?","MIM","$","?","E","M"],"items_purchased_type":["Relic","Card","Card","Relic","Relic"],"build_version":"2020-12-22","purchased_purges":0,"victory":false,"max_hp_per_floor":[62,62,62,62,62,64,64,64,64,65,68,68,68,71,71,73,73,74,74,75,80,84,84,84,84,88,88,92,102,102,102],"card_choices":[{"not_picked":["Saiyan:BackAttack","Saiyan:PowerUp"],"picked":"Saiyan:Makankosappo","floor":1},{"not_picked":["Saiyan:Overexert","Saiyan:PlotArmor"],"picked":"Saiyan:TurtleShell","floor":5},{"not_picked":["Saiyan:ExtremeSpeed","Saiyan:Quickening"],"picked":"Saiyan:Scouter","floor":6},{"not_picked":["Saiyan:DragonFist","Saiyan:Kienzan"],"picked":"Saiyan:Quickening","floor":10},{"not_picked":["Saiyan:Scouter","Saiyan:TheBomb"],"picked":"Saiyan:PlotArmor","floor":11},{"not_picked":["Saiyan:Quickening","Saiyan:BigBangAttack"],"picked":"Saiyan:TurtleShell","floor":14},{"not_picked":["Saiyan:TransfigurationBeam","Saiyan:GenkiDama"],"picked":"Saiyan:Rekindle","floor":16},{"not_picked":["Saiyan:LastResort","Saiyan:DoubleMasenko","Saiyan:BigBangAttack"],"picked":"SKIP","floor":18},{"not_picked":["Saiyan:DoubleMasenko","Saiyan:Makankosappo"],"picked":"Saiyan:ExpandingShockwave+1","floor":20},{"not_picked":["Saiyan:PowerUp+1","Saiyan:PlotArmor"],"picked":"Saiyan:FingerParry+1","floor":22},{"not_picked":["Saiyan:PlotArmor","Saiyan:Fly"],"picked":"Saiyan:KameHameHa","floor":26},{"not_picked":["Saiyan:ExtremeSpeed","Saiyan:PlotArmor"],"picked":"Saiyan:MeteorDash","floor":28},{"not_picked":["Saiyan:Endure+1","Saiyan:PowerUp+1"],"picked":"Saiyan:KiExplosion+1","floor":29}],"player_experience":101682,"relics_obtained":[{"floor":6,"key":"reliquary:SilkGlove"},{"floor":9,"key":"Matryoshka"},{"floor":26,"key":"Mercury Hourglass"},{"floor":26,"key":"Art of War"},{"floor":26,"key":"MawBank"},{"floor":26,"key":"hubris:DuctTape"},{"floor":29,"key":"Strawberry"}],"event_choices":[{"damage_healed":0,"gold_gain":100,"player_choice":"Pray","damage_taken":0,"max_hp_gain":0,"max_hp_loss":0,"event_name":"Golden Shrine","floor":2,"gold_loss":0},{"damage_healed":0,"gold_gain":0,"player_choice":"Disagree","damage_taken":0,"max_hp_gain":0,"max_hp_loss":0,"event_name":"conspire:LoneGhost","floor":4,"gold_loss":0},{"damage_healed":0,"gold_gain":0,"player_choice":"Grow","damage_taken":0,"max_hp_gain":0,"max_hp_loss":0,"event_name":"Living Wall","floor":8,"gold_loss":0,"cards_upgraded":["Saiyan:EnergyBlast"]},{"damage_healed":0,"gold_gain":0,"player_choice":"Shed Blood","damage_taken":19,"max_hp_gain":5,"max_hp_loss":0,"event_name":"Forgotten Altar","floor":21,"gold_loss":0}],"is_beta":false,"boss_relics":[{"not_picked":["Busted Crown","hubris:CrackedHourglass"],"picked":"conspire:RoyalGoblet"}],"items_purged_floors":[],"is_endless":false,"potions_floor_spawned":[1,5,16,29],"killed_by":"conspire:HollyBat","ascension_level":2}}