{"host":"gk5m6v7zec9neb0j","time":1612751404,"event":{"mods":["AchievementEnabler","AlwaysNeverKeys","BaseMod","BetterRewards","Block Reminder","Minty Spire (QoL Compilation)","Rare Cards Sparkle","Relic Stats","StSLib"],"gold_per_floor":[116,116,132,7,24,24,10,10,84,84,50,70,70,30,30,135,135,147,160,47,47,47,47,72,85,85,85,85,85,115,125,125,227,227,241,256,85,98,115,115,147,147,147,65,84,84,95,127,127,127,127,127,30,60,60,60],"floor_reached":55,"language":"ENG","playtime":1709,"items_purged":["Strike_G","Strike_G","Defend_G"],"score":1053,"play_id":"fbafee65-5b7c-4f1c-8279-779483309628","local_time":"20210207213004","is_ascension_mode":false,"campfire_choices":[{"data":"Neutralize","floor":6.0,"key":"SMITH"},{"data":"Blade Dance","floor":8.0,"key":"SMITH"},{"floor":10.0,"key":"REST"},{"data":"Finisher","floor":15.0,"key":"SMITH"},{"data":"Accuracy","floor":23.0,"key":"SMITH"},{"data":"Cloak And Dagger","floor":27,"key":"SMITH"},{"data":"Blade Dance","floor":29,"key":"SMITH"},{"floor":32,"key":"REST"},{"data":"A Thousand Cuts","floor":40,"key":"SMITH"},{"floor":42,"key":"REST"},{"floor":46,"key":"REST"},{"floor":49,"key":"REST"},{"data":"Infinite Blades","floor":52,"key":"SMITH"}],"circlet_count":0,"master_deck":["Defend_G","Defend_G","Defend_G","Defend_G","Survivor","Neutralize+1","Blade Dance+1","Deflect","Infinite Blades+1","Finisher+1","Accuracy+1","Blade Dance+1","Cloak And Dagger+1","Blade Dance","A Thousand Cuts+1","Escape Plan","Finisher","Terror","Blade Dance+1","Blur+1"],"relics":["Ring of the Snake","Gremlin Horn","Kunai","Singing Bowl","Matryoshka","Odd Mushroom","Art of War","Toy Ornithopter","Question Card","Ginger","Empty Cage","Vajra","Bag of Preparation","StrikeDummy","Blue Candle","Strawberry"],"acts_visited":["Exordium","TheCity","TheBeyond","TheEnding"],"potions_floor_usage":[25,36,50,55,55],"damage_taken":[{"damage":0.0,"enemies":"Small Slimes","floor":1.0,"turns":3.0},{"damage":0.0,"enemies":"2 Louse","floor":3.0,"turns":3.0},{"damage":0.0,"enemies":"Cultist","floor":5.0,"turns":3.0},{"damage":7.0,"enemies":"Exordium Thugs","floor":7.0,"turns":7.0},{"damage":0.0,"enemies":"The Mushroom Lair","floor":12.0,"turns":5.0},{"damage":5.0,"enemies":"The Guardian","floor":16.0,"turns":7.0},{"damage":8.0,"enemies":"Spheric Guardian","floor":18.0,"turns":4.0},{"damage":0.0,"enemies":"Shell Parasite","floor":19.0,"turns":4.0},{"damage":1.0,"enemies":"Gremlin Leader","floor":24.0,"turns":4.0},{"damage":3,"enemies":"Cultist and Chosen","floor":25,"turns":7},{"damage":8,"enemies":"Book of Stabbing","floor":30,"turns":4},{"damage":0,"enemies":"3 Cultists","floor":31,"turns":1},{"damage":0,"enemies":"Collector","floor":33,"turns":7},{"damage":9,"enemies":"Orb Walker","floor":35,"turns":2},{"damage":0,"enemies":"3 Darklings","floor":36,"turns":3},{"damage":3,"enemies":"Maw","floor":38,"turns":4},{"damage":20,"enemies":"Jaw Worm Horde","floor":39,"turns":3},{"damage":54,"enemies":"Nemesis","floor":41,"turns":7},{"damage":9,"enemies":"Spire Growth","floor":45,"turns":4},{"damage":1,"enemies":"Sphere and 2 Shapes","floor":47,"turns":3},{"damage":0,"enemies":"Giant Head","floor":48,"turns":4},{"damage":43,"enemies":"Donu and Deca","floor":50,"turns":4},{"damage":60,"enemies":"Shield and Spear","floor":54,"turns":6},{"damage":106,"enemies":"The Heart","floor":55,"turns":8}],"seed_played":"-2658109664580309577","potions_obtained":[{"floor":14.0,"key":"CultistPotion"},{"floor":14.0,"key":"Dexterity Potion"},{"floor":14.0,"key":"Ancient Potion"},{"floor":16.0,"key":"LiquidBronze"},{"floor":35,"key":"CunningPotion"},{"floor":38,"key":"Explosive Potion"}],"is_trial":false,"path_per_floor":["M","?","M","$","M","R","M","R","T","R","$","?","?","?","R","B",null,"M","M","$","?","$","R","E","M","T","R","$","R","E","M","R","B",null,"M","M","$","M","M","R","E","R","T","$","M","R","M","E","R","B",null,"R","$","E","B"],"character_chosen":"THE_SILENT","items_purchased":["Gremlin Horn","Kunai","Blade Dance","Singing Bowl","Deflect","Infinite Blades","Accuracy","Blade Dance","FairyPotion","Escape Plan","Terror","PowerPotion","PowerPotion"],"campfire_rested":5,"item_purchase_floors":[0,0,0,0,0,11,20,20,37,37,44,53,53],"current_hp_per_floor":[33,33,35,35,37,37,32,32,32,55,55,55,78,78,78,75,80,74,76,76,60,60,60,59,58,58,58,58,58,50,52,78,78,88,81,88,88,87,67,67,15,43,43,43,36,65,64,66,96,57,100,100,100,47,0,0],"gold":60,"neow_bonus":"","is_daily":false,"chose_seed":false,"campfire_upgraded":8,"win_rate":0.0,"timestamp":1612751404,"path_taken":["M","?","M","$","M","R","M","R","T","R","$","?","?","?","R","BOSS","M","?","$","?","$","R","E","M","T","R","$","R","E","M","R","BOSS","M","M","$","M","M","R","E","R","T","$","M","R","M","E","R","BOSS","R","$","E","BOSS"],"items_purchased_type":["Relic","Relic","Card","Relic","Card","Card","Card","Card","Potion","Card","Card","Potion","Potion"],"build_version":"2020-12-22","purchased_purges":3,"victory":false,"max_hp_per_floor":[72,72,74,74,76,76,78,78,78,78,78,78,78,78,78,80,80,82,84,84,84,84,84,84,86,86,86,86,86,86,88,88,88,88,90,92,92,94,94,94,96,96,96,96,98,98,98,100,100,100,100,100,100,107,107,107],"relic_stats":{"Gremlin Horn":[37,37],"Singing Bowl":78,"counters":[518,2905],"Blue Candle":[0],"Art of War":[4],"Bag of Preparation":[12],"Kunai":[207],"Ginger":[10],"Question Card":31,"obtain_stats":[{"TwistedFunnel":0,"Ginger":0,"Whetstone":11,"Bottled Tornado":43,"Old Coin":34,"Blood Vial":17,"Sundial":24,"HandDrill":48,"Kunai":0,"Pear":28,"Blue Candle":54,"Eternal Feather":54,"Tingsha":0,"Pen Nib":11,"Paper Crane":43,"SlaversCollar":17,"MutagenicStrength":19,"Bird Faced Urn":38,"StrikeDummy":27,"Unceasing Top":46,"Ring of the Serpent":17,"Regal Pillow":9,"Lantern":45,"Torii":0,"Singing Bowl":43,"StoneCalendar":42,"Bag of Preparation":26,"Ancient Tea Set":4,"Cursed Key":17,"Smiling Mask":41,"Matryoshka":37,"WristBlade":34,"Ninja Scroll":0,"WingedGreaves":17,"Chemical X":37,"InkBottle":54,"Ring of the Snake":0,"Potion Belt":9,"The Specimen":0,"Golden Idol":3,"Thread and Needle":45,"The Courier":26,"PreservedInsect":38,"Omamori":39,"Frozen Egg 2":43,"MawBank":45,"Ornamental Fan":0,"Bloody Idol":31,"Orrery":0,"Turnip":38,"Art of War":17,"Bottled Lightning":43,"Toy Ornithopter":27,"Ice Cream":7,"Calipers":13,"Gremlin Horn":26,"CeramicFish":0,"HoveringKite":34,"Vajra":43,"Sozu":34,"Centennial Puzzle":6,"Lizard Tail":10,"DollysMirror":4,"Strawberry":26,"Prayer Wheel":38,"Toxic Egg 2":28,"Girya":0,"Happy Flower":13,"Astrolabe":34,"Oddly Smooth Stone":0,"Letter Opener":53,"War Paint":43,"Question Card":48,"Bottled Flame":25,"Shuriken":0,"Bronze Scales":10,"Molten Egg 2":9,"Black Star":17,"Meat on the Bone":17,"Pocketwatch":17,"Darkstone Periapt":23,"SacredBark":17,"Enchiridion":22,"Snake Skull":54,"Juzu Bracelet":43,"Empty Cage":17,"PrismaticShard":53,"ClockworkSouvenir":20,"Tough Bandages":25,"Nunchaku":31,"Dream Catcher":9,"Mummified Hand":30,"Pantograph":12,"Gambling Chip":0,"Tiny Chest":26,"Red Mask":47,"Orichalcum":26,"Odd Mushroom":12,"Medical Kit":37,"White Beast Statue":9,"Mercury Hourglass":54,"Peace Pipe":9,"Calling Bell":17,"Anchor":34,"CaptainsWheel":54,"Bag of Marbles":43,"Membership Card":36,"FossilizedHelix":0,"TungstenRod":26},{"TwistedFunnel":381,"Ginger":97,"Whetstone":100,"Bottled Tornado":52,"Old Coin":338,"Blood Vial":129,"Sundial":44,"HandDrill":491,"Kunai":31,"Pear":315,"Blue Candle":249,"Eternal Feather":146,"Tingsha":274,"Pen Nib":356,"Paper Crane":322,"SlaversCollar":231,"MutagenicStrength":156,"Bird Faced Urn":189,"StrikeDummy":17,"Unceasing Top":193,"Ring of the Serpent":388,"Regal Pillow":36,"Lantern":269,"Torii":31,"Singing Bowl":116,"StoneCalendar":217,"Bag of Preparation":366,"Ancient Tea Set":2,"Cursed Key":281,"Smiling Mask":452,"Matryoshka":137,"WristBlade":112,"Ninja Scroll":172,"WingedGreaves":80,"Chemical X":22,"InkBottle":57,"Ring of the Snake":0,"Potion Belt":3,"The Specimen":274,"Golden Idol":2,"Thread and Needle":245,"The Courier":183,"PreservedInsect":240,"Omamori":189,"Frozen Egg 2":398,"MawBank":245,"Ornamental Fan":72,"Bloody Idol":161,"Orrery":58,"Turnip":116,"Art of War":80,"Bottled Lightning":24,"Toy Ornithopter":17,"Ice Cream":11,"Calipers":154,"Gremlin Horn":480,"CeramicFish":172,"HoveringKite":21,"Vajra":91,"Sozu":136,"Centennial Puzzle":278,"Lizard Tail":329,"DollysMirror":123,"Strawberry":107,"Prayer Wheel":138,"Toxic Egg 2":108,"Girya":250,"Happy Flower":12,"Astrolabe":86,"Oddly Smooth Stone":122,"Letter Opener":272,"War Paint":191,"Question Card":94,"Bottled Flame":16,"Shuriken":97,"Bronze Scales":36,"Molten Egg 2":151,"Black Star":13,"Meat on the Bone":80,"Pocketwatch":129,"Darkstone Periapt":182,"SacredBark":360,"Enchiridion":68,"Snake Skull":273,"Juzu Bracelet":141,"Empty Cage":103,"PrismaticShard":272,"ClockworkSouvenir":41,"Tough Bandages":16,"Nunchaku":85,"Dream Catcher":355,"Mummified Hand":110,"Pantograph":11,"Gambling Chip":197,"Tiny Chest":16,"Red Mask":54,"Orichalcum":235,"Odd Mushroom":499,"Medical Kit":188,"White Beast Statue":11,"Mercury Hourglass":349,"Peace Pipe":62,"Calling Bell":80,"Anchor":338,"CaptainsWheel":349,"Bag of Marbles":267,"Membership Card":163,"FossilizedHelix":250,"TungstenRod":416},{"TwistedFunnel":2158,"Ginger":599,"Whetstone":611,"Bottled Tornado":309,"Old Coin":1918,"Blood Vial":722,"Sundial":249,"HandDrill":2775,"Kunai":183,"Pear":1796,"Blue Candle":1454,"Eternal Feather":781,"Tingsha":1567,"Pen Nib":2009,"Paper Crane":1834,"SlaversCollar":1359,"MutagenicStrength":843,"Bird Faced Urn":1121,"StrikeDummy":100,"Unceasing Top":1141,"Ring of the Serpent":2183,"Regal Pillow":206,"Lantern":1539,"Torii":183,"Singing Bowl":676,"StoneCalendar":1281,"Bag of Preparation":2061,"Ancient Tea Set":5,"Cursed Key":1617,"Smiling Mask":2575,"Matryoshka":750,"WristBlade":661,"Ninja Scroll":996,"WingedGreaves":500,"Chemical X":129,"InkBottle":364,"Ring of the Snake":0,"Potion Belt":9,"The Specimen":1567,"Golden Idol":5,"Thread and Needle":1436,"The Courier":1085,"PreservedInsect":1411,"Omamori":1121,"Frozen Egg 2":2226,"MawBank":1436,"Ornamental Fan":459,"Bloody Idol":873,"Orrery":367,"Turnip":676,"Art of War":500,"Bottled Lightning":139,"Toy Ornithopter":100,"Ice Cream":57,"Calipers":823,"Gremlin Horn":2719,"CeramicFish":996,"HoveringKite":124,"Vajra":558,"Sozu":746,"Centennial Puzzle":1590,"Lizard Tail":1866,"DollysMirror":699,"Strawberry":637,"Prayer Wheel":755,"Toxic Egg 2":643,"Girya":1462,"Happy Flower":68,"Astrolabe":533,"Oddly Smooth Stone":696,"Letter Opener":1557,"War Paint":1131,"Question Card":574,"Bottled Flame":94,"Shuriken":599,"Bronze Scales":206,"Molten Egg 2":801,"Black Star":79,"Meat on the Bone":500,"Pocketwatch":722,"Darkstone Periapt":1075,"SacredBark":2027,"Enchiridion":435,"Snake Skull":1562,"Juzu Bracelet":766,"Empty Cage":621,"PrismaticShard":1557,"ClockworkSouvenir":234,"Tough Bandages":94,"Nunchaku":521,"Dream Catcher":2005,"Mummified Hand":652,"Pantograph":57,"Gambling Chip":1176,"Tiny Chest":94,"Red Mask":329,"Orichalcum":1384,"Odd Mushroom":2819,"Medical Kit":1117,"White Beast Statue":57,"Mercury Hourglass":1972,"Peace Pipe":387,"Calling Bell":500,"Anchor":1918,"CaptainsWheel":1972,"Bag of Marbles":1530,"Membership Card":899,"FossilizedHelix":1462,"TungstenRod":2337}],"Toy Ornithopter":19,"Ring of the Snake":[229]},"card_choices":[{"not_picked":["Deadly Poison","Acrobatics","Leg Sweep"],"picked":"Singing Bowl","floor":1.0},{"not_picked":["PiercingWail","Quick Slash","Prepared"],"picked":"Singing Bowl","floor":3.0},{"not_picked":["Well Laid Plans","Sucker Punch","Dagger Spray"],"picked":"Singing Bowl","floor":5.0},{"not_picked":["Outmaneuver","Acrobatics","Flying Knee"],"picked":"Singing Bowl","floor":7.0},{"not_picked":["Phantasmal Killer","Dodge and Roll"],"picked":"Finisher","floor":12.0},{"not_picked":["Bullet Time","Malaise","Corpse Explosion"],"picked":"Singing Bowl","floor":16.0},{"not_picked":["Acrobatics","Sucker Punch","Concentrate"],"picked":"Singing Bowl","floor":18.0},{"not_picked":["Deadly Poison","Flechettes","Underhanded Strike+1"],"picked":"Singing Bowl","floor":19.0},{"not_picked":["Wraith Form v2","Underhanded Strike"],"picked":"Cloak And Dagger","floor":24.0},{"not_picked":["Prepared","Poisoned Stab+1","Dagger Throw"],"picked":"Singing Bowl","floor":25},{"not_picked":["Finisher+1","Masterful Stab+1","Choke"],"picked":"Blade Dance","floor":30},{"not_picked":["Skewer","Slice","Predator","Backstab+1"],"picked":"Singing Bowl","floor":31},{"not_picked":["Corpse Explosion","Malaise","Venomology"],"picked":"A Thousand Cuts","floor":33},{"not_picked":["Dash+1","Sucker Punch","Slice","Quick Slash"],"picked":"Singing Bowl","floor":35},{"not_picked":["Backflip+1","Sucker Punch+1","Deadly Poison+1","All Out Attack+1"],"picked":"Singing Bowl","floor":36},{"not_picked":["Bane","Backflip+1","Cloak And Dagger","Dagger Spray"],"picked":"Singing Bowl","floor":38},{"not_picked":["Cloak And Dagger+1","Dagger Spray+1","Skewer"],"picked":"Finisher","floor":39},{"not_picked":["Dagger Throw+1","Quick Slash","Envenom","Bane+1"],"picked":"Singing Bowl","floor":41},{"not_picked":["Backflip","Deflect+1","Bane+1","Prepared+1"],"picked":"Singing Bowl","floor":45},{"not_picked":["Escape Plan+1","Flying Knee","Sucker Punch"],"picked":"Blade Dance+1","floor":47},{"not_picked":["Distraction","Flying Knee","Eviscerate+1","Well Laid Plans+1"],"picked":"Singing Bowl","floor":48},{"not_picked":["Blade Dance","Acrobatics","Quick Slash+1"],"picked":"Blur+1","floor":54}],"player_experience":796675,"relics_obtained":[{"floor":9.0,"key":"Matryoshka"},{"floor":12.0,"key":"Odd Mushroom"},{"floor":24.0,"key":"Art of War"},{"floor":26,"key":"Toy Ornithopter"},{"floor":26,"key":"Question Card"},{"floor":30,"key":"Ginger"},{"floor":41,"key":"Vajra"},{"floor":43,"key":"Bag of Preparation"},{"floor":43,"key":"StrikeDummy"},{"floor":48,"key":"Blue Candle"},{"floor":54,"key":"Strawberry"}],"event_choices":[{"cards_removed":["Strike_G"],"damage_healed":0.0,"max_hp_gain":0.0,"max_hp_loss":0.0,"gold_gain":0.0,"event_name":"Living Wall","player_choice":"Forget","floor":2.0,"gold_loss":0.0,"damage_taken":0.0},{"damage_healed":0.0,"max_hp_gain":0.0,"max_hp_loss":0.0,"gold_gain":0.0,"event_name":"Mushrooms","player_choice":"Fought Mushrooms","floor":12.0,"gold_loss":0.0,"damage_taken":0.0},{"damage_healed":26.0,"max_hp_gain":0.0,"max_hp_loss":0.0,"gold_gain":0.0,"event_name":"Big Fish","player_choice":"Banana","floor":13.0,"gold_loss":0.0,"damage_taken":0.0},{"damage_healed":0.0,"max_hp_gain":0.0,"max_hp_loss":0.0,"gold_gain":0.0,"event_name":"The Woman in Blue","player_choice":"Bought 3 Potions","floor":14.0,"gold_loss":0.0,"damage_taken":0.0},{"damage_healed":0.0,"max_hp_gain":0.0,"max_hp_loss":0.0,"gold_gain":0.0,"event_name":"Cursed Tome","player_choice":"Obtained Book","floor":21.0,"gold_loss":0.0,"damage_taken":16.0}],"is_beta":false,"boss_relics":[{"not_picked":["Philosopher\u0027s Stone","Ectoplasm","Coffee Dripper"]},{"not_picked":["Velvet Choker","SlaversCollar"],"picked":"Empty Cage"}],"items_purged_floors":[0,0,4],"is_endless":false,"potions_floor_spawned":[1,5,16,24,25,35,36,38,48],"killed_by":"The Heart","ascension_level":0}}