{"host":"oz4ht6ec7xzo36kd","time":1612782982,"event":{"mods":["Act Like it!","BaseMod","Friendly Minions","Marisa¡]Ãú«B¡@Å]²z¨F¡^","Minty Spire (QoL Compilation)","Remilia¡]Á¢¦Ì²ú?¡^","StSLib","The Marked","The Servant 0.9.4","WarShipGirlsR/??¤Ö¤kR mod","Youmu¡]»î¾z§¯?¡^"],"gold_per_floor":[114,131,145,162,200,227,227,273,273,273,233,233,233,233],"floor_reached":13,"language":"ZHT","playtime":2080,"items_purged":[],"score":162,"play_id":"cc479030-5105-4053-8280-fb58e2b06e51","local_time":"20210208191622","is_ascension_mode":true,"campfire_choices":[{"floor":10,"key":"REST"}],"circlet_count":0,"master_deck":["AscendersBane","Strike_RM","Strike_RM","Strike_RM","Strike_RM","Defend_RM","Defend_RM","Defend_RM","Defend_RM","RedMoon","ScarletShoot","NightDance","MastersStateliness","BombardNight","FavorOfDestiny","BadLadyScramble","RedRainbow","TransientEternity","Injury"],"relics":["ScarletHat","Ice Cream","Dream Catcher","Mummified Hand","Golden Idol"],"acts_visited":["Exordium"],"potions_floor_usage":[2,4,6,11,13,13],"damage_taken":[{"damage":0,"enemies":"Cultist","floor":1,"turns":4},{"damage":2,"enemies":"Small Slimes","floor":2,"turns":7},{"damage":7,"enemies":"Jaw Worm","floor":3,"turns":2},{"damage":18,"enemies":"Gremlin Gang","floor":4,"turns":5},{"damage":3,"enemies":"Blue Slaver","floor":5,"turns":5},{"damage":27,"enemies":"Lagavulin","floor":6,"turns":11},{"damage":0,"enemies":"Looter","floor":11,"turns":4},{"damage":47,"enemies":"Gremlin Nob","floor":13,"turns":6}],"seed_played":"-1928981824609875598","potions_obtained":[{"floor":1,"key":"PowerPotion"},{"floor":2,"key":"Dexterity Potion"},{"floor":3,"key":"LiquidBronze"},{"floor":6,"key":"Fire Potion"},{"floor":6,"key":"EssenceOfSteel"},{"floor":11,"key":"PowerPotion"}],"is_trial":false,"path_per_floor":["M","M","M","M","M","E","?","T","T","R","M","?","E"],"character_chosen":"REMILIA","items_purchased":[],"campfire_rested":1,"item_purchase_floors":[],"current_hp_per_floor":[45,45,41,24,26,3,3,3,3,24,24,24,0,0],"gold":233,"neow_bonus":"ONE_RARE_RELIC","is_daily":false,"chose_seed":false,"campfire_upgraded":0,"win_rate":0.0,"timestamp":1612782982,"path_taken":["M","M","?","M","M","E","?","?","T","R","?","?","E"],"items_purchased_type":[],"build_version":"2020-12-22","purchased_purges":0,"victory":false,"max_hp_per_floor":[70,70,70,70,70,70,70,70,70,70,70,70,70,70],"card_choices":[{"not_picked":["ScarletDevilSign","ScarletDevil"],"picked":"NightDance","floor":1},{"not_picked":["MillenniumVampire","NightDance"],"picked":"MastersStateliness","floor":2},{"not_picked":["MiserableFate","AfternoonTea"],"picked":"BombardNight","floor":3},{"not_picked":["VampireSweep","UltimateOffering"],"picked":"FavorOfDestiny","floor":4},{"not_picked":["FavorOfDestiny","UnderTheZenith"],"picked":"BadLadyScramble","floor":5},{"not_picked":["ScarletDevil","UnderTheZenith"],"picked":"RedRainbow","floor":6},{"not_picked":["EndlessAdversity","ScarletImprint"],"picked":"TransientEternity","floor":10},{"not_picked":["ScarletImprint","EndlessAdversity","FavorOfDestiny"],"picked":"SKIP","floor":11}],"player_experience":429056,"relics_obtained":[{"floor":6,"key":"Dream Catcher"},{"floor":9,"key":"Mummified Hand"}],"event_choices":[{"damage_healed":0,"gold_gain":0,"player_choice":"Fled","damage_taken":0,"max_hp_gain":0,"max_hp_loss":0,"event_name":"Scrap Ooze","floor":7,"gold_loss":0},{"damage_healed":0,"gold_gain":0,"player_choice":"Take Wound","damage_taken":0,"relics_obtained":["Golden Idol"],"max_hp_gain":0,"max_hp_loss":0,"event_name":"Golden Idol","floor":12,"gold_loss":0,"cards_obtained":["Injury"]}],"is_beta":false,"boss_relics":[],"items_purged_floors":[],"is_endless":false,"potions_floor_spawned":[1,2,3,6],"killed_by":"Gremlin Nob","ascension_level":18}}