{"host":"rolltorest","time":1612827214,"event":{"mods":["BaseMod","Minty Spire (QoL Compilation)","Relic Stats","Slay the Relics Exporter","StSLib"],"gold_per_floor":[116,131,131,44,119,150,150,184,260,260,260,294,306,325,325,401,401,412,29,29,29,29,56,56,87,87,107,107,135,135,147,147,224,224,234,279,304,57,57,57,85,85,154,188,202,219,219,253,253,253,253,253,253,37,70,70,70],"floor_reached":56,"language":"ENG","playtime":2568,"items_purged":["Strike_P"],"score":2310,"play_id":"08cb864c-dc96-4fbd-9fb0-a1c3195328ad","local_time":"20210208153334","is_ascension_mode":true,"campfire_choices":[{"data":"Wallop","floor":7,"key":"SMITH"},{"floor":11,"key":"REST"},{"data":"Vault","floor":15,"key":"SMITH"},{"data":"Conclude","floor":24,"key":"SMITH"},{"floor":28,"key":"REST"},{"data":"1","floor":30,"key":"LIFT"},{"data":"2","floor":32,"key":"LIFT"},{"data":"3","floor":40,"key":"LIFT"},{"floor":47,"key":"REST"},{"floor":49,"key":"RECALL"},{"floor":53,"key":"REST"}],"circlet_count":0,"master_deck":["AscendersBane","Strike_P+1","Defend_P+1","Defend_P+1","Defend_P+1","Eruption+1","Vigilance+1","Wallop+1","Fasting2+1","LessonLearned+1","Conclude+1","EmptyFist+1","TalkToTheHand+1","CutThroughFate+1","Vault+1","SpiritShield+1","CutThroughFate+1","ThirdEye+1","Halt+1","CutThroughFate","BowlingBash+1","Devotion","Meditate+1","Establishment+1","Omniscience+1","TalkToTheHand+1","WheelKick+1","Nirvana+1","Master of Strategy+1","CutThroughFate","Nirvana+1","Weave","TalkToTheHand+1","Wireheading+1","Meditate"],"relics":["PureWater","NeowsBlessing","Toy Ornithopter","Omamori","White Beast Statue","Akabeko","Runic Dome","Kunai","Vajra","Regal Pillow","Gremlin Horn","Ancient Tea Set","Gambling Chip","Girya","Astrolabe","Calipers","Lizard Tail","Yang","Pocketwatch","PreservedInsect","Bag of Marbles","Blue Candle"],"acts_visited":["Exordium","TheCity","TheBeyond","TheEnding"],"potions_floor_usage":[8,23,25,33,33,36,45,46,50,55,55,56,56,56],"damage_taken":[{"damage":0,"enemies":"Small Slimes","floor":1,"turns":2},{"damage":0,"enemies":"Jaw Worm","floor":2,"turns":1},{"damage":0,"enemies":"Lagavulin","floor":6,"turns":2},{"damage":14,"enemies":"Gremlin Nob","floor":8,"turns":3},{"damage":10,"enemies":"Lagavulin","floor":12,"turns":5},{"damage":0,"enemies":"2 Louse","floor":13,"turns":3},{"damage":0,"enemies":"Looter","floor":14,"turns":2},{"damage":14,"enemies":"Hexaghost","floor":16,"turns":10},{"damage":9,"enemies":"Shell Parasite","floor":18,"turns":5},{"damage":0,"enemies":"Gremlin Leader","floor":23,"turns":7},{"damage":19,"enemies":"Slavers","floor":25,"turns":5},{"damage":0,"enemies":"2 Thieves","floor":27,"turns":2},{"damage":24,"enemies":"Book of Stabbing","floor":29,"turns":7},{"damage":0,"enemies":"Centurion and Healer","floor":31,"turns":6},{"damage":0,"enemies":"Automaton","floor":33,"turns":4},{"damage":3,"enemies":"Orb Walker","floor":35,"turns":2},{"damage":16,"enemies":"2 Orb Walkers","floor":36,"turns":7},{"damage":0,"enemies":"Mind Bloom Boss Battle","floor":37,"turns":6},{"damage":0,"enemies":"Giant Head","floor":41,"turns":8},{"damage":12,"enemies":"Nemesis","floor":44,"turns":11},{"damage":19,"enemies":"3 Darklings","floor":45,"turns":4},{"damage":2,"enemies":"Writhing Mass","floor":46,"turns":5},{"damage":0,"enemies":"Giant Head","floor":48,"turns":6},{"damage":55,"enemies":"Donu and Deca","floor":50,"turns":10},{"damage":1,"enemies":"Time Eater","floor":51,"turns":12},{"damage":47,"enemies":"Shield and Spear","floor":55,"turns":9},{"damage":91,"enemies":"The Heart","floor":56,"turns":3}],"seed_played":"-7667048398197494276","potions_obtained":[{"floor":2,"key":"Swift Potion"},{"floor":12,"key":"BottledMiracle"},{"floor":13,"key":"Ancient Potion"},{"floor":18,"key":"Strength Potion"},{"floor":23,"key":"Weak Potion"},{"floor":25,"key":"SteroidPotion"},{"floor":27,"key":"Ancient Potion"},{"floor":33,"key":"Dexterity Potion"},{"floor":35,"key":"ColorlessPotion"},{"floor":36,"key":"StancePotion"},{"floor":37,"key":"Regen Potion"},{"floor":45,"key":"DistilledChaos"},{"floor":46,"key":"Block Potion"},{"floor":55,"key":"EntropicBrew"}],"is_trial":false,"path_per_floor":["M","M","?","$","?","E","R","E","T","?","R","E","M","M","R","B",null,"M","$","?","?","?","E","R","E","T","M","R","E","R","M","R","B",null,"M","?","?","$","?","R","E","$","T","E","M","M","R","E","R","B","B",null,"R","$","E","B"],"character_chosen":"WATCHER","items_purchased":["LessonLearned","Kunai","CutThroughFate","Master of Strategy","CutThroughFate","Bag of Marbles","ColorlessPotion"],"campfire_rested":4,"item_purchase_floors":[4,19,19,38,38,54,54],"current_hp_per_floor":[61,61,41,41,30,30,30,21,21,21,41,31,31,31,31,17,55,46,46,46,46,46,51,51,37,37,37,68,44,44,44,44,54,65,62,51,51,51,51,51,51,51,51,39,30,33,68,68,68,13,12,54,68,68,26,0,0],"gold":70,"neow_bonus":"THREE_ENEMY_KILL","is_daily":false,"chose_seed":false,"campfire_upgraded":3,"win_rate":0.0,"timestamp":1612827214,"path_taken":["M","M","?","$","?","E","R","E","T","?","R","E","M","M","R","BOSS","M","$","?","?","?","E","R","E","T","M","R","E","R","M","R","BOSS","M","?","?","$","?","R","E","?","T","E","M","?","R","E","R","BOSS","BOSS","R","$","E","BOSS"],"items_purchased_type":["Card","Relic","Card","Card","Card","Relic","Potion"],"build_version":"2020-12-18","purchased_purges":1,"victory":false,"max_hp_per_floor":[68,68,68,68,68,68,68,68,68,68,68,68,68,68,68,68,68,68,68,68,68,68,68,68,68,68,68,68,68,68,68,68,68,68,68,68,68,68,68,68,68,68,68,68,68,68,68,68,68,68,68,68,68,68,68,68,68],"relic_stats":{"Regal Pillow":26,"Gremlin Horn":[11,11],"counters":[27,147],"Astrolabe":["Meditate","Establishment","Omniscience"],"Blue Candle":[0],"Yang":[207],"PreservedInsect":77,"Lizard Tail":34,"Gambling Chip":[30],"Kunai":[73],"obtain_stats":[{"Girya":29,"Regal Pillow":21,"Calipers":36,"NeowsBlessing":0,"Gremlin Horn":23,"Astrolabe":34,"Blue Candle":55,"Vajra":20,"Yang":41,"PreservedInsect":48,"Omamori":8,"Ancient Tea Set":25,"White Beast Statue":9,"Akabeko":12,"Runic Dome":17,"Lizard Tail":37,"Gambling Chip":26,"Bag of Marbles":54,"Kunai":19,"PureWater":0,"Toy Ornithopter":6,"Pocketwatch":44},{"Girya":13,"Regal Pillow":9,"Calipers":17,"NeowsBlessing":0,"Gremlin Horn":10,"Astrolabe":15,"Blue Candle":26,"Vajra":9,"Yang":19,"PreservedInsect":23,"Omamori":4,"Ancient Tea Set":11,"White Beast Statue":4,"Akabeko":5,"Runic Dome":8,"Lizard Tail":18,"Gambling Chip":11,"Bag of Marbles":25,"Kunai":9,"PureWater":0,"Toy Ornithopter":3,"Pocketwatch":20},{"Girya":54,"Regal Pillow":33,"Calipers":73,"NeowsBlessing":0,"Gremlin Horn":40,"Astrolabe":64,"Blue Candle":144,"Vajra":33,"Yang":87,"PreservedInsect":113,"Omamori":8,"Ancient Tea Set":45,"White Beast Statue":8,"Akabeko":13,"Runic Dome":28,"Lizard Tail":79,"Gambling Chip":45,"Bag of Marbles":135,"Kunai":33,"PureWater":0,"Toy Ornithopter":5,"Pocketwatch":98}],"Toy Ornithopter":60,"Pocketwatch":[21]},"card_choices":[{"not_picked":["FollowUp","PathToVictory"],"picked":"Wallop","floor":1},{"not_picked":["ForeignInfluence","FlyingSleeves"],"picked":"Fasting2","floor":2},{"not_picked":["JustLucky","Consecrate"],"picked":"Conclude","floor":6},{"not_picked":["Wallop","Halt"],"picked":"EmptyFist","floor":8},{"not_picked":["DevaForm","ClearTheMind"],"picked":"TalkToTheHand","floor":12},{"not_picked":["EmptyBody","ClearTheMind"],"picked":"CutThroughFate","floor":13},{"not_picked":["CarveReality","ClearTheMind"],"picked":"Vault","floor":14},{"not_picked":["LessonLearned","Devotion"],"picked":"SpiritShield","floor":16},{"not_picked":["EmptyFist","Worship","EmptyBody"],"picked":"SKIP","floor":18},{"not_picked":["Pray+1","Study","CarveReality"],"picked":"SKIP","floor":23},{"not_picked":["SignatureMove","EmptyMind"],"picked":"Halt+1","floor":25},{"not_picked":["Collect","Swivel","Prostrate"],"picked":"SKIP","floor":27},{"not_picked":["Brilliance","Conclude"],"picked":"CutThroughFate","floor":29},{"not_picked":["Halt","SashWhip"],"picked":"BowlingBash","floor":31},{"not_picked":["Establishment","Brilliance"],"picked":"Devotion","floor":33},{"not_picked":["EmptyBody","BowlingBash"],"picked":"TalkToTheHand","floor":35},{"not_picked":["FollowUp","SashWhip"],"picked":"WheelKick+1","floor":36},{"not_picked":["JustLucky","SashWhip+1"],"picked":"Nirvana","floor":37},{"not_picked":["Halt+1","CutThroughFate"],"picked":"Nirvana","floor":41},{"not_picked":["WindmillStrike","BowlingBash"],"picked":"Weave","floor":44},{"not_picked":["WreathOfFlame","EmptyBody"],"picked":"TalkToTheHand","floor":45},{"not_picked":["ClearTheMind+1","Sanctity"],"picked":"Wireheading","floor":46},{"not_picked":["Swivel","DevaForm","Prostrate"],"picked":"SKIP","floor":48},{"not_picked":["FlyingSleeves","Evaluate"],"picked":"Meditate","floor":55}],"player_experience":1920911,"relics_obtained":[{"floor":6,"key":"Toy Ornithopter"},{"floor":8,"key":"Omamori"},{"floor":9,"key":"White Beast Statue"},{"floor":12,"key":"Akabeko"},{"floor":23,"key":"Gremlin Horn"},{"floor":25,"key":"Ancient Tea Set"},{"floor":26,"key":"Gambling Chip"},{"floor":29,"key":"Girya"},{"floor":36,"key":"Calipers"},{"floor":37,"key":"Lizard Tail"},{"floor":41,"key":"Yang"},{"floor":44,"key":"Pocketwatch"},{"floor":48,"key":"PreservedInsect"},{"floor":55,"key":"Blue Candle"}],"event_choices":[{"damage_healed":0,"gold_gain":0,"player_choice":"Entered Light","damage_taken":20,"max_hp_gain":0,"max_hp_loss":0,"event_name":"Shining Light","floor":3,"gold_loss":0,"cards_upgraded":["Eruption","Strike_P"]},{"damage_healed":0,"gold_gain":75,"player_choice":"Gather Gold","damage_taken":11,"max_hp_gain":0,"max_hp_loss":0,"event_name":"World of Goop","floor":5,"gold_loss":0},{"damage_healed":0,"gold_gain":0,"player_choice":"Grow","damage_taken":0,"max_hp_gain":0,"max_hp_loss":0,"event_name":"Living Wall","floor":10,"gold_loss":0,"cards_upgraded":["EmptyFist"]},{"damage_healed":0,"gold_gain":0,"player_choice":"Opened","damage_taken":0,"relics_obtained":["Vajra"],"max_hp_gain":0,"max_hp_loss":0,"event_name":"The Mausoleum","floor":20,"gold_loss":0,"cards_obtained":["Writhe"]},{"damage_healed":0,"gold_gain":0,"player_choice":"Stole Relic","damage_taken":0,"relics_obtained":["Regal Pillow"],"max_hp_gain":0,"max_hp_loss":0,"event_name":"Addict","floor":21,"gold_loss":0,"cards_obtained":["Shame"]},{"damage_healed":0,"gold_gain":0,"player_choice":"Read","damage_taken":0,"max_hp_gain":0,"max_hp_loss":0,"event_name":"The Library","floor":22,"gold_loss":0,"cards_obtained":["ThirdEye"]},{"damage_healed":0,"gold_gain":0,"player_choice":"Fight","damage_taken":0,"max_hp_gain":0,"max_hp_loss":0,"event_name":"Mysterious Sphere","floor":36,"gold_loss":0},{"damage_healed":0,"gold_gain":0,"player_choice":"Fight","damage_taken":0,"max_hp_gain":0,"max_hp_loss":0,"event_name":"MindBloom","floor":37,"gold_loss":0},{"damage_healed":0,"gold_gain":0,"player_choice":"Memory 1","damage_taken":0,"max_hp_gain":0,"max_hp_loss":0,"event_name":"SensoryStone","floor":39,"gold_loss":0}],"is_beta":true,"boss_relics":[{"not_picked":["Tiny House","Empty Cage"],"picked":"Runic Dome"},{"not_picked":["VioletLotus","Pandora\u0027s Box"],"picked":"Astrolabe"}],"items_purged_floors":[19],"is_endless":false,"potions_floor_spawned":[2,12,13,14,16,18,23,25,27,29,31,33,35,36,37,41,44,45,46,48,55],"killed_by":"The Heart","ascension_level":20}}