{"host":"t9zjxed0utvsfjwc","time":1612747658,"event":{"mods":["2.2 Compatiblity","Aspiration","BaseMod","Better Altar","Better Match","Better Note","Better Sensory Stone","Better Skull","Better Third Choice","Block Reminder","Colored Map","Colored Powertips","Custom Start","Downfall","Hermit","Highlight Path","Hubris","Infinite Spire","Marisa????????","Minty Spire (QoL Compilation)","Quick Restart","Rare Cards Sparkle","Reliquary","Replay The Spire","StSLib","The Cursed","The Marked","The Runesmith","Unceasing Turn Reminder","everything is the same but u backflip on backflip"],"gold_per_floor":[99,99,99,99,99,99,99,127,137,157,191,44,44,228,257,364,364,264,275,302,302,46,46,46,64,104,128,128,168,168,188,209,320,320,329,357,382,437,459,487,487,487,513,413,423,420,345,386,407,521,521,521,538,538,647,674,691,723,723,737,837,837,837,837,866,884,984,984,984,996,1006,1035,1071,1080,1111,1152,1165,1105,1119,1119,1132,1132,1157,1255,1273,1273,1308,1355,1423,1090,1136,1205,1243,1289,1339,1423,1423,1473,1525,1577,1722,1761,1773,1805,1836,1863,1487,1511,1563,1080,1130,715,767,951,1004,1004,1031,1150,1150,1150,1173,1182,1207,1216,1274,1318,1318,1346,1346,1394,1403,1434,1457,1478,1478,1478,1478],"floor_reached":135,"language":"ENG","playtime":6365,"items_purged":["Regret","Slimebound:Defend_Slimebound","Doubt","Slimebound:Defend_Slimebound","Slimebound:LeechLife","ReplayTheSpireMod:Doomed","Pride","Slimebound:Grow","Slimebound:HauntingLick","Shame"],"score":3200,"play_id":"e49b5ef7-0263-43d1-8baa-86cca6700f42","local_time":"20210208012738","is_ascension_mode":true,"campfire_choices":[{"floor":1,"key":"RECALL"},{"data":"Slimebound:Schlurp","floor":18,"key":"SMITH"},{"data":"Slimebound:Recycling","floor":23,"key":"PURGE"},{"data":"Slimebound:RollThrough","floor":30,"key":"SMITH"},{"data":"Slimebound:MassRepurpose","floor":42,"key":"PURGE"},{"data":"Pain","floor":44,"key":"PURGE"},{"data":"Normality","floor":59,"key":"PURGE"},{"data":"Slimebound:Defend_Slimebound","floor":62,"key":"PURGE"},{"data":"Slimebound:Repurpose","floor":64,"key":"PURGE"},{"data":"Slimebound:Split","floor":69,"key":"PURGE"},{"data":"Slimebound:OozeBath","floor":80,"key":"PURGE"},{"data":"Slimebound:CorrosiveSpit","floor":86,"key":"PURGE"},{"data":"ReplayTheSpireMod:Doomed","floor":103,"key":"PURGE"},{"data":"Doubt","floor":120,"key":"PURGE"},{"data":"Writhe","floor":127,"key":"PURGE"},{"data":"Sickly","floor":129,"key":"PURGE"}],"circlet_count":0,"master_deck":["Slimebound:Schlurp+1","Slimebound:Recollect","Slimebound:Tackle+1","Slimebound:Tackle+1","Slimebound:Tackle+1","Slimebound:GoopTackle+1","Slimebound:HungryTackle","Slimebound:RollThrough+1","Slimebound:Schlurp+1","Slimebound:Grow","Slimebound:Grow+1","Slimebound:GrowthPunch+1","Slimebound:RollThrough+1","Slimebound:ComboTackle","Slimebound:RollThrough+1","Slimebound:Schlurp","Slimebound:GoopTackle+1","Slimebound:SlimeTap+1","Slimebound:RollThrough","Slimebound:OozeBath","Slimebound:ViciousTackle","Slimebound:Schlurp","Slimebound:RollThrough","Slimebound:Schlurp+1","Slimebound:RollThrough+1","AbeCurse","CurseOfTheBell","Slimebound:BestDefense","Parasite","Slimebound:CheckThePlaybook","Overencumbered","ReplayTheSpireMod:Faulty Equipment","Slimebound:PrepareCrush"],"relics":["Slimebound:AbsorbEndCombat","downfall:HeartsMalice","Slimebound:ScrapOozeRelic","hubris:Towel","Toy Ornithopter","infinitespire:Satchel","CeramicFish","Slimebound:TarBlob","downfall:HeartBlessingRed","Replay:Baseball","aspiration:ChemicalBlood","Bag of Marbles","hubris:RunicObelisk","Pen Nib","Kunai","bronze:BronzeIdol","downfall:HeartBlessingGreen","Membership Card","Replay:Ringing Soul","Replay:Rubber Ducky","Cursed Key","White Beast Statue","Strawberry","Replay:Wanted Poster","aspiration:DSix","aspiration:PoetsPen_weak","aspiration:AnachronicSnailShell","Kintsugi","reliquary:OuijaBoard","ReplayTheSpireMod:CursedCoin","Blood Vial","MealTicket","Replay:Grab Bag","reliquary:RedCape","Abe\u0027s Treasure","Calling Bell","Replay:Bandana","ReplayTheSpireMod:Ninjato","hubris:CuriousFeather","MawBank","reliquary:TuningFork","reliquary:Knoch","Ginger","Replay:Ancient Bell","hubris:SlimyHat","Replay:Bottled Eggs","hubris:Spice","Sling","TungstenRod","Bronze Scales","Odd Mushroom","aspiration:Lifesprig","Tiny Chest","reliquary:ExpiredCoupon","Black Star","hubris:GlazedTorus","Mercury Hourglass","infinitespire:EvilPickle"],"acts_visited":["Exordium","TheCity","TheBeyond","Exordium","TheCity","TheBeyond","Exordium","TheCity"],"potions_floor_usage":[9,11,16,16,19,28,29,29,29,29,31,32,32,33,33,36,36,37,37,37,37,37,37,39,39,39,39,40,40,43,45,45,45,46,46,48,48,49,50,50,55,55,55,65,65,65,67,67,71,83,84,84,88,89,91,92,92,92,95,95,96,100,101,101,101,101,101,101,109],"damage_taken":[{"damage":0,"enemies":"Jaw Worm","floor":2,"turns":1},{"damage":0,"enemies":"Small Slimes","floor":4,"turns":1},{"damage":0,"enemies":"3 Sentries","floor":8,"turns":1},{"damage":0,"enemies":"2 Louse","floor":9,"turns":1},{"damage":10,"enemies":"Blue Slaver","floor":10,"turns":3},{"damage":25,"enemies":"Lagavulin","floor":11,"turns":5},{"damage":3,"enemies":"downfall:FleeingMerchant","floor":12,"turns":4},{"damage":6,"enemies":"3 Louse","floor":15,"turns":2},{"damage":6,"enemies":"SI_SHIV_ARCHETYPE","floor":16,"turns":7},{"damage":21,"enemies":"Spheric Guardian","floor":19,"turns":5},{"damage":2,"enemies":"downfall:FleeingMerchant","floor":22,"turns":4},{"damage":15,"enemies":"Cultist and Chosen","floor":25,"turns":4},{"damage":30,"enemies":"Nightmare","floor":26,"turns":6},{"damage":12,"enemies":"Snecko","floor":27,"turns":4},{"damage":18,"enemies":"Book of Stabbing","floor":29,"turns":2},{"damage":18,"enemies":"Centurion and Healer","floor":31,"turns":5},{"damage":33,"enemies":"Snake Plant","floor":32,"turns":3},{"damage":45,"enemies":"IC_MUSHROOM_ARCHETYPE","floor":33,"turns":6},{"damage":0,"enemies":"3 Shapes","floor":36,"turns":2},{"damage":48,"enemies":"3 Darklings","floor":37,"turns":6},{"damage":21,"enemies":"4 Shapes","floor":39,"turns":3},{"damage":30,"enemies":"Jaw Worm Horde","floor":40,"turns":3},{"damage":45,"enemies":"Giant Head","floor":43,"turns":9},{"damage":22,"enemies":"Writhing Mass","floor":45,"turns":2},{"damage":11,"enemies":"downfall:FleeingMerchant","floor":46,"turns":4},{"damage":37,"enemies":"Nemesis","floor":48,"turns":5},{"damage":0,"enemies":"Sphere and 2 Shapes","floor":49,"turns":3},{"damage":54,"enemies":"DF_ARCHETYPE_ORBS","floor":50,"turns":9},{"damage":0,"enemies":"Cultist","floor":53,"turns":1},{"damage":28,"enemies":"downfall:LadyInBlue","floor":55,"turns":6},{"damage":2,"enemies":"Small Slimes","floor":56,"turns":1},{"damage":0,"enemies":"2 Louse","floor":57,"turns":1},{"damage":0,"enemies":"Exordium Wildlife","floor":60,"turns":3},{"damage":7,"enemies":"3 Sentries","floor":65,"turns":2},{"damage":0,"enemies":"Large Slime","floor":66,"turns":3},{"damage":35,"enemies":"The Guardian","floor":67,"turns":3},{"damage":0,"enemies":"Spheric Guardian","floor":70,"turns":1},{"damage":11,"enemies":"Centurion and Healer","floor":71,"turns":2},{"damage":0,"enemies":"Snake Plant","floor":72,"turns":1},{"damage":0,"enemies":"Gremlin Leader","floor":75,"turns":1},{"damage":0,"enemies":"Slavers","floor":76,"turns":1},{"damage":6,"enemies":"3 Cultists","floor":77,"turns":3},{"damage":0,"enemies":"Sentry and Sphere","floor":79,"turns":2},{"damage":3,"enemies":"Snake Plant","floor":81,"turns":1},{"damage":3,"enemies":"Cultist and Chosen","floor":83,"turns":2},{"damage":11,"enemies":"Automaton","floor":84,"turns":5},{"damage":12,"enemies":"3 Shapes","floor":87,"turns":1},{"damage":5,"enemies":"3 Darklings","floor":88,"turns":2},{"damage":2,"enemies":"Maw","floor":89,"turns":3},{"damage":24,"enemies":"Sphere and 2 Shapes","floor":91,"turns":3},{"damage":25,"enemies":"R_Hoarder","floor":92,"turns":6},{"damage":6,"enemies":"4 Shapes","floor":93,"turns":1},{"damage":0,"enemies":"Jaw Worm Horde","floor":94,"turns":1},{"damage":0,"enemies":"Sphere and 2 Shapes","floor":95,"turns":2},{"damage":6,"enemies":"Giant Head","floor":96,"turns":3},{"damage":1,"enemies":"Spire Growth","floor":98,"turns":2},{"damage":14,"enemies":"3 Darklings","floor":99,"turns":4},{"damage":0,"enemies":"Writhing Mass","floor":100,"turns":2},{"damage":190,"enemies":"infinitespire:MassOfShapes","floor":101,"turns":8},{"damage":3,"enemies":"Small Slimes","floor":104,"turns":1},{"damage":0,"enemies":"Jaw Worm","floor":105,"turns":1},{"damage":0,"enemies":"2 Louse","floor":106,"turns":1},{"damage":0,"enemies":"Blue Slaver","floor":108,"turns":1},{"damage":3,"enemies":"3 Sentries","floor":109,"turns":4},{"damage":7,"enemies":"The Mushroom Lair","floor":111,"turns":2},{"damage":0,"enemies":"Gremlin Nob","floor":113,"turns":1},{"damage":0,"enemies":"3 Sentries","floor":115,"turns":2},{"damage":0,"enemies":"Large Slime","floor":117,"turns":1},{"damage":6,"enemies":"The Guardian","floor":118,"turns":1},{"damage":0,"enemies":"Spheric Guardian","floor":121,"turns":1},{"damage":0,"enemies":"Centurion and Healer","floor":123,"turns":2},{"damage":2,"enemies":"Gremlin Leader","floor":125,"turns":1},{"damage":0,"enemies":"Slavers","floor":126,"turns":1},{"damage":0,"enemies":"Cultist and Chosen","floor":128,"turns":1},{"damage":0,"enemies":"Gremlin Leader","floor":130,"turns":2},{"damage":3,"enemies":"Shelled Parasite and Fungi","floor":132,"turns":2},{"damage":0,"enemies":"Snake Plant","floor":133,"turns":1},{"damage":0,"enemies":"3 Cultists","floor":134,"turns":1}],"seed_played":"-4861968491975298081","potions_obtained":[{"floor":8,"key":"SkillPotion"},{"floor":9,"key":"Reflective Coating"},{"floor":10,"key":"Slimebound:SlimyTonguePotion"},{"floor":11,"key":"Dexterity Potion"},{"floor":16,"key":"SneckoOil"},{"floor":27,"key":"Strength Potion"},{"floor":28,"key":"Fruit Juice"},{"floor":28,"key":"ColorlessPotion"},{"floor":28,"key":"hexamod:SoulburnPotion"},{"floor":31,"key":"Elixir"},{"floor":33,"key":"PowerPotion"},{"floor":38,"key":"DuplicationPotion"},{"floor":38,"key":"CultistPotion"},{"floor":38,"key":"Elixir"},{"floor":40,"key":"Flashbang"},{"floor":43,"key":"AttackPotion"},{"floor":48,"key":"Fruit Juice"},{"floor":49,"key":"Swift Potion"},{"floor":53,"key":"SneckoOil"},{"floor":56,"key":"FearPotion"},{"floor":57,"key":"EssenceOfSteel"},{"floor":65,"key":"Fire Potion"},{"floor":66,"key":"champ:CounterPotion"},{"floor":67,"key":"SpeedPotion"},{"floor":70,"key":"BlessingOfTheForge"},{"floor":71,"key":"FairyPotion"},{"floor":81,"key":"Adrenaline Potion"},{"floor":83,"key":"Slimebound:ThreeZeroPotion"},{"floor":84,"key":"Regen Potion"},{"floor":84,"key":"Slimebound:SlimyTonguePotion"},{"floor":88,"key":"Energy Potion"},{"floor":89,"key":"Slimebound:SlimedPotion"},{"floor":91,"key":"Slimebound:SlimedPotion"},{"floor":92,"key":"champ:CounterPotion"},{"floor":92,"key":"Swift Potion"},{"floor":94,"key":"EntropicBrew"},{"floor":95,"key":"champ:CounterPotion"},{"floor":96,"key":"Explosive Potion"},{"floor":98,"key":"Milkshake"},{"floor":98,"key":"ColorlessPotion"},{"floor":98,"key":"Strength Potion"},{"floor":98,"key":"Fire Potion"},{"floor":99,"key":"Slimebound:SlimedPotion"},{"floor":100,"key":"BlessingOfTheForge"},{"floor":101,"key":"PowerPotion"},{"floor":101,"key":"Languid Potion"},{"floor":104,"key":"LiquidBronze"},{"floor":109,"key":"Fruit Juice"},{"floor":113,"key":"FairyPotion"},{"floor":126,"key":"LiquidMemories"}],"is_trial":false,"path_per_floor":["R","M","?","M","?","?","T","E","M","M","E","$","?","?","M","B",null,"R","M","?","?","$","R","T","M","NM","M","?","E","R","M","M","B",null,"R_BF","M","M","?","M","M","T","R","E","R","M","$","?","E","M","B",null,"R_BF","M","?","?","M","M","T","R","M","AVR","R","?","R","E","M","B",null,"R","M","M","M","AVR","?","E","E","M","$","M","R","M","?","M","B",null,"R_BF","M","M","M","?","M","E","M","M","M","E","?","M","M","M","B",null,"R_BF","M","M","M","$","M","E","$","?","$","E","?","E","AVR","M","B",null,"R","M","?","M","?","E","E","R","M","R","E","AVR","M","M","M","B"],"character_chosen":"SLIMEBOUND","items_purchased":["Slimebound:LeechLife","Slimebound:Recycling","Membership Card","Replay:Ringing Soul","Slimebound:GoopTackle+1","ReplayTheSpireMod:CursedCoin","Blood Vial","MealTicket","hubris:Spice","Sling","reliquary:FerryPass","hubris:Spice","hubris:Spice","Bronze Scales","hubris:Spice","aspiration:Lifesprig","Tiny Chest"],"campfire_rested":0,"item_purchase_floors":[12,22,46,46,46,78,78,78,107,107,107,110,110,110,112,112,112],"current_hp_per_floor":[65,65,65,65,65,65,65,65,65,59,44,47,47,47,53,59,65,65,65,65,65,65,65,65,65,44,48,58,59,59,70,49,39,75,75,75,74,56,55,51,51,51,45,45,38,68,68,84,89,47,92,92,92,92,89,94,98,108,108,108,108,108,108,108,108,108,91,108,108,108,108,111,114,117,117,120,114,117,119,119,118,118,126,126,129,129,117,123,129,145,123,126,122,124,140,151,10,17,13,27,18,168,168,165,168,168,176,176,176,160,155,147,142,145,140,132,127,121,127,127,127,130,130,133,128,128,128,128,128,128,123,118,118,118,118,118,118],"gold":1478,"neow_bonus":"THREE_ENEMY_KILL","is_daily":false,"chose_seed":false,"campfire_upgraded":2,"win_rate":0.0,"timestamp":1612747658,"path_taken":["R","M","?","M","?","?","T","E","M","M","E","$","?","?","M","BOSS","R","M","?","?","$","R","T","M","NM","M","?","E","R","M","M","BOSS","R_BF","M","M","?","?","M","T","R","E","R","M","$","?","E","M","BOSS","R_BF","M","?","?","M","M","T","R","?","AVR","R","?","R","E","M","BOSS","R","M","M","M","AVR","?","E","E","M","$","M","R","M","?","M","BOSS","R_BF","M","M","M","?","M","E","M","M","M","E","?","M","M","M","BOSS","R_BF","M","M","M","$","?","E","?","?","$","E","?","E","AVR","M","BOSS","R","M","?","M","?","?","E","R","M","R","E","AVR","M","?","M","BOSS"],"items_purchased_type":["Card","Card","Relic","Relic","Card","Relic","Relic","Relic","Relic","Relic","Relic","Relic","Relic","Relic","Relic","Relic","Relic"],"build_version":"2020-12-22","purchased_purges":10,"victory":false,"max_hp_per_floor":[65,65,65,65,65,65,65,65,65,65,65,65,65,65,65,65,65,65,65,65,65,65,65,65,65,65,65,70,70,70,70,70,75,75,75,75,75,75,75,75,75,75,75,75,75,78,78,86,89,92,92,92,92,92,95,98,98,108,108,108,108,108,108,108,108,108,108,108,108,108,108,111,114,117,117,120,120,123,123,123,123,123,126,126,129,129,129,129,129,145,145,148,148,148,148,151,151,151,151,154,157,168,168,168,168,168,176,176,176,160,155,147,142,145,140,132,127,127,127,127,127,130,130,133,128,128,128,128,128,128,123,118,118,118,118,118,118],"card_choices":[{"not_picked":["Slimebound:Prepare","Slimebound:SplitAcid"],"picked":"Slimebound:GrowthPunch","floor":2},{"not_picked":["Slimebound:SplitBruiser","Slimebound:AcidTongue"],"picked":"Slimebound:HauntingLick","floor":4},{"not_picked":["Slimebound:ServeAndProtect","Slimebound:ComboTackle"],"picked":"Slimebound:ItLooksTasty","floor":8},{"not_picked":["Slimebound:ComboTackle","Slimebound:ForwardTackle","Slimebound:SplitLeeching"],"picked":"SKIP","floor":9},{"not_picked":["Slimebound:ForwardTackle","Slimebound:SlimeSlap"],"picked":"Slimebound:Schlurp","floor":10},{"not_picked":["Slimebound:SamplingLick","Slimebound:LeechEnergy"],"picked":"Slimebound:Recollect","floor":11},{"not_picked":["Slimebound:SpikyOuterGoop","Slimebound:SplitLeeching"],"picked":"Slimebound:GrowthPunch","floor":12},{"not_picked":["Slimebound:SplitAcid","Slimebound:SlimeBrawl"],"picked":"Slimebound:Repurpose","floor":15},{"not_picked":["Slimebound:MinionMaster","Slimebound:SelfFormingGoo"],"picked":"Slimebound:OozeBath","floor":16},{"not_picked":["Slimebound:RollThrough+1","Slimebound:LivingWall","Slimebound:SlimeBrawl+1"],"picked":"SKIP","floor":19},{"not_picked":["Slimebound:RollThrough","Slimebound:Prepare"],"picked":"Slimebound:GoopTackle+1","floor":22},{"not_picked":["Slimebound:SplitBruiser","Slimebound:FinishingTackle","Slimebound:Chomp"],"picked":"SKIP","floor":25},{"not_picked":["Slimebound:Prepare","Slimebound:AcidTongue+1"],"picked":"Slimebound:Equalize+1","floor":26},{"not_picked":["Slimebound:LeechEnergy","Slimebound:ServeAndProtect"],"picked":"Slimebound:HungryTackle","floor":27},{"not_picked":["Slimebound:PressTheAttack","Slimebound:DivideAndConquer"],"picked":"Slimebound:RollThrough","floor":29},{"not_picked":["Slimebound:LeechEnergy","Slimebound:SplitMire"],"picked":"Slimebound:Schlurp","floor":31},{"not_picked":["Slimebound:PressTheAttack","Slimebound:SlimeSpikes"],"picked":"Slimebound:Grow","floor":32},{"not_picked":["Slimebound:Recycling","Slimebound:PrepareCrush"],"picked":"Slimebound:MassRepurpose","floor":33},{"not_picked":["Slimebound:Nibble+1","Slimebound:SplitMire"],"picked":"Slimebound:Grow","floor":36},{"not_picked":["Slimebound:Darklings","Slimebound:SplitAcid+1"],"picked":"Slimebound:GrowthPunch+1","floor":37},{"not_picked":["Slimebound:FinishingTackle+1","Slimebound:Prepare"],"picked":"Slimebound:RollThrough+1","floor":38},{"not_picked":["Slimebound:SlimeBrawl+1","Slimebound:SlimeSpikes+1"],"picked":"Slimebound:ComboTackle","floor":39},{"not_picked":["Slimebound:LeadByExample+1","Slimebound:Recollect+1"],"picked":"Slimebound:RollThrough+1","floor":40},{"not_picked":["Slimebound:Darklings","Slimebound:Recollect","Slimebound:Nibble"],"picked":"SKIP","floor":43},{"not_picked":["Slimebound:Chomp+1","Slimebound:SlimeSpikes","Slimebound:FormOfPuddle"],"picked":"SKIP","floor":45},{"not_picked":["Slimebound:GrowthPunch","Slimebound:PressTheAttack"],"picked":"Slimebound:Schlurp","floor":46},{"not_picked":["Slimebound:SplitLeeching+1","Slimebound:DisruptingSlam+1"],"picked":"Slimebound:SlimeTap+1","floor":48},{"not_picked":["Slimebound:FinishingTackle+1","Slimebound:GoopTackle"],"picked":"Slimebound:RollThrough","floor":49},{"not_picked":["Slimebound:FirmFortitude","Slimebound:RallyTheTroops"],"picked":"Slimebound:OozeBath","floor":50},{"not_picked":["Slimebound:GoopTackle","Slimebound:SplitAcid","Slimebound:SamplingLick"],"picked":"SKIP","floor":53},{"not_picked":["Slimebound:Gluttony","Slimebound:LivingWall"],"picked":"Slimebound:ViciousTackle","floor":55},{"not_picked":["Slimebound:SplitMire","Slimebound:LeechEnergy"],"picked":"Slimebound:Schlurp","floor":56},{"not_picked":["Slimebound:Replication","Slimebound:Prepare","Slimebound:HauntingLick"],"picked":"SKIP","floor":57},{"not_picked":["Slimebound:SpikyOuterGoop","Slimebound:DisruptingSlam","Slimebound:Prepare"],"picked":"SKIP","floor":60},{"not_picked":["Slimebound:LivingWall","Slimebound:SlimeBarrage","Slimebound:TagTeam"],"picked":"SKIP","floor":65},{"not_picked":["Slimebound:DivideAndConquer","Slimebound:PressTheAttack","Slimebound:LivingWall"],"picked":"SKIP","floor":66},{"not_picked":["Slimebound:LeechingTouch+1","Slimebound:SplitMire","Slimebound:GoopSpray"],"picked":"SKIP","floor":70},{"not_picked":["Slimebound:Equalize","Slimebound:LevelUp","Slimebound:HauntingLick"],"picked":"SKIP","floor":71},{"not_picked":["Slimebound:FormOfPuddle+1","Slimebound:LeechEnergy"],"picked":"Slimebound:RollThrough","floor":72},{"not_picked":["Slimebound:SlimeTap","Slimebound:LeechEnergy","Slimebound:SlimeBrawl"],"picked":"SKIP","floor":75},{"not_picked":["Slimebound:SlimeSpikes","Slimebound:ViciousTackle"],"picked":"Slimebound:Schlurp+1","floor":76},{"not_picked":["Slimebound:SplitSpecialist","Slimebound:TagTeam","Slimebound:GoopSpray"],"picked":"SKIP","floor":77},{"not_picked":["Slimebound:LeechingTouch","Slimebound:SplitMire","Slimebound:HauntingLick+1"],"picked":"SKIP","floor":79},{"not_picked":["Slimebound:SplitLeeching","Slimebound:SplitAcid","Slimebound:SplitBruiser+1"],"picked":"SKIP","floor":81},{"not_picked":["Slimebound:MinionMaster","Slimebound:SplitAcid"],"picked":"Slimebound:RollThrough+1","floor":83},{"not_picked":["Slimebound:ViciousTackle","Slimebound:LivingWall+1","Slimebound:FinishingTackle+1"],"picked":"SKIP","floor":87},{"not_picked":["Slimebound:LevelUp","Slimebound:LeechingTouch","Slimebound:FinishingTackle"],"picked":"SKIP","floor":88},{"not_picked":["Slimebound:HauntingLick","Slimebound:ServeAndProtect+1","Slimebound:Prepare"],"picked":"SKIP","floor":89},{"not_picked":["Slimebound:SlimeSlap","Slimebound:GoopTackle+1","Slimebound:Recollect"],"picked":"SKIP","floor":91},{"not_picked":["Slimebound:RollThrough","Slimebound:LeadByExample+1"],"picked":"Slimebound:BestDefense","floor":92},{"not_picked":["Slimebound:Recollect","Slimebound:LeechingTouch","Slimebound:Repurpose+1"],"picked":"SKIP","floor":93},{"not_picked":["Slimebound:HungryTackle","Slimebound:AcidTongue","Slimebound:GoopTackle+1"],"picked":"SKIP","floor":94},{"not_picked":["Slimebound:ProtectTheBoss+1","Slimebound:PressTheAttack","Slimebound:Recollect"],"picked":"SKIP","floor":95},{"not_picked":["Slimebound:Gluttony","Slimebound:SplitBruiser+1"],"picked":"Slimebound:Grow","floor":96},{"not_picked":["Slimebound:SplitLeeching+1","Slimebound:ViciousTackle+1","Slimebound:LivingWall"],"picked":"SKIP","floor":98},{"not_picked":["Slimebound:Dissolve+1","Slimebound:RollThrough","Slimebound:SplitAcid"],"picked":"SKIP","floor":99},{"not_picked":["Slimebound:Prepare+1","Slimebound:SplitSpecialist+1","Slimebound:HauntingLick"],"picked":"SKIP","floor":100},{"not_picked":["Slimebound:DouseInSlime","Slimebound:MinionMaster"],"picked":"Slimebound:CheckThePlaybook","floor":101},{"not_picked":["ReplayTheSpireMod:Restless Dread","Normality"],"picked":"Sickly","floor":102},{"not_picked":["hubris:Despair","downfall:Aged"],"picked":"Overencumbered","floor":102},{"not_picked":["hubris:Sloth","hubris:Envy"],"picked":"ReplayTheSpireMod:Faulty Equipment","floor":102},{"not_picked":["Slimebound:SplitAcid","Slimebound:HauntingLick","Slimebound:Recollect"],"picked":"SKIP","floor":104},{"not_picked":["Slimebound:Recycling","Slimebound:SlimeBrawl","Slimebound:PressTheAttack"],"picked":"SKIP","floor":105},{"not_picked":["Slimebound:MegaLick","Slimebound:ProtectTheBoss","Slimebound:SplitBruiser"],"picked":"SKIP","floor":106},{"not_picked":["Slimebound:ComboTackle","Slimebound:ItLooksTasty","Slimebound:SlimeSpikes"],"picked":"SKIP","floor":108},{"not_picked":["Slimebound:SpikyOuterGoop","Slimebound:ViciousTackle"],"picked":"hubris:SpiceAddiction","floor":109},{"not_picked":["Slimebound:Schlurp","hubris:SpiceAddiction"],"picked":"hubris:SpiceAddiction","floor":111},{"not_picked":["Slimebound:ServeAndProtect","Slimebound:LeechingTouch"],"picked":"hubris:SpiceAddiction","floor":113},{"not_picked":["Slimebound:Equalize","Slimebound:Schlurp"],"picked":"hubris:SpiceAddiction","floor":115},{"not_picked":["Slimebound:HungryTackle","Slimebound:RollThrough"],"picked":"hubris:SpiceAddiction","floor":117},{"not_picked":["Slimebound:FinishingTackle","Slimebound:SplitLeeching","Slimebound:RejuvenatingLick"],"picked":"SKIP","floor":121},{"not_picked":["Slimebound:ProtectTheBoss","Slimebound:DisruptingSlam","Slimebound:PressTheAttack"],"picked":"SKIP","floor":123},{"not_picked":["Slimebound:PressTheAttack","Slimebound:HauntingLick"],"picked":"hubris:SpiceAddiction","floor":125},{"not_picked":["Slimebound:Chomp","Slimebound:AcidTongue","Slimebound:DisruptingSlam"],"picked":"SKIP","floor":126},{"not_picked":["Slimebound:AcidTongue","Slimebound:Grow","Slimebound:Recollect"],"picked":"SKIP","floor":128},{"not_picked":["Slimebound:SplitLeeching","Slimebound:TagTeam","Slimebound:SplitAcid"],"picked":"SKIP","floor":130},{"not_picked":["Slimebound:AcidTongue","Slimebound:SplitMire"],"picked":"hubris:SpiceAddiction","floor":132},{"not_picked":["Slimebound:AcidTongue","Slimebound:SplitAcid","Slimebound:Prepare"],"picked":"SKIP","floor":133},{"not_picked":["Slimebound:Nibble","Slimebound:DisruptingSlam","Slimebound:SplitLeeching"],"picked":"SKIP","floor":134}],"player_experience":512705,"relics_obtained":[{"floor":7,"key":"Toy Ornithopter"},{"floor":8,"key":"infinitespire:Satchel"},{"floor":11,"key":"CeramicFish"},{"floor":24,"key":"Replay:Baseball"},{"floor":26,"key":"aspiration:ChemicalBlood"},{"floor":29,"key":"Bag of Marbles"},{"floor":41,"key":"Kunai"},{"floor":43,"key":"bronze:BronzeIdol"},{"floor":48,"key":"Replay:Rubber Ducky"},{"floor":55,"key":"White Beast Statue"},{"floor":58,"key":"Strawberry"},{"floor":85,"key":"Replay:Bandana"},{"floor":85,"key":"ReplayTheSpireMod:Ninjato"},{"floor":85,"key":"hubris:CuriousFeather"},{"floor":101,"key":"Ginger"},{"floor":109,"key":"TungstenRod"},{"floor":111,"key":"Odd Mushroom"}],"event_choices":[{"damage_healed":0,"gold_gain":0,"player_choice":"Box","damage_taken":0,"relics_obtained":["Bronze Scales"],"max_hp_gain":0,"max_hp_loss":0,"event_name":"Big Fish","floor":3,"gold_loss":0,"cards_obtained":["Regret"]},{"damage_healed":0,"gold_gain":0,"player_choice":"Got Potions","damage_taken":0,"max_hp_gain":0,"max_hp_loss":0,"event_name":"Lab","floor":28,"gold_loss":0},{"damage_healed":0,"gold_gain":0,"player_choice":"2","damage_taken":0,"max_hp_gain":0,"max_hp_loss":0,"event_name":"betterMatch:BetterMatch","floor":47,"gold_loss":0,"cards_obtained":[]},{"cards_removed":["Slimebound:Defend_Slimebound"],"damage_healed":0,"gold_gain":0,"player_choice":"Card Removal","damage_taken":0,"max_hp_gain":0,"max_hp_loss":0,"event_name":"The Cleric","floor":63,"gold_loss":0},{"damage_healed":0,"gold_gain":0,"player_choice":"Stole Relic","damage_taken":0,"relics_obtained":["reliquary:OuijaBoard"],"max_hp_gain":0,"max_hp_loss":0,"event_name":"Addict","floor":74,"gold_loss":0,"cards_obtained":["Pride"]},{"damage_healed":0,"gold_gain":0,"player_choice":"RE RE RE RE ","damage_taken":149,"relics_obtained":["reliquary:FerryPass","MawBank","reliquary:TuningFork","reliquary:Knoch"],"max_hp_gain":0,"max_hp_loss":0,"event_name":"betterSkull:BetterSkull","floor":97,"gold_loss":0,"cards_upgraded":[]},{"damage_healed":0,"gold_gain":0,"player_choice":"Fought Mushrooms","damage_taken":0,"max_hp_gain":0,"max_hp_loss":0,"event_name":"Mushrooms","floor":111,"gold_loss":0},{"damage_healed":0,"gold_gain":8,"player_choice":"4","damage_taken":0,"max_hp_gain":0,"max_hp_loss":0,"event_name":"betterStone:BetterStone","floor":122,"gold_loss":0,"cards_obtained":["Slimebound:PrepareCrush"]}],"is_beta":false,"boss_relics":[{"not_picked":["Runesmith:UraniumAnvil","reliquary:Craggleroot"],"picked":"Slimebound:TarBlob"},{"not_picked":["aspiration:MobileForge","bronze:MakeshiftBattery"],"picked":"hubris:RunicObelisk"},{"not_picked":["hubris:Stopwatch","Runic Dome"],"picked":"Cursed Key"},{"not_picked":["SlaversCollar","Runic Dome"],"picked":"aspiration:PoetsPen_weak"},{"not_picked":["aspiration:SecretTechniqueScroll","aspiration:WatcherSkillbook"],"picked":"Replay:Grab Bag"},{"not_picked":["Painkiller Herb","reliquary:Craggleroot"],"picked":"reliquary:RedCape"},{"not_picked":["reliquary:Ember","reliquary:WritOfMandamus"],"picked":"Abe\u0027s Treasure"},{"not_picked":["hubris:HollowSoul","SacredBark"],"picked":"Calling Bell"},{"not_picked":["aspiration:RitualDagger","aspiration:MobileForge"],"picked":"Replay:Ancient Bell"},{"not_picked":["ReplayTheSpireMod:TigerMarble","Centennial Puzzle"],"picked":"hubris:SlimyHat"},{"not_picked":["Question Card","HornCleat"],"picked":"Replay:Bottled Eggs"},{"not_picked":["Replay:Arrowhead","Shovel"],"picked":"hubris:Spice"},{"not_picked":["hubris:Spice","reliquary:RedPaperclip"],"picked":"Black Star"}],"items_purged_floors":[12,22,46,61,78,107,110,112,116,131],"is_endless":true,"potions_floor_spawned":[8,9,10,11,16,27,31,33,40,43,48,49,53,56,57,60,65,66,67,70,71,72,75,76,77,79,81,83,84,87,88,89,91,92,93,94,95,96,98,99,100,101,104,105,106,108,109,111,113,115,117,118,121,123,125,126,128,130,132,133,134],"killed_by":"Pondfish","ascension_level":1}}