{"host":"d61fcf2p3sjwe6yo","time":1612806923,"event":{"mods":["BaseMod","Colored Map","Koishi","Marisa????????","Minty Spire (QoL Compilation)","StSLib","SuperFastMode","The Servant 0.9.4"],"gold_per_floor":[115,135,135,154,174,174,51,82,154,154,179,179,189,189,189,263,263,279,39,39,39,84,84,103,429,429,429,166,81,106,106,106,182,182,200,210,227,15,31,31,81,107,107,122,135,163,192,217,229,241,253,265,277,19,44,44],"floor_reached":57,"language":"ENG","playtime":3811,"items_purged":["Strike_S","Strike_S","Strike_S","Strike_S"],"score":3045,"play_id":"395ecd18-8081-4333-a8dd-b537f40fb8cc","local_time":"20210208205523","is_ascension_mode":true,"campfire_choices":[{"data":"TimeTheft","floor":6.0,"key":"SMITH"},{"data":"Luminosity","floor":10.0,"key":"SMITH"},{"data":"Sunlight","floor":12.0,"key":"SMITH"},{"data":"SurpressingFire","floor":15.0,"key":"SMITH"},{"floor":23.0,"key":"REST"},{"floor":27.0,"key":"REST"},{"data":"BottledTime","floor":32.0,"key":"SMITH"},{"data":"SilverBlades","floor":40.0,"key":"SMITH"},{"floor":49.0,"key":"RECALL"},{"data":"Duplication","floor":53,"key":"SMITH"}],"circlet_count":0,"master_deck":["AscendersBane","Defend_S","Defend_S","Defend_S","Defend_S","KidneyShot","Exchange","Moonlight","BottledTime+1","TimeTheft+1","Luminosity+1","GearUp","ForgedInTime","Sunlight+1","SurpressingFire+1","KillingDoll","Necronomicurse","Luminosity+1","Initiator","Sabotage+1","TimeTheft","SilverBlades+1","Duplication+1","Hightail","Replace","SoulSculpture+1","SilverBlades"],"relics":["Uniform","Happy Flower","CaptainsWheel","Akabeko","Mercury Hourglass","Toy Ornithopter","Philosopher\u0027s Stone","Chemical X","Necronomicon","MealTicket","Old Coin","Bottled Flame","OrangePellets","Centennial Puzzle","Gambling Chip","Black Star","StrikeDummy","Smiling Mask","Molten Egg 2","MawBank","Oddly Smooth Stone","Torii"],"acts_visited":["Exordium","TheCity","TheBeyond","TheEnding"],"potions_floor_usage":[51,51,55,56],"damage_taken":[{"damage":6.0,"enemies":"Jaw Worm","floor":1.0,"turns":6.0},{"damage":0.0,"enemies":"Cultist","floor":2.0,"turns":4.0},{"damage":11.0,"enemies":"2 Louse","floor":4.0,"turns":2.0},{"damage":1.0,"enemies":"Blue Slaver","floor":5.0,"turns":4.0},{"damage":6.0,"enemies":"Lagavulin","floor":8.0,"turns":8.0},{"damage":9.0,"enemies":"3 Sentries","floor":11.0,"turns":8.0},{"damage":2.0,"enemies":"3 Louse","floor":13.0,"turns":2.0},{"damage":0.0,"enemies":"The Guardian","floor":16.0,"turns":8.0},{"damage":0.0,"enemies":"Spheric Guardian","floor":18.0,"turns":3.0},{"damage":0.0,"enemies":"Chosen","floor":24.0,"turns":2.0},{"damage":23.0,"enemies":"Slavers","floor":25.0,"turns":3.0},{"damage":25.0,"enemies":"Book of Stabbing","floor":30.0,"turns":3.0},{"damage":0.0,"enemies":"Automaton","floor":33.0,"turns":9.0},{"damage":0.0,"enemies":"Orb Walker","floor":35.0,"turns":1.0},{"damage":0.0,"enemies":"3 Darklings","floor":36.0,"turns":1.0},{"damage":0.0,"enemies":"Transient","floor":37.0,"turns":6.0},{"damage":0.0,"enemies":"Jaw Worm Horde","floor":39.0,"turns":1.0},{"damage":12.0,"enemies":"Nemesis","floor":42.0,"turns":8.0},{"damage":18.0,"enemies":"Writhing Mass","floor":44.0,"turns":3.0},{"damage":0.0,"enemies":"Sphere and 2 Shapes","floor":45.0,"turns":1.0},{"damage":23.0,"enemies":"Reptomancer","floor":46.0,"turns":3.0},{"damage":26.0,"enemies":"Transient","floor":47.0,"turns":6.0},{"damage":0.0,"enemies":"Jaw Worm Horde","floor":48.0,"turns":1.0},{"damage":0.0,"enemies":"Time Eater","floor":50.0,"turns":15.0},{"damage":22,"enemies":"Awakened One","floor":51,"turns":12},{"damage":29,"enemies":"Shield and Spear","floor":55,"turns":6},{"damage":39,"enemies":"The Heart","floor":56,"turns":13}],"seed_played":"7013649217914853401","potions_obtained":[{"floor":2.0,"key":"Dexterity Potion"},{"floor":4.0,"key":"Weak Potion"},{"floor":18.0,"key":"Explosive Potion"},{"floor":35.0,"key":"FairyPotion"},{"floor":47.0,"key":"EntropicBrew"}],"is_trial":false,"path_per_floor":["M","M","?","M","M","R","$","E","T","R","E","R","M","?","R","B",null,"M","$","?","?","T","R","M","E","T","R","$","?","E","$","R","B",null,"M","M","M","$","M","R","?","E","T","M","M","E","M","M","R","B","B",null,"R","$","E","B",null],"character_chosen":"THE_SERVANT","items_purchased":["Luminosity","GearUp","Chemical X","OrangePellets","SilverBlades","DuplicationPotion","SilverBlades","Energy Potion"],"campfire_rested":2,"item_purchase_floors":[7,7,19,28,38,54,54,54],"current_hp_per_floor":[48,48,48,37,36,36,36,30,30,30,21,21,19,19,19,19,50,50,50,34,13,13,32,32,14,14,33,48,48,23,38,38,38,58,58,58,58,65,65,65,65,53,53,35,35,17,19,19,24,24,12,52,52,65,41,7],"gold":44,"neow_bonus":"RANDOM_COMMON_RELIC","is_daily":false,"chose_seed":false,"campfire_upgraded":7,"win_rate":0.0,"timestamp":1612806923,"path_taken":["M","M","?","M","?","R","$","E","T","R","E","R","M","?","R","BOSS","M","$","?","?","?","R","?","E","T","R","$","?","E","?","R","BOSS","M","?","M","$","?","R","?","E","T","M","M","E","M","M","R","BOSS","BOSS","R","$","E","BOSS"],"items_purchased_type":["Card","Card","Relic","Relic","Card","Potion","Card","Potion"],"build_version":"2020-12-22","purchased_purges":4,"victory":true,"max_hp_per_floor":[60,60,60,60,60,60,60,60,60,60,60,60,60,60,60,60,60,60,60,65,65,65,65,65,65,65,65,65,65,65,65,65,65,65,65,65,65,65,65,65,65,65,65,65,65,65,65,65,65,65,65,65,65,65,65,65],"card_choices":[{"not_picked":["DoubleEdge","Sabotage"],"picked":"Moonlight","floor":1.0},{"not_picked":["ShiftingGears","Starlight"],"picked":"Defy","floor":2.0},{"not_picked":["Rewind","DoubleEdge"],"picked":"BottledTime","floor":4.0},{"not_picked":["ReturningBlade","Unruled"],"picked":"TimeTheft","floor":5.0},{"not_picked":["Potential","DoubleEdge"],"picked":"ForgedInTime","floor":8.0},{"not_picked":["Gouge","Starlight"],"picked":"Sunlight","floor":11.0},{"not_picked":["InstantArmor","Snipe"],"picked":"SurpressingFire","floor":13.0},{"not_picked":["ForgedInTime","Deny"],"picked":"KillingDoll","floor":16.0},{"not_picked":["Starlight","TimeWarp+1","FanOfKnives"],"picked":"SKIP","floor":18.0},{"not_picked":["FastForward","Starlight"],"picked":"Luminosity+1","floor":24.0},{"not_picked":["TimeWarp","Spin","Unruled"],"picked":"SKIP","floor":25.0},{"not_picked":["Starlight+1","ForgedInTime","Advance"],"picked":"SKIP","floor":30.0},{"not_picked":["Duplication","KillingDoll"],"picked":"Initiator","floor":33.0},{"not_picked":["Unruled+1","SpecialFormula"],"picked":"Sabotage+1","floor":35.0},{"not_picked":["Replace","Starlight+1"],"picked":"TimeTheft","floor":36.0},{"not_picked":["Potential","Comet","Replace"],"picked":"SKIP","floor":37.0},{"not_picked":["Contraction","ShatteredReality","Sabotage+1"],"picked":"SKIP","floor":39.0},{"not_picked":["MoonPhase","Orbit","Unruled"],"picked":"SKIP","floor":42.0},{"not_picked":["DoubleEdge","Alleviate"],"picked":"Duplication","floor":44.0},{"not_picked":["StarChef","Alleviate+1","DualDimension"],"picked":"SKIP","floor":45.0},{"not_picked":["ShatteredReality+1","Defy"],"picked":"Hightail","floor":46.0},{"not_picked":["Spin+1","Starlight+1"],"picked":"Replace","floor":47.0},{"not_picked":["TimeWarp+1","BestPractice"],"picked":"SoulSculpture+1","floor":48.0},{"not_picked":["MoonPhase+1","Rewind","Alleviate+1"],"picked":"SKIP","floor":55}],"player_experience":284633,"relics_obtained":[{"floor":8.0,"key":"Akabeko"},{"floor":9.0,"key":"Mercury Hourglass"},{"floor":11.0,"key":"Toy Ornithopter"},{"floor":21.0,"key":"Necronomicon"},{"floor":22.0,"key":"MealTicket"},{"floor":25.0,"key":"Old Coin"},{"floor":26.0,"key":"Bottled Flame"},{"floor":30.0,"key":"Gambling Chip"},{"floor":42.0,"key":"StrikeDummy"},{"floor":42.0,"key":"Smiling Mask"},{"floor":46.0,"key":"Molten Egg 2"},{"floor":46.0,"key":"MawBank"},{"floor":55,"key":"Oddly Smooth Stone"},{"floor":55,"key":"Torii"}],"event_choices":[{"cards_removed":["Defy"],"damage_healed":0.0,"max_hp_gain":0.0,"max_hp_loss":0.0,"gold_gain":0.0,"event_name":"WeMeetAgain","player_choice":"Gave Card","floor":3.0,"gold_loss":0.0,"damage_taken":0.0,"relics_obtained":["CaptainsWheel"]},{"damage_healed":0.0,"max_hp_gain":0.0,"max_hp_loss":0.0,"gold_gain":0.0,"event_name":"Liars Game","player_choice":"Ignored","floor":14.0,"gold_loss":0.0,"damage_taken":0.0},{"damage_healed":0.0,"max_hp_gain":5.0,"max_hp_loss":0.0,"gold_gain":0.0,"event_name":"Forgotten Altar","player_choice":"Shed Blood","floor":20.0,"gold_loss":0.0,"damage_taken":21.0},{"damage_healed":0.0,"max_hp_gain":0.0,"max_hp_loss":0.0,"gold_gain":0.0,"event_name":"Cursed Tome","player_choice":"Obtained Book","floor":21.0,"gold_loss":0.0,"damage_taken":21.0},{"damage_healed":0.0,"max_hp_gain":0.0,"max_hp_loss":0.0,"gold_gain":0.0,"event_name":"Addict","player_choice":"Obtained Relic","floor":29.0,"gold_loss":85.0,"damage_taken":0.0,"relics_obtained":["Centennial Puzzle"]},{"damage_healed":0.0,"max_hp_gain":0.0,"max_hp_loss":0.0,"gold_gain":50.0,"event_name":"Golden Shrine","player_choice":"Pray","floor":41.0,"gold_loss":0.0,"damage_taken":0.0}],"is_beta":false,"boss_relics":[{"not_picked":["SlaversCollar","Busted Crown"],"picked":"Philosopher\u0027s Stone"},{"not_picked":["Tiny House","Runic Dome"],"picked":"Black Star"}],"items_purged_floors":[19,28,38,54],"is_endless":false,"potions_floor_spawned":[2,4,11,13,18,24,35,39,42,45,47],"ascension_level":20}}