{"host":"xltl1aroowo69o4n","time":1612756160,"event":{"mods":["BaseMod","Colored Map","Colored Powertips","Downfall","Marisa????????","Minty Spire (QoL Compilation)","Replay The Spire","StSLib","The Cursed","The Hierophant","The Mystic","The Necromancer","The Servant 0.9.4"],"gold_per_floor":[115,38,53,53,53,53,245,256,256,256,272,272,84,97,97,196,196,213,69,69,69,69,69,102,102,156,156,7,7,7,7,7,104,104,138,138,3,0,0,0,62,88,88,88,128,168,189,221,221,227],"floor_reached":51,"language":"ENG","playtime":2444,"items_purged":["downfall:Bewildered"],"score":927,"play_id":"ec76253f-9631-4146-a30d-5a48278aafa5","local_time":"20210207224920","is_ascension_mode":false,"campfire_choices":[{"floor":6,"key":"RECALL"},{"floor":10,"key":"REST"},{"data":"Siphon_Strength","floor":12,"key":"SMITH"},{"floor":15,"key":"REST"},{"floor":23,"key":"REST"},{"floor":25,"key":"REST"},{"floor":32,"key":"REST"},{"floor":40,"key":"REST"},{"floor":44,"key":"REST"},{"floor":49,"key":"REST"}],"circlet_count":0,"master_deck":["Strike_W","Strike_W","Strike_W","Strike_W","Defend_W","Defend_W","Defend_W","Defend_W","Negative_Energy_Arrows","Bone_Wall","Negative_Energy_Shield","Acid_Javelin","Chill_Blood","Flesh_Made_Foul","Negative_Energy_Mist","Siphon_Strength+1","Summon_Vampire_Lady","Negative_Energy_Javelin+1","Negative_Energy_Javelin","Spectral_Armor","Grasp_Heart","Bone_Bullets+1","RitualDagger","Consume_Illness","Death_Coil+1","Toxic_Smoke_Screen","Slimebound:CheckThePlaybook","Blood_for_Blood","Cloudkill+1","CurseOfTheBell","Blood_Is_Power+1","Writhe","Summon_Undead_Army","Summon_Undead_Army+1","Blood_Curse+1","Summon_Undead+1","Negative_Energy_Shield+1","Spectral_Armor","Bones_to_Steel+1","Consume_Illness+1","Uncharnel+1","Consume_Illness+1","Exploit"],"relics":["Vampire_Amulet","Omamori","Snecko Eye","Orichalcum","Dream Catcher","Peace Pipe","Juzu Bracelet","Gremlin Food","Lizard Tail","sneckomod:BabySnecko","MutagenicStrength","Calling Bell","Replay:Bandana","Pear","Pocketwatch","Red Mask","Girya","Golden Egg","Thread and Needle"],"acts_visited":["Exordium","TheCity","TheBeyond"],"potions_floor_usage":[16,24,24,41,41,46,46],"damage_taken":[{"damage":0,"enemies":"Cultist","floor":1,"turns":4},{"damage":0,"enemies":"2 Louse","floor":3,"turns":4},{"damage":0,"enemies":"Small Slimes","floor":8,"turns":4},{"damage":0,"enemies":"Blue Slaver","floor":11,"turns":6},{"damage":6,"enemies":"3 Louse","floor":14,"turns":4},{"damage":69,"enemies":"Fading Forest","floor":16,"turns":11},{"damage":4,"enemies":"Shell Parasite","floor":18,"turns":3},{"damage":68,"enemies":"Gremlin Leader","floor":24,"turns":9},{"damage":37,"enemies":"Pondfish","floor":33,"turns":15},{"damage":38,"enemies":"3 Darklings","floor":35,"turns":6},{"damage":67,"enemies":"2 Orb Walkers","floor":41,"turns":5},{"damage":13,"enemies":"Orb Walker","floor":42,"turns":3},{"damage":2,"enemies":"Maw","floor":45,"turns":7},{"damage":29,"enemies":"Nemesis","floor":46,"turns":5},{"damage":30,"enemies":"Jaw Worm Horde","floor":47,"turns":5},{"damage":7,"enemies":"4 Shapes","floor":48,"turns":3},{"damage":108,"enemies":"Time Eater","floor":50,"turns":13}],"seed_played":"-6089657360884296412","potions_obtained":[{"floor":0,"key":"SneckoOil"},{"floor":0,"key":"Cursed Concoction"},{"floor":0,"key":"Strength Potion"},{"floor":8,"key":"Death Potion"},{"floor":16,"key":"FearPotion"},{"floor":24,"key":"BlessingOfTheForge"},{"floor":35,"key":"champ:CounterPotion"},{"floor":41,"key":"Weak Potion"},{"floor":47,"key":"SmokeBomb"}],"is_trial":false,"path_per_floor":["M","$","M","?","?","R","?","M","T","R","M","R","$","M","R","B",null,"M","$","?","?","?","R","E","R","T","?","$","T","?","?","R","B",null,"M","?","$","?","?","R","?","M","T","R","M","E","M","M","R","B",null],"character_chosen":"NECROMANCER","items_purchased":["Acid_Javelin","Summon_Vampire_Lady","Negative_Energy_Javelin","Orichalcum","Gremlin Food","Summon_Undead_Army"],"campfire_rested":8,"item_purchase_floors":[2,13,13,19,28,37],"current_hp_per_floor":[75,75,75,75,68,68,38,42,42,64,66,66,66,66,75,52,75,75,75,75,75,69,75,35,57,57,31,31,31,31,31,53,62,85,49,70,70,70,70,85,22,11,11,36,54,39,30,31,56,30],"gold":227,"neow_bonus":"THREE_SMALL_POTIONS","is_daily":false,"chose_seed":false,"campfire_upgraded":1,"win_rate":0.0,"timestamp":1612756160,"path_taken":["M","$","M","?","?","R","?","M","T","R","M","R","?","M","R","BOSS","M","$","?","?","?","R","E","R","T","?","$","?","?","?","R","BOSS","M","?","$","?","?","R","?","M","T","R","M","E","M","M","R","BOSS"],"items_purchased_type":["Card","Card","Card","Relic","Relic","Card"],"build_version":"2020-12-13","purchased_purges":1,"victory":true,"max_hp_per_floor":[75,75,75,75,75,75,75,75,75,75,75,75,75,75,75,75,75,75,75,75,75,75,75,75,75,75,75,75,75,75,75,75,75,85,85,85,85,85,85,85,85,85,85,85,85,85,85,85,85,85],"card_choices":[{"not_picked":["Bone_Armor","Consume_Illness"],"picked":"Negative_Energy_Shield","floor":1},{"not_picked":["Blood_Whip","Strike_from_Beyond"],"picked":"Chill_Blood","floor":3},{"not_picked":["Necromantic_Selection","Death_March_Dance"],"picked":"Flesh_Made_Foul","floor":7},{"not_picked":["Life_Tap","Bone_Armor"],"picked":"Negative_Energy_Mist","floor":8},{"not_picked":["Acid_Javelin","Violent_Necrosis"],"picked":"Siphon_Strength","floor":11},{"not_picked":["Life_Tap","Violent_Necrosis"],"picked":"Spectral_Armor","floor":14},{"not_picked":["Requiem","Detonate_Bones"],"picked":"Grasp_Heart","floor":16},{"not_picked":["Vampiric_Strike","Negative_Energy_Mist"],"picked":"Bone_Bullets","floor":18},{"not_picked":["Chill_Blood","Negative_Energy_Shield"],"picked":"Consume_Illness","floor":23},{"not_picked":["Blood_Shield","Bone_Bullets+1"],"picked":"Death_Coil+1","floor":24},{"not_picked":["Blood_Wake","Negative_Energy_Mist"],"picked":"Toxic_Smoke_Screen","floor":25},{"not_picked":["Bone_Armor+1","Bone_Spikes+1"],"picked":"Blood_for_Blood","floor":32},{"not_picked":["Requiem","Detonate_Bones"],"picked":"Cloudkill","floor":33},{"not_picked":["Bone_Shift+1","Toxic_Smoke_Screen"],"picked":"Blood_Is_Power+1","floor":35},{"not_picked":["Exploit+1","Bone_Shift"],"picked":"Blood_Curse+1","floor":40},{"not_picked":["Negative_Energy_Javelin","Stop_Heart"],"picked":"Summon_Undead","floor":41},{"not_picked":["Bone_Armory+1","Negative_Energy_Sphere+1"],"picked":"Negative_Energy_Shield+1","floor":42},{"not_picked":["Summon_Lich","Bone_Bullets"],"picked":"Spectral_Armor","floor":44},{"not_picked":["Chill_Blood","Flesh_Made_Foul+1"],"picked":"Bones_to_Steel+1","floor":45},{"not_picked":["Shackles_Of_Pain","Toxic_Smoke_Screen+1"],"picked":"Consume_Illness+1","floor":46},{"not_picked":["Negative_Energy_Bomb","Blood_Curse"],"picked":"Uncharnel+1","floor":47},{"not_picked":["Vampiric_Strike","Negative_Energy_Shield+1"],"picked":"Consume_Illness+1","floor":48},{"not_picked":["Negative_Energy_Shield","Whirlwind_of_Bones+1"],"picked":"Exploit","floor":49}],"player_experience":149957,"relics_obtained":[{"floor":24,"key":"Peace Pipe"},{"floor":26,"key":"Juzu Bracelet"},{"floor":29,"key":"Lizard Tail"},{"floor":34,"key":"Replay:Bandana"},{"floor":34,"key":"Pear"},{"floor":34,"key":"Pocketwatch"},{"floor":41,"key":"Girya"},{"floor":43,"key":"Golden Egg"},{"floor":46,"key":"Thread and Needle"}],"event_choices":[{"damage_healed":0,"gold_gain":0,"player_choice":"Box","damage_taken":0,"relics_obtained":["Omamori"],"max_hp_gain":0,"max_hp_loss":0,"event_name":"Big Fish","floor":4,"gold_loss":0,"cards_obtained":["Regret"]},{"cards_removed":["Regret"],"damage_healed":0,"gold_gain":0,"player_choice":"Card Removal","damage_taken":7,"max_hp_gain":0,"max_hp_loss":0,"event_name":"Golden Wing","floor":5,"gold_loss":0},{"damage_healed":0,"gold_gain":0,"player_choice":"Stole Relic","damage_taken":0,"relics_obtained":["Dream Catcher"],"max_hp_gain":0,"max_hp_loss":0,"event_name":"Addict","floor":20,"gold_loss":0,"cards_obtained":["Shame"]},{"damage_healed":0,"gold_gain":0,"player_choice":"Smashed Altar","damage_taken":0,"max_hp_gain":0,"max_hp_loss":0,"event_name":"Forgotten Altar","floor":21,"gold_loss":0,"cards_obtained":["Decay"]},{"damage_healed":0,"gold_gain":0,"player_choice":"Joined the Cult","damage_taken":6,"max_hp_gain":0,"max_hp_loss":0,"event_name":"Nest","floor":22,"gold_loss":0,"cards_obtained":["RitualDagger"]},{"damage_healed":0,"gold_gain":0,"player_choice":"Inject Mutagens","damage_taken":0,"relics_obtained":["MutagenicStrength"],"max_hp_gain":0,"max_hp_loss":0,"event_name":"Drug Dealer","floor":31,"gold_loss":0},{"damage_healed":21,"gold_gain":0,"player_choice":"Writhe","damage_taken":0,"max_hp_gain":0,"max_hp_loss":0,"event_name":"Winding Halls","floor":36,"gold_loss":0,"cards_obtained":["Writhe"]},{"damage_healed":0,"gold_gain":0,"player_choice":"Paid","damage_taken":0,"relics_obtained":["Red Mask"],"max_hp_gain":0,"max_hp_loss":0,"event_name":"Tomb of Lord Red Mask","floor":38,"gold_loss":3},{"damage_healed":0,"gold_gain":0,"player_choice":"Upgraded","damage_taken":0,"max_hp_gain":0,"max_hp_loss":0,"event_name":"Upgrade Shrine","floor":39,"gold_loss":0,"cards_upgraded":["Summon_Undead_Army"]},{"damage_healed":0,"gold_gain":0,"player_choice":"Fight","damage_taken":0,"max_hp_gain":0,"max_hp_loss":0,"event_name":"Mysterious Sphere","floor":41,"gold_loss":0}],"is_beta":false,"boss_relics":[{"not_picked":["Kintsugi","Replay:Drink Me"],"picked":"Snecko Eye"},{"not_picked":["Ring of Chaos","ChewingGum"],"picked":"Calling Bell"}],"items_purged_floors":[37],"is_endless":false,"potions_floor_spawned":[8,16,24,35,41,47],"ascension_level":0}}