{"host":"s24sb66hw4a4sfft","time":1612749164,"event":{"mods":["AchievementEnabler","BaseMod","Colored Map","Colored Powertips","Googly Eyes","Hermit","Hubris","Minty Spire (QoL Compilation)","Quick Restart","Shop Mod","StSLib"],"gold_per_floor":[117,117,292,311,311,311,586,586,586,586,602,96,106,136,136,136,136],"floor_reached":16,"language":"ENG","playtime":347,"items_purged":["Doubt"],"score":162,"play_id":"a2a239b4-0fc8-4e88-b558-3c027db3fff3","local_time":"20210207205244","is_ascension_mode":true,"campfire_choices":[{"data":"Dagger Throw","floor":6,"key":"SMITH"},{"floor":8,"key":"REST"},{"floor":10,"key":"RECALL"},{"data":"hubris:SlightOfHand","floor":15,"key":"SMITH"}],"circlet_count":0,"master_deck":["AscendersBane","Strike_G","Strike_G","Strike_G+1","Strike_G","Strike_G","Defend_G","Defend_G","Defend_G","Defend_G","Defend_G","Survivor","Neutralize+1","hubris:SlightOfHand+1","Dagger Throw+1","Regret","Slice","Noxious Fumes","Cloak And Dagger","Deadly Poison"],"relics":["Ring of the Snake","NeowsBlessing","hubris:Icosahedron","Snake Skull","hubris:OldNail","Eternal Feather"],"acts_visited":["Exordium"],"potions_floor_usage":[14,14],"damage_taken":[{"damage":0,"enemies":"Small Slimes","floor":1,"turns":2},{"damage":0,"enemies":"Jaw Worm","floor":4,"turns":1},{"damage":0,"enemies":"2 Louse","floor":11,"turns":1},{"damage":12,"enemies":"2 Fungi Beasts","floor":13,"turns":4},{"damage":20,"enemies":"Gremlin Nob","floor":14,"turns":4},{"damage":54,"enemies":"Slime Boss","floor":16,"turns":7}],"seed_played":"-9107605253331850707","potions_obtained":[{"floor":1,"key":"BlessingOfTheForge"},{"floor":13,"key":"CunningPotion"}],"is_trial":false,"path_per_floor":["M","?","?","M","?","R","?","R","T","R","M","$","M","E","R","B"],"character_chosen":"THE_SILENT","items_purchased":["Snake Skull","hubris:OldNail","Noxious Fumes","Cloak And Dagger","Deadly Poison"],"campfire_rested":1,"item_purchase_floors":[12,12,12,12,12],"current_hp_per_floor":[63,63,63,63,49,49,49,70,70,70,70,70,58,38,50,0,0],"gold":136,"neow_bonus":"THREE_ENEMY_KILL","is_daily":false,"chose_seed":false,"campfire_upgraded":2,"win_rate":0.0,"timestamp":1612749164,"path_taken":["M","?","?","?","?","R","?","R","T","R","M","$","M","E","R","BOSS"],"items_purchased_type":["Relic","Relic","Card","Card","Card"],"build_version":"2020-12-22","purchased_purges":1,"victory":false,"max_hp_per_floor":[70,70,70,70,70,70,70,70,70,70,70,70,70,70,70,70,70],"card_choices":[{"not_picked":["Flying Knee","PiercingWail"],"picked":"hubris:SlightOfHand","floor":1},{"not_picked":["PiercingWail","Predator"],"picked":"Dagger Throw","floor":4},{"not_picked":["Poisoned Stab","Setup"],"picked":"Slice","floor":11},{"not_picked":["Blur","Dagger Throw","hubris:SlightOfHand"],"picked":"SKIP","floor":13},{"not_picked":["Dodge and Roll","Acrobatics","Night Terror"],"picked":"SKIP","floor":14}],"player_experience":587086,"relics_obtained":[{"floor":14,"key":"Eternal Feather"}],"event_choices":[{"damage_healed":0,"gold_gain":175,"player_choice":"AGREE","damage_taken":0,"max_hp_gain":0,"max_hp_loss":0,"event_name":"Liars Game","floor":3,"gold_loss":0,"cards_obtained":["Doubt"]},{"damage_healed":0,"gold_gain":0,"player_choice":"Entered Light","damage_taken":14,"max_hp_gain":0,"max_hp_loss":0,"event_name":"Shining Light","floor":5,"gold_loss":0,"cards_upgraded":["Neutralize","Strike_G"]},{"damage_healed":0,"gold_gain":275,"player_choice":"Desecrate","damage_taken":0,"max_hp_gain":0,"max_hp_loss":0,"event_name":"Golden Shrine","floor":7,"gold_loss":0,"cards_obtained":["Regret"]}],"is_beta":false,"boss_relics":[],"items_purged_floors":[12],"is_endless":false,"potions_floor_spawned":[1,13],"killed_by":"Slime Boss","ascension_level":13}}