{"host":"z42sc0n2dozsmk72","time":1612756725,"event":{"mods":["AchievementEnabler","BaseMod","Better Third Choice","Colored Map","Curses Come First","Highlight Path","Minty Spire (QoL Compilation)","Permanent Neow","Quick Restart","Relic Stats","Shop Mod","StSLib","egg","slay the spire mod where everything is the same but ironclad has a cowboy hat"],"gold_per_floor":[114,125,125,138,149,149,177,194,194,194,224,45,62,99,99,211,211,239,266,293,320,320,320,355,355,355,355,215,235,277,300,300,409,409,436,91,109,109,109,109],"floor_reached":39,"language":"ENG","playtime":3190,"items_purged":["Strike_B","Strike_B+1","Strike_B+1"],"score":592,"play_id":"61a6a603-6ff0-44b9-82be-b4c99c2dbb8f","local_time":"20210208165845","is_ascension_mode":true,"campfire_choices":[{"data":"Recycle","floor":6,"key":"SMITH"},{"data":"Capacitor","floor":15,"key":"SMITH"},{"data":"Biased Cognition","floor":23,"key":"SMITH"},{"data":"Fusion","floor":25,"key":"SMITH"},{"data":"Capacitor","floor":27,"key":"SMITH"},{"floor":32,"key":"REST"}],"circlet_count":0,"master_deck":["Strike_B+1","Defend_B+1","Defend_B+1","Defend_B+1","Defend_B+1","Zap","Dualcast","Machine Learning","Cold Snap","Recycle+1","Coolheaded","Ball Lightning","Core Surge","Machine Learning","Capacitor+1","Force Field+1","Conserve Battery+1","Coolheaded","Biased Cognition+1","Loop","Conserve Battery","Capacitor+1","Turbo+1","Fusion+1","Conserve Battery","Meteor Strike","Hologram+1","Creative AI","Recycle+1","Storm"],"relics":["Cracked Core","White Beast Statue","Orichalcum","Pear","FossilizedHelix","CeramicFish","Runic Pyramid","War Paint","Bottled Tornado","Gremlin Horn","Nuclear Battery","Runic Capacitor"],"acts_visited":["Exordium","TheCity","TheBeyond"],"potions_floor_usage":[5,8,11,11,16,16,20,21,21,24,30,31,37,39],"damage_taken":[{"damage":1,"enemies":"Cultist","floor":1,"turns":4},{"damage":0,"enemies":"Jaw Worm","floor":2,"turns":3},{"damage":1,"enemies":"2 Louse","floor":4,"turns":2},{"damage":3,"enemies":"Gremlin Gang","floor":5,"turns":5},{"damage":21,"enemies":"Lagavulin","floor":7,"turns":6},{"damage":3,"enemies":"Exordium Thugs","floor":8,"turns":3},{"damage":6,"enemies":"3 Sentries","floor":11,"turns":8},{"damage":3,"enemies":"Looter","floor":13,"turns":3},{"damage":2,"enemies":"Lagavulin","floor":14,"turns":7},{"damage":9,"enemies":"Slime Boss","floor":16,"turns":11},{"damage":0,"enemies":"Chosen","floor":18,"turns":6},{"damage":0,"enemies":"Spheric Guardian","floor":19,"turns":6},{"damage":0,"enemies":"Cultist and Chosen","floor":20,"turns":6},{"damage":11,"enemies":"Shelled Parasite and Fungi","floor":21,"turns":6},{"damage":38,"enemies":"Slavers","floor":24,"turns":5},{"damage":8,"enemies":"Snake Plant","floor":29,"turns":6},{"damage":14,"enemies":"Gremlin Leader","floor":30,"turns":8},{"damage":0,"enemies":"Chosen and Byrds","floor":31,"turns":6},{"damage":0,"enemies":"Champ","floor":33,"turns":12},{"damage":0,"enemies":"3 Shapes","floor":35,"turns":5},{"damage":45,"enemies":"3 Darklings","floor":37,"turns":5},{"damage":61,"enemies":"2 Orb Walkers","floor":39,"turns":5}],"seed_played":"7236476553950328156","potions_obtained":[{"floor":2,"key":"PotionOfCapacity"},{"floor":4,"key":"DistilledChaos"},{"floor":5,"key":"Block Potion"},{"floor":7,"key":"Fire Potion"},{"floor":8,"key":"Regen Potion"},{"floor":11,"key":"AttackPotion"},{"floor":13,"key":"Regen Potion"},{"floor":16,"key":"EssenceOfSteel"},{"floor":18,"key":"ColorlessPotion"},{"floor":19,"key":"EssenceOfSteel"},{"floor":20,"key":"PowerPotion"},{"floor":21,"key":"Explosive Potion"},{"floor":24,"key":"EssenceOfSteel"},{"floor":29,"key":"Weak Potion"},{"floor":30,"key":"EssenceOfDarkness"},{"floor":31,"key":"PotionOfCapacity"},{"floor":35,"key":"PowerPotion"},{"floor":37,"key":"LiquidBronze"}],"is_trial":false,"path_per_floor":["M","M","?","M","M","R","E","M","T","?","E","$","M","E","R","B",null,"M","M","M","M","?","R","E","R","T","R","$","M","E","M","R","B",null,"M","$","M","?","?"],"character_chosen":"DEFECT","items_purchased":["Capacitor","Force Field","Conserve Battery","Runic Capacitor","Storm"],"campfire_rested":1,"item_purchase_floors":[12,12,28,36,36],"current_hp_per_floor":[74,74,62,61,58,58,37,34,44,44,53,53,50,48,48,54,85,85,85,85,74,74,74,36,36,36,36,36,28,14,14,39,39,85,85,85,40,40,0,0],"gold":109,"neow_bonus":"ONE_RANDOM_RARE_CARD","is_daily":false,"chose_seed":false,"campfire_upgraded":5,"win_rate":0.0,"timestamp":1612756725,"path_taken":["M","?","?","M","M","R","E","M","T","?","E","$","M","E","R","BOSS","M","M","?","M","?","R","E","R","T","R","?","M","E","M","R","BOSS","M","$","M","?","?"],"items_purchased_type":["Card","Card","Card","Relic","Card"],"build_version":"2020-12-22","purchased_purges":3,"victory":false,"max_hp_per_floor":[75,75,75,75,75,75,75,75,85,85,85,85,85,85,85,85,85,85,85,85,85,85,85,85,85,85,85,85,85,85,85,85,85,85,85,85,85,85,85,85],"relic_stats":{"Gremlin Horn":[6,6],"counters":[22,127],"CeramicFish":117,"Orichalcum":[126],"War Paint":["Force Field","Conserve Battery"],"obtain_stats":[{"Pear":9,"Gremlin Horn":30,"CeramicFish":14,"Runic Capacitor":36,"Orichalcum":7,"War Paint":24,"Bottled Tornado":26,"Cracked Core":0,"White Beast Statue":3,"FossilizedHelix":11,"Runic Pyramid":17,"Nuclear Battery":34},{"Pear":6,"Gremlin Horn":17,"CeramicFish":9,"Runic Capacitor":20,"Orichalcum":5,"War Paint":15,"Bottled Tornado":15,"Cracked Core":0,"White Beast Statue":2,"FossilizedHelix":7,"Runic Pyramid":10,"Nuclear Battery":19},{"Pear":23,"Gremlin Horn":94,"CeramicFish":41,"Runic Capacitor":117,"Orichalcum":20,"War Paint":80,"Bottled Tornado":80,"Cracked Core":0,"White Beast Statue":7,"FossilizedHelix":31,"Runic Pyramid":52,"Nuclear Battery":112}]},"card_choices":[{"not_picked":["Gash","Undo"],"picked":"Cold Snap","floor":1},{"not_picked":["Conserve Battery","Ball Lightning"],"picked":"Recycle","floor":2},{"not_picked":["Turbo","Sweeping Beam"],"picked":"Coolheaded","floor":4},{"not_picked":["Sweeping Beam","Barrage"],"picked":"Ball Lightning","floor":5},{"not_picked":["Lockon","Tempest"],"picked":"Core Surge","floor":7},{"not_picked":["Consume","Redo","Steam"],"picked":"SKIP","floor":8},{"not_picked":["Static Discharge","Leap"],"picked":"Machine Learning","floor":11},{"not_picked":["Redo","Aggregate"],"picked":"Conserve Battery","floor":13},{"not_picked":["Sweeping Beam","Hologram"],"picked":"Coolheaded","floor":14},{"not_picked":["Machine Learning","Amplify"],"picked":"Biased Cognition","floor":16},{"not_picked":["Sweeping Beam","Rebound+1"],"picked":"Loop","floor":18},{"not_picked":["Stack","Steam Power"],"picked":"Conserve Battery","floor":19},{"not_picked":["Gash","Steam"],"picked":"Capacitor","floor":20},{"not_picked":["Go for the Eyes","Cold Snap"],"picked":"Turbo+1","floor":21},{"not_picked":["Blizzard","Leap+1"],"picked":"Fusion","floor":24},{"not_picked":["Leap","Genetic Algorithm","Doom and Gloom"],"picked":"SKIP","floor":29},{"not_picked":["Turbo+1","Sweeping Beam"],"picked":"Meteor Strike","floor":30},{"not_picked":["Rebound","Ball Lightning"],"picked":"Hologram+1","floor":31},{"not_picked":["Echo Form","Rainbow"],"picked":"Creative AI","floor":33},{"not_picked":["Cold Snap","Hologram"],"picked":"Recycle+1","floor":35},{"not_picked":["Darkness+1","Leap+1","Redo"],"picked":"SKIP","floor":37}],"player_experience":915622,"relics_obtained":[{"floor":7,"key":"Orichalcum"},{"floor":9,"key":"Pear"},{"floor":11,"key":"FossilizedHelix"},{"floor":14,"key":"CeramicFish"},{"floor":24,"key":"War Paint"},{"floor":26,"key":"Bottled Tornado"},{"floor":30,"key":"Gremlin Horn"}],"event_choices":[{"damage_healed":0,"gold_gain":0,"player_choice":"Relic ","damage_taken":12,"max_hp_gain":0,"max_hp_loss":0,"event_name":"betterThird:BetterScrap","floor":3,"gold_loss":0,"cards_obtained":["Bullet Time"]},{"damage_healed":0,"gold_gain":0,"player_choice":"Bought 0 Potions","damage_taken":0,"max_hp_gain":0,"max_hp_loss":0,"event_name":"The Woman in Blue","floor":10,"gold_loss":0},{"damage_healed":0,"gold_gain":0,"player_choice":"Simplicity","damage_taken":0,"max_hp_gain":0,"max_hp_loss":7,"event_name":"betterThird:BetterWriting","floor":22,"gold_loss":0},{"damage_healed":0,"gold_gain":0,"player_choice":"Ignored","damage_taken":0,"max_hp_gain":0,"max_hp_loss":0,"event_name":"The Moai Head","floor":38,"gold_loss":0},{"damage_healed":0,"gold_gain":0,"player_choice":"Fight","damage_taken":0,"max_hp_gain":0,"max_hp_loss":0,"event_name":"Mysterious Sphere","floor":39,"gold_loss":0}],"is_beta":false,"boss_relics":[{"not_picked":["Snecko Eye","Inserter"],"picked":"Runic Pyramid"},{"not_picked":["Runic Dome","Fusion Hammer"],"picked":"Nuclear Battery"}],"items_purged_floors":[12,28,36],"is_endless":false,"potions_floor_spawned":[2,4,5,7,8,11,13,14,16,18,19,20,21,24,29,30,31,33,35,37],"killed_by":"2 Orb Walkers","ascension_level":4}}