{"host":"jr8kutoxe0dof5ui","time":1612791872,"event":{"mods":["AchievementEnabler","Aspiration","BaseMod","DeckTracker","Defuse TimeMaze Blight","Halation","Hubris","Infinite Spire","MarisaÅiñ∂âJÅ@ñÇóùçπÅj","Minty Spire (QoL Compilation)","Prisma Mod","Replay The Spire","Reworked Bosses","StSLib","SuperFastMode","The Construct","The Cursed","The Disciple","The Servant 0.9.4"],"gold_per_floor":[111,28,66,66,104,162,207,261,261,299,418,418,438,479,479,600,600,640,678,225,225,237,268,284,312,312,342,282,300,300,318,318,419,419,465,506,554,744,243,293,293,293,293,322,368,368,368,235,235,353,353,373,473,503,544,569,569,616,616,642,694,694,707,775,775,775],"floor_reached":65,"language":"ENG","playtime":5256,"items_purged":["PrismaMod:MiyuEvokeBuffStr","PrismaMod:MiyuChannelDefendEvoke"],"score":929,"play_id":"cff5ef5a-50ae-463d-bfa8-0fb3a1d0b420","local_time":"20210208224432","is_ascension_mode":false,"campfire_choices":[{"data":"PrismaMod:MiyuCheapChannelAttack","floor":12.0,"key":"SMITH"},{"floor":15.0,"key":"REST"},{"data":"PrismaMod:MiyuEvokeAll","floor":30,"key":"SMITH"},{"floor":32,"key":"REST"},{"floor":47,"key":"REST"},{"floor":49,"key":"REST"},{"data":"PrismaMod:MiyuDefendChannelDefend","floor":57,"key":"SMITH"},{"data":"PrismaMod:MiyuCheapDefend2","floor":59,"key":"SMITH"}],"circlet_count":0,"master_deck":["PrismaMod:MiyuCommonDefend","PrismaMod:MiyuCommonDefend+1","PrismaMod:MiyuCommonDefend","PrismaMod:MiyuCommonDefend","PrismaMod:MiyuCommonDefend","PrismaMod:MiyuCommonAttack+1","PrismaMod:MiyuCommonAttack","PrismaMod:MiyuCommonAttack","PrismaMod:MiyuCheapChannelAttack+1","Replay:Bootleg Shield Generator","PrismaMod:MiyuCheapDefend1","PrismaMod:MiyuCarnivalAttack","PrismaMod:MiyuCheapEvoke","PrismaMod:MiyuUncommonPlate","PrismaMod:MiyuUncommonDefend","PrismaMod:MiyuEvokeAll+1","PrismaMod:MiyuCheapChannelWeak","PrismaMod:MiyuUncommonDefend","PrismaMod:MiyuCheapAttack2","PrismaMod:MiyuUncommonAttack+1","PrismaMod:MiyuCheapDexBuff","Flash of Steel","PrismaMod:MiyuCarnivalDefend","PrismaMod:MiyuCheapDefend2+1","PrismaMod:MiyuCommonAOEAttack","PrismaMod:MiyuUberAOEAttack","PrismaMod:MiyuCarnivalAttack+1","PrismaMod:MiyuUncommonAttack+1","AbeCurse","PrismaMod:MiyuDefendChannelDefend+1","PrismaMod:MiyuEvokeCheapAttack+1","PrismaMod:MiyuCheapStrBuff+1","PrismaMod:MiyuUncommonPlate+1","ReplayTheSpireMod:Black Plague","PrismaMod:MiyuUncommonDexBuff","PrismaMod:MiyuCheapChannelDefend+1","PrismaMod:MiyuCheapDefend2+1","PrismaMod:MiyuUncommonDexBuff","PrismaMod:MiyuUncommonDexBuff","PrismaMod:MiyuBride","PrismaMod:MiyuUncommonStrBuff","PrismaMod:MiyuCheapDefend2"],"relics":["PrismaMod:PrismaSapphire","hubris:Icosahedron","halation:KoshaPiece","Odd Mushroom","InkBottle","infinitespire:Cupcake","halation:Toothbrush","aspiration:Lifesprig","Replay:Ringing Soul","Gremlin Food","infinitespire:EvilPickle","hubris:Backtick","hubris:SoftwareUpdate","halation:LettersToHer","hubris:Towel","infinitespire:CheckeredPen","Mirror","halation:StarCompass","Replay:Drink Me","Omamori","The Courier","Ring of Searing","Ring of Fangs","Bottled Tornado"],"acts_visited":["Exordium","TheCity","TheBeyond","Exordium"],"potions_floor_usage":[23,23,27,50],"damage_taken":[{"damage":0.0,"enemies":"Cultist","floor":1.0,"turns":5.0},{"damage":3.0,"enemies":"Small Slimes","floor":3.0,"turns":4.0},{"damage":0.0,"enemies":"2 Louse","floor":5.0,"turns":3.0},{"damage":3.0,"enemies":"3 Sentries","floor":6.0,"turns":13.0},{"damage":1.0,"enemies":"Large Slime","floor":7.0,"turns":6.0},{"damage":17.0,"enemies":"The Mushroom Lair","floor":8.0,"turns":9.0},{"damage":5.0,"enemies":"Exordium Wildlife","floor":10.0,"turns":10.0},{"damage":38.0,"enemies":"Gremlin Gang","floor":11.0,"turns":6.0},{"damage":5.0,"enemies":"3 Louse","floor":13.0,"turns":7.0},{"damage":0.0,"enemies":"Red Slaver","floor":14.0,"turns":7.0},{"damage":10.0,"enemies":"The Guardian","floor":16.0,"turns":17.0},{"damage":5.0,"enemies":"3 Byrds","floor":18.0,"turns":5.0},{"damage":0.0,"enemies":"Shell Parasite","floor":19.0,"turns":8.0},{"damage":0.0,"enemies":"Snake Plant","floor":22.0,"turns":7.0},{"damage":24,"enemies":"Gremlin Leader","floor":23,"turns":12},{"damage":9,"enemies":"Centurion and Healer","floor":24,"turns":10},{"damage":0,"enemies":"Nightmare","floor":25,"turns":13},{"damage":0,"enemies":"Book of Stabbing","floor":27,"turns":5},{"damage":2,"enemies":"3 Cultists","floor":29,"turns":6},{"damage":3,"enemies":"Snake Plant","floor":31,"turns":7},{"damage":8,"enemies":"Pondfish","floor":33,"turns":16},{"damage":23,"enemies":"3 Shapes","floor":35,"turns":5},{"damage":3,"enemies":"Orb Walker","floor":36,"turns":5},{"damage":16,"enemies":"Transient","floor":37,"turns":5},{"damage":0,"enemies":"Giant Head","floor":40,"turns":12},{"damage":0,"enemies":"Spire Growth","floor":44,"turns":4},{"damage":22,"enemies":"Reptomancer","floor":45,"turns":7},{"damage":19,"enemies":"bossMod:newShapes","floor":50,"turns":10},{"damage":0,"enemies":"Jaw Worm","floor":52,"turns":2},{"damage":0,"enemies":"2 Louse","floor":54,"turns":2},{"damage":0,"enemies":"Small Slimes","floor":55,"turns":1},{"damage":0,"enemies":"Exordium Wildlife","floor":56,"turns":4},{"damage":0,"enemies":"Lagavulin","floor":58,"turns":3},{"damage":0,"enemies":"Gremlin Nob","floor":61,"turns":3},{"damage":30,"enemies":"Nightmare","floor":63,"turns":9}],"seed_played":"5741558497181571483","potions_obtained":[{"floor":6.0,"key":"Swift Potion"},{"floor":7.0,"key":"Adrenaline Potion"},{"floor":11.0,"key":"Doom Potion"},{"floor":14.0,"key":"Explosive Potion"},{"floor":16.0,"key":"FearPotion"},{"floor":18.0,"key":"Energy Potion"},{"floor":21.0,"key":"DuplicationPotion"},{"floor":23,"key":"Strength Potion"},{"floor":27,"key":"Ancient Potion"},{"floor":29,"key":"FairyPotion"},{"floor":50,"key":"AttackPotion"},{"floor":63,"key":"Doom Potion"}],"is_trial":false,"path_per_floor":["M","$","M","?","M","E","M","?","T","M","M","R","M","M","R","B",null,"M","M","$","?","M","E","M","NM","T","E","?","M","R","M","R","B",null,"M","M","M","?","?","E","?","?","T","M","E","?","R","$","R","B",null,"M","?","M","M","M","R","E","R","T","E","?","NM","?","$"],"character_chosen":"MIYU","items_purchased":["Replay:Bootleg Shield Generator","PrismaMod:MiyuUncommonAttack+1","PrismaMod:MiyuCheapDexBuff","Flash of Steel","PrismaMod:MiyuCarnivalDefend","PrismaMod:MiyuUncommonDexBuff"],"campfire_rested":4,"item_purchase_floors":[2,20,20,20,20,48],"current_hp_per_floor":[82,82,79,79,79,79,78,61,61,56,18,18,13,13,37,27,82,77,77,77,77,77,53,44,44,44,44,44,45,45,42,67,62,88,68,68,55,31,34,37,37,37,37,40,21,21,52,58,91,75,94,94,94,94,97,97,97,97,97,97,100,100,70,70,70,70],"gold":775,"neow_bonus":"TEN_PERCENT_HP_BONUS","is_daily":false,"chose_seed":false,"campfire_upgraded":4,"win_rate":0.0,"timestamp":1612791872,"path_taken":["M","?","M","?","M","E","M","?","T","?","?","R","M","M","R","BOSS","M","M","$","?","M","E","?","NM","T","E","?","M","R","M","R","BOSS","M","M","M","?","?","E","?","?","T","?","E","?","R","?","R","BOSS","M","?","?","M","M","R","E","R","T","E","?","NM","?","$"],"items_purchased_type":["Card","Card","Card","Card","Card","Card"],"build_version":"2020-12-22","purchased_purges":2,"victory":false,"max_hp_per_floor":[82,82,82,82,82,82,82,82,82,82,82,82,82,82,82,82,82,82,82,82,82,82,82,82,82,82,82,82,85,85,85,85,88,88,91,94,97,97,100,103,103,98,98,101,104,104,104,110,110,113,94,94,94,94,97,97,97,97,97,97,100,100,100,100,100,100],"card_choices":[{"not_picked":["PrismaMod:MiyuUncommonDefend","PrismaMod:MiyuUncommonAttack"],"picked":"PrismaMod:MiyuEvokeBuffStr","floor":1.0},{"not_picked":["PrismaMod:MiyuDefenseExplosion","PrismaMod:MiyuEvokeBuffDex"],"picked":"PrismaMod:MiyuCheapDefend1","floor":3.0},{"not_picked":["PrismaMod:MiyuCheapChannelVul","PrismaMod:MiyuAttackChannelAttack"],"picked":"PrismaMod:MiyuCarnivalAttack","floor":5.0},{"not_picked":["PrismaMod:MiyuAttackChannelVul","PrismaMod:MiyuCheapPlate"],"picked":"PrismaMod:MiyuCheapEvoke","floor":6.0},{"not_picked":["PrismaMod:MiyuUberAOEAttack","PrismaMod:MiyuEvokeCheapAttack"],"picked":"PrismaMod:MiyuUncommonPlate","floor":7.0},{"not_picked":["PrismaMod:MiyuCommonAOEAttack","PrismaMod:MiyuCarnivalAttack"],"picked":"PrismaMod:MiyuUncommonDefend","floor":8.0},{"not_picked":["PrismaMod:MiyuEvokeCheapAttack","PrismaMod:MiyuDefenseExplosion"],"picked":"PrismaMod:MiyuEvokeAll","floor":10.0},{"not_picked":["PrismaMod:MiyuCheapChannelHeal","PrismaMod:MiyuBride"],"picked":"PrismaMod:MiyuCheapChannelWeak","floor":11.0},{"not_picked":["PrismaMod:MiyuEvokeBuffDex","PrismaMod:MiyuAttackChannelVul"],"picked":"PrismaMod:MiyuUncommonDefend","floor":13.0},{"not_picked":["PrismaMod:MiyuCheapChannelRandom","PrismaMod:MiyuAttackChannelWeak","PrismaMod:MiyuAttackChannelAttack"],"picked":"SKIP","floor":14.0},{"not_picked":["PrismaMod:MiyuEvokeAllDefend","PrismaMod:MiyuDefenseAbsorbMinor"],"picked":"PrismaMod:MiyuChannelDefendEvoke","floor":16.0},{"not_picked":["PrismaMod:MiyuCommonAOEAttack","PrismaMod:MiyuEvokeBuffStr"],"picked":"PrismaMod:MiyuCheapAttack2","floor":18.0},{"not_picked":["PrismaMod:MiyuDefenseExplosion","PrismaMod:MiyuCheapChannelWeak","PrismaMod:MiyuEvokeBuffStr+1"],"picked":"SKIP","floor":19.0},{"not_picked":["PrismaMod:MiyuEvokeCheapAttack","PrismaMod:MiyuAttackChannelAttack+1"],"picked":"PrismaMod:MiyuCheapDefend2","floor":22.0},{"not_picked":["PrismaMod:MiyuCheapStrBuff","PrismaMod:MiyuUncommonDexBuff"],"picked":"PrismaMod:MiyuCommonAOEAttack","floor":23},{"not_picked":["PrismaMod:MiyuCheapDefend1","PrismaMod:MiyuCheapChannelAttack"],"picked":"PrismaMod:MiyuUberAOEAttack","floor":24},{"not_picked":["PrismaMod:MiyuBride","PrismaMod:MiyuDevil"],"picked":"PrismaMod:MiyuCarnivalAttack+1","floor":25},{"not_picked":["PrismaMod:MiyuDefenseExplosion","PrismaMod:MiyuEvokeBuffStr+1","PrismaMod:MiyuCheapChannelAttack"],"picked":"SKIP","floor":27},{"not_picked":["PrismaMod:MiyuEvokeAll+1","PrismaMod:MiyuCheapChannelHeal"],"picked":"PrismaMod:MiyuUncommonAttack+1","floor":29},{"not_picked":["PrismaMod:MiyuCheapEvoke","PrismaMod:MiyuAttackChannelAttack","PrismaMod:MiyuEvokeBuffStr+1"],"picked":"SKIP","floor":31},{"not_picked":["PrismaMod:MiyuChannelDefendEvoke","PrismaMod:MiyuEvokeAllDefend"],"picked":"PrismaMod:MiyuDefendChannelDefend","floor":33},{"not_picked":["PrismaMod:MiyuCheapChannelRandom+1","PrismaMod:MiyuCheapChannelHeal+1"],"picked":"PrismaMod:MiyuEvokeCheapAttack+1","floor":35},{"not_picked":["PrismaMod:MiyuEvokeBuffDex","PrismaMod:MiyuEvokeBuffStr+1"],"picked":"PrismaMod:MiyuCheapStrBuff+1","floor":36},{"not_picked":["PrismaMod:MiyuEvokeAll+1","PrismaMod:MiyuUncommonAttack"],"picked":"PrismaMod:MiyuUncommonPlate+1","floor":37},{"not_picked":["infinitespire:Starlight","infinitespire:Collect"],"picked":"ReplayTheSpireMod:Black Plague","floor":39},{"not_picked":["PrismaMod:MiyuUncommonStrBuff","PrismaMod:MiyuUncommonAttack+1"],"picked":"PrismaMod:MiyuUncommonDexBuff","floor":40},{"not_picked":["PrismaMod:MiyuUncommonAttack+1","PrismaMod:MiyuEvokeBuffStr"],"picked":"PrismaMod:MiyuCheapChannelDefend+1","floor":44},{"not_picked":["PrismaMod:MiyuDefenseRemoval","PrismaMod:MiyuAttackChannelWeak"],"picked":"PrismaMod:MiyuCheapDefend2","floor":45},{"not_picked":["PrismaMod:MiyuEvokeAllDefend","PrismaMod:MiyuCarnivalDefend"],"picked":"PrismaMod:MiyuBride","floor":50},{"not_picked":["PrismaMod:MiyuCheapChannelVul","PrismaMod:MiyuDefenseExplosion","PrismaMod:MiyuCheapChannelDefend"],"picked":"SKIP","floor":52},{"not_picked":["PrismaMod:MiyuCheapAttack1","PrismaMod:MiyuEvokeCheapAttack","PrismaMod:MiyuEvokeCheapDefend"],"picked":"SKIP","floor":54},{"not_picked":["PrismaMod:MiyuMaid","PrismaMod:MiyuCheapStrBuff"],"picked":"PrismaMod:MiyuUncommonStrBuff","floor":55},{"not_picked":["PrismaMod:MiyuUncommonPlate","PrismaMod:MiyuUberAOEAttack","PrismaMod:MiyuDefenseRemoval"],"picked":"SKIP","floor":56},{"not_picked":["PrismaMod:MiyuCheapDexBuff","PrismaMod:MiyuUncommonPlate","PrismaMod:MiyuAttackChannelVul"],"picked":"SKIP","floor":58},{"not_picked":["PrismaMod:MiyuChristmas","PrismaMod:MiyuUberAttack"],"picked":"PrismaMod:MiyuCheapDefend2","floor":61},{"not_picked":["PrismaMod:MiyuEvokeCheapAttack","PrismaMod:MiyuDevil","PrismaMod:MiyuUncommonDefend"],"picked":"SKIP","floor":63}],"player_experience":318710,"relics_obtained":[{"floor":6.0,"key":"halation:KoshaPiece"},{"floor":8.0,"key":"Odd Mushroom"},{"floor":9.0,"key":"InkBottle"},{"floor":23,"key":"halation:Toothbrush"},{"floor":25,"key":"aspiration:Lifesprig"},{"floor":26,"key":"Replay:Ringing Soul"},{"floor":27,"key":"Gremlin Food"},{"floor":40,"key":"halation:LettersToHer"},{"floor":43,"key":"halation:LettersToHer"},{"floor":43,"key":"infinitespire:CheckeredPen"},{"floor":45,"key":"Mirror"},{"floor":58,"key":"Omamori"},{"floor":60,"key":"halation:LettersToHer"},{"floor":61,"key":"The Courier"},{"floor":62,"key":"Ring of Searing"},{"floor":62,"key":"Ring of Fangs"},{"floor":63,"key":"Bottled Tornado"}],"event_choices":[{"damage_healed":0.0,"max_hp_gain":0.0,"max_hp_loss":0.0,"gold_gain":0.0,"event_name":"Mushrooms","player_choice":"Fought Mushrooms","floor":8.0,"gold_loss":0.0,"damage_taken":0.0},{"damage_healed":0.0,"max_hp_gain":0.0,"max_hp_loss":0.0,"gold_gain":0.0,"event_name":"Lab","player_choice":"Got Potions","floor":21.0,"gold_loss":0.0,"damage_taken":0.0},{"damage_healed":0,"gold_gain":0,"player_choice":"Max HP","damage_taken":0,"max_hp_gain":0,"max_hp_loss":5,"event_name":"Winding Halls","floor":42,"gold_loss":0},{"damage_healed":0,"gold_gain":100,"player_choice":"Pray","damage_taken":0,"max_hp_gain":0,"max_hp_loss":0,"event_name":"Golden Shrine","floor":53,"gold_loss":0},{"damage_healed":0,"gold_gain":68,"player_choice":"Gained Gold","damage_taken":0,"max_hp_gain":0,"max_hp_loss":0,"event_name":"Golden Wing","floor":64,"gold_loss":0}],"is_beta":false,"boss_relics":[{"not_picked":["aspiration:FutureDiary","Busted Crown"],"picked":"infinitespire:Cupcake"},{"not_picked":["hubris:VirtuousBlindfold","aspiration:SilentSkillbook"],"picked":"hubris:Backtick"},{"not_picked":["Sozu","aspiration:ServantSkillbook"],"picked":"Replay:Drink Me"}],"items_purged_floors":[20,48],"is_endless":true,"potions_floor_spawned":[6,7,11,14,16,18,23,27,29,31,35,50,54,58,63],"ascension_level":0}}