{"host":"8anmd7ibyxevnonj","time":1612797410,"event":{"mods":["BaseMod","Curses Come First","Downfall","Minty Spire (QoL Compilation)","StSLib"],"gold_per_floor":[99,117,117,127,127,127,127,127,162,162,187,203,215,235,245,245,245,245],"floor_reached":16,"language":"ENG","playtime":741,"items_purged":[],"score":102,"play_id":"678aaf63-d89f-4a9e-a34c-2aa02d9ddc4a","local_time":"20210208161650","is_ascension_mode":false,"campfire_choices":[{"data":"Guardian:FastForward","floor":1,"key":"SMITH"},{"data":"Guardian:RollAttack","floor":6,"key":"SMITH"},{"data":"Guardian:TwinSlam","floor":8,"key":"SMITH"},{"data":"Guardian:PrimingBeam","floor":10,"key":"SMITH"}],"circlet_count":0,"master_deck":["Guardian:Strike_Guardian","Guardian:Strike_Guardian","Guardian:Strike_Guardian","Guardian:Strike_Guardian","Guardian:Defend_Guardian","Guardian:Defend_Guardian","Guardian:Defend_Guardian","Guardian:Defend_Guardian","Guardian:CurlUp","Guardian:TwinSlam+1","Guardian:FastForward+1","Guardian:RollAttack+1","Guardian:PrimingBeam+1","Guardian:TimeCapacitor","Guardian:SpikerProtocol","Guardian:ShieldCharger+1","Guardian:Gem_Lightblue","Guardian:Gem_Crimson","Guardian:DecasProtection+1"],"relics":["Guardian:ModeShifter","Guardian:PickAxe","HornCleat","Ornamental Fan","Toxic Egg 2","Odd Mushroom"],"acts_visited":["Exordium"],"potions_floor_usage":[16],"damage_taken":[{"damage":5,"enemies":"Jaw Worm","floor":2,"turns":4},{"damage":0,"enemies":"Jaw Worm","floor":3,"turns":6},{"damage":0,"enemies":"2 Louse","floor":4,"turns":2},{"damage":3,"enemies":"Gremlin Nob","floor":9,"turns":4},{"damage":7,"enemies":"The Mushroom Lair","floor":11,"turns":2},{"damage":0,"enemies":"Cultist","floor":12,"turns":2},{"damage":10,"enemies":"Lots of Slimes","floor":13,"turns":4},{"damage":4,"enemies":"Blue Slaver","floor":14,"turns":4},{"damage":14,"enemies":"3 Louse","floor":15,"turns":3},{"damage":53,"enemies":"WA_ARCHETYPE_RETAIN","floor":16,"turns":10}],"seed_played":"-5049416767975076441","potions_obtained":[{"floor":12,"key":"Fire Potion"},{"floor":13,"key":"AttackPotion"},{"floor":14,"key":"Fire Potion"}],"is_trial":false,"path_per_floor":["R","M","?","M","T","R","T","R","E","R","?","M","M","M","M","B"],"character_chosen":"GUARDIAN","items_purchased":[],"campfire_rested":0,"item_purchase_floors":[],"current_hp_per_floor":[80,75,75,75,75,75,75,75,72,72,65,65,55,51,37,0,0,0],"gold":245,"neow_bonus":"ONE_RANDOM_RARE_CARD","is_daily":false,"chose_seed":false,"campfire_upgraded":4,"win_rate":0.0,"timestamp":1612797410,"path_taken":["R","M","?","M","?","R","T","R","E","R","?","M","?","?","M","BOSS"],"items_purchased_type":[],"build_version":"2020-12-13","purchased_purges":0,"victory":false,"max_hp_per_floor":[80,80,80,80,80,80,80,80,80,80,80,80,80,80,80,80,80,80],"card_choices":[{"not_picked":["Guardian:Reroute","Guardian:PrimingBeam"],"picked":"Guardian:RollAttack","floor":2},{"not_picked":["Guardian:Gem_Cyan","Guardian:Gem_White"],"picked":"Guardian:PrimingBeam","floor":4},{"not_picked":["Guardian:GuardianWhirl","Guardian:CrystalBeam"],"picked":"Guardian:TimeCapacitor","floor":9},{"not_picked":["Guardian:RollAttack","Guardian:PrismaticBarrier+1"],"picked":"Guardian:SpikerProtocol","floor":11},{"not_picked":["Guardian:Gem_Red","Guardian:Incinerate"],"picked":"Guardian:ShieldCharger+1","floor":12},{"not_picked":["Guardian:RollAttack","Guardian:Incinerate"],"picked":"Guardian:Gem_Lightblue","floor":13},{"not_picked":["Guardian:TemporalStrike","Guardian:PrimingBeam"],"picked":"Guardian:Gem_Crimson","floor":14},{"not_picked":["Guardian:BodySlam","Guardian:ShieldSpikes+1"],"picked":"Guardian:DecasProtection+1","floor":15}],"player_experience":93603,"relics_obtained":[{"floor":5,"key":"HornCleat"},{"floor":7,"key":"Ornamental Fan"},{"floor":9,"key":"Toxic Egg 2"},{"floor":11,"key":"Odd Mushroom"}],"event_choices":[{"damage_healed":0,"gold_gain":0,"player_choice":"Fought Mushrooms","damage_taken":0,"max_hp_gain":0,"max_hp_loss":0,"event_name":"Mushrooms","floor":11,"gold_loss":0}],"is_beta":false,"boss_relics":[],"items_purged_floors":[],"is_endless":false,"potions_floor_spawned":[3,12,13,14],"killed_by":"WA_ARCHETYPE_RETAIN","ascension_level":0}}