{"host":"yans4pr1zf0lm9bx","time":1612800394,"event":{"mods":["AchievementEnabler","Act Like it!","BaseMod","Hallownest","Minty Spire (QoL Compilation)","Replay The Spire","StSLib","SuperFastMode","The Bug Knight"],"gold_per_floor":[114,114,114,124,148,179,179,192,192,210,245,245,256,256,256,357,357,369,386,441,487,487,487,515,515,540,566,586,606,606,606,639,659,659,761,761,781,792,792,792,792],"floor_reached":40,"language":"ENG","playtime":3127,"items_purged":[],"score":580,"play_id":"0ef59de7-5a8f-4b71-8410-a5bf983bbf90","local_time":"20210208110634","is_ascension_mode":true,"campfire_choices":[{"data":"HollowMod:SiblingsSouls","floor":12,"key":"SMITH"},{"floor":15,"key":"DIG"},{"data":"HollowMod:DescendingDark","floor":23,"key":"SMITH"},{"data":"HollowMod:VengefulVoid","floor":25,"key":"SMITH"},{"floor":34,"key":"DIG"}],"circlet_count":0,"master_deck":["HollowMod:NailStrikeStart","HollowMod:QuickDashStart","HollowMod:QuickDashStart","HollowMod:QuickDashStart","HollowMod:QuickDashStart","HollowMod:FocusHealStart+1","HollowMod:PogoStrike","HollowMod:GrimmsGift","HollowMod:SiblingsShadow","HollowMod:DescendingDark+1","HollowMod:CloakDash","HollowMod:NewLittleFool","HollowMod:SiblingsSouls+1","HollowMod:DoubleDash","HollowMod:SoulMaster","HollowMod:SharpenedShadows","HollowMod:ShadowDash","ReplayTheSpireMod:Splinters","HollowMod:MantisMark","HollowMod:SharpenedShadows","HollowMod:VengefulVoid+1","HollowMod:ShadowDash+1","HollowMod:HerrahsAnger","HollowMod:HuntersJournal","HollowMod:ElderbugsWisdom","HollowMod:HuntersJournal"],"relics":["Sozu","Hallownest:DreamNailRelic","Bird Faced Urn","Thread and Needle","Chameleon Ring","Ring of Panic","Ring of Misfortune","Shovel","Replay:Drink Me","Singing Bowl","Mango","MealTicket","Ginger","CaptainsWheel","Strawberry","Philosopher\u0027s Stone","Hallownest:BeastSealRelic"],"acts_visited":["Hallownest:Greenpath","Hallownest:CityofTears","Hallownest:KingdomsEdge"],"potions_floor_usage":[],"damage_taken":[{"damage":0,"enemies":"Hallownest:monsterHuskWarrior","floor":1,"turns":3},{"damage":0,"enemies":"Hallownest:monsterHuskGuard","floor":4,"turns":3},{"damage":46,"enemies":"Hallownest:eliteCrystalGuardian","floor":6,"turns":8},{"damage":0,"enemies":"Hallownest:2_Tiktiks_and_1_Crawlid","floor":8,"turns":2},{"damage":0,"enemies":"Hallownest:monsterMossCharger","floor":10,"turns":3},{"damage":6,"enemies":"Hallownest:eliteVengeflyKing","floor":11,"turns":6},{"damage":1,"enemies":"Hallownest:Wandering_and_Horned","floor":13,"turns":4},{"damage":38,"enemies":"Hallownest:BossFalseKnight","floor":16,"turns":14},{"damage":0,"enemies":"Hallownest:Guard_and_Sentry","floor":18,"turns":9},{"damage":0,"enemies":"Hallownest:3_Youths","floor":19,"turns":8},{"damage":25,"enemies":"Hallownest:Glutton_and_Coward","floor":20,"turns":6},{"damage":0,"enemies":"Hallownest:eliteSoulWarrior","floor":24,"turns":7},{"damage":0,"enemies":"Hallownest:Nosk","floor":27,"turns":9},{"damage":0,"enemies":"Hallownest:3_Mistakes","floor":28,"turns":7},{"damage":0,"enemies":"Hallownest:monsterShrumalOgre","floor":29,"turns":4},{"damage":3,"enemies":"Hallownest:eliteWatcherKnight","floor":32,"turns":11},{"damage":1,"enemies":"Hallownest:2_Husk_Sentries","floor":33,"turns":5},{"damage":0,"enemies":"Hallownest:BossSoulMaster","floor":35,"turns":11},{"damage":19,"enemies":"Hallownest:Shield_Heavy","floor":37,"turns":5},{"damage":0,"enemies":"Hallownest:3_Siblings","floor":38,"turns":14},{"damage":87,"enemies":"Hallownest:2_Primals","floor":40,"turns":2}],"seed_played":"4307940868421832668","potions_obtained":[],"is_trial":false,"path_per_floor":["M","?","?","M","T","E","?","M","T","M","E","R","M","?","R","B",null,"M","M","M","?","?","R","E","R","T","E","M","M","PTL","PTL","E","M","R","B",null,"M","M","?","?"],"character_chosen":"THE_BUGKNIGHT","items_purchased":[],"campfire_rested":0,"item_purchase_floors":[],"current_hp_per_floor":[75,66,66,66,66,20,20,26,26,32,38,38,47,47,47,19,57,57,57,48,48,50,50,73,73,73,75,75,77,77,77,77,77,84,84,84,79,86,86,0,0],"gold":792,"neow_bonus":"BOSS_RELIC","is_daily":false,"chose_seed":false,"campfire_upgraded":3,"win_rate":0.0,"timestamp":1612800394,"path_taken":["M","?","?","?","?","E","?","M","T","?","E","R","M","?","R","BOSS","M","M","M","?","?","R","E","R","T","E","M","M","PTL","PTL","E","?","R","BOSS","M","M","?","?"],"items_purchased_type":[],"build_version":"2020-12-22","purchased_purges":0,"victory":false,"max_hp_per_floor":[75,75,75,75,75,75,75,75,75,75,75,75,75,75,75,75,57,57,57,57,57,59,59,73,73,73,75,75,77,77,77,77,77,84,84,84,84,86,86,86,86],"card_choices":[{"not_picked":["HollowMod:DescendingDark","HollowMod:CloakDash"],"picked":"HollowMod:GrimmsGift","floor":1},{"not_picked":["HollowMod:DoubleDash","HollowMod:DescendingDark"],"picked":"HollowMod:SiblingsShadow","floor":4},{"not_picked":["HollowMod:VengefulVoid","HollowMod:HuntersJournal"],"picked":"HollowMod:DescendingDark","floor":6},{"not_picked":["HollowMod:PerfectDash","HollowMod:CrystalDash"],"picked":"HollowMod:CloakDash","floor":8},{"not_picked":["HollowMod:NewJinnsSoul","HollowMod:InfectionAssault"],"picked":"HollowMod:NewLittleFool","floor":10},{"not_picked":["HollowMod:ZotesMagnificence","HollowMod:DesolateDive"],"picked":"HollowMod:SiblingsSouls","floor":11},{"not_picked":["HollowMod:PerfectDash","HollowMod:SoulSplash"],"picked":"HollowMod:DoubleDash","floor":13},{"not_picked":["HollowMod:LifebloodCore","HollowMod:MidwifesHunger"],"picked":"HollowMod:SoulMaster","floor":16},{"not_picked":["HollowMod:CoiledNail+1","HollowMod:Grubsong"],"picked":"HollowMod:SharpenedShadows","floor":18},{"not_picked":["HollowMod:BaldurShell","HollowMod:PureNailStrike","HollowMod:SoulVessel"],"picked":"SKIP","floor":19},{"not_picked":["HollowMod:CloakDash+1","HollowMod:LifebloodCocoon+1"],"picked":"HollowMod:ShadowDash","floor":20},{"not_picked":["HollowMod:NewJinnsSoul+1","HollowMod:SlysStrikes"],"picked":"HollowMod:MantisMark","floor":21},{"not_picked":["HollowMod:MawleksShell","HollowMod:MothsMistake","HollowMod:TaintedHusks+1"],"picked":"Singing Bowl","floor":22},{"not_picked":["HollowMod:SoulSplash","HollowMod:LifebloodCocoon"],"picked":"HollowMod:SharpenedShadows","floor":22},{"not_picked":["HollowMod:ShadowDash","HollowMod:NewLittleFool"],"picked":"HollowMod:VengefulVoid","floor":24},{"not_picked":["HollowMod:InfectedAttack","HollowMod:ChannelNail","HollowMod:CoiledNail"],"picked":"Singing Bowl","floor":27},{"not_picked":["HollowMod:CrystalDash","HollowMod:InfectedAttack+1"],"picked":"HollowMod:ShadowDash+1","floor":28},{"not_picked":["HollowMod:SoulStrike","HollowMod:SoulShaman","HollowMod:InfectedCysts"],"picked":"Singing Bowl","floor":29},{"not_picked":["HollowMod:DesolateDive+1","HollowMod:MonomonsArchive"],"picked":"HollowMod:HerrahsAnger","floor":32},{"not_picked":["HollowMod:NewGlowingWomb+1","HollowMod:GreatSlash"],"picked":"HollowMod:HuntersJournal","floor":33},{"not_picked":["HollowMod:HornetsHelp","HollowMod:ZotesMagnificence"],"picked":"HollowMod:ElderbugsWisdom","floor":35},{"not_picked":["HollowMod:SoulStrike","HollowMod:DoubleDash+1"],"picked":"HollowMod:HuntersJournal","floor":37},{"not_picked":["HollowMod:InfectionAssault+1","HollowMod:NewJinnsSoul+1","HollowMod:NewLittleFool"],"picked":"Singing Bowl","floor":38}],"player_experience":271557,"relics_obtained":[{"floor":6,"key":"Bird Faced Urn"},{"floor":9,"key":"Thread and Needle"},{"floor":11,"key":"Chameleon Ring"},{"floor":14,"key":"Ring of Panic"},{"floor":14,"key":"Ring of Misfortune"},{"floor":15,"key":"Shovel"},{"floor":21,"key":"Singing Bowl"},{"floor":24,"key":"Mango"},{"floor":26,"key":"MealTicket"},{"floor":27,"key":"Ginger"},{"floor":32,"key":"CaptainsWheel"},{"floor":34,"key":"Strawberry"}],"event_choices":[],"is_beta":false,"boss_relics":[{"not_picked":["Snecko Eye","Calling Bell"],"picked":"Replay:Drink Me"},{"not_picked":["Busted Crown","Replay:Bronze Core"],"picked":"Philosopher\u0027s Stone"}],"items_purged_floors":[],"is_endless":false,"potions_floor_spawned":[1,4,16,18,28,29,32,33,38],"killed_by":"Hallownest:2_Primals","ascension_level":1}}