{"host":"facnppb4175fcpe2","time":1612773268,"event":{"mods":["AchievementEnabler","BaseMod","Colored Map","Colored Powertips","Highlight Path","Minty Spire (QoL Compilation)","Quick Restart","Rare Cards Sparkle","Relic Stats","StSLib","SuperFastMode"],"gold_per_floor":[118,68,68,80,92,122,122,163,163,163,176,194,194,194],"floor_reached":13,"language":"ZHS","playtime":524,"items_purged":[],"score":128,"play_id":"d610c368-a7f4-4035-b712-0ad8088b58da","local_time":"20210208163428","is_ascension_mode":true,"campfire_choices":[{"data":"Deadly Poison","floor":10.0,"key":"SMITH"}],"circlet_count":0,"master_deck":["Strike_G","Strike_G","Strike_G","Defend_G","Defend_G","Defend_G","Defend_G","Defend_G","Survivor","Neutralize","Deadly Poison+1"],"relics":["Ring of the Snake","Juzu Bracelet","Golden Idol","Letter Opener"],"acts_visited":["Exordium"],"potions_floor_usage":[13],"damage_taken":[{"damage":1.0,"enemies":"Jaw Worm","floor":1.0,"turns":6.0},{"damage":0.0,"enemies":"2 Louse","floor":4.0,"turns":4.0},{"damage":0.0,"enemies":"Cultist","floor":5.0,"turns":4.0},{"damage":29.0,"enemies":"Lagavulin","floor":6.0,"turns":8.0},{"damage":16.0,"enemies":"3 Sentries","floor":8.0,"turns":14.0},{"damage":2.0,"enemies":"3 Louse","floor":11.0,"turns":3.0},{"damage":7.0,"enemies":"Large Slime","floor":12.0,"turns":8.0},{"damage":18,"enemies":"Gremlin Nob","floor":13,"turns":3}],"seed_played":"-1655462321211688284","potions_obtained":[{"floor":5.0,"key":"Strength Potion"},{"floor":6.0,"key":"Dexterity Potion"},{"floor":8.0,"key":"DistilledChaos"},{"floor":11.0,"key":"Regen Potion"}],"is_trial":false,"path_per_floor":["M","?","?","M","M","E","?","E","T","R","M","M","E"],"character_chosen":"THE_SILENT","items_purchased":[],"campfire_rested":0,"item_purchase_floors":[],"current_hp_per_floor":[69,69,69,69,69,40,21,5,5,5,3,11,0,0],"gold":194,"neow_bonus":"TEN_PERCENT_HP_BONUS","is_daily":false,"chose_seed":false,"campfire_upgraded":1,"win_rate":0.0,"timestamp":1612773268,"path_taken":["M","?","?","M","M","E","?","E","T","R","M","M","E"],"items_purchased_type":[],"build_version":"2020-12-22","purchased_purges":0,"victory":false,"max_hp_per_floor":[77,77,77,77,77,77,77,77,77,77,77,77,77,77],"relic_stats":{"counters":[8,50],"Golden Idol":15,"Juzu Bracelet":1,"Letter Opener":[32],"obtain_stats":[{"Golden Idol":7,"Juzu Bracelet":6,"Letter Opener":8,"Ring of the Snake":0},{"Golden Idol":4,"Juzu Bracelet":4,"Letter Opener":5,"Ring of the Snake":0},{"Golden Idol":22,"Juzu Bracelet":22,"Letter Opener":36,"Ring of the Snake":0}],"Ring of the Snake":[16]},"card_choices":[{"not_picked":["Dodge and Roll","Heel Hook"],"picked":"Deadly Poison","floor":1.0},{"not_picked":["Reflex","Setup","Slice"],"picked":"SKIP","floor":4.0},{"not_picked":["Sucker Punch","Underhanded Strike","Blur"],"picked":"SKIP","floor":5.0},{"not_picked":["Outmaneuver","Dodge and Roll","Prepared"],"picked":"SKIP","floor":6.0},{"not_picked":["Outmaneuver","Dodge and Roll","Prepared"],"picked":"SKIP","floor":6.0},{"not_picked":["Dagger Throw","Deflect","Endless Agony"],"picked":"SKIP","floor":8.0},{"not_picked":["Infinite Blades","Outmaneuver","Deflect"],"picked":"SKIP","floor":11.0},{"not_picked":["Masterful Stab","Concentrate","Prepared"],"picked":"SKIP","floor":12.0}],"player_experience":137807,"relics_obtained":[{"floor":6.0,"key":"Juzu Bracelet"},{"floor":8.0,"key":"Letter Opener"}],"event_choices":[{"cards_removed":["Strike_G"],"damage_healed":0.0,"max_hp_gain":0.0,"max_hp_loss":0.0,"gold_gain":0.0,"event_name":"The Cleric","player_choice":"Card Removal","floor":2.0,"gold_loss":50.0,"damage_taken":0.0},{"cards_removed":["Strike_G"],"damage_healed":0.0,"max_hp_gain":0.0,"max_hp_loss":0.0,"gold_gain":0.0,"event_name":"Purifier","player_choice":"Purged","floor":3.0,"gold_loss":0.0,"damage_taken":0.0},{"damage_healed":0.0,"max_hp_gain":0.0,"max_hp_loss":0.0,"gold_gain":0.0,"event_name":"Golden Idol","player_choice":"Take Damage","floor":7.0,"gold_loss":0.0,"damage_taken":19.0,"relics_obtained":["Golden Idol"]}],"is_beta":false,"boss_relics":[],"items_purged_floors":[],"is_endless":false,"potions_floor_spawned":[5,6,8,11],"killed_by":"Gremlin Nob","ascension_level":7}}