{"host":"3l94tha3a4jgu0q4","time":1612785852,"event":{"mods":["2.2 Compatiblity","AchievementEnabler","BaseMod","Colored Map","Colored Powertips","Highlight Path","Minty Spire (QoL Compilation)","Permanent Neow","StSLib","SuperFastMode","The IronCluck","slay the spire mod where everything is the same but ironclad has a cowboy hat"],"gold_per_floor":[115,174,174,45,56,82,82,111,111,145,168,193,45,45,45,128,128,149,64,64,45,90,90,90,90],"floor_reached":24,"language":"ENG","playtime":707,"items_purged":["WreathOfFlame","Nirvana"],"score":483,"play_id":"6123bacf-c026-4ed0-a169-1862faa472b6","local_time":"20210208040412","is_ascension_mode":true,"campfire_choices":[{"data":"Eruption","floor":7,"key":"SMITH"},{"floor":15,"key":"REST"},{"data":"Vault","floor":23,"key":"SMITH"}],"circlet_count":0,"master_deck":["AscendersBane","Eruption+1","Vigilance","EmptyBody","LikeWater","EmptyFist","Vengeance","Pray","JustLucky","WheelKick","FlurryOfBlows","Pray","FearNoEvil","Sanctity","Evaluate","Swivel","Consecrate","FlurryOfBlows","Vault+1","Halt","FollowUp","Bite","Bite","Bite","Bite","Bite"],"relics":["Pandora\u0027s Box","Kunai","TeardropLocket","CeramicFish","Vajra","Philosopher\u0027s Stone","White Beast Statue"],"acts_visited":["Exordium","TheCity"],"potions_floor_usage":[6,8,16,16],"damage_taken":[{"damage":2,"enemies":"Jaw Worm","floor":1,"turns":4},{"damage":0,"enemies":"Small Slimes","floor":5,"turns":2},{"damage":30,"enemies":"Gremlin Nob","floor":6,"turns":4},{"damage":11,"enemies":"3 Sentries","floor":8,"turns":6},{"damage":0,"enemies":"Lagavulin","floor":10,"turns":4},{"damage":0,"enemies":"2 Louse","floor":11,"turns":2},{"damage":11,"enemies":"Gremlin Gang","floor":12,"turns":5},{"damage":11,"enemies":"The Guardian","floor":16,"turns":9},{"damage":7,"enemies":"2 Thieves","floor":18,"turns":4},{"damage":44,"enemies":"Shell Parasite","floor":24,"turns":2}],"seed_played":"-7224852245080806849","potions_obtained":[{"floor":1,"key":"AttackPotion"},{"floor":6,"key":"Dexterity Potion"},{"floor":10,"key":"Weak Potion"},{"floor":12,"key":"Dexterity Potion"}],"is_trial":false,"path_per_floor":["M","?","?","$","M","E","R","E","T","E","M","M","$","?","R","B",null,"M","?","?","$","?","R","M"],"character_chosen":"WATCHER","items_purchased":["FlurryOfBlows","FlurryOfBlows","FollowUp"],"campfire_rested":1,"item_purchase_floors":[4,13,21],"current_hp_per_floor":[59,59,64,64,64,34,34,23,23,23,23,12,12,12,33,22,60,53,53,32,32,32,32,0,0],"gold":90,"neow_bonus":"BOSS_RELIC","is_daily":false,"chose_seed":false,"campfire_upgraded":2,"win_rate":0.0,"timestamp":1612785852,"path_taken":["M","?","?","$","M","E","R","E","T","E","M","M","$","?","R","BOSS","M","?","?","$","?","R","?"],"items_purchased_type":["Card","Card","Card"],"build_version":"2020-12-22","purchased_purges":2,"victory":false,"max_hp_per_floor":[68,68,73,73,73,73,73,73,73,73,73,73,73,73,73,73,73,73,73,78,78,54,54,54,54],"card_choices":[{"not_picked":["CutThroughFate","DeceiveReality"],"picked":"WheelKick","floor":1},{"not_picked":["Worship","EmptyBody"],"picked":"Pray","floor":5},{"not_picked":["BattleHymn","Study"],"picked":"FearNoEvil","floor":6},{"not_picked":["ClearTheMind","FearNoEvil"],"picked":"Sanctity","floor":8},{"not_picked":["SashWhip","Worship"],"picked":"Evaluate","floor":10},{"not_picked":["ClearTheMind","ThirdEye"],"picked":"Swivel","floor":11},{"not_picked":["SashWhip","ClearTheMind"],"picked":"Consecrate","floor":12},{"not_picked":["Scrawl","DevaForm"],"picked":"Vault","floor":16},{"not_picked":["PathToVictory","Evaluate"],"picked":"Halt","floor":18}],"player_experience":1961905,"relics_obtained":[{"floor":6,"key":"Kunai"},{"floor":8,"key":"TeardropLocket"},{"floor":9,"key":"CeramicFish"},{"floor":10,"key":"Vajra"}],"event_choices":[{"damage_healed":0,"gold_gain":59,"player_choice":"Gained Gold","damage_taken":0,"max_hp_gain":0,"max_hp_loss":0,"event_name":"Golden Wing","floor":2,"gold_loss":0},{"damage_healed":0,"gold_gain":0,"player_choice":"Donut","damage_taken":0,"max_hp_gain":5,"max_hp_loss":0,"event_name":"Big Fish","floor":3,"gold_loss":0},{"damage_healed":0,"gold_gain":0,"player_choice":"Fled","damage_taken":0,"max_hp_gain":0,"max_hp_loss":0,"event_name":"Scrap Ooze","floor":14,"gold_loss":0},{"damage_healed":0,"gold_gain":0,"player_choice":"Obtained Relic","damage_taken":0,"relics_obtained":["White Beast Statue"],"max_hp_gain":0,"max_hp_loss":0,"event_name":"Addict","floor":19,"gold_loss":85},{"damage_healed":0,"gold_gain":0,"player_choice":"Shed Blood","damage_taken":26,"max_hp_gain":5,"max_hp_loss":0,"event_name":"Forgotten Altar","floor":20,"gold_loss":0},{"damage_healed":0,"gold_gain":0,"player_choice":"Became a vampire","damage_taken":0,"max_hp_gain":0,"max_hp_loss":24,"event_name":"Vampires","floor":22,"gold_loss":0,"cards_obtained":["Bite","Bite","Bite","Bite","Bite"]}],"is_beta":false,"boss_relics":[{"not_picked":["Coffee Dripper","Velvet Choker"],"picked":"Philosopher\u0027s Stone"}],"items_purged_floors":[4,13],"is_endless":false,"potions_floor_spawned":[1,6,10,12],"killed_by":"Shell Parasite","ascension_level":19}}