{"host":"2q4w55ev63ot6isg","time":1612759776,"event":{"mods":["Aspiration","BaseMod","Downfall","Hubris","Marisa????????","Minty Spire (QoL Compilation)","Replay The Spire","StSLib","The Cursed","The Jungle","The Servant 0.9.4"],"gold_per_floor":[195,214,230,11,30,50,76,96,96,108,108,118,118,130,145,246,246,246,266,289,308,308,322,322,232,20,38,51,68,113,113,130,229,229,229,529,451,284,331,343,397,66,85,112,12,39,39,55,65,65],"floor_reached":51,"language":"ENG","playtime":2933,"items_purged":["champ:Strike","champ:Strike","champ:Strike","champ:Defend","champ:Defend"],"score":850,"play_id":"d1d03cf0-bf92-418f-a0ff-830ad26cbdb6","local_time":"20210207204936","is_ascension_mode":false,"campfire_choices":[{"data":"champ:DefensiveShout","floor":9.0,"key":"SMITH"},{"data":"champ:ShieldWall","floor":13.0,"key":"SMITH"},{"data":"champ:HoldFirm","floor":18.0,"key":"SMITH"},{"data":"expansioncontent:StudyTheSpire","floor":47,"key":"SMITH"}],"circlet_count":0,"master_deck":["champ:Defend","champ:Defend","champ:Execute","champ:Taunt","champ:ShieldWall+1","champ:EnGarde","champ:Circumvent","champ:ShieldSigil","champ:EnGarde","champ:DefensiveShout+1","champ:StanceDance+1","champ:FocusedDefense","champ:FalseCounter","champ:SetATrap","champ:HoldFirm+1","champ:Circumvent+1","champ:Circumvent","champ:Endure+1","champ:FlashCut+1","champ:FalseCounter+1","champ:DefensiveShout","champ:IgnorePain","champ:Backstep","champ:ShieldSigil","expansioncontent:QuickStudy","champ:StanceDance","champ:Circumvent+1","champ:ShieldThrow","expansioncontent:StudyTheSpire+1","champ:BringItOn+1"],"relics":["champ:ChampionCrownUpgraded","Tiny Chest","hubris:ToyBattleship","Thread and Needle","Happy Flower","Iron Hammer","Membership Card","War Paint","Art of War","hubris:TerracottaHorce","aspiration:Nostalgia","m_BurningSludge","aspiration:ChemicalBlood","hubris:TenFootPole","Replay:Rubber Ducky","TheAbacus","Anchor","champ:DefensiveTrainingManual"],"acts_visited":["Exordium","TheCity","TheBeyond"],"potions_floor_usage":[45,48,49,49,50,50,50],"damage_taken":[{"damage":11.0,"enemies":"Cultist","floor":2.0,"turns":4.0},{"damage":15.0,"enemies":"Jaw Worm","floor":3.0,"turns":5.0},{"damage":23.0,"enemies":"downfall:FleeingMerchant","floor":4.0,"turns":4.0},{"damage":15.0,"enemies":"Small Slimes","floor":5.0,"turns":6.0},{"damage":38.0,"enemies":"Exordium Wildlife","floor":6.0,"turns":8.0},{"damage":15.0,"enemies":"Blue Slaver","floor":8.0,"turns":6.0},{"damage":22.0,"enemies":"Exordium Thugs","floor":10.0,"turns":5.0},{"damage":21.0,"enemies":"2 Fungi Beasts","floor":12.0,"turns":4.0},{"damage":0.0,"enemies":"Large Slime","floor":14.0,"turns":3.0},{"damage":35.0,"enemies":"Exordium Thugs","floor":15.0,"turns":5.0},{"damage":15.0,"enemies":"SI_SHIV_ARCHETYPE","floor":16.0,"turns":7.0},{"damage":25.0,"enemies":"Spheric Guardian","floor":19.0,"turns":3.0},{"damage":38.0,"enemies":"Cultist and Chosen","floor":21.0,"turns":7.0},{"damage":30.0,"enemies":"Snecko","floor":23.0,"turns":5.0},{"damage":35.0,"enemies":"downfall:FleeingMerchant","floor":25.0,"turns":4.0},{"damage":5.0,"enemies":"downfall:FleeingMerchant","floor":26.0,"turns":4.0},{"damage":10.0,"enemies":"Snake Plant","floor":27.0,"turns":5.0},{"damage":25.0,"enemies":"3 Cultists","floor":28.0,"turns":7.0},{"damage":21.0,"enemies":"Cultist and Chosen","floor":29.0,"turns":8.0},{"damage":33.0,"enemies":"Snecko","floor":32.0,"turns":6.0},{"damage":50.0,"enemies":"DF_ARCHETYPE_CLAW","floor":33.0,"turns":11.0},{"damage":40.0,"enemies":"downfall:FleeingMerchant","floor":37.0,"turns":4.0},{"damage":40.0,"enemies":"downfall:FleeingMerchant","floor":38.0,"turns":4.0},{"damage":40.0,"enemies":"3 Shapes","floor":40.0,"turns":7.0},{"damage":15.0,"enemies":"downfall:FleeingMerchant","floor":42.0,"turns":4.0},{"damage":36.0,"enemies":"3 Darklings","floor":43.0,"turns":6.0},{"damage":17.0,"enemies":"Reptomancer","floor":44.0,"turns":10.0},{"damage":25,"enemies":"downfall:FleeingMerchant","floor":45,"turns":4},{"damage":35,"enemies":"Maw","floor":48,"turns":7},{"damage":55,"enemies":"Transient","floor":49,"turns":5},{"damage":11,"enemies":"WA_ARCHETYPE_DIVINITY","floor":50,"turns":11}],"seed_played":"-6972494971737451089","potions_obtained":[{"floor":5.0,"key":"EssenceOfSteel"},{"floor":6.0,"key":"ColorlessPotion"},{"floor":12.0,"key":"Adrenaline Potion"},{"floor":15.0,"key":"hexamod:SoulburnPotion"},{"floor":23.0,"key":"BlessingOfTheForge"},{"floor":29.0,"key":"Swift Potion"},{"floor":32.0,"key":"Block Potion"},{"floor":33.0,"key":"bronze:BurnAndBuffPotion"},{"floor":40.0,"key":"LifebloodPotion"},{"floor":42.0,"key":"Adrenaline Potion"},{"floor":43.0,"key":"EntropicBrew"},{"floor":44.0,"key":"GamblersBrew"},{"floor":45,"key":"AttackPotion"},{"floor":48,"key":"SkillPotion"}],"is_trial":false,"path_per_floor":["R","M","M","$","M","M","T","M","R","M","T","M","R","M","M","B",null,"R","M","T","M","?","M","T","$","$","M","M","M","T","?","M","B",null,"R","?","$","$","T","M","T","$","M","E","$","T","R","M","M","B",null],"character_chosen":"THE_CHAMP","items_purchased":["Tiny Chest","champ:ShieldSigil","Membership Card","aspiration:Nostalgia","expansioncontent:QuickStudy","Replay:Rubber Ducky","TheAbacus","expansioncontent:StudyTheSpire"],"campfire_rested":0,"item_purchase_floors":[4,4,26,38,42,42,42,45],"current_hp_per_floor":[99,98,98,95,95,92,92,92,92,90,90,79,79,79,79,79,99,99,99,99,86,86,86,86,86,86,86,86,75,75,75,72,57,89,99,99,99,99,99,99,99,99,99,99,99,99,99,99,79,93],"gold":65,"neow_bonus":"TEN_PERCENT_HP_BONUS","is_daily":false,"chose_seed":false,"campfire_upgraded":4,"win_rate":0.0,"timestamp":1612759776,"path_taken":["R","M","M","?","?","?","T","M","R","M","?","M","R","M","M","BOSS","R","M","?","M","?","M","T","?","$","M","M","?","?","?","M","BOSS","R","?","?","$","?","?","T","?","M","E","?","?","R","M","M","BOSS"],"items_purchased_type":["Relic","Card","Relic","Relic","Card","Relic","Relic","Card"],"build_version":"2020-12-22","purchased_purges":5,"victory":true,"max_hp_per_floor":[99,99,99,99,99,99,99,99,99,99,99,99,99,99,99,99,99,99,99,99,99,99,99,99,99,99,99,99,99,99,99,99,99,99,99,99,99,99,99,99,99,99,99,99,99,99,99,99,99,99],"card_choices":[{"not_picked":["champ:Backstep","champ:Parry"],"picked":"champ:ShieldWall","floor":2.0},{"not_picked":["champ:ViciousMockery","champ:Parry"],"picked":"champ:EnGarde","floor":3.0},{"not_picked":["champ:FaceSlap","champ:CrownThrow"],"picked":"champ:Circumvent","floor":4.0},{"not_picked":["champ:SwordSigil","champ:CrookedStrike"],"picked":"champ:EnGarde","floor":5.0},{"not_picked":["champ:Haymaker","champ:Parry","champ:FanOfKnives"],"picked":"SKIP","floor":6.0},{"not_picked":["champ:HeavySlash","champ:PreemptiveStrike"],"picked":"champ:DefensiveShout","floor":8.0},{"not_picked":["champ:CrookedStrike","champ:Haymaker"],"picked":"champ:StanceDance","floor":10.0},{"not_picked":["champ:ShieldWall","champ:Lariat"],"picked":"champ:FocusedDefense","floor":12.0},{"not_picked":["champ:CheapShot","champ:RecklessLeap"],"picked":"champ:FalseCounter","floor":14.0},{"not_picked":["champ:Backstep","champ:Endure"],"picked":"champ:SetATrap","floor":15.0},{"not_picked":["champ:ShieldThrow","champ:TripleStrike"],"picked":"champ:HoldFirm","floor":16.0},{"not_picked":["champ:PerfectedStrike","champ:FanOfKnives"],"picked":"champ:Circumvent+1","floor":19.0},{"not_picked":["champ:Shatter","champ:GutPunch"],"picked":"champ:Circumvent","floor":21.0},{"not_picked":["champ:FancyFootwork+1","champ:AdrenalArmor","champ:CalledShot"],"picked":"SKIP","floor":23.0},{"not_picked":["champ:VampiricStrike","champ:PerfectedStrike"],"picked":"champ:Endure","floor":25.0},{"not_picked":["champ:SwordThrow","champ:BerserkerStyle"],"picked":"champ:FlashCut+1","floor":26.0},{"not_picked":["champ:PerfectedStrike+1","champ:FaceSlap+1","champ:GutPunch"],"picked":"SKIP","floor":27.0},{"not_picked":["champ:FanOfKnives","champ:Lariat"],"picked":"champ:FalseCounter","floor":28.0},{"not_picked":["champ:FaceSlap","champ:RisingSlash","champ:AdrenalArmor"],"picked":"SKIP","floor":29.0},{"not_picked":["champ:GutPunch","champ:Circumvent"],"picked":"champ:DefensiveShout","floor":32.0},{"not_picked":["champ:EnchantSword","champ:CheapShot"],"picked":"champ:IgnorePain","floor":33.0},{"not_picked":["champ:FaceSlap","champ:Haymaker+1","champ:Shatter"],"picked":"SKIP","floor":37.0},{"not_picked":["champ:EnchantSword","champ:Duel","champ:BerserkersShout+1"],"picked":"SKIP","floor":38.0},{"not_picked":["champ:GutPunch+1","champ:PreemptiveStrike+1"],"picked":"champ:Backstep","floor":40.0},{"not_picked":["champ:Shatter+1","champ:GutPunch+1"],"picked":"champ:ShieldSigil","floor":42.0},{"not_picked":["champ:SkillfulDodge","champ:FalseCounter"],"picked":"champ:StanceDance","floor":43.0},{"not_picked":["Slimebound:HungryTackle","champ:CrookedStrike+1"],"picked":"champ:Circumvent+1","floor":44.0},{"not_picked":["champ:CrownThrow","champ:Shatter+1"],"picked":"champ:ShieldThrow","floor":45},{"not_picked":["champ:BerserkersShout","champ:Shatter"],"picked":"champ:BringItOn+1","floor":48},{"not_picked":["champ:Backstep","champ:AdrenalArmor+1","champ:FanOfKnives+1"],"picked":"SKIP","floor":49}],"player_experience":234166,"relics_obtained":[{"floor":7.0,"key":"hubris:ToyBattleship"},{"floor":11.0,"key":"Thread and Needle"},{"floor":20.0,"key":"Happy Flower"},{"floor":24.0,"key":"Iron Hammer"},{"floor":30.0,"key":"War Paint"},{"floor":39.0,"key":"aspiration:ChemicalBlood"},{"floor":41.0,"key":"hubris:TenFootPole"},{"floor":44.0,"key":"Anchor"},{"floor":46,"key":"champ:DefensiveTrainingManual"}],"event_choices":[{"damage_healed":0.0,"max_hp_gain":0.0,"max_hp_loss":0.0,"gold_gain":300.0,"event_name":"Wheel of Change","player_choice":"Gold","floor":36.0,"gold_loss":0.0,"damage_taken":0.0}],"is_beta":false,"boss_relics":[{"not_picked":["bronze:MakeshiftBattery","aspiration:PoetsPen_weak"],"picked":"champ:ChampionCrownUpgraded"},{"not_picked":["hubris:VirtuousBlindfold","aspiration:DefectSkillbook"],"picked":"hubris:TerracottaHorce"}],"items_purged_floors":[25,26,37,38,42],"is_endless":false,"potions_floor_spawned":[5,6,12,14,15,23,29,32,33,40,43,44,48],"ascension_level":0}}