{"host":"qy7jow5usmjkdnnq","time":1612822499,"event":{"mods":["BaseMod","Colored Map","Downfall","Minty Spire (QoL Compilation)","Relic Stats","StSLib"],"gold_per_floor":[199,218,128,139,289,320,388,419,429,429,429,77,77,91,108,207,207,107,107,92,92,102,127,127,137,171,182,213,227,312,42,59,163,163,163,174,186,200,200,211,291,343,343,372,388,188,222,239,253,253,253,283,133,133,133,133],"floor_reached":57,"language":"ENG","playtime":4262,"items_purged":["bronze:Strike","downfall:Icky","bronze:Strike","Parasite"],"score":1989,"play_id":"2ad93099-880e-47e4-995c-532535a70fac","local_time":"20210208231459","is_ascension_mode":true,"campfire_choices":[{"data":"bronze:Goto","floor":1.0,"key":"SMITH"},{"floor":13.0,"key":"REST"},{"data":"bronze:Iterate","floor":18.0,"key":"SMITH"},{"floor":35.0,"key":"RECALL"},{"data":"bronze:Iterate","floor":46,"key":"SMITH"},{"data":"bronze:Boost","floor":54,"key":"SMITH"}],"circlet_count":0,"master_deck":["AscendersBane","bronze:Strike","bronze:Strike","bronze:Defend","bronze:Defend","bronze:Defend","bronze:Defend","bronze:Replicate","bronze:Goto+1","bronze:Iterate+1","bronze:FineTuning","bronze:Deprecate","bronze:Boost+1","bronze:Constructor","bronze:FineTuning","Good Instincts","bronze:Iterate+1","bronze:Philosophize","bronze:FindAndReplace","bronze:Goto+1","bronze:Branch","bronze:Backtrace","bronze:Invalidate","bronze:Backtrace+1","bronze:ForceShield+1","bronze:Turbo","bronze:FineTuning+1","bronze:Terminator+1"],"relics":["bronze:BronzeCore","Ice Cream","Shuriken","bronze:ProtectiveGoggles","bronze:BottledCode","Oddly Smooth Stone","Sozu","downfall:HeartBlessingGreen","Happy Flower","Peace Pipe","champ:DeflectingBracers","Gambling Chip","ClockworkSouvenir","Black Star","Eternal Feather","Du-Vu Doll","Sundial","Nunchaku","Orichalcum","downfall:HeartBlessingRed","downfall:HeartBlessingBlue","Pear","Turnip","Mummified Hand","Gremlin Horn"],"acts_visited":["Exordium","TheCity","TheBeyond","TheEnding"],"potions_floor_usage":[56,56],"damage_taken":[{"damage":4.0,"enemies":"Cultist","floor":2.0,"turns":5.0},{"damage":0.0,"enemies":"downfall:FleeingMerchant","floor":3.0,"turns":4.0},{"damage":7.0,"enemies":"Jaw Worm","floor":4.0,"turns":4.0},{"damage":34.0,"enemies":"Gremlin Nob","floor":6.0,"turns":5.0},{"damage":0.0,"enemies":"Lagavulin","floor":8.0,"turns":5.0},{"damage":0.0,"enemies":"2 Louse","floor":9.0,"turns":3.0},{"damage":0.0,"enemies":"downfall:FleeingMerchant","floor":12.0,"turns":4.0},{"damage":0.0,"enemies":"Large Slime","floor":14.0,"turns":4.0},{"damage":0.0,"enemies":"Blue Slaver","floor":15.0,"turns":3.0},{"damage":8.0,"enemies":"WA_ARCHETYPE_RETAIN","floor":16.0,"turns":7.0},{"damage":0.0,"enemies":"Chosen","floor":19.0,"turns":1.0},{"damage":0.0,"enemies":"downfall:FleeingMerchant","floor":20.0,"turns":4.0},{"damage":0.0,"enemies":"Sentry and Sphere","floor":22.0,"turns":3.0},{"damage":0.0,"enemies":"Slavers","floor":23.0,"turns":5.0},{"damage":0.0,"enemies":"3 Cultists","floor":25.0,"turns":4.0},{"damage":0.0,"enemies":"Gremlin Leader","floor":26.0,"turns":4.0},{"damage":0.0,"enemies":"Snake Plant","floor":27.0,"turns":2.0},{"damage":0.0,"enemies":"Book of Stabbing","floor":28.0,"turns":3.0},{"damage":0.0,"enemies":"Shelled Parasite and Fungi","floor":29.0,"turns":3.0},{"damage":0.0,"enemies":"downfall:FleeingMerchant","floor":31.0,"turns":4.0},{"damage":1.0,"enemies":"Centurion and Healer","floor":32.0,"turns":3.0},{"damage":9.0,"enemies":"IC_MUSHROOM_ARCHETYPE","floor":33.0,"turns":4.0},{"damage":0.0,"enemies":"Orb Walker","floor":36.0,"turns":2.0},{"damage":0.0,"enemies":"3 Shapes","floor":37.0,"turns":2.0},{"damage":0.0,"enemies":"Jaw Worm Horde","floor":38.0,"turns":2.0},{"damage":0.0,"enemies":"Maw","floor":40.0,"turns":5.0},{"damage":6.0,"enemies":"2 Orb Walkers","floor":42.0,"turns":3.0},{"damage":0.0,"enemies":"Nemesis","floor":44.0,"turns":3.0},{"damage":3,"enemies":"Writhing Mass","floor":45,"turns":3},{"damage":0,"enemies":"Giant Head","floor":47,"turns":4},{"damage":21,"enemies":"Transient","floor":48,"turns":5},{"damage":1,"enemies":"Sphere and 2 Shapes","floor":49,"turns":3},{"damage":33,"enemies":"DF_ARCHETYPE_ORBS","floor":50,"turns":4},{"damage":2,"enemies":"downfall:CharBossMerchant","floor":52,"turns":5},{"damage":0,"enemies":"downfall:NeowBoss","floor":55,"turns":7},{"damage":66,"enemies":"downfall:NeowBossFinal","floor":56,"turns":7}],"seed_played":"-3656915121742751976","potions_obtained":[{"floor":4.0,"key":"EntropicBrew"},{"floor":8.0,"key":"Energy Potion"},{"floor":14.0,"key":"Explosive Potion"},{"floor":15.0,"key":"LiquidBronze"}],"is_trial":false,"path_per_floor":["R","M","$","M","?","E","T","E","M","?","?","$","R","M","M","B",null,"R","M","$","?","M","E","T","M","E","M","E","M","?","$","M","B",null,"R","M","M","M","?","M","T","?","?","E","M","R","E","M","M","B",null,"E","$","R","B","B",null],"character_chosen":"THE_AUTOMATON","items_purchased":["Oddly Smooth Stone","Good Instincts","Gambling Chip","ClockworkSouvenir","bronze:Invalidate"],"campfire_rested":1,"item_purchase_floors":[12,12,31,31,31],"current_hp_per_floor":[63,59,59,52,52,18,18,18,18,18,18,18,36,36,36,28,52,52,52,52,52,52,52,52,52,52,52,52,52,38,38,37,28,52,52,52,52,52,52,52,52,46,46,46,43,68,78,57,56,23,66,64,64,77,77,11],"gold":133,"neow_bonus":"HUNDRED_GOLD","is_daily":false,"chose_seed":false,"campfire_upgraded":4,"win_rate":0.0,"timestamp":1612822499,"path_taken":["R","M","?","M","?","E","T","E","M","?","?","$","R","M","M","BOSS","R","M","$","?","?","E","T","M","E","M","E","M","?","?","M","BOSS","R","M","M","M","?","?","T","?","?","E","M","R","E","M","M","BOSS","E","$","R","BOSS","BOSS"],"items_purchased_type":["Relic","Card","Relic","Relic","Card"],"build_version":"2020-12-22","purchased_purges":4,"victory":true,"max_hp_per_floor":[70,70,70,70,70,70,70,70,70,70,60,60,60,60,60,60,60,60,60,60,60,60,60,60,60,60,60,60,60,60,60,60,60,60,60,60,60,60,60,60,60,60,60,60,60,70,80,80,80,80,80,80,77,77,77,77],"relic_stats":{"Happy Flower":[27],"Gremlin Horn":[2,2],"counters":[36,139],"Eternal Feather":28,"Orichalcum":[6],"Sozu":10,"Peace Pipe":0,"Nunchaku":[13],"Shuriken":[81],"Sundial":[12],"Mummified Hand":[0],"Gambling Chip":[29],"Turnip":[6],"Black Star":3,"obtain_stats":[{"Ice Cream":6,"bronze:BronzeCore":0,"Gremlin Horn":52,"downfall:HeartBlessingGreen":18,"ClockworkSouvenir":31,"Sozu":17,"Nunchaku":44,"downfall:BrokenWingStatue":10,"Sundial":43,"downfall:HeartBlessingBlue":46,"Mummified Hand":52,"Gambling Chip":31,"Pear":47,"Happy Flower":23,"downfall:HeartBlessingRed":46,"Oddly Smooth Stone":12,"Eternal Feather":41,"champ:DeflectingBracers":28,"Orichalcum":44,"bronze:BottledCode":11,"Peace Pipe":26,"Du-Vu Doll":42,"bronze:ProtectiveGoggles":8,"Shuriken":7,"Turnip":47,"Black Star":34},{"Ice Cream":4,"bronze:BronzeCore":0,"Gremlin Horn":34,"downfall:HeartBlessingGreen":10,"ClockworkSouvenir":20,"Sozu":10,"Nunchaku":28,"downfall:BrokenWingStatue":6,"Sundial":27,"downfall:HeartBlessingBlue":29,"Mummified Hand":34,"Gambling Chip":20,"Pear":30,"Happy Flower":14,"downfall:HeartBlessingRed":29,"Oddly Smooth Stone":7,"Eternal Feather":26,"champ:DeflectingBracers":18,"Orichalcum":28,"bronze:BottledCode":6,"Peace Pipe":16,"Du-Vu Doll":27,"bronze:ProtectiveGoggles":5,"Shuriken":4,"Turnip":30,"Black Star":22},{"Ice Cream":18,"bronze:BronzeCore":0,"Gremlin Horn":125,"downfall:HeartBlessingGreen":44,"ClockworkSouvenir":77,"Sozu":44,"Nunchaku":101,"downfall:BrokenWingStatue":26,"Sundial":98,"downfall:HeartBlessingBlue":104,"Mummified Hand":125,"Gambling Chip":77,"Pear":108,"Happy Flower":57,"downfall:HeartBlessingRed":104,"Oddly Smooth Stone":30,"Eternal Feather":95,"champ:DeflectingBracers":70,"Orichalcum":101,"bronze:BottledCode":26,"Peace Pipe":65,"Du-Vu Doll":98,"bronze:ProtectiveGoggles":23,"Shuriken":18,"Turnip":108,"Black Star":84}]},"card_choices":[{"not_picked":["bronze:DelayedGuard","bronze:FineTuning"],"picked":"bronze:Iterate","floor":2.0},{"not_picked":["bronze:DelayedGuard","bronze:Return"],"picked":"bronze:FineTuning","floor":3.0},{"not_picked":["bronze:BuggyMess","bronze:BugBarrage"],"picked":"bronze:Deprecate","floor":4.0},{"not_picked":["bronze:Break","bronze:FineTuning"],"picked":"bronze:Boost","floor":6.0},{"not_picked":["bronze:WildBeam","bronze:BugBarrage","bronze:ItsAFeature"],"picked":"SKIP","floor":8.0},{"not_picked":["bronze:DelayedSlice","bronze:WildBeam"],"picked":"bronze:Constructor","floor":9.0},{"not_picked":["bronze:HyperBeam","bronze:Separator"],"picked":"bronze:FineTuning","floor":12.0},{"not_picked":["bronze:Turbo","bronze:Allocate"],"picked":"bronze:Iterate","floor":14.0},{"not_picked":["bronze:FollowUp","bronze:WhirlingStrike"],"picked":"bronze:Philosophize","floor":15.0},{"not_picked":["bronze:SpaghettiCode","bronze:InfiniteLoop"],"picked":"bronze:FindAndReplace","floor":16.0},{"not_picked":["bronze:WhirlingStrike","bronze:Invalidate","bronze:BuggyMess"],"picked":"SKIP","floor":19.0},{"not_picked":["bronze:Allocate","bronze:FineTuning","bronze:Frontload"],"picked":"SKIP","floor":20.0},{"not_picked":["bronze:BronzeOrb","bronze:ForceShield","bronze:Overheat"],"picked":"SKIP","floor":22.0},{"not_picked":["bronze:CutThrough","bronze:DelayedGuard"],"picked":"bronze:Branch","floor":23.0},{"not_picked":["bronze:BuggyMess","bronze:BronzeOrb"],"picked":"bronze:Backtrace","floor":25.0},{"not_picked":["bronze:Branch","bronze:DelayedGuard+1","bronze:OilSpill"],"picked":"SKIP","floor":26.0},{"not_picked":["bronze:Branch","bronze:DelayedGuard+1","bronze:OilSpill"],"picked":"SKIP","floor":26.0},{"not_picked":["bronze:FindAndReplace","bronze:Separator+1","bronze:Philosophize"],"picked":"SKIP","floor":27.0},{"not_picked":["bronze:Safeguard+1","bronze:Frontload","bronze:NullPointer"],"picked":"SKIP","floor":28.0},{"not_picked":["bronze:BitShift","bronze:FineTuning","bronze:BuggyMess"],"picked":"SKIP","floor":29.0},{"not_picked":["bronze:DelayedSlice+1","bronze:BronzeArmor","bronze:Fortify+1"],"picked":"SKIP","floor":31.0},{"not_picked":["bronze:GetLatest","bronze:Safeguard","bronze:ClassDefault"],"picked":"SKIP","floor":32.0},{"not_picked":["bronze:CloningBeam","bronze:WildBeam+1"],"picked":"bronze:Backtrace+1","floor":36.0},{"not_picked":["bronze:CutThrough","bronze:Philosophize"],"picked":"bronze:ForceShield+1","floor":37.0},{"not_picked":["bronze:Overload+1","bronze:Frontload","bronze:BronzeArmor+1"],"picked":"SKIP","floor":38.0},{"not_picked":["bronze:CloningBeam","bronze:FineTuning","bronze:OilSpill"],"picked":"SKIP","floor":40.0},{"not_picked":["bronze:WhirlingStrike","bronze:BronzeArmor"],"picked":"bronze:Turbo","floor":42.0},{"not_picked":["bronze:GetLatest+1","bronze:Repair"],"picked":"bronze:FineTuning+1","floor":44.0},{"not_picked":["bronze:BitShift+1","bronze:DigitalCarnage","bronze:Overload"],"picked":"SKIP","floor":45},{"not_picked":["bronze:ClassDefault","bronze:MaxOutput","bronze:Overheat+1"],"picked":"SKIP","floor":47},{"not_picked":["bronze:DelayedSlice+1","bronze:Constructor+1"],"picked":"bronze:Terminator+1","floor":48},{"not_picked":["bronze:Invalidate","bronze:Constructor+1","bronze:GetLatest"],"picked":"SKIP","floor":49},{"not_picked":["bronze:Iterate+1","bronze:Turbo+1","bronze:BugBarrage"],"picked":"SKIP","floor":52}],"player_experience":721957,"relics_obtained":[{"floor":6.0,"key":"Ice Cream"},{"floor":7.0,"key":"Shuriken"},{"floor":8.0,"key":"bronze:ProtectiveGoggles"},{"floor":23.0,"key":"Happy Flower"},{"floor":26.0,"key":"Peace Pipe"},{"floor":28.0,"key":"champ:DeflectingBracers"},{"floor":41.0,"key":"Eternal Feather"},{"floor":42.0,"key":"Du-Vu Doll"},{"floor":43.0,"key":"Sundial"},{"floor":44.0,"key":"Nunchaku"},{"floor":44.0,"key":"Orichalcum"},{"floor":47,"key":"Pear"},{"floor":47,"key":"Turnip"},{"floor":52,"key":"Mummified Hand"},{"floor":52,"key":"Gremlin Horn"}],"event_choices":[{"damage_healed":0.0,"max_hp_gain":0.0,"max_hp_loss":0.0,"gold_gain":0.0,"event_name":"Mysterious Sphere","player_choice":"Fight","floor":42.0,"gold_loss":0.0,"damage_taken":0.0}],"is_beta":false,"boss_relics":[{"not_picked":["Astrolabe","Empty Cage"],"picked":"Sozu"},{"not_picked":["Fusion Hammer","Velvet Choker"],"picked":"Black Star"}],"items_purged_floors":[3,12,31,53],"is_endless":false,"potions_floor_spawned":[4,8,14,15,22,25,26,28,29,32,37,42,47,52],"ascension_level":10}}