{"host":"5jdby9iqu3ct6557","time":1612747400,"event":{"mods":["BaseMod","DeckTracker","Highlight Path","Minty Spire (QoL Compilation)","Relic Stats","StSLib"],"gold_per_floor":[118,136,153,228,44,44,76,76,76,76,95,113,13,57,57,153,153,169,169,219,232,251,251,266,295,295,295,315,315,346,365,365,365,365],"floor_reached":33,"language":"ENG","playtime":5570,"items_purged":["Strike_P","Strike_P"],"score":594,"play_id":"f3e60887-463c-4cf4-82e6-0af6bcadef7d","local_time":"20210207202320","is_ascension_mode":true,"campfire_choices":[{"data":"EmptyFist","floor":6,"key":"SMITH"},{"floor":8,"key":"REST"},{"data":"Meditate","floor":15,"key":"SMITH"},{"floor":23,"key":"REST"},{"data":"MentalFortress","floor":27,"key":"SMITH"},{"floor":29,"key":"REST"},{"data":"Eruption","floor":32,"key":"SMITH"}],"circlet_count":0,"master_deck":["AscendersBane","Strike_P","Strike_P","Defend_P","Defend_P","Defend_P","Defend_P","Eruption+1","Vigilance","FlyingSleeves","SashWhip","Consecrate","EmptyFist+1","Tantrum","Wallop","ThirdEye","Meditate+1","Wallop","DeusExMachina","MentalFortress+1","FearNoEvil","FlurryOfBlows+1"],"relics":["PureWater","Mercury Hourglass","Potion Belt","Bloody Idol","Lizard Tail","Runic Pyramid","Regal Pillow","CaptainsWheel"],"acts_visited":["Exordium","TheCity"],"potions_floor_usage":[14,25,25,28,33,33],"damage_taken":[{"damage":0,"enemies":"Jaw Worm","floor":1,"turns":6},{"damage":8,"enemies":"Small Slimes","floor":2,"turns":6},{"damage":0,"enemies":"Cultist","floor":3,"turns":2},{"damage":16,"enemies":"Gremlin Nob","floor":7,"turns":3},{"damage":13,"enemies":"Large Slime","floor":11,"turns":2},{"damage":0,"enemies":"2 Fungi Beasts","floor":12,"turns":3},{"damage":2,"enemies":"3 Sentries","floor":14,"turns":4},{"damage":21,"enemies":"Hexaghost","floor":16,"turns":9},{"damage":1,"enemies":"2 Thieves","floor":18,"turns":3},{"damage":13,"enemies":"Spheric Guardian","floor":21,"turns":4},{"damage":20,"enemies":"Shelled Parasite and Fungi","floor":22,"turns":4},{"damage":28,"enemies":"Snake Plant","floor":24,"turns":4},{"damage":40,"enemies":"Gremlin Leader","floor":25,"turns":6},{"damage":25,"enemies":"Cultist and Chosen","floor":28,"turns":7},{"damage":17,"enemies":"Book of Stabbing","floor":30,"turns":5},{"damage":0,"enemies":"3 Cultists","floor":31,"turns":4},{"damage":50,"enemies":"Automaton","floor":33,"turns":8}],"seed_played":"-4302956057032031595","potions_obtained":[{"floor":11,"key":"Weak Potion"},{"floor":12,"key":"StancePotion"},{"floor":16,"key":"Fruit Juice"},{"floor":18,"key":"PowerPotion"},{"floor":25,"key":"Explosive Potion"},{"floor":31,"key":"LiquidMemories"}],"is_trial":false,"path_per_floor":["M","M","M","?","$","R","E","R","T","?","M","M","$","E","R","B",null,"M","?","?","M","M","R","M","E","T","R","M","R","E","M","R","B"],"character_chosen":"WATCHER","items_purchased":["EmptyFist","Tantrum"],"campfire_rested":3,"item_purchase_floors":[5,5],"current_hp_per_floor":[67,59,59,48,48,48,32,54,54,54,41,41,41,39,39,18,55,54,54,59,51,36,56,33,41,41,41,21,57,45,50,50,0,0],"gold":365,"neow_bonus":"TEN_PERCENT_HP_BONUS","is_daily":false,"chose_seed":false,"campfire_upgraded":4,"win_rate":0.0,"timestamp":1612747400,"path_taken":["M","M","M","?","$","R","E","R","T","?","M","?","$","E","R","BOSS","M","?","?","?","M","R","M","E","T","R","M","R","E","M","R","BOSS"],"items_purchased_type":["Card","Card"],"build_version":"2020-12-22","purchased_purges":2,"victory":false,"max_hp_per_floor":[74,74,74,74,74,74,74,74,74,67,67,67,67,67,67,67,67,67,67,67,67,67,67,67,72,72,72,72,72,72,72,72,72,72],"relic_stats":{"Lizard Tail":36,"Regal Pillow":15,"counters":[17,80],"Bloody Idol":40,"obtain_stats":[{"Potion Belt":9,"Lizard Tail":14,"Regal Pillow":25,"CaptainsWheel":30,"Golden Idol":10,"Bloody Idol":19,"PureWater":0,"Mercury Hourglass":7,"Runic Pyramid":17},{"Potion Belt":4,"Lizard Tail":7,"Regal Pillow":13,"CaptainsWheel":15,"Golden Idol":4,"Bloody Idol":9,"PureWater":0,"Mercury Hourglass":4,"Runic Pyramid":8},{"Potion Belt":17,"Lizard Tail":26,"Regal Pillow":56,"CaptainsWheel":68,"Golden Idol":17,"Bloody Idol":38,"PureWater":0,"Mercury Hourglass":17,"Runic Pyramid":35}],"Mercury Hourglass":[244]},"card_choices":[{"not_picked":["JustLucky","Nirvana"],"picked":"FlyingSleeves","floor":1},{"not_picked":["Indignation","Crescendo"],"picked":"SashWhip","floor":2},{"not_picked":["PathToVictory","EmptyBody"],"picked":"Consecrate","floor":3},{"not_picked":["Vengeance","JustLucky"],"picked":"Wallop","floor":7},{"not_picked":["Worship","EmptyBody"],"picked":"ThirdEye","floor":11},{"not_picked":["Prostrate","Vault"],"picked":"Meditate","floor":12},{"not_picked":["CutThroughFate","Meditate"],"picked":"Wallop","floor":14},{"not_picked":["Judgement","Wish"],"picked":"DeusExMachina","floor":16},{"not_picked":["Study","Pray"],"picked":"MentalFortress","floor":18},{"not_picked":["Wallop+1","CrushJoints+1"],"picked":"FearNoEvil","floor":24},{"not_picked":["Prostrate+1","FlyingSleeves"],"picked":"FlurryOfBlows+1","floor":30}],"player_experience":2571180,"relics_obtained":[{"floor":7,"key":"Mercury Hourglass"},{"floor":9,"key":"Potion Belt"},{"floor":14,"key":"Lizard Tail"},{"floor":25,"key":"Regal Pillow"},{"floor":30,"key":"CaptainsWheel"}],"event_choices":[{"damage_healed":0,"gold_gain":75,"player_choice":"Gather Gold","damage_taken":11,"max_hp_gain":0,"max_hp_loss":0,"event_name":"World of Goop","floor":4,"gold_loss":0},{"damage_healed":0,"gold_gain":0,"player_choice":"Lose Max HP","damage_taken":0,"relics_obtained":["Golden Idol"],"max_hp_gain":0,"max_hp_loss":7,"event_name":"Golden Idol","floor":10,"gold_loss":0},{"damage_healed":0,"gold_gain":0,"player_choice":"Gave Idol","damage_taken":0,"relics_obtained":["Bloody Idol"],"max_hp_gain":0,"max_hp_loss":0,"event_name":"Forgotten Altar","floor":19,"relics_lost":["Golden Idol"],"gold_loss":0},{"damage_healed":0,"gold_gain":50,"player_choice":"Pray","damage_taken":0,"max_hp_gain":0,"max_hp_loss":0,"event_name":"Golden Shrine","floor":20,"gold_loss":0}],"is_beta":false,"boss_relics":[{"not_picked":["Cursed Key","Astrolabe"],"picked":"Runic Pyramid"}],"items_purged_floors":[5,13],"is_endless":false,"potions_floor_spawned":[11,12,16,18,25,31],"killed_by":"Automaton","ascension_level":20}}