{"host":"92wx9z21c4p52du4","time":1612755828,"event":{"mods":["Act Like it!","Arknights","Bard","BaseMod","Infinite Spire","Lobotomy","Minty Spire (QoL Compilation)","Reliquary","Robot Space Explorer","StSLib","SuperFastMode","The Blue Laboratory","The Disciple","The Hierophant","The Jungle","The Runesmith","TheSurvivalist"],"gold_per_floor":[118,43,57,68,82,117,128,128,128,128,128,128,144,164,164,164,164],"floor_reached":16,"language":"ENG","playtime":716,"items_purged":["Normality"],"score":104,"play_id":"ad292c5d-ab78-4a43-a3d0-d1f205de5761","local_time":"20210207214348","is_ascension_mode":false,"campfire_choices":[{"floor":8,"key":"REST"},{"data":"ats:Soul Absorption","floor":10,"key":"SMITH"},{"floor":15,"key":"REST"}],"circlet_count":0,"master_deck":["ats:Strike C","ats:Strike G","ats:Strike S+1","ats:Strike V","ats:Armor Crushing Shot","ats:Defend","ats:Defend","ats:Defend","ats:Defend","ats:Emotion Absorption+1","Magnetism","ats:Leaping Hammer","ats:Closed Bolt Burst Fire","ats:Rapid Magazine","ats:Blood Oath","ats:Ambush","ats:Soul Absorption+1","Injury","ats:Shadow Raid","ats:Assault Order"],"relics":["ats:Sanity","ats:Originium","Pen Nib","reliquary:PrincelyHelmet","Golden Idol"],"acts_visited":["Exordium"],"potions_floor_usage":[5,6,6],"damage_taken":[{"damage":5,"enemies":"Cultist","floor":1,"turns":5},{"damage":11,"enemies":"ats:Genji","floor":3,"turns":4},{"damage":0,"enemies":"2 Louse","floor":4,"turns":2},{"damage":25,"enemies":"Exordium Wildlife","floor":5,"turns":5},{"damage":26,"enemies":"Gremlin Nob","floor":6,"turns":5},{"damage":11,"enemies":"Exordium Thugs","floor":7,"turns":5},{"damage":0,"enemies":"Blue Slaver","floor":13,"turns":5},{"damage":8,"enemies":"Exordium Wildlife","floor":14,"turns":5},{"damage":52,"enemies":"Hexaghost","floor":16,"turns":14}],"seed_played":"3872488827972781042","potions_obtained":[{"floor":1,"key":"SpeedPotion"},{"floor":4,"key":"blueLaboratory:SavagePotion"},{"floor":5,"key":"blueLaboratory:EnragingPotion"}],"is_trial":false,"path_per_floor":["M","$","M","M","M","E","M","R","T","R","?","?","M","M","R","B"],"character_chosen":"DOCTOR_CLASS","items_purchased":[],"campfire_rested":2,"item_purchase_floors":[],"current_hp_per_floor":[67,67,56,56,31,11,6,27,27,27,13,13,19,17,38,0,0],"gold":164,"neow_bonus":"RANDOM_COLORLESS_2","is_daily":false,"chose_seed":false,"campfire_upgraded":1,"win_rate":0.0,"timestamp":1612755828,"path_taken":["M","?","M","M","M","E","M","R","T","R","?","?","M","M","R","BOSS"],"items_purchased_type":[],"build_version":"2020-12-22","purchased_purges":1,"victory":false,"max_hp_per_floor":[72,72,72,72,72,72,72,72,72,72,72,72,72,72,72,72,72],"card_choices":[{"not_picked":["Thinking Ahead","Secret Weapon"],"picked":"Magnetism","floor":0},{"not_picked":["ats:Hook Shot","ats:Neurotoxin"],"picked":"ats:Leaping Hammer","floor":1},{"not_picked":["ats:Counter Healing Mode","ats:Assault Order"],"picked":"ats:Closed Bolt Burst Fire","floor":3},{"not_picked":["ats:Demon Strength","ats:Directed Diagnosis"],"picked":"ats:Rapid Magazine","floor":4},{"not_picked":["ats:Consecutive Shot Auto","ats:Burning Ground"],"picked":"ats:Blood Oath","floor":5},{"not_picked":["ats:Explosion Area Strengthen","ats:Curse Doll"],"picked":"ats:Ambush","floor":6},{"not_picked":["ats:Poison Spread","ats:Part Time Job"],"picked":"ats:Soul Absorption","floor":7},{"not_picked":["ats:Phantom","ats:Shadow Raid","ats:Rapid Magazine"],"picked":"SKIP","floor":13},{"not_picked":["ats:Phantom","ats:Rapid Magazine"],"picked":"ats:Shadow Raid","floor":13},{"not_picked":["ats:Encircling Forest","ats:Ignite"],"picked":"ats:Assault Order","floor":14}],"player_experience":227557,"relics_obtained":[{"floor":6,"key":"ats:Originium"},{"floor":6,"key":"Pen Nib"},{"floor":9,"key":"reliquary:PrincelyHelmet"}],"event_choices":[{"damage_healed":0,"gold_gain":0,"player_choice":"Entered Light","damage_taken":14,"max_hp_gain":0,"max_hp_loss":0,"event_name":"Shining Light","floor":11,"gold_loss":0,"cards_upgraded":["ats:Strike S","ats:Emotion Absorption"]},{"damage_healed":0,"gold_gain":0,"player_choice":"Take Wound","damage_taken":0,"relics_obtained":["Golden Idol"],"max_hp_gain":0,"max_hp_loss":0,"event_name":"Golden Idol","floor":12,"gold_loss":0,"cards_obtained":["Injury"]}],"is_beta":false,"boss_relics":[],"items_purged_floors":[2],"is_endless":false,"potions_floor_spawned":[1,4,5],"killed_by":"Hexaghost","ascension_level":0}}