{"host":"9hmnsypyq1c5u7i3","time":1612744496,"event":{"mods":["BaseMod","Bestiary","Hermit","Marisa????????","Minty Spire (QoL Compilation)","Permanent Neow","Quick Restart","Relic Stats","StSLib","The Cursed","The Hierophant"],"gold_per_floor":[119,129,148,161,11,31,31,63,63,82,114,114,57,70,70,141,141,156,71,89,102,102,129,143,177,202,202,4,4,68,68,68,139,139,179,179,14,58,102,129,129,185,211,211,261,325,374,424,424,454,484,484],"floor_reached":51,"language":"ENG","playtime":6095,"items_purged":["Strike_P"],"score":1689,"play_id":"8372e440-935c-454e-a564-4141eb45b496","local_time":"20210207193456","is_ascension_mode":true,"campfire_choices":[{"floor":7.0,"key":"REST"},{"floor":12.0,"key":"RECALL"},{"floor":15.0,"key":"REST"},{"floor":27.0,"key":"REST"},{"floor":32.0,"key":"REST"},{"floor":41.0,"key":"REST"},{"floor":44.0,"key":"REST"},{"floor":49,"key":"REST"}],"circlet_count":0,"master_deck":["AscendersBane","Strike_P+1","Strike_P","Strike_P","Defend_P","Defend_P","Defend_P","Defend_P","Eruption","Vigilance+1","FlurryOfBlows","Protect","WaveOfTheHand+1","CrushJoints+1","Tantrum","Halt","FlurryOfBlows","EmptyFist","FearNoEvil","FlurryOfBlows","DeceiveReality","Evaluate+1","RitualDagger","CutThroughFate","Wish","Apotheosis","DevaForm","Evaluate+1","CutThroughFate+1","WheelKick+1","InnerPeace+1","Wireheading"],"relics":["Fusion Hammer","Juzu Bracelet","Whetstone","Blood Vial","Runic Pyramid","Question Card","HornCleat","Ornamental Fan","War Paint","Torii","Ancient Tea Set","Black Star","ClockworkSouvenir","White Beast Statue","Singing Bowl","Boot","Bag of Marbles","Ginger","StoneCalendar","Lantern"],"acts_visited":["Exordium","TheCity","TheBeyond"],"potions_floor_usage":[46,47,47,50,51],"damage_taken":[{"damage":2.0,"enemies":"Cultist","floor":1.0,"turns":4.0},{"damage":3.0,"enemies":"Small Slimes","floor":2.0,"turns":4.0},{"damage":0.0,"enemies":"Jaw Worm","floor":3.0,"turns":4.0},{"damage":4.0,"enemies":"Large Slime","floor":4.0,"turns":7.0},{"damage":1.0,"enemies":"Blue Slaver","floor":6.0,"turns":3.0},{"damage":18.0,"enemies":"3 Sentries","floor":8.0,"turns":8.0},{"damage":0.0,"enemies":"Gremlin Gang","floor":10.0,"turns":3.0},{"damage":0.0,"enemies":"Lagavulin","floor":11.0,"turns":6.0},{"damage":0.0,"enemies":"Exordium Thugs","floor":14.0,"turns":2.0},{"damage":16.0,"enemies":"Slime Boss","floor":16.0,"turns":4.0},{"damage":5.0,"enemies":"2 Thieves","floor":18.0,"turns":2.0},{"damage":0.0,"enemies":"Chosen","floor":20.0,"turns":3.0},{"damage":8.0,"enemies":"Snecko","floor":21.0,"turns":5.0},{"damage":14.0,"enemies":"Slavers","floor":23.0,"turns":2.0},{"damage":13.0,"enemies":"Sentry and Sphere","floor":24.0,"turns":4.0},{"damage":0.0,"enemies":"Gremlin Leader","floor":25.0,"turns":5.0},{"damage":3.0,"enemies":"Book of Stabbing","floor":30.0,"turns":5.0},{"damage":1.0,"enemies":"Champ","floor":33.0,"turns":6.0},{"damage":1.0,"enemies":"Orb Walker","floor":35.0,"turns":3.0},{"damage":2.0,"enemies":"3 Shapes","floor":38.0,"turns":8.0},{"damage":20.0,"enemies":"3 Darklings","floor":39.0,"turns":7.0},{"damage":39.0,"enemies":"Reptomancer","floor":40.0,"turns":5.0},{"damage":16.0,"enemies":"Nemesis","floor":42.0,"turns":7.0},{"damage":8,"enemies":"2 Orb Walkers","floor":45,"turns":5},{"damage":25,"enemies":"Giant Head","floor":46,"turns":6},{"damage":0,"enemies":"4 Shapes","floor":47,"turns":7},{"damage":1,"enemies":"Sphere and 2 Shapes","floor":48,"turns":5},{"damage":28,"enemies":"Awakened One","floor":50,"turns":9},{"damage":40,"enemies":"Time Eater","floor":51,"turns":7}],"seed_played":"4175851400939565987","potions_obtained":[{"floor":1.0,"key":"PowerPotion"},{"floor":3.0,"key":"Block Potion"},{"floor":8.0,"key":"Swift Potion"},{"floor":14.0,"key":"BottledMiracle"},{"floor":16.0,"key":"AttackPotion"},{"floor":18.0,"key":"SteroidPotion"},{"floor":23.0,"key":"Swift Potion"},{"floor":24.0,"key":"GamblersBrew"},{"floor":30.0,"key":"Fire Potion"},{"floor":36.0,"key":"EssenceOfSteel"},{"floor":39.0,"key":"Explosive Potion"},{"floor":40.0,"key":"Strength Potion"},{"floor":42.0,"key":"BlessingOfTheForge"},{"floor":45,"key":"FearPotion"},{"floor":46,"key":"Strength Potion"},{"floor":47,"key":"Fruit Juice"},{"floor":48,"key":"Strength Potion"}],"is_trial":false,"path_per_floor":["M","M","M","M","$","M","R","E","T","M","E","R","$","M","R","B",null,"M","?","M","M","?","E","M","E","T","R","$","T","E","?","R","B",null,"M","?","$","M","M","E","R","E","T","R","?","E","M","M","R","B","B"],"character_chosen":"WATCHER","items_purchased":["Tantrum","FlurryOfBlows","Apotheosis","ClockworkSouvenir"],"campfire_rested":7,"item_purchase_floors":[5,13,28,37],"current_hp_per_floor":[59,56,56,52,52,51,68,50,50,50,50,50,50,52,68,52,64,61,61,63,57,51,39,28,30,30,50,50,50,49,30,51,52,68,69,69,69,69,51,14,35,23,23,45,39,16,25,26,50,24,0,0],"gold":484,"neow_bonus":"BOSS_RELIC","is_daily":false,"chose_seed":false,"campfire_upgraded":0,"win_rate":0.0,"timestamp":1612744496,"path_taken":["M","M","M","M","?","?","R","E","T","M","E","R","$","M","R","BOSS","M","?","M","M","?","E","M","E","T","R","$","?","E","?","R","BOSS","M","?","$","M","M","E","R","E","T","R","?","E","M","M","R","BOSS","BOSS"],"items_purchased_type":["Card","Card","Card","Relic"],"build_version":"2020-12-22","purchased_purges":1,"victory":false,"max_hp_per_floor":[68,68,68,68,68,68,68,68,68,68,68,68,68,68,68,68,68,68,68,68,68,68,68,68,68,68,68,68,68,68,73,73,73,73,73,73,73,73,73,73,73,75,75,75,75,75,82,82,82,82,82,82],"relic_stats":{"Torii":31,"Singing Bowl":4,"counters":[29,146],"StoneCalendar":[126],"Juzu Bracelet":1,"Whetstone":["Strike_P","CrushJoints"],"Ginger":[3],"War Paint":["Vigilance","WaveOfTheHand"],"Question Card":16,"Boot":[17],"Blood Vial":40,"Ornamental Fan":[244],"Black Star":3,"obtain_stats":[{"Lantern":46,"Torii":29,"Singing Bowl":40,"StoneCalendar":46,"Juzu Bracelet":8,"Whetstone":9,"Ginger":45,"War Paint":26,"Question Card":19,"Ancient Tea Set":30,"Boot":42,"White Beast Statue":40,"ClockworkSouvenir":37,"Blood Vial":11,"HornCleat":23,"Ornamental Fan":25,"Fusion Hammer":0,"Black Star":34,"Bag of Marbles":42,"PureWater":0,"Runic Pyramid":17},{"Lantern":25,"Torii":16,"Singing Bowl":22,"StoneCalendar":25,"Juzu Bracelet":6,"Whetstone":6,"Ginger":24,"War Paint":16,"Question Card":11,"Ancient Tea Set":17,"Boot":23,"White Beast Statue":22,"ClockworkSouvenir":19,"Blood Vial":8,"HornCleat":14,"Ornamental Fan":16,"Fusion Hammer":0,"Black Star":18,"Bag of Marbles":23,"PureWater":0,"Runic Pyramid":10},{"Lantern":118,"Torii":66,"Singing Bowl":100,"StoneCalendar":118,"Juzu Bracelet":30,"Whetstone":30,"Ginger":112,"War Paint":66,"Question Card":47,"Ancient Tea Set":71,"Boot":107,"White Beast Statue":100,"ClockworkSouvenir":80,"Blood Vial":39,"HornCleat":57,"Ornamental Fan":66,"Fusion Hammer":0,"Black Star":77,"Bag of Marbles":107,"PureWater":0,"Runic Pyramid":45}]},"card_choices":[{"not_picked":["Fasting2","Protect"],"picked":"FlurryOfBlows","floor":1.0},{"not_picked":["ClearTheMind","InnerPeace"],"picked":"Protect","floor":2.0},{"not_picked":["PathToVictory","CrushJoints"],"picked":"WaveOfTheHand","floor":3.0},{"not_picked":["Pray","EmptyFist"],"picked":"CrushJoints","floor":4.0},{"not_picked":["ClearTheMind","CutThroughFate"],"picked":"Halt","floor":6.0},{"not_picked":["Crescendo","Vengeance"],"picked":"FlurryOfBlows","floor":8.0},{"not_picked":["LikeWater","ThirdEye"],"picked":"EmptyFist","floor":10.0},{"not_picked":["CutThroughFate","ThirdEye"],"picked":"FearNoEvil","floor":11.0},{"not_picked":["ClearTheMind","Protect","Consecrate"],"picked":"SKIP","floor":14.0},{"not_picked":["Protect","Evaluate"],"picked":"DeceiveReality","floor":18.0},{"not_picked":["Sanctity","ClearTheMind","WreathOfFlame"],"picked":"Evaluate+1","floor":20.0},{"not_picked":["Consecrate","SandsOfTime","ClearTheMind","WaveOfTheHand"],"picked":"SKIP","floor":21.0},{"not_picked":["SashWhip","EmptyBody","CarveReality","ClearTheMind"],"picked":"SKIP","floor":23.0},{"not_picked":["FlurryOfBlows","Study","EmptyFist"],"picked":"CutThroughFate","floor":24.0},{"not_picked":["SashWhip","Swivel","Protect"],"picked":"Wish","floor":25.0},{"not_picked":["ThirdEye","SignatureMove","FollowUp","ClearTheMind"],"picked":"SKIP","floor":30.0},{"not_picked":["Blasphemy","Ragnarok","SpiritShield"],"picked":"DevaForm","floor":33.0},{"not_picked":["Protect+1","Evaluate","ThirdEye","Prostrate"],"picked":"SKIP","floor":35.0},{"not_picked":["SignatureMove","ThirdEye","Halt+1","EmptyBody"],"picked":"SKIP","floor":38.0},{"not_picked":["Consecrate","BowlingBash+1","PathToVictory"],"picked":"Evaluate+1","floor":39.0},{"not_picked":["Brilliance","Prostrate","WindmillStrike"],"picked":"CutThroughFate+1","floor":40.0},{"not_picked":["Pray","Conclude","WindmillStrike+1","FlurryOfBlows"],"picked":"Singing Bowl","floor":42.0},{"not_picked":["Nirvana","FlurryOfBlows+1","Crescendo"],"picked":"WheelKick+1","floor":45},{"not_picked":["Evaluate+1","ThirdEye","Protect+1"],"picked":"InnerPeace+1","floor":46},{"not_picked":["Halt","WaveOfTheHand","EmptyFist","Conclude"],"picked":"Singing Bowl","floor":47},{"not_picked":["Conclude","JustLucky","WindmillStrike"],"picked":"Wireheading","floor":48}],"player_experience":958913,"relics_obtained":[{"floor":8.0,"key":"Juzu Bracelet"},{"floor":9.0,"key":"Whetstone"},{"floor":11.0,"key":"Blood Vial"},{"floor":23.0,"key":"HornCleat"},{"floor":25.0,"key":"Ornamental Fan"},{"floor":26.0,"key":"War Paint"},{"floor":29.0,"key":"Torii"},{"floor":30.0,"key":"Ancient Tea Set"},{"floor":40.0,"key":"White Beast Statue"},{"floor":40.0,"key":"Singing Bowl"},{"floor":42.0,"key":"Boot"},{"floor":42.0,"key":"Bag of Marbles"},{"floor":45,"key":"Ginger"},{"floor":46,"key":"StoneCalendar"},{"floor":46,"key":"Lantern"}],"event_choices":[{"damage_healed":0.0,"max_hp_gain":0.0,"max_hp_loss":0.0,"gold_gain":0.0,"event_name":"Addict","player_choice":"Obtained Relic","floor":19.0,"gold_loss":85.0,"damage_taken":0.0,"relics_obtained":["Question Card"]},{"damage_healed":0.0,"max_hp_gain":0.0,"max_hp_loss":0.0,"gold_gain":0.0,"event_name":"Nest","player_choice":"Joined the Cult","floor":22.0,"gold_loss":0.0,"damage_taken":6.0,"cards_obtained":["RitualDagger"]},{"damage_healed":0.0,"max_hp_gain":5.0,"max_hp_loss":0.0,"gold_gain":0.0,"event_name":"Forgotten Altar","player_choice":"Shed Blood","floor":31.0,"gold_loss":0.0,"damage_taken":24.0},{"damage_healed":0.0,"max_hp_gain":0.0,"max_hp_loss":0.0,"gold_gain":0.0,"event_name":"Lab","player_choice":"Got Potions","floor":36.0,"gold_loss":0.0,"damage_taken":0.0},{"damage_healed":0,"gold_gain":0,"player_choice":"Fight","damage_taken":0,"max_hp_gain":0,"max_hp_loss":0,"event_name":"Mysterious Sphere","floor":45,"gold_loss":0}],"is_beta":false,"boss_relics":[{"not_picked":["Velvet Choker","Coffee Dripper"],"picked":"Runic Pyramid"},{"not_picked":["Runic Dome","Calling Bell"],"picked":"Black Star"}],"items_purged_floors":[5],"is_endless":false,"potions_floor_spawned":[1,3,8,14,16,18,23,24,30,39,40,42,45,46,47,48],"killed_by":"Time Eater","ascension_level":20}}