{"host":"zjpztl3gv3azspk5","time":1612764308,"event":{"mods":["Act Like it!","BaseMod","Better Note","Better Skull","BetterRewards","Card Forge","Colored Powertips","Conspire","Downfall","Hermit","Highlight Path","Infinite Spire","Minty Spire (QoL Compilation)","Quick Restart","Rare Cards Sparkle","Replay The Spire","StSLib","The Animator","The Exalted","everything is the same but u backflip on backflip"],"gold_per_floor":[99,111,111,125,140,166,166,266,266,291,155,155,174,174,194,196,196,196],"floor_reached":16,"language":"ENG","playtime":1297,"items_purged":[],"score":135,"play_id":"3ec292ce-1de6-43cf-9747-b3a8b68f29dd","local_time":"20210207220508","is_ascension_mode":false,"campfire_choices":[{"data":"bronze:Replicate","floor":1.0,"key":"SMITH"},{"data":"bronze:Library","floor":9.0,"key":"SMITH"}],"circlet_count":0,"master_deck":["bronze:Strike","bronze:Strike","bronze:Strike","bronze:Defend","bronze:Defend","bronze:Defend","bronze:Replicate+1","bronze:Goto","bronze:BronzeOrb","bronze:Terminator","bronze:Shield","bronze:Library+1","bronze:GetLatest","bronze:Repulsor","bronze:ChosenStrike","Replay:SS_forest_2","bronze:BronzeOrb","bronze:BuggyMess","bronze:Iterate","bronze:Branch"],"relics":["bronze:BronzeCore","Hammer of Thor","Seething Fire","Anvil of the Gods","Replay:PocketPolymizer","Pear","ReplayTheSpireMod:Ninjato"],"acts_visited":["Exordium"],"potions_floor_usage":[16,16,16],"damage_taken":[{"damage":0.0,"enemies":"Cultist","floor":2.0,"turns":4.0},{"damage":0.0,"enemies":"2 Louse","floor":4.0,"turns":4.0},{"damage":0.0,"enemies":"Small Slimes","floor":5.0,"turns":3.0},{"damage":18.0,"enemies":"Lagavulin","floor":6.0,"turns":10.0},{"damage":16.0,"enemies":"Replay:BlueRogue","floor":10.0,"turns":8.0},{"damage":0.0,"enemies":"downfall:FleeingMerchant","floor":11.0,"turns":4.0},{"damage":0.0,"enemies":"2 Fungi Beasts","floor":13.0,"turns":3.0},{"damage":12.0,"enemies":"Exordium Thugs","floor":15.0,"turns":6.0},{"damage":44,"enemies":"DF_ARCHETYPE_STREAMLINE","floor":16,"turns":9}],"seed_played":"1816005103175015810","potions_obtained":[{"floor":2.0,"key":"SneckoOil"},{"floor":4.0,"key":"BlessingOfTheForge"},{"floor":6.0,"key":"ColorlessPotion"},{"floor":13.0,"key":"SpeedPotion"},{"floor":14.0,"key":"Reflective Coating"}],"is_trial":false,"path_per_floor":["R","M","?","M","M","E","T","?","R","E","$","?","M","?","M","B"],"character_chosen":"THE_AUTOMATON","items_purchased":["Replay:SS_forest_2","bronze:BronzeOrb"],"campfire_rested":0,"item_purchase_floors":[11,11],"current_hp_per_floor":[77,77,77,77,77,59,69,69,69,53,53,53,53,53,41,0,0,0],"gold":196,"neow_bonus":"TEN_PERCENT_HP_BONUS","is_daily":false,"chose_seed":false,"campfire_upgraded":2,"win_rate":0.0,"timestamp":1612764308,"path_taken":["R","M","?","M","M","E","T","?","R","E","$","?","M","?","M","BOSS"],"items_purchased_type":["Card","Card"],"build_version":"2020-12-13","purchased_purges":0,"victory":false,"max_hp_per_floor":[77,77,77,77,77,77,87,87,87,87,87,87,87,87,87,87,87,87],"card_choices":[{"not_picked":["bronze:BuggyMess","bronze:Constructor"],"picked":"bronze:BronzeOrb","floor":2.0},{"not_picked":["bronze:BronzeArmor","bronze:ClassDefault"],"picked":"bronze:Terminator","floor":4.0},{"not_picked":["bronze:Invalidate","bronze:FineTuning"],"picked":"bronze:Shield","floor":5.0},{"not_picked":["bronze:WhirlingStrike","bronze:BuggyMess"],"picked":"bronze:Library","floor":6.0},{"not_picked":["bronze:WildBeam","bronze:Safeguard"],"picked":"bronze:Repulsor","floor":10.0},{"not_picked":["bronze:Constructor","bronze:GetLatest"],"picked":"bronze:ChosenStrike","floor":11.0},{"not_picked":["bronze:FineTuning","bronze:ForceShield"],"picked":"bronze:Iterate","floor":13.0},{"not_picked":["bronze:Deprecate","bronze:Constructor"],"picked":"bronze:Branch","floor":15.0}],"player_experience":199558,"relics_obtained":[{"floor":6.0,"key":"Replay:PocketPolymizer"},{"floor":7.0,"key":"Pear"},{"floor":10.0,"key":"ReplayTheSpireMod:Ninjato"}],"event_choices":[{"damage_healed":0.0,"max_hp_gain":0.0,"max_hp_loss":0.0,"gold_gain":0.0,"event_name":"conspire:Investor","player_choice":"Leave","floor":3.0,"gold_loss":0.0,"damage_taken":0.0},{"damage_healed":0.0,"max_hp_gain":0.0,"max_hp_loss":0.0,"gold_gain":0.0,"event_name":"Lab","player_choice":"Got Potions","floor":14.0,"gold_loss":0.0,"damage_taken":0.0}],"is_beta":false,"boss_relics":[],"items_purged_floors":[],"is_endless":false,"potions_floor_spawned":[2,4,6,13],"killed_by":"DF_ARCHETYPE_STREAMLINE","ascension_level":0}}