{"host":"i70yit5z0kpl303k","time":1612812511,"event":{"mods":["2.2 Compatiblity","Act Like it!","BaseMod","BetterRewards","Evolution","Infinite Spire","Ironclad Rager","Koishi","Marked Mod","Minty Spire (QoL Compilation)","Relic Stats","Reliquary","Replay The Spire","StSLib","The Blue Laboratory","The Marked","TheSwordswoman"],"gold_per_floor":[119,119,119,138,138,138,173,197,223,258,258,601,615,650,650,773,773,786,885,885,903,903,903,946,843,843,843,859,894,894,917,917,1102,1102,1194,1290,1290,1290,1389,1389,1522,1522,1522,1522,1855,1855,1855],"floor_reached":46,"language":"ENG","playtime":1289,"items_purged":[],"score":923,"play_id":"a12a59c2-3e81-41b5-8692-a70714176846","local_time":"20210208112831","is_ascension_mode":true,"campfire_choices":[{"floor":6,"key":"REST"},{"floor":15,"key":"REST"},{"floor":23,"key":"REST"},{"data":"Creative AI","floor":27,"key":"SMITH"},{"floor":30,"key":"REST"},{"floor":32,"key":"REST"},{"floor":40,"key":"REST"},{"floor":42,"key":"REST"}],"circlet_count":0,"master_deck":["Cold Snap","Cold Snap+1","Cold Snap","Cold Snap","Defend_B","Defend_B+1","Defend_B+1","Defend_B","Zap","Ball Lightning+1","Machine Learning","Coolheaded","Conserve Battery","Loop","infinitespire:Punishment","Steam Power","Capacitor","Creative AI+1","ReplayRNGCard","Lockon","Redo","Heatsinks+1","Gash","Leap","Cold Snap","Echo Form","Streamline+1","Darkness+1","ReplayTheSpireMod:System Scan+1","Hello World","Hallucinations"],"relics":["Cracked Core","EVO:Axolotl","NeowsBlessing","Blue Doll","infinitespire:WardingShard","reliquary:Knoch","Geode","Old Coin","Whetstone","Black Star","MutagenicStrength","Girya","Counterbalance","Simple Rune","infinitespire:Freezer","Lantern","infinitespire:EvilPickle","SlaversCollar","infinitespire:Eraser","Centennial Puzzle","Shovel","ReplayTheSpireMod:Ring of Exchange"],"acts_visited":["Exordium","TheCity","TheBeyond"],"potions_floor_usage":[8,24,24,24],"damage_taken":[{"damage":0,"enemies":"Jaw Worm","floor":1,"turns":1},{"damage":0,"enemies":"Small Slimes","floor":4,"turns":1},{"damage":0,"enemies":"Lagavulin","floor":7,"turns":1},{"damage":0,"enemies":"Cultist","floor":8,"turns":3},{"damage":3,"enemies":"Gremlin Nob","floor":10,"turns":4},{"damage":11,"enemies":"3 Sentries","floor":12,"turns":7},{"damage":8,"enemies":"Large Slime","floor":13,"turns":5},{"damage":8,"enemies":"Gremlin Nob","floor":14,"turns":3},{"damage":0,"enemies":"Slime Boss","floor":16,"turns":6},{"damage":12,"enemies":"2 Thieves","floor":18,"turns":4},{"damage":7,"enemies":"Shell Parasite","floor":21,"turns":2},{"damage":20,"enemies":"Slavers","floor":24,"turns":2},{"damage":19,"enemies":"3 Cultists","floor":28,"turns":4},{"damage":34,"enemies":"Book of Stabbing","floor":29,"turns":5},{"damage":8,"enemies":"Snake Plant","floor":31,"turns":3},{"damage":30,"enemies":"Pondfish","floor":33,"turns":18},{"damage":12,"enemies":"3 Shapes","floor":35,"turns":4},{"damage":3,"enemies":"Orb Walker","floor":36,"turns":4},{"damage":33,"enemies":"Spire Growth","floor":39,"turns":5},{"damage":88,"enemies":"Giant Head","floor":41,"turns":11},{"damage":40,"enemies":"Writhing Mass","floor":46,"turns":2}],"seed_played":"-2539662312696141995","potions_obtained":[{"floor":4,"key":"blueLaboratory:CorrosionFlask"},{"floor":8,"key":"Fruit Juice"},{"floor":13,"key":"Adrenaline Potion"},{"floor":16,"key":"Cursed Concoction"},{"floor":22,"key":"FocusPotion"},{"floor":22,"key":"PowerPotion"},{"floor":22,"key":"blueLaboratory:ExaltedPotion"},{"floor":28,"key":"EssenceOfSteel"},{"floor":29,"key":"Reflective Coating"},{"floor":41,"key":"blueLaboratory:AbyssPotion"}],"is_trial":false,"path_per_floor":["M","?","?","M","?","R","E","M","T","E","?","E","M","E","R","B",null,"M","?","?","M","?","R","E","$","T","R","M","E","R","M","R","B",null,"M","M","?","?","M","R","E","R","T","?","?","M"],"character_chosen":"DEFECT","items_purchased":["FairyPotion"],"campfire_rested":7,"item_purchase_floors":[25],"current_hp_per_floor":[75,68,50,50,50,72,72,77,77,74,54,43,35,27,51,51,80,68,68,68,61,61,80,60,60,60,60,41,7,31,23,47,17,80,68,65,65,65,32,56,12,36,36,36,36,0,0],"gold":1855,"neow_bonus":"THREE_ENEMY_KILL","is_daily":false,"chose_seed":false,"campfire_upgraded":1,"win_rate":0.0,"timestamp":1612812511,"path_taken":["M","?","?","M","?","R","E","?","T","E","?","E","M","E","R","BOSS","M","?","?","M","?","R","E","$","T","R","?","E","R","?","R","BOSS","M","M","?","?","M","R","E","R","T","?","?","?"],"items_purchased_type":["Potion"],"build_version":"2020-12-22","purchased_purges":0,"victory":false,"max_hp_per_floor":[75,75,75,75,75,75,75,80,80,80,80,80,80,80,80,80,80,80,80,80,80,80,80,80,80,80,80,80,80,80,80,80,80,80,80,80,80,80,80,80,80,80,80,80,80,80,80],"relic_stats":{"Centennial Puzzle":[3],"Shovel":0,"counters":[21,95],"Black Star":3,"Whetstone":["Cold Snap","Ball Lightning"],"obtain_stats":[{"Girya":24,"ReplayTheSpireMod:Ring of Exchange":44,"Lantern":29,"NeowsBlessing":0,"Golden Idol":3,"Counterbalance":24,"Blue Doll":5,"Geode":10,"EVO:Axolotl":0,"Whetstone":14,"Old Coin":12,"infinitespire:EvilPickle":33,"SlaversCollar":34,"Centennial Puzzle":41,"Shovel":43,"infinitespire:WardingShard":7,"MutagenicStrength":20,"Simple Rune":26,"Black Star":17,"reliquary:Knoch":9,"infinitespire:Eraser":41,"Cracked Core":0,"infinitespire:Freezer":29},{"Girya":12,"ReplayTheSpireMod:Ring of Exchange":20,"Lantern":14,"NeowsBlessing":0,"Golden Idol":1,"Counterbalance":12,"Blue Doll":2,"Geode":5,"EVO:Axolotl":0,"Whetstone":8,"Old Coin":6,"infinitespire:EvilPickle":16,"SlaversCollar":16,"Centennial Puzzle":20,"Shovel":20,"infinitespire:WardingShard":3,"MutagenicStrength":10,"Simple Rune":12,"Black Star":9,"reliquary:Knoch":4,"infinitespire:Eraser":20,"Cracked Core":0,"infinitespire:Freezer":14},{"Girya":39,"ReplayTheSpireMod:Ring of Exchange":93,"Lantern":48,"NeowsBlessing":0,"Golden Idol":1,"Counterbalance":39,"Blue Doll":2,"Geode":10,"EVO:Axolotl":0,"Whetstone":25,"Old Coin":17,"infinitespire:EvilPickle":69,"SlaversCollar":69,"Centennial Puzzle":93,"Shovel":93,"infinitespire:WardingShard":3,"MutagenicStrength":35,"Simple Rune":39,"Black Star":31,"reliquary:Knoch":6,"infinitespire:Eraser":93,"Cracked Core":0,"infinitespire:Freezer":48}]},"card_choices":[{"not_picked":["Steam","Sunder"],"picked":"Ball Lightning","floor":1},{"not_picked":["Panic Button","Darkness"],"picked":"Machine Learning","floor":4},{"not_picked":["Rebound","Panic Button"],"picked":"Coolheaded","floor":7},{"not_picked":["Redo","Cold Snap"],"picked":"Conserve Battery","floor":8},{"not_picked":["Doom and Gloom","Gash"],"picked":"Loop","floor":10},{"not_picked":["infinitespire:Collect","infinitespire:FutureSight"],"picked":"infinitespire:Punishment","floor":11},{"not_picked":["Sweeping Beam","Sunder"],"picked":"Steam Power","floor":12},{"not_picked":["Auto Shields","Cold Snap"],"picked":"Capacitor","floor":13},{"not_picked":["Barrage","Turbo"],"picked":"Creative AI","floor":14},{"not_picked":["Creative AI","Buffer"],"picked":"ReplayRNGCard","floor":16},{"not_picked":["FIFO Queue","Rebound+1"],"picked":"Lockon","floor":18},{"not_picked":["Compile Driver","Beam Cell"],"picked":"Redo","floor":21},{"not_picked":["All For One","Rainbow"],"picked":"Heatsinks+1","floor":24},{"not_picked":["Melter+1","FIFO Queue+1"],"picked":"Gash","floor":28},{"not_picked":["Meteor Strike","ReplaySort"],"picked":"Leap","floor":29},{"not_picked":["Lockon+1","Reinforced Body"],"picked":"Cold Snap","floor":31},{"not_picked":["Biased Cognition","Seek"],"picked":"Echo Form","floor":33},{"not_picked":["Turbo+1","Stack"],"picked":"Streamline+1","floor":35},{"not_picked":["BootSequence","Go for the Eyes+1"],"picked":"Darkness+1","floor":36},{"not_picked":["ReplayTheSpireMod:Trickstab","ReplayTheSpireMod:Uncanny Aura"],"picked":"Deep Breath","floor":37},{"not_picked":["Streamline","Compile Driver+1"],"picked":"ReplayTheSpireMod:System Scan+1","floor":39},{"not_picked":["ReplayTheSpireMod:GoodbyeWorld+1","Auto Shields"],"picked":"Hello World","floor":41}],"player_experience":269326,"relics_obtained":[{"floor":7,"key":"infinitespire:WardingShard"},{"floor":9,"key":"reliquary:Knoch"},{"floor":10,"key":"Geode"},{"floor":12,"key":"Old Coin"},{"floor":14,"key":"Whetstone"},{"floor":24,"key":"Girya"},{"floor":24,"key":"Counterbalance"},{"floor":26,"key":"Simple Rune"},{"floor":29,"key":"infinitespire:Freezer"},{"floor":29,"key":"Lantern"},{"floor":41,"key":"infinitespire:Eraser"},{"floor":41,"key":"Centennial Puzzle"},{"floor":43,"key":"Shovel"},{"floor":44,"key":"ReplayTheSpireMod:Ring of Exchange"}],"event_choices":[{"cards_removed":["Dualcast"],"damage_healed":0,"gold_gain":0,"player_choice":"Card Removal","damage_taken":7,"max_hp_gain":0,"max_hp_loss":0,"event_name":"Golden Wing","floor":2,"gold_loss":0},{"damage_healed":0,"gold_gain":0,"player_choice":"Take Damage","damage_taken":18,"relics_obtained":["Golden Idol"],"max_hp_gain":0,"max_hp_loss":0,"event_name":"Golden Idol","floor":3,"gold_loss":0},{"damage_healed":0,"gold_gain":0,"player_choice":"Gave Potion","damage_taken":0,"relics_obtained":["Blue Doll"],"max_hp_gain":0,"max_hp_loss":0,"event_name":"WeMeetAgain","floor":5,"gold_loss":0},{"damage_healed":0,"gold_gain":99,"player_choice":"Stole From Cult","damage_taken":0,"max_hp_gain":0,"max_hp_loss":0,"event_name":"Nest","floor":19,"gold_loss":0},{"damage_healed":0,"gold_gain":0,"player_choice":"Inject Mutagens","damage_taken":0,"relics_obtained":["MutagenicStrength"],"max_hp_gain":0,"max_hp_loss":0,"event_name":"Drug Dealer","floor":20,"gold_loss":0},{"damage_healed":0,"gold_gain":0,"player_choice":"Got Potions","damage_taken":0,"max_hp_gain":0,"max_hp_loss":0,"event_name":"Lab","floor":22,"gold_loss":0},{"damage_healed":0,"gold_gain":0,"player_choice":"Memory 1","damage_taken":0,"max_hp_gain":0,"max_hp_loss":0,"event_name":"SensoryStone","floor":37,"gold_loss":0},{"cards_removed":["Deep Breath"],"damage_healed":0,"gold_gain":0,"player_choice":"Removed Skill","damage_taken":0,"max_hp_gain":0,"max_hp_loss":0,"event_name":"Falling","floor":38,"gold_loss":0},{"damage_healed":0,"gold_gain":333,"player_choice":"Gave Idol","damage_taken":0,"max_hp_gain":0,"max_hp_loss":0,"event_name":"The Moai Head","floor":45,"relics_lost":["Golden Idol"],"gold_loss":0}],"is_beta":false,"boss_relics":[{"not_picked":["Kintsugi","Empty Cage"],"picked":"Black Star"},{"not_picked":["Sozu","Abe\u0027s Treasure"],"picked":"SlaversCollar"}],"items_purged_floors":[],"is_endless":false,"potions_floor_spawned":[4,8,13,16,28,29,31,41],"killed_by":"Writhing Mass","ascension_level":3}}