{"host":"rc0y5s0pznrxft0n","time":1612827887,"event":{"mods":["BaseMod","Downfall","Hermit","Minty Spire (QoL Compilation)","StSLib"],"gold_per_floor":[99,114,129,144,144,44,119,134,149,179,14,29,44,44,59,159,159,159,174,374,10,25,25,25,55,70,85,85,235,35,50,50,150,150,150,165,22,37,37,52,52,67,97,112,212,227,227,257,272,272,272],"floor_reached":50,"language":"ENG","playtime":5039,"items_purged":["Strike_R","sneckomod:UnknownCommonAttack"],"score":757,"play_id":"5806fb77-19e2-470c-8627-aab4f146cff9","local_time":"20210208184447","daily_mods":["downfall:Improvised","Purple Cards","Night Terrors"],"is_ascension_mode":false,"campfire_choices":[{"floor":1.0,"key":"RECALL"},{"data":"Armaments","floor":6.0,"key":"SMITH"},{"data":"Iron Wave","floor":18.0,"key":"SMITH"},{"data":"TalkToTheHand","floor":28.0,"key":"SMITH"},{"data":"Body Slam","floor":30.0,"key":"SMITH"},{"data":"Flex","floor":35.0,"key":"SMITH"}],"circlet_count":0,"master_deck":["Strike_R+1","Strike_R+1","Strike_R+1","Strike_R+1","Defend_R+1","Defend_R+1","Defend_R+1","Defend_R+1","Bash","sneckomod:UnknownCommonAttack","sneckomod:UnknownCommonSkill","sneckomod:UnknownCommonSkill","sneckomod:UnknownCommonSkill","sneckomod:UnknownUncommonAttack","sneckomod:UnknownUncommonSkill","sneckomod:UnknownUncommonPower","sneckomod:Unknown","Uppercut+1","Crescendo+1","Armaments+1","Sever Soul","Seeing Red","TalkToTheHand+1","Iron Wave+1","JustLucky","Feed","Iron Wave","ThirdEye+1","downfall:Haunted","Flex+1","Body Slam+1","Iron Wave+1","DevaForm","Protect","Judgement","CurseOfTheBell","Demon Form","True Grit","Flame Barrier","Dark Embrace+1","True Grit","EmptyMind+1","Headbutt+1","Demon Form","Dropkick+1","Cleave","Power Through+1","ThirdEye+1"],"relics":["Burning Blood","downfall:HeartBlessingRed","CaptainsWheel","sneckomod:SneckoTalon","Charon\u0027s Ashes","MealTicket","downfall:HeartBlessingGreen","downfall:HeartBlessingBlue","Calling Bell","Pen Nib","Pantograph","Prayer Wheel","hexamod:CandleOfCauterizing","Mango","Dream Catcher","Toxic Egg 2"],"acts_visited":["Exordium","TheCity","TheBeyond"],"potions_floor_usage":[49,50],"damage_taken":[{"damage":7.0,"enemies":"2 Louse","floor":2.0,"turns":2.0},{"damage":0.0,"enemies":"Jaw Worm","floor":3.0,"turns":3.0},{"damage":0.0,"enemies":"Cultist","floor":4.0,"turns":2.0},{"damage":6.0,"enemies":"Looter","floor":8.0,"turns":3.0},{"damage":0.0,"enemies":"Gremlin Gang","floor":9.0,"turns":3.0},{"damage":45.0,"enemies":"Lagavulin","floor":10.0,"turns":4.0},{"damage":0.0,"enemies":"downfall:FleeingMerchant","floor":11.0,"turns":4.0},{"damage":13.0,"enemies":"Red Slaver","floor":12.0,"turns":2.0},{"damage":12.0,"enemies":"Blue Slaver","floor":13.0,"turns":2.0},{"damage":0.0,"enemies":"Exordium Wildlife","floor":15.0,"turns":2.0},{"damage":10.0,"enemies":"The Guardian","floor":16.0,"turns":10.0},{"damage":0.0,"enemies":"Spheric Guardian","floor":19.0,"turns":4.0},{"damage":7.0,"enemies":"downfall:FleeingMerchant","floor":21.0,"turns":4.0},{"damage":0.0,"enemies":"Chosen","floor":22.0,"turns":3.0},{"damage":0.0,"enemies":"Book of Stabbing","floor":25.0,"turns":4.0},{"damage":13.0,"enemies":"Snake Plant","floor":26.0,"turns":4.0},{"damage":8.0,"enemies":"Cultist and Chosen","floor":27.0,"turns":4.0},{"damage":2.0,"enemies":"Snecko","floor":31.0,"turns":4.0},{"damage":0.0,"enemies":"Sentry and Sphere","floor":32.0,"turns":2.0},{"damage":0.0,"enemies":"WA_ARCHETYPE_CALM","floor":33.0,"turns":7.0},{"damage":11.0,"enemies":"Orb Walker","floor":36.0,"turns":2.0},{"damage":5.0,"enemies":"downfall:FleeingMerchant","floor":37.0,"turns":4.0},{"damage":14.0,"enemies":"3 Darklings","floor":38.0,"turns":5.0},{"damage":6.0,"enemies":"Sphere and 2 Shapes","floor":40.0,"turns":6.0},{"damage":6.0,"enemies":"Jaw Worm Horde","floor":42.0,"turns":4.0},{"damage":0.0,"enemies":"Giant Head","floor":43.0,"turns":7.0},{"damage":28.0,"enemies":"3 Darklings","floor":44.0,"turns":5.0},{"damage":0.0,"enemies":"Sphere and 2 Shapes","floor":46.0,"turns":6.0},{"damage":21.0,"enemies":"Nemesis","floor":48.0,"turns":7.0},{"damage":31,"enemies":"Writhing Mass","floor":49,"turns":5},{"damage":196,"enemies":"IC_BLOCK_ARCHETYPE","floor":50,"turns":6}],"seed_played":"8884597751285247366","potions_obtained":[{"floor":3.0,"key":"SmokeBomb"},{"floor":8.0,"key":"hexamod:SoulburnPotion"},{"floor":10.0,"key":"sneckomod:MuddlingPotion"},{"floor":22.0,"key":"Fire Potion"},{"floor":27.0,"key":"Ancient Potion"},{"floor":33.0,"key":"BloodPotion"},{"floor":40.0,"key":"LiquidBronze"},{"floor":43.0,"key":"Strength Potion"},{"floor":46.0,"key":"SmokeBomb"}],"is_trial":false,"path_per_floor":["R","M","M","M","?","R","T","M","M","E","$","M","M","?","M","B",null,"R","M","?","$","M","?","T","E","M","M","R","?","R","M","M","B",null,"R","M","$","M","$","M","T","M","E","M","?","M","?","E","M","B"],"character_chosen":"IRONCLAD","items_purchased":["LiquidBronze","Charon\u0027s Ashes","Body Slam","Flame Barrier","hexamod:CandleOfCauterizing","PowerPotion"],"campfire_rested":0,"item_purchase_floors":[11,21,21,37,37,37],"current_hp_per_floor":[80,79,80,80,80,80,80,80,80,41,47,40,34,34,40,36,80,80,80,80,79,80,80,80,80,73,71,71,71,81,85,90,90,90,90,85,90,82,90,93,107,110,110,88,88,97,89,74,49,0,0],"gold":272,"neow_bonus":"","is_daily":true,"chose_seed":false,"campfire_upgraded":5,"win_rate":0.0,"timestamp":1612827887,"path_taken":["R","M","M","M","?","R","T","M","M","E","$","M","M","?","M","BOSS","R","M","?","$","M","?","T","E","M","M","R","?","R","M","M","BOSS","R","M","$","M","?","M","T","M","E","M","?","?","?","E","M","BOSS"],"items_purchased_type":["Potion","Relic","Card","Card","Relic","Potion"],"build_version":"2020-12-22","purchased_purges":2,"victory":false,"max_hp_per_floor":[80,80,80,80,80,80,80,80,80,80,80,80,80,80,80,80,80,80,80,80,80,80,80,80,80,80,80,80,80,90,90,90,90,90,90,90,90,90,90,93,107,110,110,110,110,113,113,113,113,113,113],"card_choices":[{"not_picked":["Evaluate","FollowUp"],"picked":"Uppercut","floor":2.0},{"not_picked":["Clothesline","JustLucky"],"picked":"Crescendo","floor":3.0},{"not_picked":["Evaluate","EmptyBody"],"picked":"Armaments","floor":4.0},{"not_picked":["Conclude","Protect"],"picked":"Sever Soul","floor":8.0},{"not_picked":["LikeWater","FlurryOfBlows","Evolve"],"picked":"SKIP","floor":9.0},{"not_picked":["Pommel Strike","Sever Soul"],"picked":"Seeing Red","floor":10.0},{"not_picked":["FlurryOfBlows","Clash","Establishment"],"picked":"SKIP","floor":11.0},{"not_picked":["EmptyBody","JustLucky"],"picked":"TalkToTheHand","floor":12.0},{"not_picked":["BattleHymn","ForeignInfluence"],"picked":"Iron Wave","floor":13.0},{"not_picked":["Clash","Warcry"],"picked":"JustLucky","floor":15.0},{"not_picked":["Brutality","Limit Break"],"picked":"Feed","floor":16.0},{"not_picked":["EmptyBody","CutThroughFate"],"picked":"Iron Wave","floor":19.0},{"not_picked":["Clash","ReachHeaven"],"picked":"ThirdEye+1","floor":19.0},{"not_picked":["ThirdEye+1","Havoc"],"picked":"Flex","floor":21.0},{"not_picked":["CrushJoints+1","Pummel"],"picked":"Iron Wave+1","floor":22.0},{"not_picked":["Halt","Iron Wave+1"],"picked":"DevaForm","floor":25.0},{"not_picked":["Wild Strike","Fire Breathing","JustLucky"],"picked":"SKIP","floor":26.0},{"not_picked":["FollowUp","Wild Strike","Sentinel"],"picked":"SKIP","floor":27.0},{"not_picked":["Flex+1","FearNoEvil"],"picked":"Protect","floor":31.0},{"not_picked":["Limit Break","Berserk"],"picked":"Judgement","floor":33.0},{"not_picked":["Iron Wave+1","Halt"],"picked":"Demon Form","floor":36.0},{"not_picked":["EmptyBody+1","Twin Strike","ClearTheMind+1"],"picked":"SKIP","floor":36.0},{"not_picked":["TalkToTheHand","Study"],"picked":"True Grit","floor":37.0},{"not_picked":["Sever Soul+1","Reckless Charge+1"],"picked":"Dark Embrace+1","floor":38.0},{"not_picked":["CutThroughFate","Cleave"],"picked":"True Grit","floor":38.0},{"not_picked":["Rage+1","FlyingSleeves"],"picked":"EmptyMind+1","floor":40.0},{"not_picked":["FlurryOfBlows+1","Searing Blow","Thunderclap+1"],"picked":"SKIP","floor":40.0},{"not_picked":["Indignation+1","ClearTheMind+1"],"picked":"Headbutt+1","floor":42.0},{"not_picked":["Tantrum","Pommel Strike+1","ClearTheMind+1"],"picked":"SKIP","floor":42.0},{"not_picked":["Study","WreathOfFlame+1"],"picked":"Demon Form","floor":43.0},{"not_picked":["Flex+1","Wild Strike"],"picked":"Dropkick+1","floor":44.0},{"not_picked":["CutThroughFate+1","Perfected Strike","Pommel Strike"],"picked":"SKIP","floor":44.0},{"not_picked":["Warcry","Havoc"],"picked":"Cleave","floor":46.0},{"not_picked":["Prostrate","Spot Weakness","Clash"],"picked":"SKIP","floor":46.0},{"not_picked":["Juggernaut","Worship+1"],"picked":"Power Through+1","floor":48.0},{"not_picked":["CutThroughFate","Clash"],"picked":"ThirdEye+1","floor":49},{"not_picked":["FlurryOfBlows+1","Hemokinesis","Rampage+1"],"picked":"SKIP","floor":49}],"player_experience":867946,"relics_obtained":[{"floor":7.0,"key":"Mercury Hourglass"},{"floor":10.0,"key":"CaptainsWheel"},{"floor":25.0,"key":"MealTicket"},{"floor":34.0,"key":"Pen Nib"},{"floor":34.0,"key":"Pantograph"},{"floor":34.0,"key":"Prayer Wheel"},{"floor":41.0,"key":"Mango"},{"floor":43.0,"key":"Dream Catcher"},{"floor":48.0,"key":"Toxic Egg 2"}],"event_choices":[{"damage_healed":0.0,"max_hp_gain":0.0,"max_hp_loss":0.0,"gold_gain":0.0,"event_name":"Living Wall","player_choice":"Grow","floor":5.0,"gold_loss":0.0,"damage_taken":0.0,"cards_upgraded":["Uppercut"]},{"damage_healed":0.0,"max_hp_gain":0.0,"max_hp_loss":0.0,"gold_gain":0.0,"event_name":"Liars Game","player_choice":"Ignored","floor":14.0,"gold_loss":0.0,"damage_taken":0.0},{"damage_healed":0.0,"max_hp_gain":0.0,"max_hp_loss":0.0,"gold_gain":0.0,"event_name":"Back to Basics","player_choice":"Simplicity","floor":23.0,"gold_loss":0.0,"damage_taken":0.0,"cards_upgraded":["Strike_R","Strike_R","Strike_R","Strike_R","Defend_R","Defend_R","Defend_R","Defend_R"]}],"is_beta":false,"boss_relics":[{"not_picked":["Pandora\u0027s Box","Philosopher\u0027s Stone"],"picked":"sneckomod:SneckoTalon"},{"not_picked":["Runic Cube","Cursed Key"],"picked":"Calling Bell"}],"items_purged_floors":[11,37],"is_endless":false,"potions_floor_spawned":[3,8,10,22,27,32,33,40,43,44,46],"killed_by":"IC_BLOCK_ARCHETYPE","ascension_level":0}}