{"host":"2q82lssse0ckn8xu","time":1612786251,"event":{"mods":["AchievementEnabler","BaseMod","Colored Map","Colored Powertips","Minty Spire (QoL Compilation)","Permanent Neow","Quick Restart","StSLib","The Saiyan","Unceasing Turn Reminder"],"gold_per_floor":[13,24,39,50,65,65,99,99,150,169,179,179,179],"floor_reached":12,"language":"ENG","playtime":1151,"items_purged":[],"score":145,"play_id":"0f24fd24-12fa-4c20-9633-71e70adeed98","local_time":"20210208174051","is_ascension_mode":true,"campfire_choices":[{"data":"Saiyan:TheBomb","floor":6,"key":"SMITH"},{"data":"Saiyan:KaioKen","floor":8,"key":"SMITH"}],"circlet_count":0,"master_deck":["Saiyan:SAIYA_Strike","Saiyan:SAIYA_Strike","Saiyan:SAIYA_Strike","Saiyan:SAIYA_Strike","Saiyan:SAIYA_Defend","Saiyan:SAIYA_Defend","Saiyan:EnergyBlast","Saiyan:KaioKen+1","Saiyan:RuthlessBlow","Saiyan:FingerParry","Saiyan:KiExplosion","Saiyan:SpiritSword","Saiyan:DragonRadar","Saiyan:TheBomb+1","Saiyan:Flurry","Saiyan:TurtleShell","Saiyan:Quickening"],"relics":["SaiyanSoul","SaiyanHeart","InkBottle","Blood Vial"],"acts_visited":["Exordium"],"potions_floor_usage":[],"damage_taken":[{"damage":0,"enemies":"Cultist","floor":1,"turns":3},{"damage":0,"enemies":"Jaw Worm","floor":2,"turns":2},{"damage":0,"enemies":"2 Louse","floor":3,"turns":4},{"damage":0,"enemies":"Looter","floor":4,"turns":3},{"damage":13,"enemies":"2 Fungi Beasts","floor":5,"turns":5},{"damage":1,"enemies":"Lagavulin","floor":7,"turns":6},{"damage":9,"enemies":"3 Louse","floor":10,"turns":5},{"damage":2,"enemies":"Looter","floor":11,"turns":3},{"damage":34,"enemies":"3 Sentries","floor":12,"turns":6}],"seed_played":"3736686027683966118","potions_obtained":[{"floor":2,"key":"Weak Potion"},{"floor":3,"key":"GamblersBrew"},{"floor":10,"key":"Fire Potion"},{"floor":11,"key":"EssenceOfSteel"}],"is_trial":false,"path_per_floor":["M","M","M","M","M","R","E","R","T","M","M","E"],"character_chosen":"SAIYAJIN","items_purchased":[],"campfire_rested":0,"item_purchase_floors":[],"current_hp_per_floor":[61,62,66,69,59,59,60,60,60,57,59,28,28],"gold":179,"neow_bonus":"REMOVE_TWO","is_daily":false,"chose_seed":false,"campfire_upgraded":2,"win_rate":0.0,"timestamp":1612786251,"path_taken":["M","M","?","M","M","R","E","R","T","M","M","E"],"items_purchased_type":[],"build_version":"2020-12-22","purchased_purges":0,"victory":false,"max_hp_per_floor":[61,62,66,69,72,72,74,74,74,78,80,81,81],"card_choices":[{"not_picked":["Saiyan:KameHameHa","Saiyan:Honing"],"picked":"Saiyan:FingerParry","floor":1},{"not_picked":["Saiyan:FingerParry","Saiyan:Kienzan"],"picked":"Saiyan:KiExplosion","floor":2},{"not_picked":["Saiyan:Scouter","Saiyan:Quickening"],"picked":"Saiyan:SpiritSword","floor":3},{"not_picked":["Saiyan:DoubleMasenko","Saiyan:SoulSpice"],"picked":"Saiyan:DragonRadar","floor":4},{"not_picked":["Saiyan:BackAttack","Saiyan:RemoveWeights"],"picked":"Saiyan:TheBomb","floor":5},{"not_picked":["Saiyan:DragonRadar","Saiyan:FingerParry"],"picked":"Saiyan:Flurry","floor":7},{"not_picked":["Saiyan:DragonFist","Saiyan:Afterimage"],"picked":"Saiyan:TurtleShell","floor":10},{"not_picked":["Saiyan:Flurry","Saiyan:FingerParry"],"picked":"Saiyan:Quickening","floor":11}],"player_experience":674467,"relics_obtained":[{"floor":7,"key":"InkBottle"},{"floor":9,"key":"Blood Vial"}],"event_choices":[],"is_beta":false,"boss_relics":[],"items_purged_floors":[],"is_endless":false,"potions_floor_spawned":[2,3,10,11],"killed_by":"3 Sentries","ascension_level":2}}