{"host":"7f01flv6y0vhl3vt","time":1612754046,"event":{"mods":["Act Like it!","BaseMod","Downfall","Minty Spire (QoL Compilation)","StSLib"],"gold_per_floor":[99,118,133,133,147,163,188,199,99,118,135,195,95,95,107,107,107,107],"floor_reached":16,"language":"ENG","playtime":2017,"items_purged":[],"score":96,"play_id":"713005db-f5c6-419a-96d4-4cc4c118c078","local_time":"20210207221406","is_ascension_mode":false,"campfire_choices":[{"floor":1,"key":"RECALL"},{"floor":9,"key":"REST"},{"floor":13,"key":"REST"}],"circlet_count":0,"master_deck":["champ:Strike","champ:Strike","champ:Strike","champ:Strike","champ:Defend","champ:Defend","champ:Defend","champ:Defend","champ:Execute","champ:Taunt","champ:ShieldSlam","champ:Endure","champ:ShieldSlam","champ:BladeFlurry","champ:GladiatorStyle","champ:DefensiveStyle","champ:FancyFootwork","champ:EndlessRage","champ:EnchantSword","champ:FocusedDefense"],"relics":["champ:ChampionCrown","champ:GladiatorsBookOfMartialProwess","downfall:HeartBlessingBlue","champ:FightingForDummies","downfall:HeartBlessingRed","downfall:BrokenWingStatue"],"acts_visited":["Exordium"],"potions_floor_usage":[6,8,8,12,16],"damage_taken":[{"damage":15,"enemies":"Small Slimes","floor":2,"turns":3},{"damage":14,"enemies":"Cultist","floor":3,"turns":5},{"damage":21,"enemies":"Jaw Worm","floor":5,"turns":4},{"damage":11,"enemies":"3 Louse","floor":6,"turns":3},{"damage":29,"enemies":"Exordium Wildlife","floor":8,"turns":7},{"damage":20,"enemies":"3 Louse","floor":10,"turns":5},{"damage":27,"enemies":"Blue Slaver","floor":11,"turns":5},{"damage":30,"enemies":"Gremlin Nob","floor":12,"turns":5},{"damage":20,"enemies":"Large Slime","floor":15,"turns":9},{"damage":106,"enemies":"DF_ARCHETYPE_STREAMLINE","floor":16,"turns":14}],"seed_played":"-1564089121108206299","potions_obtained":[{"floor":2,"key":"hexamod:SoulburnPotion"},{"floor":3,"key":"champ:OpenerPotion"},{"floor":5,"key":"LiquidMemories"},{"floor":10,"key":"SkillPotion"},{"floor":12,"key":"GamblersBrew"}],"is_trial":false,"path_per_floor":["R","M","M","?","M","M","T","M","R","M","M","?","R","?","M","B"],"character_chosen":"THE_CHAMP","items_purchased":[],"campfire_rested":2,"item_purchase_floors":[],"current_hp_per_floor":[63,58,54,54,53,52,52,43,83,83,66,46,76,76,66,0,0,0],"gold":107,"neow_bonus":"ONE_RARE_RELIC","is_daily":false,"chose_seed":false,"campfire_upgraded":0,"win_rate":0.0,"timestamp":1612754046,"path_taken":["R","M","M","?","?","M","T","M","R","M","M","?","R","?","M","BOSS"],"items_purchased_type":[],"build_version":"2020-12-22","purchased_purges":0,"victory":false,"max_hp_per_floor":[90,90,90,90,90,90,90,90,100,100,100,100,100,100,100,100,100,100],"card_choices":[{"not_picked":["champ:RapidStrikes","champ:GutPunch"],"picked":"champ:ShieldSlam","floor":2},{"not_picked":["champ:Haymaker","champ:RecklessLeap"],"picked":"champ:Endure","floor":3},{"not_picked":["champ:StanceDance","champ:AdrenalArmor"],"picked":"champ:BladeFlurry","floor":5},{"not_picked":["champ:StanceDance","champ:PreciseThrust"],"picked":"champ:GladiatorStyle","floor":6},{"not_picked":["champ:AdrenalArmor","champ:ShieldSigil"],"picked":"champ:DefensiveStyle","floor":8},{"not_picked":["champ:ShieldSigil","champ:DefensiveStyle"],"picked":"champ:FancyFootwork","floor":10},{"not_picked":["champ:Backstep","champ:Shatter"],"picked":"champ:EndlessRage","floor":11},{"not_picked":["champ:BerserkerStyle","champ:AdrenalArmor"],"picked":"champ:EnchantSword","floor":12},{"not_picked":["champ:BladeFlurry","champ:Backstep"],"picked":"champ:FocusedDefense","floor":15}],"player_experience":1644547,"relics_obtained":[{"floor":12,"key":"champ:FightingForDummies"}],"event_choices":[],"is_beta":false,"boss_relics":[],"items_purged_floors":[],"is_endless":false,"potions_floor_spawned":[2,3,5,10,12],"killed_by":"DF_ARCHETYPE_STREAMLINE","ascension_level":0}}