{"host":"81h68oe4mr04pk3r","time":1612775177,"event":{"mods":["Act Like it!","Aspiration","BaseMod","BetterRewards","Colored Map","Colored Powertips","Conspire","Downfall","Gensokyo","Hallownest","Hermit","Hubris","Infinite Spire","Jorbs\u0027s Wanderer Trilogy","Koishi","Lobotomy","LobotomyExtend","Marisa????????","Minty Spire (QoL Compilation)","Quick Restart","Reimu??????","Remilia??????","StSLib","The Bug Knight","The Construct","The Cursed","The Disciple","The Servant 0.9.4"],"gold_per_floor":[118,129,129,144,59,59,76,76,76,76,76,96,96,19,19,19,19],"floor_reached":16,"language":"ENG","playtime":894,"items_purged":[],"score":115,"play_id":"9c52e032-ae53-4085-beb8-b1d9f7bb1815","local_time":"20210208010617","is_ascension_mode":false,"campfire_choices":[{"data":"Misdirection","floor":6,"key":"SMITH"},{"data":"Unruled","floor":8,"key":"SMITH"},{"floor":11,"key":"REST"},{"data":"KidneyShot","floor":13,"key":"SMITH"},{"data":"RealityMarble","floor":15,"key":"SMITH"}],"circlet_count":0,"master_deck":["Strike_S","Strike_S","Strike_S","Strike_S","Defend_S","Defend_S","Defend_S","Defend_S","KidneyShot+1","Exchange","Foresight","BottledTime","Pain","Misdirection+1","Gensokyo:BlemishedSteel","Unruled+1","Alleviate","RealityMarble+1"],"relics":["Uniform","aspiration:Nostalgia","hermit:Momento","LetterFromLob","Gensokyo:LunaticRedEyes","Pear"],"acts_visited":["Gensokyo:Gensokyo"],"potions_floor_usage":[12,16],"damage_taken":[{"damage":0,"enemies":"Gensokyo:Gryphon","floor":1,"turns":5},{"damage":1,"enemies":"Gensokyo:3_Fairies","floor":2,"turns":5},{"damage":11,"enemies":"Gensokyo:Python","floor":4,"turns":5},{"damage":4,"enemies":"Gensokyo:CorruptedTreant","floor":7,"turns":5},{"damage":6,"enemies":"Gensokyo:LivingMonolith","floor":12,"turns":5},{"damage":85,"enemies":"Gensokyo:Reimu","floor":16,"turns":15}],"seed_played":"5676296148212423107","potions_obtained":[{"floor":2,"key":"DuplicationPotion"},{"floor":12,"key":"GrandPatriotsElixir:ReiMu"}],"is_trial":false,"path_per_floor":["M","M","?","M","COS","R","M","R","T","?","R","M","R","$","R","B"],"character_chosen":"THE_SERVANT","items_purchased":["RealityMarble"],"campfire_rested":1,"item_purchase_floors":[14],"current_hp_per_floor":[65,64,64,53,53,53,49,49,59,66,82,76,76,76,76,0,0],"gold":19,"neow_bonus":"NOSTALGIA","is_daily":false,"chose_seed":false,"campfire_upgraded":4,"win_rate":0.0,"timestamp":1612775177,"path_taken":["M","M","?","M","COS","R","M","R","T","?","R","M","R","$","R","BOSS"],"items_purchased_type":["Card"],"build_version":"2020-12-22","purchased_purges":0,"victory":false,"max_hp_per_floor":[65,65,65,65,65,65,65,65,75,82,82,82,82,82,82,82,82],"card_choices":[{"not_picked":["TimeWarp","Gouge"],"picked":"Foresight","floor":1},{"not_picked":["Rearm","Hightail"],"picked":"BottledTime","floor":2},{"not_picked":["Potential","Sabotage"],"picked":"Misdirection","floor":4},{"not_picked":["Spin","Misdirection"],"picked":"Unruled","floor":7},{"not_picked":["TimeWarp","ShiftingGears"],"picked":"Alleviate","floor":12}],"player_experience":237553,"relics_obtained":[{"floor":1,"key":"LetterFromLob"},{"floor":9,"key":"Pear"}],"event_choices":[],"is_beta":false,"boss_relics":[],"items_purged_floors":[],"is_endless":false,"potions_floor_spawned":[2,12],"killed_by":"Gensokyo:Reimu","ascension_level":0}}