{"host":"drjz7zl15rqtgg20","time":1612823930,"event":{"mods":["BaseMod","Colored Map","Downfall","Minty Spire (QoL Compilation)","Permanent Neow","Quick Restart","StSLib"],"gold_per_floor":[99,115,130,140,159,192,218,118,135,168,168,68,168,168,181,277,277,177,191,204,36,50,69,69,69,101,101,101,316,316,316,334,429,429,429,444,458,471,471,471,496,508,535,567,606,285,322,361,387,399,411,452,55,55,55,55],"floor_reached":57,"language":"ENG","playtime":3675,"items_purged":["bronze:Defend","bronze:Defend"],"score":1291,"play_id":"c7f2dd3d-8aa2-41e3-a95a-05f13adf91a1","local_time":"20210208173850","is_ascension_mode":true,"campfire_choices":[{"data":"bronze:Goto","floor":1,"key":"SMITH"},{"floor":8,"key":"RECALL"},{"data":"bronze:CloningBeam","floor":12,"key":"SMITH"},{"data":"bronze:Library","floor":18,"key":"SMITH"},{"data":"bronze:Assembly","floor":28,"key":"SMITH"},{"data":"bronze:Iterate","floor":30,"key":"SMITH"},{"data":"bronze:Boost","floor":35,"key":"SMITH"},{"data":"bronze:Iterate","floor":40,"key":"SMITH"},{"data":"bronze:ForceShield","floor":54,"key":"SMITH"}],"circlet_count":0,"master_deck":["bronze:Strike+1","bronze:Strike+1","bronze:Defend","bronze:Defend","bronze:Replicate","bronze:Goto+1","bronze:Frontload+1","bronze:WhirlingStrike","bronze:DelayedSlice","bronze:MaxOutput+1","bronze:Shield","bronze:CloningBeam+1","downfall:Haunted","downfall:Haunted","bronze:ChildClass+1","bronze:Library+1","bronze:Assembly+1","bronze:Flail+1","bronze:Boost+1","bronze:Iterate+1","bronze:Iterate+1","bronze:FineTuning+1","bronze:ForceShield+1","Parasite","bronze:Fortify+1","bronze:Assembly+1"],"relics":["bronze:BronzeCore","Vajra","Slimebound:StickyStick","downfall:HeartBlessingBlue","Whetstone","Du-Vu Doll","downfall:HeartBlessingGreen","Sozu","downfall:HeartBlessingRed","Ornamental Fan","Shuriken","Black Star","MawBank","Incense Burner","Regal Pillow","Bronze Scales","Art of War","StoneCalendar","TungstenRod","Boot","Pantograph","DollysMirror"],"acts_visited":["Exordium","TheCity","TheBeyond","TheEnding"],"potions_floor_usage":[56,56],"damage_taken":[{"damage":0,"enemies":"Small Slimes","floor":2,"turns":2},{"damage":0,"enemies":"Jaw Worm","floor":3,"turns":3},{"damage":0,"enemies":"2 Louse","floor":4,"turns":2},{"damage":0,"enemies":"Gremlin Gang","floor":5,"turns":3},{"damage":8,"enemies":"3 Sentries","floor":6,"turns":5},{"damage":1,"enemies":"3 Louse","floor":9,"turns":2},{"damage":9,"enemies":"Gremlin Nob","floor":10,"turns":6},{"damage":30,"enemies":"downfall:Heads","floor":13,"turns":5},{"damage":0,"enemies":"Lots of Slimes","floor":15,"turns":1},{"damage":10,"enemies":"IC_STATUS_ARCHETYPE","floor":16,"turns":5},{"damage":0,"enemies":"Spheric Guardian","floor":19,"turns":2},{"damage":3,"enemies":"Shelled Parasite and Fungi","floor":20,"turns":3},{"damage":0,"enemies":"downfall:FleeingMerchant","floor":21,"turns":4},{"damage":6,"enemies":"Snake Plant","floor":22,"turns":3},{"damage":0,"enemies":"Cultist and Chosen","floor":23,"turns":4},{"damage":4,"enemies":"Book of Stabbing","floor":26,"turns":5},{"damage":0,"enemies":"downfall:FleeingMerchant","floor":29,"turns":3},{"damage":0,"enemies":"Snecko","floor":32,"turns":3},{"damage":21,"enemies":"DF_ARCHETYPE_CLAW","floor":33,"turns":4},{"damage":11,"enemies":"Orb Walker","floor":36,"turns":2},{"damage":0,"enemies":"3 Shapes","floor":37,"turns":4},{"damage":7,"enemies":"Transient","floor":38,"turns":5},{"damage":0,"enemies":"Maw","floor":43,"turns":4},{"damage":2,"enemies":"Jaw Worm Horde","floor":44,"turns":2},{"damage":0,"enemies":"Giant Head","floor":45,"turns":4},{"damage":18,"enemies":"Reptomancer","floor":48,"turns":3},{"damage":14,"enemies":"Writhing Mass","floor":49,"turns":3},{"damage":4,"enemies":"WA_ARCHETYPE_DIVINITY","floor":50,"turns":5},{"damage":27,"enemies":"downfall:CharBossMerchant","floor":52,"turns":5},{"damage":16,"enemies":"downfall:NeowBoss","floor":55,"turns":11},{"damage":56,"enemies":"downfall:NeowBossFinal","floor":56,"turns":8}],"seed_played":"-4337757458495141486","potions_obtained":[{"floor":3,"key":"FairyPotion"},{"floor":6,"key":"SteroidPotion"},{"floor":13,"key":"bronze:FreeFunctionsPotion"}],"is_trial":false,"path_per_floor":["R","M","M","M","M","E","T","R","M","E","?","R","?","?","M","B",null,"R","M","M","$","M","M","T","?","E","?","R","$","R","?","M","B",null,"R","M","M","M","?","R","T","$","M","M","E","?","?","E","M","B",null,"E","$","R","B","B",null],"character_chosen":"THE_AUTOMATON","items_purchased":["bronze:Boost","Pantograph","DollysMirror"],"campfire_rested":0,"item_purchase_floors":[21,53,53],"current_hp_per_floor":[70,70,70,70,70,62,62,72,71,62,62,62,32,32,32,22,80,80,80,77,77,71,71,71,71,67,67,67,67,67,67,67,46,80,80,69,69,62,80,80,80,80,80,78,78,90,90,72,58,54,90,63,63,63,72,34],"gold":55,"neow_bonus":"RANDOM_COMMON_RELIC","is_daily":false,"chose_seed":false,"campfire_upgraded":8,"win_rate":0.0,"timestamp":1612823930,"path_taken":["R","M","M","M","M","E","T","R","M","E","?","R","?","?","M","BOSS","R","M","M","$","M","M","T","?","E","?","R","$","R","?","M","BOSS","R","M","M","?","?","R","T","$","M","?","E","?","?","E","M","BOSS","E","$","R","BOSS","BOSS"],"items_purchased_type":["Card","Relic","Relic"],"build_version":"2020-12-22","purchased_purges":2,"victory":true,"max_hp_per_floor":[70,70,70,70,70,70,70,80,80,80,80,80,80,80,80,80,80,80,80,80,80,80,80,80,80,80,80,80,80,80,80,80,80,80,80,80,80,80,80,80,80,80,80,80,80,90,90,90,90,90,90,90,90,90,90,90],"card_choices":[{"not_picked":["bronze:BugBarrage","bronze:BronzeArmor"],"picked":"bronze:Frontload","floor":2},{"not_picked":["bronze:FineTuning","bronze:Backtrace"],"picked":"bronze:WhirlingStrike","floor":3},{"not_picked":["bronze:Frontload","bronze:Refactor"],"picked":"bronze:DelayedSlice","floor":4},{"not_picked":["bronze:CutThrough","bronze:Constructor"],"picked":"bronze:MaxOutput","floor":5},{"not_picked":["bronze:Allocate","bronze:ShipIt"],"picked":"bronze:Shield","floor":6},{"not_picked":["bronze:Invalidate","bronze:Frontload","bronze:DelayedGuard"],"picked":"SKIP","floor":9},{"not_picked":["bronze:FineTuning","bronze:DelayedSlice"],"picked":"bronze:CloningBeam","floor":10},{"not_picked":["bronze:WhirlingStrike","bronze:Optimize"],"picked":"bronze:Library","floor":13},{"not_picked":["bronze:Safeguard","bronze:WildBeam","bronze:Repair"],"picked":"SKIP","floor":15},{"not_picked":["bronze:TinkerersToolbox","bronze:SpaghettiCode"],"picked":"bronze:Assembly","floor":16},{"not_picked":["bronze:BitShift+1","bronze:Separator+1","bronze:FineTuning"],"picked":"SKIP","floor":19},{"not_picked":["bronze:BronzeOrb","bronze:BuggyMess+1","bronze:FollowUp"],"picked":"SKIP","floor":20},{"not_picked":["bronze:CutThrough","bronze:DelayedSlice"],"picked":"bronze:Flail","floor":21},{"not_picked":["bronze:Terminator","bronze:WildBeam","bronze:Library"],"picked":"SKIP","floor":22},{"not_picked":["bronze:Overheat","bronze:BuggyMess","bronze:DelayedGuard"],"picked":"SKIP","floor":23},{"not_picked":["bronze:DelayedGuard","bronze:Flail","bronze:DelayedSlice"],"picked":"SKIP","floor":26},{"not_picked":["bronze:BitShift","bronze:WhirlingStrike","bronze:BugBarrage"],"picked":"SKIP","floor":29},{"not_picked":["bronze:Break","bronze:BitShift+1","bronze:NullPointer"],"picked":"SKIP","floor":32},{"not_picked":["bronze:CutThrough","bronze:Refactor+1"],"picked":"bronze:Iterate","floor":36},{"not_picked":["bronze:BugBarrage","bronze:Branch"],"picked":"bronze:FineTuning+1","floor":37},{"not_picked":["bronze:BitShift","bronze:BugBarrage"],"picked":"bronze:ForceShield","floor":38},{"not_picked":["bronze:Frontload+1","bronze:DarkDash","bronze:Separator"],"picked":"SKIP","floor":43},{"not_picked":["bronze:Turbo","bronze:BuggyMess","bronze:Deprecate"],"picked":"SKIP","floor":44},{"not_picked":["bronze:WildBeam+1","bronze:DelayedGuard+1","bronze:Branch+1"],"picked":"SKIP","floor":45},{"not_picked":["bronze:CutThrough","bronze:Turbo","bronze:Invalidate+1"],"picked":"SKIP","floor":48},{"not_picked":["bronze:Constructor","bronze:InfiniteBeams+1","bronze:Frontload"],"picked":"SKIP","floor":49},{"not_picked":["bronze:BurnOut","bronze:ForceShield+1"],"picked":"bronze:Fortify+1","floor":52}],"player_experience":667919,"relics_obtained":[{"floor":6,"key":"Slimebound:StickyStick"},{"floor":10,"key":"Whetstone"},{"floor":24,"key":"Ornamental Fan"},{"floor":26,"key":"Shuriken"},{"floor":41,"key":"MawBank"},{"floor":45,"key":"Incense Burner"},{"floor":45,"key":"Regal Pillow"},{"floor":47,"key":"Bronze Scales"},{"floor":48,"key":"Art of War"},{"floor":48,"key":"StoneCalendar"},{"floor":52,"key":"TungstenRod"},{"floor":52,"key":"Boot"}],"event_choices":[{"damage_healed":0,"gold_gain":0,"player_choice":"Read","damage_taken":0,"max_hp_gain":0,"max_hp_loss":0,"event_name":"The Library","floor":27,"gold_loss":0,"cards_obtained":["bronze:Iterate"]},{"damage_healed":18,"gold_gain":0,"player_choice":"Full Heal","damage_taken":0,"max_hp_gain":0,"max_hp_loss":0,"event_name":"Wheel of Change","floor":39,"gold_loss":0}],"is_beta":false,"boss_relics":[{"not_picked":["Snecko Eye","Fusion Hammer"],"picked":"Sozu"},{"not_picked":["Velvet Choker","expansioncontent:StudyCardRelic"],"picked":"Black Star"}],"items_purged_floors":[21,29],"is_endless":false,"potions_floor_spawned":[3,6,13,16,19,22,23,33,36,37,45,48,52],"ascension_level":1}}