{"host":"soyfmymeou4emntr","time":1612828500,"event":{"mods":["BaseMod","Minty Spire (QoL Compilation)","Permanent Neow","Relic Sorter","Relic Stats","StSLib"],"gold_per_floor":[116,116,141,141,156,191,156,156,156,192,264,28,28,66,66,162,162,186,202,202,38,51,51,87,87,87,126,139,139,153,186,186,186,186],"floor_reached":33,"language":"ENG","playtime":3554,"items_purged":["Strike_G"],"score":642,"play_id":"366b6401-72ab-4809-a825-c02d78f640ea","local_time":"20210208165500","is_ascension_mode":true,"campfire_choices":[{"data":"Predator","floor":8.0,"key":"SMITH"},{"floor":15.0,"key":"REST"},{"floor":23.0,"key":"REST"},{"data":"Night Terror","floor":25.0,"key":"SMITH"},{"floor":29,"key":"REST"},{"floor":32,"key":"REST"}],"circlet_count":0,"master_deck":["AscendersBane","Strike_G","Defend_G","Defend_G+1","Defend_G","Defend_G","Defend_G","Survivor+1","Neutralize","Noxious Fumes","Predator+1","Dagger Spray","Dagger Spray","Dash","Night Terror+1","Malaise","Deadly Poison+1","Finisher+1","Doppelganger+1","Necronomicurse","Footwork","Predator","Eviscerate","Acrobatics","Backflip","Choke","Footwork","PiercingWail"],"relics":["Ring of the Snake","MealTicket","Golden Idol","Mummified Hand","Centennial Puzzle","White Beast Statue","Lantern","HornCleat","Astrolabe","Necronomicon","Bag of Marbles","The Courier","Bottled Flame"],"acts_visited":["Exordium","TheCity"],"potions_floor_usage":[33,33],"damage_taken":[{"damage":2.0,"enemies":"Cultist","floor":1.0,"turns":5.0},{"damage":6.0,"enemies":"2 Louse","floor":3.0,"turns":4.0},{"damage":1.0,"enemies":"Small Slimes","floor":5.0,"turns":3.0},{"damage":16.0,"enemies":"Lagavulin","floor":6.0,"turns":8.0},{"damage":10.0,"enemies":"3 Sentries","floor":10.0,"turns":5.0},{"damage":28.0,"enemies":"Gremlin Nob","floor":14.0,"turns":5.0},{"damage":14.0,"enemies":"The Guardian","floor":16.0,"turns":11.0},{"damage":5.0,"enemies":"Shell Parasite","floor":18.0,"turns":6.0},{"damage":1.0,"enemies":"3 Byrds","floor":19.0,"turns":4.0},{"damage":2.0,"enemies":"Snake Plant","floor":22.0,"turns":3.0},{"damage":11.0,"enemies":"Book of Stabbing","floor":24.0,"turns":4.0},{"damage":12.0,"enemies":"Slavers","floor":27.0,"turns":4.0},{"damage":12,"enemies":"Cultist and Chosen","floor":28,"turns":5},{"damage":0,"enemies":"Chosen and Byrds","floor":30,"turns":3},{"damage":11,"enemies":"Book of Stabbing","floor":31,"turns":4},{"damage":50,"enemies":"Collector","floor":33,"turns":7}],"seed_played":"-86387973910707858","potions_obtained":[{"floor":1.0,"key":"Block Potion"},{"floor":3.0,"key":"Swift Potion"},{"floor":4.0,"key":"DistilledChaos"},{"floor":14.0,"key":"SteroidPotion"},{"floor":16.0,"key":"PowerPotion"},{"floor":18.0,"key":"Strength Potion"},{"floor":19.0,"key":"GamblersBrew"},{"floor":27.0,"key":"EntropicBrew"},{"floor":30,"key":"GamblersBrew"}],"is_trial":false,"path_per_floor":["M","?","M","?","M","E","?","R","T","E","?","$","?","E","R","B",null,"M","M","?","$","M","R","E","R","T","E","M","R","M","E","R","B"],"character_chosen":"THE_SILENT","items_purchased":["Lantern","Footwork","Predator"],"campfire_rested":4,"item_purchase_floors":[12,21,21],"current_hp_per_floor":[57,57,51,51,50,34,49,49,49,39,39,54,36,8,26,12,48,43,42,21,36,34,52,41,41,41,29,17,35,35,24,42,0,0],"gold":186,"neow_bonus":"RANDOM_COMMON_RELIC","is_daily":false,"chose_seed":false,"campfire_upgraded":2,"win_rate":0.0,"timestamp":1612828500,"path_taken":["M","?","M","?","?","E","?","R","T","E","?","$","?","E","R","BOSS","M","M","?","$","M","R","E","R","T","E","M","R","M","E","R","BOSS"],"items_purchased_type":["Relic","Card","Card"],"build_version":"2020-12-22","purchased_purges":1,"victory":false,"max_hp_per_floor":[66,60,60,60,60,60,60,60,60,60,60,60,60,60,60,60,60,60,60,60,60,60,60,60,60,60,60,60,60,60,60,60,60,60],"relic_stats":{"Centennial Puzzle":[33],"counters":[16,81],"Golden Idol":88,"Mummified Hand":[20],"Astrolabe":["Deadly Poison","Finisher","Doppelganger"],"MealTicket":30,"Necronomicon":[24],"obtain_stats":[{"Lantern":12,"Golden Idol":2,"Astrolabe":17,"The Courier":27,"White Beast Statue":10,"Centennial Puzzle":9,"Bottled Flame":31,"HornCleat":14,"Mummified Hand":6,"MealTicket":0,"Necronomicon":20,"Bag of Marbles":24,"Ring of the Snake":0},{"Lantern":5,"Golden Idol":1,"Astrolabe":7,"The Courier":12,"White Beast Statue":5,"Centennial Puzzle":4,"Bottled Flame":15,"HornCleat":6,"Mummified Hand":4,"MealTicket":0,"Necronomicon":9,"Bag of Marbles":11,"Ring of the Snake":0},{"Lantern":25,"Golden Idol":5,"Astrolabe":41,"The Courier":62,"White Beast Statue":25,"Centennial Puzzle":20,"Bottled Flame":74,"HornCleat":30,"Mummified Hand":20,"MealTicket":0,"Necronomicon":51,"Bag of Marbles":58,"Ring of the Snake":0}],"Ring of the Snake":[32]},"card_choices":[{"not_picked":["Eviscerate","Deflect"],"picked":"Noxious Fumes","floor":1.0},{"not_picked":["Poisoned Stab","Cloak And Dagger"],"picked":"Predator","floor":3.0},{"not_picked":["Accuracy","Acrobatics"],"picked":"Dagger Spray","floor":5.0},{"not_picked":["Bouncing Flask","Underhanded Strike"],"picked":"Dagger Spray","floor":6.0},{"not_picked":["Endless Agony","Eviscerate"],"picked":"Dash","floor":10.0},{"not_picked":["Outmaneuver","Poisoned Stab"],"picked":"Night Terror","floor":14.0},{"not_picked":["Grand Finale","Bullet Time"],"picked":"Malaise","floor":16.0},{"not_picked":["Bane","Quick Slash","Predator"],"picked":"SKIP","floor":18.0},{"not_picked":["Quick Slash","Outmaneuver","Dagger Throw"],"picked":"SKIP","floor":19.0},{"not_picked":["Accuracy","Sucker Punch"],"picked":"Eviscerate","floor":22.0},{"not_picked":["Glass Knife","Dagger Spray"],"picked":"Acrobatics","floor":24.0},{"not_picked":["Poisoned Stab","Grand Finale"],"picked":"Backflip","floor":27.0},{"not_picked":["Deflect","Catalyst"],"picked":"Choke","floor":28},{"not_picked":["Leg Sweep","Poisoned Stab"],"picked":"Footwork","floor":30},{"not_picked":["Backflip","Finisher"],"picked":"PiercingWail","floor":31}],"player_experience":3129412,"relics_obtained":[{"floor":6.0,"key":"Mummified Hand"},{"floor":9.0,"key":"Centennial Puzzle"},{"floor":10.0,"key":"White Beast Statue"},{"floor":14.0,"key":"HornCleat"},{"floor":20.0,"key":"Necronomicon"},{"floor":24.0,"key":"Bag of Marbles"},{"floor":27.0,"key":"The Courier"},{"floor":31,"key":"Bottled Flame"}],"event_choices":[{"damage_healed":0.0,"max_hp_gain":0.0,"max_hp_loss":6.0,"gold_gain":0.0,"event_name":"Golden Idol","player_choice":"Lose Max HP","floor":2.0,"gold_loss":0.0,"damage_taken":0.0,"relics_obtained":["Golden Idol"]},{"damage_healed":0.0,"max_hp_gain":0.0,"max_hp_loss":0.0,"gold_gain":0.0,"event_name":"Lab","player_choice":"Got Potions","floor":4.0,"gold_loss":0.0,"damage_taken":0.0},{"damage_healed":15.0,"max_hp_gain":0.0,"max_hp_loss":0.0,"gold_gain":0.0,"event_name":"The Cleric","player_choice":"Healed","floor":7.0,"gold_loss":35.0,"damage_taken":0.0},{"damage_healed":0.0,"max_hp_gain":0.0,"max_hp_loss":0.0,"gold_gain":72.0,"event_name":"Golden Wing","player_choice":"Gained Gold","floor":11.0,"gold_loss":0.0,"damage_taken":0.0},{"damage_healed":0.0,"max_hp_gain":0.0,"max_hp_loss":0.0,"gold_gain":0.0,"event_name":"Shining Light","player_choice":"Entered Light","floor":13.0,"gold_loss":0.0,"damage_taken":18.0,"cards_upgraded":["Defend_G","Survivor"]},{"damage_healed":0.0,"max_hp_gain":0.0,"max_hp_loss":0.0,"gold_gain":0.0,"event_name":"Cursed Tome","player_choice":"Obtained Book","floor":20.0,"gold_loss":0.0,"damage_taken":21.0}],"is_beta":false,"boss_relics":[{"not_picked":["Cursed Key","Calling Bell"],"picked":"Astrolabe"}],"items_purged_floors":[12],"is_endless":false,"potions_floor_spawned":[1,3,5,14,16,18,19,22,24,27,28,30,31],"killed_by":"Collector","ascension_level":20}}