{"host":"s24sb66hw4a4sfft","time":1612744751,"event":{"mods":["AchievementEnabler","BaseMod","Colored Map","Colored Powertips","Googly Eyes","Hermit","Hubris","Minty Spire (QoL Compilation)","Quick Restart","Shop Mod","StSLib","The Poker Player"],"gold_per_floor":[109,109,109,209,33,63,78,78,126,155,155,8,28,46,46,150,150,165,176,176,51,51,36,36,36,36],"floor_reached":25,"language":"ENG","playtime":736,"items_purged":["Defend_R","Shame"],"score":291,"play_id":"2cb40012-3818-4a61-9cb7-43d07075bafe","local_time":"20210207193911","is_ascension_mode":true,"campfire_choices":[{"floor":8,"key":"REST"},{"floor":15,"key":"REST"},{"floor":24,"key":"REST"}],"circlet_count":0,"master_deck":["Strike_R","Strike_R","Strike_R","Strike_R","Defend_R+1","Defend_R","Defend_R","Bash","Cleave","Flex+1","Inflame","Inflame","Heavy Blade","Clash","Flex","Pain"],"relics":["Burning Blood","Juzu Bracelet","hubris:Icosahedron","War Paint","Tiny Chest","Strawberry","Thread and Needle","Anchor","hubris:TerracottaHorce","Akabeko","WarpedTongs","Art of War"],"acts_visited":["Exordium","TheCity"],"potions_floor_usage":[10,10,10,16,25],"damage_taken":[{"damage":12,"enemies":"Small Slimes","floor":1,"turns":4},{"damage":44,"enemies":"Gremlin Nob","floor":6,"turns":5},{"damage":6,"enemies":"Jaw Worm","floor":7,"turns":2},{"damage":36,"enemies":"Lagavulin","floor":10,"turns":4},{"damage":0,"enemies":"Cultist","floor":13,"turns":2},{"damage":0,"enemies":"Red Slaver","floor":14,"turns":5},{"damage":0,"enemies":"Slime Boss","floor":16,"turns":7},{"damage":8,"enemies":"2 Thieves","floor":18,"turns":4},{"damage":0,"enemies":"Chosen","floor":19,"turns":3},{"damage":58,"enemies":"Gremlin Leader","floor":23,"turns":5},{"damage":52,"enemies":"Book of Stabbing","floor":25,"turns":5}],"seed_played":"-4762416142559575392","potions_obtained":[{"floor":7,"key":"Explosive Potion"},{"floor":10,"key":"FairyPotion"}],"is_trial":false,"path_per_floor":["M","?","?","?","$","E","M","R","T","E","T","$","M","M","R","B",null,"M","M","?","$","?","E","R","E"],"character_chosen":"IRONCLAD","items_purchased":["Flex","Inflame","Anchor","Flex"],"campfire_rested":3,"item_purchase_floors":[5,5,12,21],"current_hp_per_floor":[74,74,74,74,74,36,36,60,60,37,37,37,43,49,75,81,86,84,87,87,87,87,35,61,9,9],"gold":36,"neow_bonus":"RANDOM_COMMON_RELIC","is_daily":false,"chose_seed":false,"campfire_upgraded":0,"win_rate":0.0,"timestamp":1612744751,"path_taken":["M","?","?","?","?","E","M","R","T","E","?","$","M","M","R","BOSS","M","M","?","$","?","E","R","E"],"items_purchased_type":["Card","Card","Relic","Card"],"build_version":"2020-12-22","purchased_purges":2,"victory":false,"max_hp_per_floor":[80,80,80,80,80,80,80,80,80,87,87,87,87,87,87,87,87,87,87,87,87,87,87,87,87,87],"card_choices":[{"not_picked":["Armaments","Reckless Charge"],"picked":"Cleave","floor":1},{"not_picked":["Armaments","Anger","Rage"],"picked":"SKIP","floor":6},{"not_picked":["Impervious","Rampage"],"picked":"Inflame","floor":7},{"not_picked":["Havoc","Inflame"],"picked":"Heavy Blade","floor":10},{"not_picked":["Rampage","Iron Wave","Havoc"],"picked":"SKIP","floor":13},{"not_picked":["Havoc","Cleave","Dark Embrace"],"picked":"SKIP","floor":14},{"not_picked":["Burning Pact","Cleave+1","Headbutt"],"picked":"SKIP","floor":18},{"not_picked":["Cleave","Armaments"],"picked":"Clash","floor":19},{"not_picked":["Metallicize+1","Thunderclap","Iron Wave"],"picked":"SKIP","floor":23}],"player_experience":585263,"relics_obtained":[{"floor":6,"key":"War Paint"},{"floor":9,"key":"Tiny Chest"},{"floor":10,"key":"Strawberry"},{"floor":11,"key":"Thread and Needle"},{"floor":23,"key":"Art of War"}],"event_choices":[{"cards_removed":["Strike_R"],"damage_healed":0,"gold_gain":0,"player_choice":"Offered Basic","damage_taken":0,"max_hp_gain":0,"max_hp_loss":0,"event_name":"Bonfire Elementals","floor":3,"gold_loss":0},{"damage_healed":0,"gold_gain":100,"player_choice":"Gold","damage_taken":0,"max_hp_gain":0,"max_hp_loss":0,"event_name":"Wheel of Change","floor":4,"gold_loss":0},{"damage_healed":0,"gold_gain":0,"player_choice":"Stole Relic","damage_taken":0,"relics_obtained":["Akabeko"],"max_hp_gain":0,"max_hp_loss":0,"event_name":"Addict","floor":20,"gold_loss":0,"cards_obtained":["Shame"]},{"damage_healed":0,"gold_gain":0,"player_choice":"Rummage","damage_taken":0,"relics_obtained":["WarpedTongs"],"max_hp_gain":0,"max_hp_loss":0,"event_name":"Accursed Blacksmith","floor":22,"gold_loss":0,"cards_obtained":["Pain"]}],"is_beta":false,"boss_relics":[{"not_picked":["hubris:Stopwatch","hubris:RunicObelisk"],"picked":"hubris:TerracottaHorce"}],"items_purged_floors":[5,21],"is_endless":false,"potions_floor_spawned":[7,10,23],"killed_by":"Book of Stabbing","ascension_level":1}}