{"host":"w01zow3jg16g8jdh","time":1612796080,"event":{"mods":["2.2 Compatiblity","AchievementEnabler","BaseMod","DeckTracker","Hermit","Keyboard Shortcuts","Marisa£¨Ùöéë¡¡Øª×âÞÞ£©","Minty Spire (QoL Compilation)","Permanent Neow","StSLib","SuperFastMode"],"gold_per_floor":[366,40,57,57,7,7,49,179,203,216,256,277,277,290,290,290,290],"floor_reached":16,"language":"KOR","playtime":313,"items_purged":["Defend_MRS"],"score":180,"play_id":"fcb734f7-cf0f-4016-b840-e169e3e8e790","local_time":"20210208235440","is_ascension_mode":true,"campfire_choices":[{"data":"MasterSpark","floor":6.0,"key":"SMITH"},{"data":"Acceleration","floor":13,"key":"SMITH"},{"data":"EarthLightRay","floor":15,"key":"SMITH"}],"circlet_count":0,"master_deck":["Strike_MRS","Strike_MRS","Strike_MRS","Defend_MRS","Defend_MRS","Defend_MRS","MasterSpark+1","UpSweep+1","EarthLightRay+1","GrandCross+1","Acceleration+1","Parasite","Parasite","Parasite","Parasite"],"relics":["MiniHakkero","Gremlin Horn","Golden Idol","CeramicFish","ShroomBag","BigShroomBag","Happy Flower","Whetstone"],"acts_visited":["Exordium"],"potions_floor_usage":[],"damage_taken":[{"damage":1.0,"enemies":"Cultist","floor":1.0,"turns":3.0},{"damage":7.0,"enemies":"Small Slimes","floor":3.0,"turns":3.0},{"damage":25.0,"enemies":"Lagavulin","floor":7.0,"turns":5.0},{"damage":20.0,"enemies":"The Mushroom Lair","floor":8.0,"turns":3.0},{"damage":0,"enemies":"Jaw Worm","floor":10,"turns":1},{"damage":0,"enemies":"Gremlin Nob","floor":11,"turns":2},{"damage":0,"enemies":"Exordium Thugs","floor":12,"turns":2},{"damage":0,"enemies":"Looter","floor":14,"turns":1},{"damage":63,"enemies":"The Guardian","floor":16,"turns":11}],"seed_played":"-7018689624934366791","potions_obtained":[{"floor":7.0,"key":"Block Potion"},{"floor":8,"key":"ShroomBrew"},{"floor":10,"key":"Regen Potion"},{"floor":11,"key":"DistilledChaos"}],"is_trial":false,"path_per_floor":["M","$","M","?","?","R","E","?","T","M","E","M","R","M","R","B"],"character_chosen":"MARISA","items_purchased":["Gremlin Horn"],"campfire_rested":0,"item_purchase_floors":[2],"current_hp_per_floor":[67,67,64,63,63,63,38,22,22,35,51,63,63,63,63,0,0],"gold":290,"neow_bonus":"TWO_FIFTY_GOLD","is_daily":false,"chose_seed":false,"campfire_upgraded":3,"win_rate":0.0,"timestamp":1612796080,"path_taken":["M","$","M","?","?","R","E","?","T","M","E","M","R","M","R","BOSS"],"items_purchased_type":["Relic"],"build_version":"2020-12-22","purchased_purges":1,"victory":false,"max_hp_per_floor":[68,68,68,63,63,63,63,63,63,63,63,63,63,63,63,63,63],"card_choices":[{"not_picked":["DC","SprinkleStarSeal"],"picked":"EarthLightRay","floor":1.0},{"not_picked":["MilkyWay","OrrerysSun"],"picked":"GrandCross","floor":3.0},{"not_picked":["AlicesGift","6A"],"picked":"Acceleration","floor":7.0},{"not_picked":["DC","IllusionStar","OortCloud"],"picked":"SKIP","floor":10},{"not_picked":["GalacticHalo","ManaConvection","SprinkleStarSeal"],"picked":"SKIP","floor":11},{"not_picked":["AsteroidBelt","GravityBeat","SuperPerseids"],"picked":"SKIP","floor":12},{"not_picked":["Occultation","BlazeAway","EscapeVelocity"],"picked":"SKIP","floor":14}],"player_experience":375189,"relics_obtained":[{"floor":7.0,"key":"CeramicFish"},{"floor":8,"key":"ShroomBag"},{"floor":8,"key":"ShroomBag"},{"floor":8,"key":"BigShroomBag"},{"floor":9,"key":"Happy Flower"},{"floor":11,"key":"Whetstone"}],"event_choices":[{"damage_healed":0.0,"max_hp_gain":0.0,"max_hp_loss":5.0,"gold_gain":0.0,"event_name":"Golden Idol","player_choice":"Lose Max HP","floor":4.0,"gold_loss":0.0,"damage_taken":0.0,"relics_obtained":["Golden Idol"]},{"cards_removed":["Strike_MRS"],"damage_healed":0.0,"max_hp_gain":0.0,"max_hp_loss":0.0,"gold_gain":0.0,"event_name":"The Cleric","player_choice":"Card Removal","floor":5.0,"gold_loss":50.0,"damage_taken":0.0},{"damage_healed":0.0,"max_hp_gain":0.0,"max_hp_loss":0.0,"gold_gain":0.0,"event_name":"Mushrooms_MRS","player_choice":"Fought Mushrooms","floor":8.0,"gold_loss":0.0,"damage_taken":0.0},{"damage_healed":0,"gold_gain":0,"player_choice":"Fought Mushrooms","damage_taken":0,"max_hp_gain":0,"max_hp_loss":0,"event_name":"Mushrooms_MRS","floor":8,"gold_loss":0}],"is_beta":false,"boss_relics":[],"items_purged_floors":[2],"is_endless":false,"potions_floor_spawned":[7,8,10,11,14],"killed_by":"The Guardian","ascension_level":3}}