{"host":"syozzdlzcqop4jia","time":1612821505,"event":{"mods":["BaseMod","Colored Map","Colored Powertips","Minty Spire (QoL Compilation)","Quick Restart"],"gold_per_floor":[111,124,139,156,121,154,173,173,173,202,121,180,280,296,296,296,296],"floor_reached":16,"language":"ENG","playtime":1009,"items_purged":[],"score":118,"play_id":"00dbc7d2-bc9b-4388-b2aa-48405b39c191","local_time":"20210208225825","is_ascension_mode":true,"campfire_choices":[{"floor":8,"key":"REST"},{"floor":15,"key":"REST"}],"circlet_count":0,"master_deck":["Strike_B","Strike_B","Strike_B","Strike_B","Defend_B","Defend_B","Defend_B","Defend_B","Zap+1","Dualcast","Redo","Lockon","Ball Lightning","Redo","Hello World","Leap","Sunder","Self Repair","Cold Snap","Fusion"],"relics":["Cracked Core","Orichalcum","InkBottle","Ornamental Fan","Question Card"],"acts_visited":["Exordium"],"potions_floor_usage":[6,6],"damage_taken":[{"damage":2,"enemies":"2 Louse","floor":1,"turns":2},{"damage":2,"enemies":"Small Slimes","floor":2,"turns":3},{"damage":0,"enemies":"Cultist","floor":3,"turns":2},{"damage":14,"enemies":"2 Fungi Beasts","floor":4,"turns":3},{"damage":22,"enemies":"3 Sentries","floor":6,"turns":5},{"damage":18,"enemies":"Exordium Wildlife","floor":7,"turns":4},{"damage":24,"enemies":"Gremlin Nob","floor":10,"turns":4},{"damage":27,"enemies":"Lagavulin Event","floor":12,"turns":6},{"damage":10,"enemies":"Blue Slaver","floor":14,"turns":3},{"damage":40,"enemies":"The Guardian","floor":16,"turns":7}],"seed_played":"5299216709620365321","potions_obtained":[{"floor":2,"key":"Regen Potion"},{"floor":3,"key":"DistilledChaos"},{"floor":14,"key":"SneckoOil"}],"is_trial":false,"path_per_floor":["M","M","M","M","?","E","M","R","T","E","$","?","?","M","R","B"],"character_chosen":"DEFECT","items_purchased":["Self Repair"],"campfire_rested":2,"item_purchase_floors":[11],"current_hp_per_floor":[73,71,71,57,75,62,44,66,66,42,42,15,15,12,34,0,0],"gold":296,"neow_bonus":"UPGRADE_CARD","is_daily":false,"chose_seed":false,"campfire_upgraded":0,"win_rate":0.0,"timestamp":1612821505,"path_taken":["M","M","M","M","?","E","M","R","T","E","$","?","?","?","R","BOSS"],"items_purchased_type":["Card"],"build_version":"2020-12-22","purchased_purges":0,"victory":false,"max_hp_per_floor":[75,75,75,75,75,75,75,75,75,75,75,75,75,75,75,75,75],"card_choices":[{"not_picked":["Beam Cell","Steam"],"picked":"Redo","floor":1},{"not_picked":["Beam Cell","Sweeping Beam"],"picked":"Lockon","floor":2},{"not_picked":["Sunder","Gash"],"picked":"Ball Lightning","floor":3},{"not_picked":["Leap","Steam"],"picked":"Redo","floor":4},{"not_picked":["Barrage","Core Surge"],"picked":"Hello World","floor":6},{"not_picked":["Streamline","Skim"],"picked":"Leap","floor":7},{"not_picked":["Sweeping Beam","Streamline"],"picked":"Sunder","floor":10},{"not_picked":["Redo","Rebound"],"picked":"Cold Snap","floor":12},{"not_picked":["Turbo","Rainbow","Gash"],"picked":"Fusion","floor":14}],"player_experience":631234,"relics_obtained":[{"floor":6,"key":"Orichalcum"},{"floor":9,"key":"InkBottle"},{"floor":10,"key":"Ornamental Fan"},{"floor":12,"key":"Question Card"}],"event_choices":[{"damage_healed":18,"gold_gain":0,"player_choice":"Healed","damage_taken":0,"max_hp_gain":0,"max_hp_loss":0,"event_name":"The Cleric","floor":5,"gold_loss":35},{"damage_healed":0,"gold_gain":0,"player_choice":"Searched \u00271\u0027 times","damage_taken":0,"max_hp_gain":0,"max_hp_loss":0,"event_name":"Dead Adventurer","floor":12,"gold_loss":0},{"damage_healed":0,"gold_gain":100,"player_choice":"Pray","damage_taken":0,"max_hp_gain":0,"max_hp_loss":0,"event_name":"Golden Shrine","floor":13,"gold_loss":0}],"is_beta":false,"boss_relics":[],"items_purged_floors":[],"is_endless":false,"potions_floor_spawned":[2,3,14],"killed_by":"The Guardian","ascension_level":1}}