{"host":"9qgbal69wq5palas","time":1612770241,"event":{"mods":["2.2 Compatiblity","Abigail Mod","AchievementEnabler","Act Like it!","Aspiration","Astrologer","Bartender","BaseMod","Better Altar","Better Note","Better Skull","Better Third Choice","Colored Powertips","Hallownest","Hermit","Highlight Path","Hubris","Infinite Spire","Jorbs\u0027s Wanderer Trilogy","Koishi","Lobotomy","Minty Spire (QoL Compilation)","Potionbrewer","Quick Restart","Random Character Button","Replay The Spire","Shade Mod","Shop Mod","Spicy Shops","StSLib","The Animator","The Bug Knight","The Cursed","The Disciple","The Exalted","The Hierophant","The Necromancer","The Servant 0.9.4","Wandering Minibosses"],"gold_per_floor":[115,115,125,51,62,94,94,94,94,94,113,132,163,162,162,162,162],"floor_reached":16,"language":"ENG","playtime":639,"items_purged":[],"score":190,"play_id":"d8d1b3aa-1668-4270-89de-a36a7b78893e","local_time":"20210208084401","is_ascension_mode":true,"campfire_choices":[{"data":"TheCursedMod:HellfireBreathing","floor":8,"key":"SMITH"},{"data":"TheCursedMod:HellfireBreathing","floor":10,"key":"SMITH"},{"data":"TheCursedMod:CircleOfBlood","floor":15,"key":"SMITH"}],"circlet_count":0,"master_deck":["AscendersBane","TheCursedMod:Strike_TheCursed","TheCursedMod:Strike_TheCursed","TheCursedMod:Strike_TheCursed","TheCursedMod:Strike_TheCursed","TheCursedMod:Defend_TheCursed","TheCursedMod:Defend_TheCursed","TheCursedMod:Defend_TheCursed","TheCursedMod:Defend_TheCursed","TheCursedMod:CursedWand","TheCursedMod:CleanUpWorkshop","TheCursedMod:Dregs","TheCursedMod:WearCloak","TheCursedMod:CircleOfCorruption","TheCursedMod:HellfireBreathing+1","TheCursedMod:FleshFromBone","TheCursedMod:HellfireBreathing+1","TheCursedMod:VoidForm","TheCursedMod:TacticalStrike","TheCursedMod:SpitefulPray","TheCursedMod:CircleOfBlood+1"],"relics":["TheCursedMod:BlackMagic101","Eternal Feather","Omamori","WarpedTongs","Replay:Mystery Machine"],"acts_visited":["Exordium"],"potions_floor_usage":[6,14,16],"damage_taken":[{"damage":0,"enemies":"2 Louse","floor":1,"turns":3},{"damage":6,"enemies":"infinitespire:Voidling","floor":3,"turns":4},{"damage":0,"enemies":"Small Slimes","floor":5,"turns":3},{"damage":42,"enemies":"Gremlin Nob","floor":6,"turns":5},{"damage":0,"enemies":"Red Slaver","floor":11,"turns":3},{"damage":7,"enemies":"Exordium Thugs","floor":12,"turns":4},{"damage":16,"enemies":"Replay:BlueRogue","floor":13,"turns":6},{"damage":8,"enemies":"Gremlin Gang","floor":14,"turns":7},{"damage":35,"enemies":"Slime Boss","floor":16,"turns":3}],"seed_played":"-5086452600171330476","potions_obtained":[{"floor":1,"key":"DistilledChaos"},{"floor":5,"key":"AttackPotion"},{"floor":11,"key":"potionbrewer:AcidPotion"},{"floor":12,"key":"DuplicationPotion"}],"is_trial":false,"path_per_floor":["M","?","M","$","M","E","?","R","T","R","M","M","E","M","R","B"],"character_chosen":"THE_CURSED","items_purchased":["TheCursedMod:HellfireBreathing"],"campfire_rested":0,"item_purchase_floors":[4],"current_hp_per_floor":[71,71,70,70,70,28,28,37,37,46,46,39,23,15,27,0,0],"gold":162,"neow_bonus":"TEN_PERCENT_HP_BONUS","is_daily":false,"chose_seed":false,"campfire_upgraded":3,"win_rate":0.0,"timestamp":1612770241,"path_taken":["M","?","?","$","M","E","?","R","T","R","?","M","E","M","R","BOSS"],"items_purchased_type":["Card"],"build_version":"2020-12-22","purchased_purges":0,"victory":false,"max_hp_per_floor":[78,78,78,78,78,78,78,78,78,78,78,78,78,78,78,78,78],"card_choices":[{"not_picked":["TheCursedMod:SpitefulPray","TheCursedMod:Stretching"],"picked":"TheCursedMod:WearCloak","floor":1},{"not_picked":["TheCursedMod:FleshFromBone","TheCursedMod:DoubleShield"],"picked":"TheCursedMod:CircleOfCorruption","floor":3},{"not_picked":["TheCursedMod:CursedBlade","TheCursedMod:CircleOfCorruption"],"picked":"TheCursedMod:FleshFromBone","floor":5},{"not_picked":["TheCursedMod:Stretching","TheCursedMod:Obscuration"],"picked":"TheCursedMod:HellfireBreathing","floor":6},{"not_picked":["TheCursedMod:SpitefulStrike","TheCursedMod:RavingStaff"],"picked":"TheCursedMod:VoidForm","floor":11},{"not_picked":["TheCursedMod:Mangle","TheCursedMod:ManaBullet"],"picked":"TheCursedMod:TacticalStrike","floor":12},{"not_picked":["TheCursedMod:CircleOfFocus","TheCursedMod:SmokeScreen"],"picked":"TheCursedMod:SpitefulPray","floor":13},{"not_picked":["TheCursedMod:Evocation","TheCursedMod:BlessingInDisguise"],"picked":"TheCursedMod:CircleOfBlood","floor":14}],"player_experience":2734827,"relics_obtained":[{"floor":6,"key":"Omamori"},{"floor":13,"key":"Replay:Mystery Machine"}],"event_choices":[{"damage_healed":0,"gold_gain":0,"player_choice":"Gave Potion","damage_taken":0,"relics_obtained":["Eternal Feather"],"max_hp_gain":0,"max_hp_loss":0,"event_name":"WeMeetAgain","floor":2,"gold_loss":0},{"damage_healed":0,"gold_gain":0,"player_choice":"Rummage","damage_taken":0,"relics_obtained":["WarpedTongs"],"max_hp_gain":0,"max_hp_loss":0,"event_name":"Accursed Blacksmith","floor":7,"gold_loss":0,"cards_obtained":["Pain"]}],"is_beta":false,"boss_relics":[],"items_purged_floors":[],"is_endless":false,"potions_floor_spawned":[1,5,11,12],"killed_by":"Slime Boss","ascension_level":14}}