{"host":"2brg86hfzr3u5cix","time":1612755155,"event":{"mods":["AchievementEnabler","Ascension Unlocker","BaseMod","CapriCore","DeckTracker","Highlight Path","Keyboard Shortcuts","Minty Spire (QoL Compilation)","Permanent Neow","Relic Stats","StSLib","Twitch Utils","Uncapped","UnlockEverythingMod"],"gold_per_floor":[114,39,39,39,54,54,80,80,105,122,175,193,32,48,48,48,48],"floor_reached":16,"language":"KOR","playtime":307,"items_purged":["Defend_P"],"score":320,"play_id":"559b1508-9329-430c-85f5-dbf5cc21a448","local_time":"20210208123235","is_ascension_mode":true,"campfire_choices":[{"data":"Eruption","floor":6.0,"key":"SMITH"},{"floor":8.0,"key":"REST"},{"data":"ForeignInfluence","floor":15,"key":"SMITH"}],"circlet_count":0,"master_deck":["AscendersBane","Strike_P","Strike_P","Strike_P","Strike_P","Defend_P","Defend_P","Defend_P","Eruption+1","Vigilance","ForeignInfluence+1","CrushJoints","EmptyBody","Ragnarok","Adaptation","FearNoEvil","EmptyFist"],"relics":["PureWater","NeowsBlessing","Dead Branch","Smiling Mask","Art of War","Akabeko","Membership Card"],"acts_visited":["Exordium"],"potions_floor_usage":[11,11],"damage_taken":[{"damage":0.0,"enemies":"2 Louse","floor":1.0,"turns":1.0},{"damage":0.0,"enemies":"Small Slimes","floor":5.0,"turns":1.0},{"damage":0.0,"enemies":"Lagavulin","floor":7.0,"turns":1.0},{"damage":0.0,"enemies":"Jaw Worm","floor":10.0,"turns":3.0},{"damage":0,"enemies":"Gremlin Nob","floor":11,"turns":1},{"damage":4,"enemies":"Lots of Slimes","floor":12,"turns":4},{"damage":6,"enemies":"Red Slaver","floor":14,"turns":2},{"damage":36,"enemies":"Hexaghost","floor":16,"turns":7}],"seed_played":"1199839556283661600","potions_obtained":[{"floor":5.0,"key":"BlessingOfTheForge"},{"floor":10.0,"key":"Fire Potion"}],"is_trial":false,"path_per_floor":["M","$","?","?","M","R","E","R","T","M","E","M","$","M","R","B"],"character_chosen":"WATCHER","items_purchased":["Membership Card"],"campfire_rested":1,"item_purchase_floors":[13],"current_hp_per_floor":[61,61,61,26,26,26,26,46,46,46,46,42,42,36,36,0,0],"gold":48,"neow_bonus":"THREE_ENEMY_KILL","is_daily":false,"chose_seed":false,"campfire_upgraded":2,"win_rate":0.0,"timestamp":1612755155,"path_taken":["M","$","?","?","M","R","E","R","T","M","E","?","?","M","R","BOSS"],"items_purchased_type":["Relic"],"build_version":"2020-12-22","purchased_purges":1,"victory":false,"max_hp_per_floor":[68,68,68,68,68,68,68,68,68,68,68,68,68,68,68,68,68],"relic_stats":{"counters":[8,20],"Dead Branch":[12],"Art of War":[1],"Smiling Mask":0,"obtain_stats":[{"NeowsBlessing":0,"Dead Branch":4,"Art of War":9,"Membership Card":13,"PureWater":0,"Smiling Mask":7,"Akabeko":11},{"NeowsBlessing":0,"Dead Branch":1,"Art of War":3,"Membership Card":6,"PureWater":0,"Smiling Mask":3,"Akabeko":5},{"NeowsBlessing":0,"Dead Branch":1,"Art of War":3,"Membership Card":11,"PureWater":0,"Smiling Mask":3,"Akabeko":7}]},"card_choices":[{"not_picked":["Crescendo","PathToVictory"],"picked":"ForeignInfluence","floor":1.0},{"not_picked":["SashWhip","FlurryOfBlows"],"picked":"CrushJoints","floor":5.0},{"not_picked":["Consecrate","SandsOfTime"],"picked":"EmptyBody","floor":7.0},{"not_picked":["ClearTheMind","Wireheading"],"picked":"Ragnarok","floor":10.0},{"not_picked":["JustLucky","PathToVictory"],"picked":"Adaptation","floor":11},{"not_picked":["ThirdEye","Sanctity"],"picked":"FearNoEvil","floor":12},{"not_picked":["FearNoEvil","Vengeance"],"picked":"EmptyFist","floor":14}],"player_experience":363371,"relics_obtained":[{"floor":7.0,"key":"Smiling Mask"},{"floor":9.0,"key":"Art of War"},{"floor":11,"key":"Akabeko"}],"event_choices":[{"damage_healed":0.0,"max_hp_gain":0.0,"max_hp_loss":0.0,"gold_gain":0.0,"event_name":"Liars Game","player_choice":"Ignored","floor":3.0,"gold_loss":0.0,"damage_taken":0.0},{"damage_healed":0.0,"max_hp_gain":0.0,"max_hp_loss":0.0,"gold_gain":0.0,"event_name":"Scrap Ooze","player_choice":"Success","floor":4.0,"gold_loss":0.0,"damage_taken":35.0,"relics_obtained":["Dead Branch"]}],"is_beta":false,"boss_relics":[],"items_purged_floors":[2],"is_endless":false,"potions_floor_spawned":[5,10],"killed_by":"Hexaghost","ascension_level":20}}