{"host":"oigynbtg272c19pw","time":1612782497,"event":{"mods":["BaseMod","Colored Map","Minty Spire (QoL Compilation)","Relic Stats","Slay the Relics Exporter","StSLib"],"gold_per_floor":[111,111,0,18,18,18,52,52,52,77,77,97,122,160,160,251,251,264,264,279,298,309,309,329,329],"floor_reached":24,"playtime":1047,"items_purged":["Strike_P"],"score":466,"play_id":"dffb9059-d9ec-49d9-af43-ffe0f91643c4","local_time":"20210208120817","is_ascension_mode":true,"campfire_choices":[{"floor":6.0,"key":"REST"},{"data":"TalkToTheHand","floor":8.0,"key":"SMITH"},{"data":"Adaptation","floor":11.0,"key":"SMITH"},{"data":"Eruption","floor":15,"key":"SMITH"},{"floor":23,"key":"REST"}],"circlet_count":0,"master_deck":["AscendersBane","Strike_P+1","Defend_P","Defend_P","Defend_P","Eruption+1","Vigilance","FlurryOfBlows","Adaptation+1","TalkToTheHand+1","DeusExMachina","CutThroughFate","Weave","CutThroughFate","InnerPeace","DevaForm","ClearTheMind+1","Wireheading+1","Establishment+1","CutThroughFate","MentalFortress","Adaptation","ForeignInfluence+1"],"relics":["PureWater","NeowsBlessing","Bloody Idol","Anchor","Orichalcum","Vajra","Astrolabe"],"acts_visited":["Exordium","TheCity"],"potions_floor_usage":[18,18,24,24],"damage_taken":[{"damage":0.0,"enemies":"Jaw Worm","floor":1.0,"turns":1.0},{"damage":0.0,"enemies":"Cultist","floor":4.0,"turns":1.0},{"damage":0.0,"enemies":"3 Sentries","floor":7.0,"turns":1.0},{"damage":0.0,"enemies":"Small Slimes","floor":10.0,"turns":4.0},{"damage":0,"enemies":"Looter","floor":12,"turns":2},{"damage":4,"enemies":"Gremlin Gang","floor":13,"turns":4},{"damage":5,"enemies":"Lagavulin","floor":14,"turns":6},{"damage":13,"enemies":"The Guardian","floor":16,"turns":9},{"damage":8,"enemies":"Shell Parasite","floor":18,"turns":4},{"damage":12,"enemies":"2 Thieves","floor":20,"turns":4},{"damage":22,"enemies":"Snake Plant","floor":21,"turns":6},{"damage":20,"enemies":"Centurion and Healer","floor":22,"turns":5},{"damage":45,"enemies":"Slavers","floor":24,"turns":3}],"seed_played":"2517619854977068593","potions_obtained":[{"floor":1.0,"key":"BottledMiracle"},{"floor":7.0,"key":"SneckoOil"},{"floor":10.0,"key":"BottledMiracle"},{"floor":14,"key":"Dexterity Potion"},{"floor":18,"key":"FearPotion"},{"floor":22,"key":"LiquidBronze"}],"is_trial":false,"path_per_floor":["M","?","$","M","?","R","E","R","T","M","R","M","M","E","R","B",null,"M","?","M","M","M","R","E"],"character_chosen":"WATCHER","items_purchased":["Adaptation"],"campfire_rested":2,"item_purchase_floors":[3],"current_hp_per_floor":[61,41,41,41,18,38,38,38,38,38,38,38,34,29,29,16,55,47,47,45,28,13,33,0,0],"gold":329,"neow_bonus":"THREE_ENEMY_KILL","is_daily":false,"chose_seed":false,"campfire_upgraded":3,"win_rate":0.0,"timestamp":1612782497,"path_taken":["M","?","$","M","?","R","E","R","T","M","R","M","M","E","R","BOSS","M","?","M","M","M","R","E"],"items_purchased_type":["Card"],"build_version":"2020-12-13","purchased_purges":1,"victory":false,"max_hp_per_floor":[68,68,68,68,68,68,68,68,68,68,68,68,68,68,68,68,68,68,68,68,68,68,68,68,68],"relic_stats":{"counters":[13,50],"Bloody Idol":25,"Astrolabe":["ClearTheMind","Wireheading","Establishment"],"Orichalcum":[12],"obtain_stats":[{"Anchor":7,"NeowsBlessing":0,"Golden Idol":5,"Astrolabe":17,"Bloody Idol":19,"Vajra":14,"PureWater":0,"Orichalcum":9},{"Anchor":3,"NeowsBlessing":0,"Golden Idol":2,"Astrolabe":8,"Bloody Idol":9,"Vajra":7,"PureWater":0,"Orichalcum":3},{"Anchor":3,"NeowsBlessing":0,"Golden Idol":2,"Astrolabe":28,"Bloody Idol":32,"Vajra":19,"PureWater":0,"Orichalcum":3}]},"card_choices":[{"not_picked":["SignatureMove","BowlingBash"],"picked":"FlurryOfBlows","floor":1.0},{"not_picked":["Prostrate","Nirvana"],"picked":"TalkToTheHand","floor":4.0},{"not_picked":["Wish","Crescendo"],"picked":"DeusExMachina","floor":7.0},{"not_picked":["Study","BattleHymn"],"picked":"CutThroughFate","floor":10.0},{"not_picked":["Consecrate","CutThroughFate"],"picked":"Weave","floor":12},{"not_picked":["EmptyMind","Halt"],"picked":"CutThroughFate","floor":13},{"not_picked":["EmptyBody","Devotion"],"picked":"InnerPeace","floor":14},{"not_picked":["Establishment","DeusExMachina"],"picked":"DevaForm","floor":16},{"not_picked":["Crescendo","PathToVictory"],"picked":"CutThroughFate","floor":18},{"not_picked":["Consecrate","ThirdEye"],"picked":"MentalFortress","floor":20},{"not_picked":["FollowUp","Evaluate"],"picked":"Adaptation","floor":21},{"not_picked":["Evaluate","SignatureMove"],"picked":"ForeignInfluence+1","floor":22}],"player_experience":1562003,"relics_obtained":[{"floor":7.0,"key":"Anchor"},{"floor":9.0,"key":"Orichalcum"},{"floor":14,"key":"Vajra"}],"event_choices":[{"damage_healed":0.0,"max_hp_gain":0.0,"max_hp_loss":0.0,"gold_gain":0.0,"event_name":"Shining Light","player_choice":"Entered Light","floor":2.0,"gold_loss":0.0,"damage_taken":20.0,"cards_upgraded":["Strike_P","Strike_P"]},{"damage_healed":0.0,"max_hp_gain":0.0,"max_hp_loss":0.0,"gold_gain":0.0,"event_name":"Golden Idol","player_choice":"Take Damage","floor":5.0,"gold_loss":0.0,"damage_taken":23.0,"relics_obtained":["Golden Idol"]},{"damage_healed":0,"gold_gain":0,"player_choice":"Gave Idol","damage_taken":0,"relics_obtained":["Bloody Idol"],"max_hp_gain":0,"max_hp_loss":0,"event_name":"Forgotten Altar","floor":19,"relics_lost":["Golden Idol"],"gold_loss":0}],"is_beta":false,"boss_relics":[{"not_picked":["Black Star","Sozu"],"picked":"Astrolabe"}],"items_purged_floors":[3],"is_endless":false,"potions_floor_spawned":[1,7,10,14,16,18,22],"killed_by":"Slavers","ascension_level":20}}