{"host":"j4nfyhit1dl35m08","time":1612822019,"event":{"mods":["BaseMod","Downfall","Highlight Path","Minty Spire (QoL Compilation)","StSLib"],"gold_per_floor":[99,110,124,141,155,185,185,212,112,135,435,510,510,530,542,621,621,621,621,384,399,415,415,415,444,444,459,359,389,389,399,409,480,480,480,497,514,530,575,148,148,148,148,173,173,200,200,228,128,128,128,162,11,11,11,11],"floor_reached":57,"language":"ENG","playtime":9104,"items_purged":["downfall:Icky","downfall:Icky"],"score":1954,"play_id":"089a89b9-1278-4c31-a9d4-0c6156deb3eb","local_time":"20210208160659","is_ascension_mode":true,"campfire_choices":[{"floor":1.0,"key":"RECALL"},{"floor":9.0,"key":"REST"},{"data":"bronze:Invalidate","floor":13.0,"key":"SMITH"},{"data":"bronze:Verify","floor":18.0,"key":"SMITH"},{"floor":28.0,"key":"REST"},{"floor":30,"key":"REST"},{"data":"bronze:Fortify","floor":35,"key":"SMITH"},{"floor":43,"key":"REST"},{"floor":45,"key":"DIG"},{"floor":47,"key":"DIG"},{"floor":49,"key":"REST"},{"floor":54,"key":"DIG"}],"circlet_count":0,"master_deck":["AscendersBane","bronze:Strike","bronze:Defend","bronze:Defend","bronze:Defend","bronze:Defend","bronze:Replicate","bronze:Goto","bronze:Overheat","bronze:WhirlingStrike","bronze:CutThrough","bronze:Frontload","bronze:FindAndReplace","bronze:Invalidate+1","bronze:Constructor","bronze:ItsAFeature","bronze:Deprecate","bronze:Verify+1","bronze:Invalidate+1","bronze:Flail+1","bronze:InfiniteBeams+1","bronze:DarkDash+1","bronze:ForLoop+1","bronze:Assembly","bronze:Shell","bronze:Turbo","Ghostly","Ghostly","Ghostly","Ghostly","Ghostly","bronze:Fortify+1","bronze:Boost+1","bronze:BuggyMess","bronze:MaxOutput+1","bronze:Frontload","bronze:SpaghettiCode","Parasite","bronze:Boost+1","bronze:ChildClass","bronze:CloningBeam","bronze:ChildClass","bronze:Return+1","bronze:Terminator"],"relics":["Philosopher\u0027s Stone","Centennial Puzzle","Strawberry","Darkstone Periapt","downfall:HeartBlessingRed","Odd Mushroom","Astrolabe","Orrery","bronze:ProtectiveGoggles","downfall:HeartBlessingBlue","Nunchaku","SlaversCollar","Torii","TheAbacus","Meat on the Bone","Shovel","bronze:Mallet","Orichalcum","bronze:Timepiece","Bird Faced Urn","downfall:HeartBlessingGreen","Mercury Hourglass","Bag of Preparation","bronze:DecasWashers"],"acts_visited":["Exordium","TheCity","TheBeyond","TheEnding"],"potions_floor_usage":[33,33,50,50],"damage_taken":[{"damage":0.0,"enemies":"Jaw Worm","floor":2.0,"turns":4.0},{"damage":0.0,"enemies":"Small Slimes","floor":3.0,"turns":2.0},{"damage":0.0,"enemies":"Cultist","floor":4.0,"turns":3.0},{"damage":0.0,"enemies":"Large Slime","floor":5.0,"turns":5.0},{"damage":20.0,"enemies":"3 Sentries","floor":6.0,"turns":7.0},{"damage":22.0,"enemies":"Gremlin Nob","floor":8.0,"turns":4.0},{"damage":9.0,"enemies":"The Mushroom Lair","floor":10.0,"turns":3.0},{"damage":11.0,"enemies":"3 Louse","floor":14.0,"turns":2.0},{"damage":0.0,"enemies":"Exordium Wildlife","floor":15.0,"turns":2.0},{"damage":22.0,"enemies":"WA_ARCHETYPE_RETAIN","floor":16.0,"turns":9.0},{"damage":0.0,"enemies":"downfall:FleeingMerchant","floor":20.0,"turns":4.0},{"damage":33.0,"enemies":"Shell Parasite","floor":21.0,"turns":7.0},{"damage":2.0,"enemies":"3 Byrds","floor":22.0,"turns":4.0},{"damage":19.0,"enemies":"Gremlin Leader","floor":25.0,"turns":9.0},{"damage":9.0,"enemies":"3 Cultists","floor":27.0,"turns":3.0},{"damage":21.0,"enemies":"Book of Stabbing","floor":29.0,"turns":7.0},{"damage":3,"enemies":"Snake Plant","floor":31,"turns":5},{"damage":1,"enemies":"Sentry and Sphere","floor":32,"turns":7},{"damage":7,"enemies":"SI_MIRROR_ARCHETYPE","floor":33,"turns":8},{"damage":2,"enemies":"3 Darklings","floor":36,"turns":5},{"damage":0,"enemies":"3 Shapes","floor":37,"turns":4},{"damage":5,"enemies":"Writhing Mass","floor":38,"turns":7},{"damage":41,"enemies":"2 Orb Walkers","floor":39,"turns":8},{"damage":0,"enemies":"downfall:FleeingMerchant","floor":40,"turns":4},{"damage":2,"enemies":"downfall:FleeingMerchant","floor":44,"turns":8},{"damage":11,"enemies":"Nemesis","floor":46,"turns":7},{"damage":0,"enemies":"Giant Head","floor":48,"turns":7},{"damage":23,"enemies":"IC_BLOCK_ARCHETYPE","floor":50,"turns":13},{"damage":10,"enemies":"downfall:CharBossMerchant","floor":52,"turns":10},{"damage":0,"enemies":"downfall:NeowBoss","floor":55,"turns":14},{"damage":1,"enemies":"downfall:NeowBossFinal","floor":56,"turns":13}],"seed_played":"5522032843860439237","potions_obtained":[{"floor":2.0,"key":"BlessingOfTheForge"},{"floor":5.0,"key":"PowerPotion"},{"floor":12.0,"key":"downfall:CursedFountainPotion"},{"floor":14.0,"key":"bronze:BurnAndBuffPotion"},{"floor":21.0,"key":"AttackPotion"},{"floor":29,"key":"Regen Potion"},{"floor":52,"key":"DistilledChaos"}],"is_trial":false,"path_per_floor":["R","M","M","M","M","E","T","E","R","?","?","?","R","M","M","B",null,"R","?","$","M","M","?","T","E","?","M","R","E","R","M","M","B",null,"R","M","M","M","?","$","T","?","R","?","R","E","R","E","R","B",null,"E","$","R","B","B",null],"character_chosen":"THE_AUTOMATON","items_purchased":["Orrery","TheAbacus","bronze:ClassDefault","PowerPotion","Swift Potion","Bag of Preparation"],"campfire_rested":5,"item_purchase_floors":[20,40,40,40,40,53],"current_hp_per_floor":[57,57,57,57,57,37,44,22,43,34,46,82,82,71,71,49,74,74,74,74,41,39,39,39,20,20,11,36,15,30,27,26,34,47,47,45,45,46,5,5,5,5,22,32,32,33,33,33,50,35,52,50,50,50,57,57],"gold":11,"neow_bonus":"BOSS_RELIC","is_daily":false,"chose_seed":false,"campfire_upgraded":3,"win_rate":0.0,"timestamp":1612822019,"path_taken":["R","M","M","M","M","E","T","E","R","?","?","?","R","?","M","BOSS","R","?","$","M","M","?","T","E","?","?","R","E","R","?","M","BOSS","R","M","M","M","?","$","T","?","R","?","R","E","R","E","R","BOSS","E","$","R","BOSS","BOSS"],"items_purchased_type":["Relic","Relic","Card","Potion","Potion","Relic"],"build_version":"2020-12-22","purchased_purges":2,"victory":true,"max_hp_per_floor":[63,63,63,63,63,63,70,70,70,70,82,82,82,82,82,82,82,82,82,82,82,82,41,41,41,41,41,51,51,51,51,51,51,51,51,51,51,57,57,57,57,57,57,57,57,57,57,57,57,57,57,57,57,57,57,57],"card_choices":[{"not_picked":["bronze:BronzeOrb","bronze:MaxOutput"],"picked":"bronze:Overheat","floor":2.0},{"not_picked":["bronze:BitShift","bronze:BugBarrage"],"picked":"bronze:WhirlingStrike","floor":3.0},{"not_picked":["bronze:ForLoop","bronze:BitShift"],"picked":"bronze:CutThrough","floor":4.0},{"not_picked":["bronze:ItsAFeature","bronze:Philosophize"],"picked":"bronze:Frontload","floor":5.0},{"not_picked":["bronze:CutThrough","bronze:OilSpill"],"picked":"bronze:FindAndReplace","floor":6.0},{"not_picked":["bronze:WildBeam","bronze:Shield"],"picked":"bronze:Invalidate","floor":8.0},{"not_picked":["bronze:Repulsor","bronze:CutThrough"],"picked":"bronze:Constructor","floor":10.0},{"not_picked":["bronze:Overheat","bronze:ShipIt"],"picked":"bronze:ItsAFeature","floor":14.0},{"not_picked":["bronze:Separator","bronze:WildBeam"],"picked":"bronze:Deprecate","floor":15.0},{"not_picked":["bronze:CleanCode","bronze:ThunderWave"],"picked":"bronze:Verify","floor":16.0},{"not_picked":["bronze:Overheat","bronze:Allocate","bronze:Invalidate+1"],"picked":"SKIP","floor":20.0},{"not_picked":["bronze:GetLatest","bronze:Overload"],"picked":"bronze:DarkDash+1","floor":20.0},{"not_picked":["bronze:Deprecate","bronze:Frontload"],"picked":"bronze:ForLoop+1","floor":20.0},{"not_picked":["bronze:MaxOutput","bronze:Overheat"],"picked":"bronze:Assembly","floor":20.0},{"not_picked":["bronze:Iterate","bronze:Frontload"],"picked":"bronze:Shell","floor":21.0},{"not_picked":["bronze:Iterate","bronze:Overheat"],"picked":"bronze:Turbo","floor":22.0},{"not_picked":["bronze:Mutator","bronze:BuggyMess"],"picked":"bronze:Fortify","floor":25.0},{"not_picked":["bronze:DelayedSlice+1","bronze:Turbo"],"picked":"bronze:Boost+1","floor":27.0},{"not_picked":["bronze:BugBarrage","bronze:Allocate"],"picked":"bronze:BuggyMess","floor":29},{"not_picked":["bronze:Overheat","bronze:FindAndReplace"],"picked":"bronze:MaxOutput+1","floor":31},{"not_picked":["bronze:Safeguard","bronze:Separator+1"],"picked":"bronze:Frontload","floor":32},{"not_picked":["bronze:CleanCode","bronze:InfiniteLoop"],"picked":"bronze:SpaghettiCode","floor":33},{"not_picked":["bronze:Invalidate","bronze:DelayedGuard","bronze:Frontload"],"picked":"SKIP","floor":36},{"not_picked":["bronze:DelayedGuard","bronze:BugBarrage","bronze:Shield"],"picked":"SKIP","floor":37},{"not_picked":["bronze:Deprecate+1","bronze:Library"],"picked":"bronze:Boost+1","floor":38},{"not_picked":["bronze:Constructor","bronze:DelayedGuard"],"picked":"bronze:ChildClass","floor":39},{"not_picked":["bronze:Philosophize","bronze:WildBeam"],"picked":"bronze:CloningBeam","floor":40},{"not_picked":["bronze:InfiniteBeams","bronze:BugBarrage"],"picked":"bronze:ChildClass","floor":44},{"not_picked":["bronze:DarkDash","bronze:FineTuning+1","bronze:Branch"],"picked":"SKIP","floor":46},{"not_picked":["bronze:Shield","bronze:Format"],"picked":"bronze:Return+1","floor":48},{"not_picked":["bronze:CutThrough","bronze:WildBeam"],"picked":"bronze:Terminator","floor":52}],"player_experience":487034,"relics_obtained":[{"floor":6.0,"key":"Centennial Puzzle"},{"floor":7.0,"key":"Strawberry"},{"floor":8.0,"key":"Darkstone Periapt"},{"floor":10.0,"key":"Odd Mushroom"},{"floor":25.0,"key":"bronze:ProtectiveGoggles"},{"floor":29,"key":"Nunchaku"},{"floor":39,"key":"Torii"},{"floor":41,"key":"Meat on the Bone"},{"floor":44,"key":"Shovel"},{"floor":45,"key":"bronze:Mallet"},{"floor":46,"key":"Orichalcum"},{"floor":47,"key":"bronze:Timepiece"},{"floor":48,"key":"Bird Faced Urn"},{"floor":52,"key":"Mercury Hourglass"},{"floor":54,"key":"bronze:DecasWashers"}],"event_choices":[{"damage_healed":0.0,"max_hp_gain":0.0,"max_hp_loss":0.0,"gold_gain":0.0,"event_name":"Mushrooms","player_choice":"Fought Mushrooms","floor":10.0,"gold_loss":0.0,"damage_taken":0.0},{"damage_healed":0.0,"max_hp_gain":0.0,"max_hp_loss":41.0,"gold_gain":0.0,"event_name":"Ghosts","player_choice":"Became a Ghost","floor":23.0,"gold_loss":0.0,"damage_taken":0.0,"cards_obtained":["Ghostly","Ghostly","Ghostly","Ghostly","Ghostly"]},{"damage_healed":0,"gold_gain":0,"player_choice":"Fight","damage_taken":0,"max_hp_gain":0,"max_hp_loss":0,"event_name":"Mysterious Sphere","floor":39,"gold_loss":0},{"cards_removed":["bronze:ClassDefault"],"damage_healed":0,"gold_gain":0,"player_choice":"Removed Power","damage_taken":0,"max_hp_gain":0,"max_hp_loss":0,"event_name":"Falling","floor":42,"gold_loss":0}],"is_beta":false,"boss_relics":[{"not_picked":["bronze:ElectromagneticCoil","Black Star"],"picked":"Astrolabe"},{"not_picked":["Runic Pyramid","Pandora\u0027s Box"],"picked":"SlaversCollar"}],"items_purged_floors":[20,40],"is_endless":false,"potions_floor_spawned":[2,5,14,21,29,31,32,44,46,48,52],"ascension_level":14}}