{"host":"c0rqchpxu0yjpthq","time":1612768049,"event":{"mods":["BaseMod","Challenge The Spire","HololiveMod","Minty Spire (QoL Compilation)","Relic Stats","Spicy Shops","StSLib"],"gold_per_floor":[116,129,129,129,31,63,76,107,154,154,187,35,100,130,130,254,254,274,293,293,653,673,704,30,44,70,70,95,107,107,124,124,228,228,240,67,67,77,94,113,146,146,173,202,202,233,286,312,312,312,312,312,4,37,37],"floor_reached":56,"language":"ZHS","playtime":2798,"items_purged":[],"score":1616,"play_id":"7ef64d35-6a27-42fe-9177-9334d0f87b64","local_time":"20210208150729","is_ascension_mode":true,"campfire_choices":[{"floor":15.0,"key":"REST"},{"floor":27.0,"key":"REST"},{"data":"1","floor":30.0,"key":"LIFT"},{"data":"2","floor":32.0,"key":"LIFT"},{"data":"3","floor":42.0,"key":"LIFT"},{"floor":49,"key":"RECALL"},{"data":"After Image","floor":52,"key":"SMITH"}],"circlet_count":0,"master_deck":["Strike_G","Strike_G","Strike_G","Strike_G","Strike_G+1","Defend_G","Defend_G","Defend_G+1","Defend_G+1","Survivor","Neutralize","Infinite Blades+1","Glass Knife","Backstab","Escape Plan","A Thousand Cuts","Outmaneuver+1","Backstab","Blade Dance+1","Bullet Time+1","Outmaneuver+1","After Image+1","Blade Dance","Noxious Fumes","Madness","Madness","Escape Plan+1","Backstab+1","Masterful Stab+1","Finisher"],"relics":["Ring of the Snake","NeowsBlessing","Pantograph","Bag of Marbles","Bag of Preparation","PreservedInsect","Happy Flower","Ice Cream","WristBlade","Girya","Shuriken","White Beast Statue","TungstenRod","MealTicket","Juzu Bracelet","Black Star","Membership Card","Ninja Scroll","Vajra","Snake Skull","Ginger","Dream Catcher","War Paint","Boot","Bird Faced Urn","Tough Bandages","Incense Burner","Lizard Tail","Medical Kit","Hololive_LightStick","Lantern","Anchor"],"acts_visited":["Exordium","TheCity","TheBeyond","TheEnding"],"potions_floor_usage":[44,47,50,50,50,55],"damage_taken":[{"damage":0.0,"enemies":"Jaw Worm","floor":1.0,"turns":1.0},{"damage":0.0,"enemies":"2 Louse","floor":2.0,"turns":1.0},{"damage":0.0,"enemies":"Gremlin Nob","floor":6.0,"turns":1.0},{"damage":0.0,"enemies":"Small Slimes","floor":7.0,"turns":3.0},{"damage":9.0,"enemies":"3 Sentries","floor":8.0,"turns":7.0},{"damage":25.0,"enemies":"Gremlin Nob","floor":11.0,"turns":4.0},{"damage":0.0,"enemies":"Gremlin Nob","floor":13.0,"turns":2.0},{"damage":15.0,"enemies":"3 Sentries","floor":14.0,"turns":5.0},{"damage":7.0,"enemies":"Slime Boss","floor":16.0,"turns":7.0},{"damage":10.0,"enemies":"Shell Parasite","floor":18.0,"turns":4.0},{"damage":0.0,"enemies":"Chosen","floor":19.0,"turns":3.0},{"damage":0.0,"enemies":"Centurion and Healer","floor":22.0,"turns":5.0},{"damage":0.0,"enemies":"Book of Stabbing","floor":23.0,"turns":3.0},{"damage":0.0,"enemies":"Snake Plant","floor":25.0,"turns":1.0},{"damage":0.0,"enemies":"Gremlin Leader","floor":28.0,"turns":2.0},{"damage":8.0,"enemies":"Chosen and Byrds","floor":29.0,"turns":3.0},{"damage":0.0,"enemies":"Cultist and Chosen","floor":31.0,"turns":3.0},{"damage":19.0,"enemies":"Automaton","floor":33.0,"turns":4.0},{"damage":0.0,"enemies":"Orb Walker","floor":35.0,"turns":1.0},{"damage":0.0,"enemies":"3 Darklings","floor":38.0,"turns":2.0},{"damage":0.0,"enemies":"Sphere and 2 Shapes","floor":39.0,"turns":2.0},{"damage":2.0,"enemies":"4 Shapes","floor":40.0,"turns":3.0},{"damage":0.0,"enemies":"Reptomancer","floor":41.0,"turns":2.0},{"damage":0,"enemies":"Giant Head","floor":44,"turns":2},{"damage":0,"enemies":"Reptomancer","floor":46,"turns":1},{"damage":0,"enemies":"2 Orb Walkers","floor":47,"turns":2},{"damage":0,"enemies":"Nemesis","floor":48,"turns":1},{"damage":28,"enemies":"Donu and Deca","floor":50,"turns":6},{"damage":0,"enemies":"Shield and Spear","floor":54,"turns":2},{"damage":124,"enemies":"The Heart","floor":55,"turns":7}],"seed_played":"4649495720254769225","potions_obtained":[{"floor":6.0,"key":"SkillPotion"},{"floor":7.0,"key":"FearPotion"},{"floor":8.0,"key":"Energy Potion"},{"floor":11.0,"key":"ColorlessPotion"},{"floor":19.0,"key":"DuplicationPotion"},{"floor":22.0,"key":"Swift Potion"},{"floor":23.0,"key":"AttackPotion"},{"floor":25.0,"key":"Strength Potion"},{"floor":28.0,"key":"GhostInAJar"},{"floor":29.0,"key":"SteroidPotion"},{"floor":31.0,"key":"CultistPotion"},{"floor":33.0,"key":"Swift Potion"},{"floor":35.0,"key":"DuplicationPotion"},{"floor":38.0,"key":"AttackPotion"},{"floor":39.0,"key":"Regen Potion"},{"floor":40.0,"key":"CultistPotion"},{"floor":41.0,"key":"Block Potion"},{"floor":44,"key":"Ancient Potion"},{"floor":47,"key":"EssenceOfSteel"},{"floor":48,"key":"GhostInAJar"},{"floor":54,"key":"SteroidPotion"}],"is_trial":false,"path_per_floor":["M","M","?","?","$","E","M","E","T","?","E","$","?","E","R","B",null,"M","M","?","?","M","E","$","M","T","R","E","M","R","M","R","B",null,"M","$","?","M","M","M","E","R","T","E","?","E","?","E","R","B",null,"R","$","E","B",null],"character_chosen":"THE_SILENT","items_purchased":["Fruit Juice","PreservedInsect","Shuriken","White Beast Statue","TungstenRod","Membership Card","Noxious Fumes","Lizard Tail","Medical Kit","Hololive_LightStick"],"campfire_rested":2,"item_purchase_floors":[5,12,24,24,24,36,36,53,53,53],"current_hp_per_floor":[70,70,70,56,61,61,61,52,52,57,32,32,32,17,41,59,80,70,70,70,34,34,34,34,34,34,58,58,50,50,50,50,56,80,80,80,71,71,71,78,78,78,78,78,78,78,78,80,80,56,80,80,80,80,9],"gold":37,"neow_bonus":"THREE_ENEMY_KILL","is_daily":false,"chose_seed":false,"campfire_upgraded":1,"win_rate":0.0,"timestamp":1612768049,"path_taken":["M","M","?","?","?","E","M","E","T","?","E","$","?","E","R","BOSS","M","M","?","?","?","E","$","?","T","R","E","M","R","M","R","BOSS","M","$","?","M","M","M","E","R","T","E","?","E","?","E","R","BOSS","R","$","E","BOSS"],"items_purchased_type":["Potion","Relic","Relic","Relic","Relic","Relic","Card","Relic","Relic","Relic"],"build_version":"2020-12-22","purchased_purges":0,"victory":true,"max_hp_per_floor":[70,70,70,70,75,75,75,75,75,80,80,80,80,80,80,80,80,80,80,80,80,80,80,80,80,80,80,80,80,80,80,80,80,80,80,80,80,80,80,80,80,80,80,80,80,80,80,80,80,80,80,80,80,80,80],"relic_stats":{"Happy Flower":[23],"counters":[30,90],"PreservedInsect":496,"Snake Skull":[9],"Bag of Preparation":[34],"Juzu Bracelet":0,"Ginger":[2],"War Paint":["Bullet Time","Defend_G"],"Boot":[3],"Medical Kit":[3],"Dream Catcher":0,"Tough Bandages":[3],"Lizard Tail":40,"Shuriken":[53],"Pantograph":50,"Bird Faced Urn":[8],"MealTicket":0,"Black Star":5,"obtain_stats":[{"Ice Cream":14,"Lantern":54,"Vajra":41,"Snake Skull":43,"Bag of Preparation":11,"Juzu Bracelet":28,"Incense Burner":48,"Ginger":44,"Boot":46,"Dream Catcher":44,"Tough Bandages":48,"Lizard Tail":53,"WristBlade":17,"Ninja Scroll":41,"Pantograph":6,"MealTicket":26,"Ring of the Snake":0,"Girya":23,"NeowsBlessing":0,"Happy Flower":13,"PreservedInsect":12,"War Paint":46,"Medical Kit":53,"White Beast Statue":24,"Hololive_LightStick":53,"Anchor":54,"Shuriken":24,"Bird Faced Urn":47,"Bag of Marbles":8,"Black Star":34,"Membership Card":36,"TungstenRod":24},{"Ice Cream":8,"Lantern":29,"Vajra":23,"Snake Skull":23,"Bag of Preparation":6,"Juzu Bracelet":15,"Incense Burner":27,"Ginger":24,"Boot":25,"Dream Catcher":24,"Tough Bandages":27,"Lizard Tail":28,"WristBlade":9,"Ninja Scroll":23,"Pantograph":3,"MealTicket":14,"Ring of the Snake":0,"Girya":13,"NeowsBlessing":0,"Happy Flower":7,"PreservedInsect":6,"War Paint":25,"Medical Kit":28,"White Beast Statue":13,"Hololive_LightStick":28,"Anchor":29,"Shuriken":13,"Bird Faced Urn":26,"Bag of Marbles":5,"Black Star":18,"Membership Card":19,"TungstenRod":13},{"Ice Cream":24,"Lantern":83,"Vajra":69,"Snake Skull":69,"Bag of Preparation":17,"Juzu Bracelet":49,"Incense Burner":75,"Ginger":71,"Boot":72,"Dream Catcher":71,"Tough Bandages":75,"Lizard Tail":81,"WristBlade":31,"Ninja Scroll":69,"Pantograph":3,"MealTicket":47,"Ring of the Snake":0,"Girya":46,"NeowsBlessing":0,"Happy Flower":19,"PreservedInsect":17,"War Paint":72,"Medical Kit":81,"White Beast Statue":46,"Hololive_LightStick":81,"Anchor":83,"Shuriken":46,"Bird Faced Urn":74,"Bag of Marbles":13,"Black Star":59,"Membership Card":60,"TungstenRod":46}],"TungstenRod":32,"Ring of the Snake":[60]},"card_choices":[{"not_picked":["Slice","Predator","Bouncing Flask"],"picked":"SKIP","floor":1.0},{"not_picked":["Acrobatics","Deadly Poison"],"picked":"Infinite Blades","floor":2.0},{"not_picked":["Blade Dance","Tactician"],"picked":"Glass Knife","floor":6.0},{"not_picked":["Backflip","Endless Agony"],"picked":"Backstab","floor":7.0},{"not_picked":["Deflect","Endless Agony"],"picked":"Escape Plan","floor":8.0},{"not_picked":["Skewer","Poisoned Stab","Blade Dance"],"picked":"SKIP","floor":11.0},{"not_picked":["Sucker Punch","Leg Sweep","Prepared"],"picked":"SKIP","floor":14.0},{"not_picked":["Phantasmal Killer","Tools of the Trade"],"picked":"A Thousand Cuts","floor":16.0},{"not_picked":["Sucker Punch+1","Outmaneuver","Backflip"],"picked":"SKIP","floor":18.0},{"not_picked":["Sucker Punch+1","Dagger Throw"],"picked":"Outmaneuver+1","floor":19.0},{"not_picked":["Deadly Poison+1","Quick Slash"],"picked":"Blade Dance+1","floor":22.0},{"not_picked":["Outmaneuver","Venomology"],"picked":"Bullet Time","floor":23.0},{"not_picked":["Acrobatics+1","Backflip"],"picked":"Outmaneuver+1","floor":25.0},{"not_picked":["Poisoned Stab","Underhanded Strike","Dagger Throw"],"picked":"SKIP","floor":28.0},{"not_picked":["A Thousand Cuts","Dagger Throw+1","Acrobatics"],"picked":"SKIP","floor":29.0},{"not_picked":["Deflect","Flying Knee","Poisoned Stab"],"picked":"SKIP","floor":31.0},{"not_picked":["Burst","Tools of the Trade"],"picked":"After Image","floor":33.0},{"not_picked":["Slice","Underhanded Strike+1"],"picked":"Blade Dance","floor":35.0},{"not_picked":["Deadly Poison","PiercingWail","Skewer+1"],"picked":"SKIP","floor":38.0},{"not_picked":["Slice","Bane"],"picked":"Escape Plan+1","floor":39.0},{"not_picked":["Dodge and Roll+1","Underhanded Strike+1","PiercingWail+1"],"picked":"SKIP","floor":40.0},{"not_picked":["Prepared","Glass Knife","Skewer+1"],"picked":"SKIP","floor":41.0},{"not_picked":["Expertise","Prepared+1","Glass Knife"],"picked":"SKIP","floor":44},{"not_picked":["PiercingWail","Poisoned Stab","Dagger Throw"],"picked":"SKIP","floor":46},{"not_picked":["Prepared+1","Dagger Spray+1"],"picked":"Backstab+1","floor":47},{"not_picked":["All Out Attack+1","Acrobatics"],"picked":"Masterful Stab+1","floor":48},{"not_picked":["Deadly Poison","Reflex+1"],"picked":"Finisher","floor":54}],"player_experience":38644,"relics_obtained":[{"floor":6.0,"key":"Pantograph"},{"floor":8.0,"key":"Bag of Marbles"},{"floor":11.0,"key":"Bag of Preparation"},{"floor":13.0,"key":"Happy Flower"},{"floor":14.0,"key":"Ice Cream"},{"floor":23.0,"key":"Girya"},{"floor":26.0,"key":"MealTicket"},{"floor":28.0,"key":"Juzu Bracelet"},{"floor":41.0,"key":"Ninja Scroll"},{"floor":41.0,"key":"Vajra"},{"floor":43.0,"key":"Snake Skull"},{"floor":44,"key":"Ginger"},{"floor":44,"key":"Dream Catcher"},{"floor":46,"key":"War Paint"},{"floor":46,"key":"Boot"},{"floor":47,"key":"Bird Faced Urn"},{"floor":48,"key":"Tough Bandages"},{"floor":48,"key":"Incense Burner"},{"floor":54,"key":"Lantern"},{"floor":54,"key":"Anchor"}],"event_choices":[{"damage_healed":0.0,"max_hp_gain":0.0,"max_hp_loss":0.0,"gold_gain":0.0,"event_name":"Living Wall","player_choice":"Grow","floor":3.0,"gold_loss":0.0,"damage_taken":0.0,"cards_upgraded":["Infinite Blades"]},{"damage_healed":0.0,"max_hp_gain":0.0,"max_hp_loss":0.0,"gold_gain":0.0,"event_name":"Shining Light","player_choice":"Entered Light","floor":4.0,"gold_loss":0.0,"damage_taken":14.0,"cards_upgraded":["Strike_G","Defend_G"]},{"damage_healed":0.0,"max_hp_gain":5.0,"max_hp_loss":0.0,"gold_gain":0.0,"event_name":"Big Fish","player_choice":"Donut","floor":10.0,"gold_loss":0.0,"damage_taken":0.0},{"damage_healed":0.0,"max_hp_gain":0.0,"max_hp_loss":0.0,"gold_gain":0.0,"event_name":"Dead Adventurer","player_choice":"Searched \u00272\u0027 times","floor":13.0,"gold_loss":0.0,"damage_taken":0.0},{"damage_healed":0.0,"max_hp_gain":0.0,"max_hp_loss":0.0,"gold_gain":0.0,"event_name":"The Library","player_choice":"Read","floor":20.0,"gold_loss":0.0,"damage_taken":0.0,"cards_obtained":["Backstab"]},{"damage_healed":0.0,"max_hp_gain":0.0,"max_hp_loss":0.0,"gold_gain":360.0,"event_name":"Knowing Skull","player_choice":"GOLD GOLD GOLD GOLD ","floor":21.0,"potions_obtained":[],"gold_loss":0.0,"damage_taken":36.0,"cards_obtained":[]},{"damage_healed":0.0,"max_hp_gain":0.0,"max_hp_loss":0.0,"gold_gain":0.0,"event_name":"Winding Halls","player_choice":"Embrace Madness","floor":37.0,"gold_loss":0.0,"damage_taken":10.0,"cards_obtained":["Madness","Madness"]},{"cards_removed":["Defend_G"],"damage_healed":0,"gold_gain":0,"player_choice":"Removed Skill","damage_taken":0,"max_hp_gain":0,"max_hp_loss":0,"event_name":"Falling","floor":45,"gold_loss":0},{"damage_healed":0,"gold_gain":0,"player_choice":"Fight","damage_taken":0,"max_hp_gain":0,"max_hp_loss":0,"event_name":"Mysterious Sphere","floor":47,"gold_loss":0}],"is_beta":false,"boss_relics":[{"not_picked":["Hololive_ChaosS","Ring of the Serpent"],"picked":"WristBlade"},{"not_picked":["Fusion Hammer","Runic Pyramid"],"picked":"Black Star"}],"items_purged_floors":[],"is_endless":false,"potions_floor_spawned":[6,7,8,11,13,19,22,23,25,28,29,31,33,35,38,39,40,41,44,46,47,48,54],"ascension_level":1}}