{"host":"qmdmcz5nn4dzus5k","time":1612807182,"event":{"mods":["AchievementEnabler","BaseMod","Bestiary","BetterRewards","Card Filter","Displayed Cursed Tome","Minty Spire (QoL Compilation)","Quick Restart","Relic Filter","Remove Card Discount Mod","Replay The Spire","Spicy Shops","StSLib","The Marked","TheHero","Uncapped"],"gold_per_floor":[117,189,41,41,39,64,64,93,93,124,137,137,148,148,148,245,245,260,260,260,270,286,318,318,318,391,406,434,434,461,475,475,578,578,588,598,298,323,17,43,61,61,61,61,61,61],"floor_reached":47,"language":"ENG","playtime":2197,"items_purged":["Strike_B","Defend_B","Strike_B","Strike_B","Looming Evil"],"score":706,"play_id":"17d03e43-0faf-4528-8e59-261e17377952","local_time":"20210208125942","is_ascension_mode":true,"campfire_choices":[{"data":"Zap","floor":7.0,"key":"SMITH"},{"data":"Crystallizer","floor":15.0,"key":"SMITH"},{"floor":29.0,"key":"REST"},{"floor":32.0,"key":"REST"},{"data":"Loop","floor":44.0,"key":"SMITH"}],"circlet_count":0,"master_deck":["Strike_B+1","Defend_B","Defend_B","Defend_B+1","Zap+1","Dualcast","Streamline","Go for the Eyes","Crystallizer+1","Loop","Barrage","Leap","Lockon+1","Leap+1","Gash","Machine Learning","Beam Cell","ReplayGash+1","Beam Cell+1","All For One+1","Gash+1","Leap","Loop+1","All For One+1","Loop+1"],"relics":["Cracked Core","NeowsBlessing","Tiny Chest","ReplayTheSpireMod:Ninjato","ReplayTheSpireMod:Shallot","Cables","Darkstone Periapt","Sozu","Prayer Wheel","Gremlin Horn","MutagenicStrength","Happy Flower","Peace Pipe","InkBottle","Molten Egg 2","Calipers","Nuclear Battery","Prayer Wheel","ReplayTheSpireMod:CursedCoin","MealTicket","PreservedInsect","HandDrill","Orichalcum","ClockworkSouvenir","DollysMirror","Pocketwatch","Mirror"],"acts_visited":["Exordium","TheCity","TheBeyond"],"potions_floor_usage":[46],"damage_taken":[{"damage":0.0,"enemies":"2 Louse","floor":1.0,"turns":1.0},{"damage":0.0,"enemies":"Lagavulin","floor":6.0,"turns":1.0},{"damage":0.0,"enemies":"Gremlin Nob","floor":8.0,"turns":1.0},{"damage":8.0,"enemies":"3 Sentries","floor":10.0,"turns":5.0},{"damage":0.0,"enemies":"Small Slimes","floor":11.0,"turns":2.0},{"damage":0.0,"enemies":"Jaw Worm","floor":13.0,"turns":3.0},{"damage":12.0,"enemies":"Slime Boss","floor":16.0,"turns":6.0},{"damage":10.0,"enemies":"2 Thieves","floor":18.0,"turns":3.0},{"damage":0.0,"enemies":"Spheric Guardian","floor":21.0,"turns":2.0},{"damage":1.0,"enemies":"Centurion and Healer","floor":22.0,"turns":5.0},{"damage":12.0,"enemies":"Book of Stabbing","floor":23.0,"turns":5.0},{"damage":14.0,"enemies":"3 Cultists","floor":27.0,"turns":4.0},{"damage":24.0,"enemies":"Gremlin Leader","floor":28.0,"turns":3.0},{"damage":1.0,"enemies":"Slavers","floor":30.0,"turns":4.0},{"damage":0.0,"enemies":"Snecko","floor":31.0,"turns":4.0},{"damage":41.0,"enemies":"Automaton","floor":33.0,"turns":7.0},{"damage":12.0,"enemies":"3 Darklings","floor":35.0,"turns":4.0},{"damage":19.0,"enemies":"3 Shapes","floor":36.0,"turns":2.0},{"damage":10.0,"enemies":"Nemesis","floor":40.0,"turns":3.0},{"damage":0.0,"enemies":"Spire Growth","floor":41.0,"turns":3.0},{"damage":28,"enemies":"Replay:Hell Engine","floor":46,"turns":6}],"seed_played":"-4135663136149535830","potions_obtained":[{"floor":6.0,"key":"Dexterity Potion"},{"floor":11.0,"key":"SpeedPotion"},{"floor":13.0,"key":"BlessingOfTheForge"}],"is_trial":false,"path_per_floor":["M","?","$","?","$","E","R","E","T","E","M","$","M","?","R","B",null,"M","T","?","M","M","E","?","T","T","M","E","R","E","M","R","B",null,"M","M","$","T","$","E","M","$","T","R","?","B",null],"character_chosen":"DEFECT","items_purchased":["Tiny Chest","ReplayTheSpireMod:CursedCoin","MealTicket","PreservedInsect","HandDrill","ClockworkSouvenir","DollysMirror"],"campfire_rested":2,"item_purchase_floors":[3,37,37,37,37,39,39],"current_hp_per_floor":[75,75,75,60,60,60,60,60,60,52,52,52,52,52,52,40,75,65,65,65,65,64,52,52,52,52,38,14,36,35,35,57,16,75,63,44,50,50,65,55,55,70,70,70,70,42],"gold":61,"neow_bonus":"THREE_ENEMY_KILL","is_daily":false,"chose_seed":false,"campfire_upgraded":3,"win_rate":0.0,"timestamp":1612807182,"path_taken":["M","?","$","?","?","E","R","E","T","E","M","$","M","?","R","BOSS","M","?","?","M","M","E","?","?","T","M","E","R","E","M","R","BOSS","M","M","$","?","$","E","M","?","T","R","?","BOSS"],"items_purchased_type":["Relic","Relic","Relic","Relic","Relic","Relic","Relic"],"build_version":"2020-12-22","purchased_purges":5,"victory":true,"max_hp_per_floor":[75,75,75,75,75,75,75,75,75,75,75,75,75,75,75,75,75,75,75,75,75,75,75,75,75,75,75,75,75,75,75,75,75,75,75,75,81,81,81,81,81,81,81,81,81,81],"card_choices":[{"not_picked":["Stack","Panic Button"],"picked":"Streamline","floor":1.0},{"not_picked":["Rebound","White Noise"],"picked":"Go for the Eyes","floor":6.0},{"not_picked":["Go for the Eyes","ReplayTheSpireMod:System Scan"],"picked":"Crystallizer","floor":8.0},{"not_picked":["Scrape","Chill"],"picked":"Loop","floor":10.0},{"not_picked":["Force Field","Fission","ReplayTheSpireMod:Calculation Training"],"picked":"SKIP","floor":11.0},{"not_picked":["Heatsinks","Go for the Eyes"],"picked":"Barrage","floor":13.0},{"not_picked":["Machine Learning","ReplayTheSpireMod:Omega Cannon"],"picked":"ReplayTheSpireMod:Fabricate Wheel","floor":16.0},{"not_picked":["Sweeping Beam+1","Coolheaded"],"picked":"Lockon+1","floor":18.0},{"not_picked":["Sweeping Beam","ReplaySolidLightProjector+1","ReplayTheSpireMod:GoodbyeWorld+1"],"picked":"SKIP","floor":18.0},{"not_picked":["Steam","BasicCrystalCard+1"],"picked":"Leap+1","floor":21.0},{"not_picked":["BasicCrystalCard+1","Sweeping Beam+1","Chaos"],"picked":"SKIP","floor":21.0},{"not_picked":["Stack","White Noise"],"picked":"Gash","floor":22.0},{"not_picked":["White Noise","Coolheaded","Go for the Eyes"],"picked":"SKIP","floor":22.0},{"not_picked":["ReplayTheSpireMod:Calculation Training","Lockon"],"picked":"Machine Learning","floor":23.0},{"not_picked":["Steam","Rebound"],"picked":"Beam Cell","floor":27.0},{"not_picked":["Sweeping Beam","ReplayTheSpireMod:Repulse+1"],"picked":"ReplayGash+1","floor":27.0},{"not_picked":["Rebound+1","Streamline+1"],"picked":"Beam Cell+1","floor":28.0},{"not_picked":["Rebound+1","Doom and Gloom+1","Time Bomb"],"picked":"SKIP","floor":30.0},{"not_picked":["BasicCrystalCard","Crystallizer"],"picked":"All For One+1","floor":31.0},{"not_picked":["Compile Driver+1","Stack","Chaos"],"picked":"SKIP","floor":31.0},{"not_picked":["Machine Learning","Mirror Shield"],"picked":"ReplayTheSpireMod:Fabricate Wheel","floor":33.0},{"not_picked":["Rip and Tear+1","Redo+1"],"picked":"Gash+1","floor":35.0},{"not_picked":["Rebound+1","Hologram"],"picked":"Leap","floor":35.0},{"not_picked":["Leap","Panic Button+1","Compile Driver+1"],"picked":"SKIP","floor":35.0},{"not_picked":["Coolheaded+1","Chaos"],"picked":"Loop","floor":36.0},{"not_picked":["Electrodynamics","Streamline+1","Coolheaded+1"],"picked":"SKIP","floor":36.0},{"not_picked":["Sunder+1","Steam Power+1","Ball Lightning+1"],"picked":"SKIP","floor":36.0},{"not_picked":["Rebound+1","Streamline+1","ReplayTheSpireMod:GoodbyeWorld+1"],"picked":"SKIP","floor":40.0},{"not_picked":["ReplayTheSpireMod:GoodbyeWorld+1","Streamline+1"],"picked":"Loop+1","floor":41.0},{"not_picked":["BasicCrystalCard+1","Hello World","Chaos+1"],"picked":"SKIP","floor":41.0},{"not_picked":["Doom and Gloom+1","Sweeping Beam+1","Hologram"],"picked":"SKIP","floor":41.0}],"player_experience":64218,"relics_obtained":[{"floor":6.0,"key":"ReplayTheSpireMod:Ninjato"},{"floor":8.0,"key":"ReplayTheSpireMod:Shallot"},{"floor":9.0,"key":"Cables"},{"floor":10.0,"key":"Darkstone Periapt"},{"floor":19.0,"key":"Gremlin Horn"},{"floor":23.0,"key":"Happy Flower"},{"floor":25.0,"key":"Peace Pipe"},{"floor":26.0,"key":"InkBottle"},{"floor":28.0,"key":"Molten Egg 2"},{"floor":30.0,"key":"Calipers"},{"floor":38.0,"key":"Orichalcum"},{"floor":40.0,"key":"Pocketwatch"},{"floor":43.0,"key":"Mirror"}],"event_choices":[{"damage_healed":0.0,"max_hp_gain":0.0,"max_hp_loss":0.0,"gold_gain":72.0,"event_name":"Golden Wing","player_choice":"Gained Gold","floor":2.0,"gold_loss":0.0,"damage_taken":0.0},{"damage_healed":0.0,"max_hp_gain":0.0,"max_hp_loss":0.0,"gold_gain":0.0,"event_name":"Shining Light","player_choice":"Entered Light","floor":4.0,"gold_loss":0.0,"damage_taken":15.0,"cards_upgraded":["Defend_B","Strike_B"]},{"damage_healed":0.0,"max_hp_gain":0.0,"max_hp_loss":0.0,"gold_gain":0.0,"event_name":"Match and Keep!","player_choice":"1 cards matched","floor":14.0,"gold_loss":0.0,"damage_taken":0.0,"cards_obtained":["Leap"]},{"damage_healed":0.0,"max_hp_gain":0.0,"max_hp_loss":0.0,"gold_gain":0.0,"event_name":"Drug Dealer","player_choice":"Inject Mutagens","floor":20.0,"gold_loss":0.0,"damage_taken":0.0,"relics_obtained":["MutagenicStrength"]},{"damage_healed":0.0,"max_hp_gain":0.0,"max_hp_loss":0.0,"gold_gain":0.0,"event_name":"Ghosts","player_choice":"Ignored","floor":24.0,"gold_loss":0.0,"damage_taken":0.0},{"damage_healed":0.0,"max_hp_gain":0.0,"max_hp_loss":0.0,"gold_gain":0.0,"event_name":"SecretPortal","player_choice":"Took Portal","floor":45.0,"gold_loss":0.0,"damage_taken":0.0}],"is_beta":false,"boss_relics":[{"not_picked":["Busted Crown","Honey Jar"],"picked":"Sozu"},{"not_picked":["FrozenCore","SlaversCollar"],"picked":"Nuclear Battery"}],"items_purged_floors":[5,37,37,37,37],"is_endless":false,"potions_floor_spawned":[6,11,13,16,18,22,30,31,35,36],"ascension_level":1}}