{"host":"7wi4qgm5yw4j7oz0","time":1612806721,"event":{"mods":["AchievementEnabler","BaseMod","Block Reminder","Colored Map","Colored Powertips","Highlight Path","Minty Spire (QoL Compilation)","Permanent Neow","Random Character Button","Rare Cards Sparkle","StSLib","everything is the same but u backflip on backflip"],"gold_per_floor":[116,66,81,81,92,92,106,116,116,116,147,161,161,175,175,270,270,288,301,400,125,138,171,171,71,121,134,134,148,148,167,167,167,167],"floor_reached":33,"language":"KOR","playtime":1261,"items_purged":["Bash","Strike_R"],"score":366,"play_id":"7d28fc4f-6007-46e3-9c42-190c686f2d9c","local_time":"20210209025201","is_ascension_mode":true,"campfire_choices":[{"data":"Searing Blow","floor":6.0,"key":"SMITH"},{"data":"Searing Blow+1","floor":10.0,"key":"SMITH"},{"data":"Searing Blow+2","floor":13.0,"key":"SMITH"},{"data":"Searing Blow+3","floor":15.0,"key":"SMITH"},{"data":"Searing Blow+4","floor":24.0,"key":"SMITH"},{"data":"Searing Blow+5","floor":30.0,"key":"SMITH"},{"data":"Searing Blow+6","floor":32.0,"key":"SMITH"}],"circlet_count":0,"master_deck":["Strike_R","Strike_R","Defend_R","Defend_R","Defend_R","Defend_R","Cleave","Anger","Searing Blow+7","Armaments","Evolve","Thunderclap","Offering","Warcry","Shrug It Off+1"],"relics":["Burning Blood","Bag of Marbles","Blood Vial","Runic Cube","HandDrill","Singing Bowl","Toy Ornithopter"],"acts_visited":["Exordium","TheCity"],"potions_floor_usage":[33],"damage_taken":[{"damage":6.0,"enemies":"Cultist","floor":1.0,"turns":3.0},{"damage":12.0,"enemies":"Jaw Worm","floor":3.0,"turns":2.0},{"damage":3.0,"enemies":"2 Louse","floor":5.0,"turns":2.0},{"damage":9.0,"enemies":"Blue Slaver","floor":7.0,"turns":4.0},{"damage":14.0,"enemies":"Red Slaver","floor":8.0,"turns":4.0},{"damage":26.0,"enemies":"3 Sentries","floor":11.0,"turns":7.0},{"damage":0.0,"enemies":"Large Slime","floor":12.0,"turns":3.0},{"damage":2.0,"enemies":"3 Louse","floor":14.0,"turns":3.0},{"damage":34.0,"enemies":"Hexaghost","floor":16.0,"turns":7.0},{"damage":6.0,"enemies":"Spheric Guardian","floor":18.0,"turns":1.0},{"damage":18.0,"enemies":"Shell Parasite","floor":19.0,"turns":3.0},{"damage":14.0,"enemies":"Snecko","floor":22.0,"turns":3.0},{"damage":18.0,"enemies":"Slavers","floor":23.0,"turns":4.0},{"damage":27.0,"enemies":"3 Cultists","floor":27.0,"turns":5.0},{"damage":24.0,"enemies":"Shelled Parasite and Fungi","floor":29.0,"turns":4.0},{"damage":20.0,"enemies":"Cultist and Chosen","floor":31.0,"turns":5.0},{"damage":40,"enemies":"Collector","floor":33,"turns":5}],"seed_played":"2230204284102410999","potions_obtained":[{"floor":11.0,"key":"LiquidMemories"},{"floor":12.0,"key":"PowerPotion"},{"floor":14.0,"key":"DuplicationPotion"},{"floor":19.0,"key":"AttackPotion"},{"floor":27.0,"key":"EssenceOfSteel"},{"floor":29.0,"key":"AttackPotion"}],"is_trial":false,"path_per_floor":["M","?","M","?","M","R","M","M","T","R","E","M","R","M","R","B",null,"M","M","?","$","M","E","R","$","T","M","?","M","R","M","R","B"],"character_chosen":"IRONCLAD","items_purchased":["HandDrill","BloodPotion"],"campfire_rested":0,"item_purchase_floors":[21,21],"current_hp_per_floor":[72,72,66,66,69,69,66,58,58,58,38,46,46,52,52,26,67,69,59,59,59,53,61,61,61,61,44,44,35,35,30,30,0,0],"gold":167,"neow_bonus":"THREE_CARDS","is_daily":false,"chose_seed":false,"campfire_upgraded":7,"win_rate":0.0,"timestamp":1612806721,"path_taken":["M","?","M","?","M","R","M","?","T","R","E","M","R","M","R","BOSS","M","M","?","$","M","E","R","$","T","M","?","?","R","M","R","BOSS"],"items_purchased_type":["Relic","Potion"],"build_version":"2020-12-22","purchased_purges":2,"victory":false,"max_hp_per_floor":[80,80,80,80,80,80,80,80,80,80,80,80,80,80,80,80,80,80,80,80,80,80,82,82,82,82,84,84,86,86,88,88,88,88],"card_choices":[{"not_picked":["Feel No Pain","Rage"],"picked":"Cleave","floor":0.0},{"not_picked":["Sword Boomerang","Iron Wave"],"picked":"Anger","floor":1.0},{"not_picked":["Pommel Strike","Clothesline"],"picked":"Searing Blow","floor":3.0},{"not_picked":["Infernal Blade","Flex"],"picked":"Armaments","floor":5.0},{"not_picked":["Reckless Charge","Perfected Strike","Cleave"],"picked":"SKIP","floor":7.0},{"not_picked":["Seeing Red","Cleave"],"picked":"Evolve","floor":8.0},{"not_picked":["Pommel Strike","Combust","Searing Blow"],"picked":"SKIP","floor":11.0},{"not_picked":["Perfected Strike","Twin Strike","Sever Soul"],"picked":"SKIP","floor":12.0},{"not_picked":["Flame Barrier","Twin Strike"],"picked":"Thunderclap","floor":14.0},{"not_picked":["Impervious","Barricade"],"picked":"Offering","floor":16.0},{"not_picked":["Flex","Clothesline+1"],"picked":"Warcry","floor":18.0},{"not_picked":["True Grit","Thunderclap"],"picked":"Shrug It Off+1","floor":19.0},{"not_picked":["Twin Strike","Havoc","Wild Strike+1"],"picked":"SKIP","floor":22.0},{"not_picked":["Twin Strike","Havoc","Wild Strike+1"],"picked":"SKIP","floor":22.0},{"not_picked":["Twin Strike","Havoc","Wild Strike+1"],"picked":"SKIP","floor":22.0},{"not_picked":["Entrench+1","Limit Break","Pommel Strike"],"picked":"Singing Bowl","floor":23.0},{"not_picked":["Entrench","Evolve","Bloodletting"],"picked":"Singing Bowl","floor":27.0},{"not_picked":["Metallicize+1","Blood for Blood+1","Intimidate"],"picked":"Singing Bowl","floor":29.0},{"not_picked":["Cleave","Heavy Blade","Warcry"],"picked":"Singing Bowl","floor":31.0}],"player_experience":271184,"relics_obtained":[{"floor":9.0,"key":"Bag of Marbles"},{"floor":11.0,"key":"Blood Vial"},{"floor":23.0,"key":"Singing Bowl"},{"floor":26.0,"key":"Toy Ornithopter"}],"event_choices":[{"cards_removed":["Strike_R"],"damage_healed":0.0,"max_hp_gain":0.0,"max_hp_loss":0.0,"gold_gain":0.0,"event_name":"The Cleric","player_choice":"Card Removal","floor":2.0,"gold_loss":50.0,"damage_taken":0.0},{"cards_removed":["Strike_R"],"damage_healed":0.0,"max_hp_gain":0.0,"max_hp_loss":0.0,"gold_gain":0.0,"event_name":"Bonfire Elementals","player_choice":"Offered Basic","floor":4.0,"gold_loss":0.0,"damage_taken":0.0},{"damage_healed":0.0,"max_hp_gain":0.0,"max_hp_loss":0.0,"gold_gain":99.0,"event_name":"Nest","player_choice":"Stole From Cult","floor":20.0,"gold_loss":0.0,"damage_taken":0.0},{"damage_healed":0.0,"max_hp_gain":0.0,"max_hp_loss":0.0,"gold_gain":0.0,"event_name":"FaceTrader","player_choice":"Leave","floor":28.0,"gold_loss":0.0,"damage_taken":0.0}],"is_beta":false,"boss_relics":[{"not_picked":["Runic Pyramid","Black Blood"],"picked":"Runic Cube"}],"items_purged_floors":[21,25],"is_endless":false,"potions_floor_spawned":[11,12,14,19,27,29],"killed_by":"Collector","ascension_level":7}}