{"host":"dlqyscxstsnu98l1","time":1612796601,"event":{"mods":["AchievementEnabler","BaseMod","Colored Map","Colored Powertips","Downfall","GifTheSpireLib","Highlight Path","Minty Spire (QoL Compilation)","Random Character Button","SacredBarkPlus","StSLib","everything is the same but u backflip on backflip"],"gold_per_floor":[110,60,75,91,91,122,122,147,147,147,147,158,158,177,177,280,280,292,292,292,292,310,336,356,356,434,97,112,144,144,170,170,267,267,284,297,307,333,350,375,395,395,395,395,411,411,427,204,204,204],"floor_reached":51,"language":"ENG","playtime":4405,"items_purged":["Strike_G+1"],"score":877,"play_id":"66604f06-c6c8-4d9d-9835-3892ab80346a","local_time":"20210208090321","is_ascension_mode":true,"campfire_choices":[{"floor":7,"key":"REST"},{"floor":10,"key":"REST"},{"floor":15,"key":"REST"},{"data":"Well Laid Plans","floor":25,"key":"SMITH"},{"floor":32,"key":"REST"},{"floor":42,"key":"REST"},{"floor":46,"key":"REST"},{"floor":49,"key":"RECALL"}],"circlet_count":0,"master_deck":["Strike_G+1","Strike_G+1","Strike_G+1","Strike_G+1","Defend_G+1","Defend_G+1","Defend_G+1","Defend_G+1","Defend_G+1","Survivor","Neutralize+1","Dodge and Roll","Dagger Spray+1","Well Laid Plans+1","Cloak And Dagger","Skewer+1","Tactician","Acrobatics","Glass Knife+1","PiercingWail+1","Acrobatics+1","Cloak And Dagger","Backflip","Acrobatics","Blade Dance+1","Calculated Gamble","Die Die Die","Infinite Blades","Blade Dance+1","Footwork","Crippling Poison+1","Leg Sweep+1","Die Die Die","Outmaneuver+1","PiercingWail+1"],"relics":["Ring of the Snake","Tiny Chest","Kunai","Oddly Smooth Stone","Philosopher\u0027s Stone","Whetstone","Ornamental Fan","Ginger","Pear","Girya","Pen Nib","HoveringKite","War Paint","Happy Flower","Vajra","Strawberry"],"acts_visited":["Exordium","TheCity","TheBeyond"],"potions_floor_usage":[8,16,23,29,31,36,39,40,50],"damage_taken":[{"damage":1,"enemies":"Jaw Worm","floor":1,"turns":5},{"damage":0,"enemies":"2 Louse","floor":3,"turns":3},{"damage":0,"enemies":"Small Slimes","floor":4,"turns":5},{"damage":44,"enemies":"Lagavulin","floor":6,"turns":13},{"damage":22,"enemies":"Gremlin Nob","floor":8,"turns":5},{"damage":0,"enemies":"Looter","floor":12,"turns":4},{"damage":24,"enemies":"Gremlin Gang","floor":14,"turns":6},{"damage":52,"enemies":"Hexaghost","floor":16,"turns":23},{"damage":0,"enemies":"Chosen","floor":18,"turns":4},{"damage":4,"enemies":"3 Byrds","floor":22,"turns":4},{"damage":26,"enemies":"Gremlin Leader","floor":23,"turns":10},{"damage":0,"enemies":"Centurion and Healer","floor":24,"turns":5},{"damage":9,"enemies":"Sentry and Sphere","floor":28,"turns":6},{"damage":14,"enemies":"Slavers","floor":29,"turns":5},{"damage":33,"enemies":"Book of Stabbing","floor":31,"turns":8},{"damage":28,"enemies":"Champ","floor":33,"turns":14},{"damage":0,"enemies":"Orb Walker","floor":35,"turns":3},{"damage":0,"enemies":"3 Shapes","floor":36,"turns":2},{"damage":57,"enemies":"Transient","floor":37,"turns":5},{"damage":11,"enemies":"Sphere and 2 Shapes","floor":39,"turns":6},{"damage":1,"enemies":"Reptomancer","floor":40,"turns":5},{"damage":10,"enemies":"Writhing Mass","floor":41,"turns":6},{"damage":9,"enemies":"3 Darklings","floor":45,"turns":4},{"damage":2,"enemies":"4 Shapes","floor":47,"turns":2},{"damage":57,"enemies":"Time Eater","floor":50,"turns":17}],"seed_played":"-5826874737496234017","potions_obtained":[{"floor":1,"key":"FairyPotion"},{"floor":4,"key":"DuplicationPotion"},{"floor":14,"key":"GhostInAJar"},{"floor":16,"key":"Dexterity Potion"},{"floor":18,"key":"Fire Potion"},{"floor":29,"key":"bronze:BurnAndBuffPotion"},{"floor":33,"key":"Block Potion"},{"floor":35,"key":"Energy Potion"},{"floor":37,"key":"Fire Potion"},{"floor":45,"key":"GhostInAJar"}],"is_trial":false,"path_per_floor":["M","$","M","M","?","E","R","E","T","R","?","M","?","M","R","B",null,"M","?","T","?","M","E","M","R","T","$","M","E","T","E","R","B",null,"M","M","M","T","M","E","M","R","T","?","M","R","M","$","R","B",null],"character_chosen":"THE_SILENT","items_purchased":["Dagger Spray","Ginger","Acrobatics","Strawberry"],"campfire_rested":6,"item_purchase_floors":[2,27,27,48],"current_hp_per_floor":[83,83,83,83,66,22,47,25,25,50,50,50,43,19,44,25,84,84,84,84,84,80,54,54,54,54,54,45,41,41,8,36,8,94,94,94,37,37,26,25,15,43,43,43,34,62,60,67,67,10],"gold":204,"neow_bonus":"TWENTY_PERCENT_HP_BONUS","is_daily":false,"chose_seed":false,"campfire_upgraded":1,"win_rate":0.0,"timestamp":1612796601,"path_taken":["M","$","M","M","?","E","R","E","T","R","?","M","?","M","R","BOSS","M","?","?","?","M","E","M","R","T","$","M","E","?","E","R","BOSS","M","?","M","?","M","E","M","R","T","?","M","R","M","?","R","BOSS"],"items_purchased_type":["Card","Relic","Card","Relic"],"build_version":"2020-12-22","purchased_purges":1,"victory":true,"max_hp_per_floor":[84,84,84,84,84,84,84,84,84,84,84,84,84,84,84,84,84,84,84,84,84,84,84,84,84,84,84,84,94,94,94,94,94,94,94,94,94,94,94,94,94,94,94,94,94,94,94,101,101,101],"card_choices":[{"not_picked":["Bane","Distraction"],"picked":"Dodge and Roll","floor":1},{"not_picked":["Flying Knee","Distraction"],"picked":"Well Laid Plans","floor":3},{"not_picked":["Backflip","Deadly Poison"],"picked":"Cloak And Dagger","floor":4},{"not_picked":["Expertise","Sucker Punch"],"picked":"Skewer","floor":6},{"not_picked":["Deadly Poison","Bane","Choke"],"picked":"SKIP","floor":8},{"not_picked":["Underhanded Strike","Prepared"],"picked":"Tactician","floor":12},{"not_picked":["Dodge and Roll","Distraction"],"picked":"Acrobatics","floor":14},{"not_picked":["Tools of the Trade","Phantasmal Killer"],"picked":"Glass Knife","floor":16},{"not_picked":["Bane+1","Choke+1"],"picked":"PiercingWail","floor":18},{"not_picked":["Well Laid Plans","Accuracy"],"picked":"Acrobatics","floor":22},{"not_picked":["Finisher","Predator"],"picked":"Cloak And Dagger","floor":23},{"not_picked":["Acrobatics","Quick Slash"],"picked":"Backflip","floor":24},{"not_picked":["Choke","Predator+1"],"picked":"Blade Dance+1","floor":28},{"not_picked":["Bane","Poisoned Stab","Deflect"],"picked":"SKIP","floor":29},{"not_picked":["Bouncing Flask+1","Poisoned Stab"],"picked":"Calculated Gamble","floor":31},{"not_picked":["Glass Knife","Storm of Steel"],"picked":"Die Die Die","floor":33},{"not_picked":["Predator","Expertise+1"],"picked":"Infinite Blades","floor":35},{"not_picked":["Flying Knee+1","Outmaneuver+1"],"picked":"Blade Dance+1","floor":36},{"not_picked":["Quick Slash+1","Acrobatics+1"],"picked":"Footwork","floor":37},{"not_picked":["Bane","Sucker Punch"],"picked":"Crippling Poison+1","floor":39},{"not_picked":["Deflect","PiercingWail+1"],"picked":"Leg Sweep+1","floor":40},{"not_picked":["Quick Slash","Backflip+1"],"picked":"Die Die Die","floor":41},{"not_picked":["Dagger Throw+1","Poisoned Stab"],"picked":"Outmaneuver+1","floor":45},{"not_picked":["Distraction+1","Escape Plan+1"],"picked":"PiercingWail+1","floor":47}],"player_experience":161690,"relics_obtained":[{"floor":6,"key":"Tiny Chest"},{"floor":8,"key":"Kunai"},{"floor":9,"key":"Oddly Smooth Stone"},{"floor":20,"key":"Whetstone"},{"floor":23,"key":"Ornamental Fan"},{"floor":29,"key":"Pear"},{"floor":30,"key":"Girya"},{"floor":31,"key":"Pen Nib"},{"floor":38,"key":"War Paint"},{"floor":40,"key":"Happy Flower"},{"floor":43,"key":"Vajra"}],"event_choices":[{"damage_healed":0,"gold_gain":0,"player_choice":"Entered Light","damage_taken":17,"max_hp_gain":0,"max_hp_loss":0,"event_name":"Shining Light","floor":5,"gold_loss":0,"cards_upgraded":["Defend_G","Neutralize"]},{"damage_healed":0,"gold_gain":0,"player_choice":"Grow","damage_taken":0,"max_hp_gain":0,"max_hp_loss":0,"event_name":"Living Wall","floor":11,"gold_loss":0,"cards_upgraded":["Skewer"]},{"cards_removed":["Clumsy"],"damage_healed":0,"gold_gain":0,"player_choice":"Card Removal","damage_taken":7,"max_hp_gain":0,"max_hp_loss":0,"event_name":"Golden Wing","floor":13,"gold_loss":0},{"damage_healed":0,"gold_gain":0,"player_choice":"Simplicity","damage_taken":0,"max_hp_gain":0,"max_hp_loss":0,"event_name":"Back to Basics","floor":21,"gold_loss":0,"cards_upgraded":["Strike_G","Strike_G","Strike_G","Strike_G","Strike_G","Defend_G","Defend_G","Defend_G","Defend_G"]},{"damage_healed":0,"gold_gain":0,"player_choice":"Ignored","damage_taken":0,"max_hp_gain":0,"max_hp_loss":0,"event_name":"Tomb of Lord Red Mask","floor":44,"gold_loss":0}],"is_beta":false,"boss_relics":[{"not_picked":["Astrolabe","Tiny House"],"picked":"Philosopher\u0027s Stone"},{"not_picked":["SacredBark","Fusion Hammer"],"picked":"HoveringKite"}],"items_purged_floors":[48],"is_endless":false,"potions_floor_spawned":[1,4,14,16,18,29,33,35,37,45],"ascension_level":3}}