{"host":"k919bq8mkuzdqhzi","time":1612757432,"event":{"mods":["AchievementEnabler","BaseMod","Colored Map","Colored Powertips","DeckTracker","Minty Spire (QoL Compilation)","Relic Sorter","SuperFastMode"],"gold_per_floor":[119,119,139,139,64,64,92,92,118,129,129,139,139,139,139,239,239,251,251,4,4,4,4,19,19,19,36,36,36,36,136,136,235,235,248,266,122,136,187,187,207,207,207,225,48,65,78,78,78,78],"floor_reached":51,"language":"ENG","playtime":7650,"items_purged":["Strike_B","Strike_B","Defend_B+1"],"score":643,"play_id":"da2fda46-4b11-4071-8d76-93eaa7e9a55a","local_time":"20210207231032","is_ascension_mode":false,"campfire_choices":[{"data":"Redo","floor":6.0,"key":"SMITH"},{"data":"Dualcast","floor":8.0,"key":"SMITH"},{"data":"Hello World","floor":11.0,"key":"SMITH"},{"floor":15.0,"key":"REST"},{"data":"Biased Cognition","floor":25,"key":"SMITH"},{"data":"Consume","floor":28,"key":"SMITH"},{"data":"Darkness","floor":30,"key":"SMITH"},{"floor":32,"key":"REST"},{"floor":40,"key":"REST"},{"floor":42,"key":"REST"},{"data":"Stack","floor":49,"key":"SMITH"}],"circlet_count":0,"master_deck":["Strike_B+1","Defend_B+1","Zap+1","Dualcast+1","Redo+1","White Noise+1","Hello World+1","Coolheaded","Capacitor","Biased Cognition+1","Chill+1","Consume+1","Darkness+1","RitualDagger","Scrape+1","Self Repair+1","Defragment+1","Defragment+1","Fusion+1","Go for the Eyes+1","Conserve Battery","Stack+1","Leap","Glacier+1"],"relics":["Cracked Core","Juzu Bracelet","Strawberry","Inserter","Omamori","Mummified Hand","Mango","Singing Bowl","Philosopher\u0027s Stone","War Paint","Prayer Wheel","Mercury Hourglass"],"acts_visited":["Exordium","TheCity","TheBeyond"],"potions_floor_usage":[39,47,50,50],"damage_taken":[{"damage":1.0,"enemies":"2 Louse","floor":1.0,"turns":3.0},{"damage":0.0,"enemies":"Cultist","floor":3.0,"turns":3.0},{"damage":17.0,"enemies":"3 Sentries","floor":7.0,"turns":6.0},{"damage":6.0,"enemies":"Jaw Worm","floor":10.0,"turns":2.0},{"damage":1.0,"enemies":"Exordium Thugs","floor":12.0,"turns":4.0},{"damage":5.0,"enemies":"The Guardian","floor":16.0,"turns":12.0},{"damage":19.0,"enemies":"3 Byrds","floor":18.0,"turns":5.0},{"damage":0,"enemies":"Spheric Guardian","floor":24,"turns":4},{"damage":0,"enemies":"Snecko","floor":27,"turns":5},{"damage":9,"enemies":"Colosseum Slavers","floor":31,"turns":3},{"damage":39,"enemies":"Colosseum Nobs","floor":31,"turns":5},{"damage":2,"enemies":"Champ","floor":33,"turns":7},{"damage":0,"enemies":"3 Darklings","floor":35,"turns":7},{"damage":14,"enemies":"Orb Walker","floor":36,"turns":3},{"damage":0,"enemies":"Transient","floor":38,"turns":5},{"damage":68,"enemies":"2 Orb Walkers","floor":39,"turns":5},{"damage":10,"enemies":"3 Darklings","floor":41,"turns":4},{"damage":8,"enemies":"Jaw Worm Horde","floor":44,"turns":3},{"damage":0,"enemies":"Transient","floor":46,"turns":5},{"damage":27,"enemies":"4 Shapes","floor":47,"turns":7},{"damage":27,"enemies":"Awakened One","floor":50,"turns":10}],"seed_played":"8559348154582513962","potions_obtained":[{"floor":7.0,"key":"Weak Potion"},{"floor":12.0,"key":"BlessingOfTheForge"},{"floor":16.0,"key":"SneckoOil"},{"floor":31,"key":"Ancient Potion"},{"floor":36,"key":"Block Potion"},{"floor":39,"key":"FocusPotion"},{"floor":48,"key":"Dexterity Potion"}],"is_trial":false,"path_per_floor":["M","?","M","?","$","R","E","R","T","M","R","M","?","?","R","B",null,"M","?","$","?","?","$","M","R","T","M","R","?","R","?","R","B",null,"M","M","$","M","?","R","M","R","T","M","$","M","M","?","R","B",null],"character_chosen":"DEFECT","items_purchased":["Omamori","War Paint","Conserve Battery"],"campfire_rested":4,"item_purchase_floors":[20,37,45],"current_hp_per_floor":[74,74,74,59,59,59,42,42,49,43,43,42,42,35,59,54,82,63,57,57,57,57,57,57,57,57,57,57,51,51,19,48,48,100,100,86,86,96,38,68,60,90,90,92,92,102,87,87,87,60],"gold":78,"neow_bonus":"UPGRADE_CARD","is_daily":false,"chose_seed":false,"campfire_upgraded":7,"win_rate":0.0,"timestamp":1612757432,"path_taken":["M","?","?","?","?","R","E","R","T","M","R","M","?","?","R","BOSS","M","?","?","?","?","$","M","R","T","M","R","?","R","?","R","BOSS","M","M","$","M","?","R","M","R","T","M","$","M","M","?","R","BOSS"],"items_purchased_type":["Relic","Relic","Card"],"build_version":"2020-12-22","purchased_purges":3,"victory":true,"max_hp_per_floor":[75,75,75,75,75,75,75,75,82,82,82,82,82,82,82,82,82,82,82,82,82,82,82,82,82,82,82,82,82,82,98,98,100,100,100,100,100,100,100,100,102,102,102,102,102,102,104,104,104,104],"card_choices":[{"not_picked":["Streamline","Auto Shields"],"picked":"Redo","floor":1.0},{"not_picked":["Capacitor","Steam"],"picked":"White Noise","floor":3.0},{"not_picked":["Meteor Strike","Sunder"],"picked":"Hello World","floor":7.0},{"not_picked":["Sweeping Beam","Steam"],"picked":"Coolheaded","floor":10.0},{"not_picked":["Sunder","Steam Power"],"picked":"Capacitor","floor":12.0},{"not_picked":["Multi-Cast","Buffer"],"picked":"Biased Cognition","floor":16.0},{"not_picked":["Hologram","Redo+1"],"picked":"Chill+1","floor":18.0},{"not_picked":["Rebound","Turbo+1"],"picked":"Consume","floor":24},{"not_picked":["Go for the Eyes+1","Ball Lightning"],"picked":"Darkness","floor":27},{"not_picked":["Streamline+1","Steam","Redo+1"],"picked":"Singing Bowl","floor":31},{"not_picked":["Hyperbeam","All For One","Biased Cognition"],"picked":"Singing Bowl","floor":33},{"not_picked":["Chaos+1","Beam Cell+1"],"picked":"Scrape+1","floor":35},{"not_picked":["Leap+1","Redo"],"picked":"Self Repair+1","floor":36},{"not_picked":["Coolheaded","Hologram+1"],"picked":"Defragment+1","floor":38},{"not_picked":["Compile Driver","Fission"],"picked":"Defragment+1","floor":39},{"not_picked":["Rebound","Conserve Battery"],"picked":"Fusion+1","floor":41},{"not_picked":["BootSequence","Beam Cell","Reprogram"],"picked":"Singing Bowl","floor":41},{"not_picked":["Steam+1","Streamline"],"picked":"Go for the Eyes+1","floor":44},{"not_picked":["Turbo","Compile Driver+1","Electrodynamics"],"picked":"SKIP","floor":44},{"not_picked":["Go for the Eyes","Recycle"],"picked":"Stack","floor":46},{"not_picked":["FTL","Static Discharge+1"],"picked":"Leap","floor":46},{"not_picked":["Defragment","Doom and Gloom","Hello World"],"picked":"Singing Bowl","floor":47},{"not_picked":["Hello World","Redo"],"picked":"Glacier+1","floor":47}],"player_experience":125484,"relics_obtained":[{"floor":7.0,"key":"Juzu Bracelet"},{"floor":9.0,"key":"Strawberry"},{"floor":26,"key":"Mummified Hand"},{"floor":31,"key":"Mango"},{"floor":31,"key":"Singing Bowl"},{"floor":39,"key":"Prayer Wheel"},{"floor":43,"key":"Mercury Hourglass"}],"event_choices":[{"damage_healed":0.0,"max_hp_gain":0.0,"max_hp_loss":0.0,"gold_gain":0.0,"event_name":"The Woman in Blue","player_choice":"Bought 0 Potions","floor":2.0,"gold_loss":0.0,"damage_taken":0.0},{"damage_healed":0.0,"max_hp_gain":0.0,"max_hp_loss":0.0,"gold_gain":0.0,"event_name":"Shining Light","player_choice":"Entered Light","floor":4.0,"gold_loss":0.0,"damage_taken":15.0,"cards_upgraded":["Strike_B","Defend_B"]},{"damage_healed":0.0,"max_hp_gain":0.0,"max_hp_loss":0.0,"gold_gain":0.0,"event_name":"Scrap Ooze","player_choice":"Fled","floor":13.0,"gold_loss":0.0,"damage_taken":0.0},{"cards_removed":["Strike_B"],"damage_healed":0.0,"max_hp_gain":0.0,"max_hp_loss":0.0,"gold_gain":0.0,"event_name":"Golden Wing","player_choice":"Card Removal","floor":14.0,"gold_loss":0.0,"damage_taken":7.0},{"damage_healed":0.0,"max_hp_gain":0.0,"max_hp_loss":0.0,"gold_gain":0.0,"event_name":"Knowing Skull","player_choice":"","floor":19.0,"potions_obtained":[],"gold_loss":0.0,"damage_taken":6.0,"cards_obtained":[]},{"cards_removed":["Defend_B"],"damage_healed":0,"gold_gain":0,"player_choice":"Elegance","damage_taken":0,"max_hp_gain":0,"max_hp_loss":0,"event_name":"Back to Basics","floor":21,"gold_loss":0},{"cards_removed":["Defend_B"],"damage_healed":0,"gold_gain":0,"player_choice":"Purged","damage_taken":0,"max_hp_gain":0,"max_hp_loss":0,"event_name":"Purifier","floor":22,"gold_loss":0},{"damage_healed":0,"gold_gain":0,"player_choice":"Joined the Cult","damage_taken":6,"max_hp_gain":0,"max_hp_loss":0,"event_name":"Nest","floor":29,"gold_loss":0,"cards_obtained":["RitualDagger"]},{"damage_healed":0,"gold_gain":0,"player_choice":"Fight","damage_taken":0,"max_hp_gain":0,"max_hp_loss":0,"event_name":"Colosseum","floor":31,"gold_loss":0},{"damage_healed":0,"gold_gain":0,"player_choice":"Fought Nobs","damage_taken":0,"max_hp_gain":0,"max_hp_loss":0,"event_name":"Colosseum","floor":31,"gold_loss":0},{"damage_healed":0,"gold_gain":0,"player_choice":"Fight","damage_taken":0,"max_hp_gain":0,"max_hp_loss":0,"event_name":"Mysterious Sphere","floor":39,"gold_loss":0},{"damage_healed":0,"gold_gain":0,"player_choice":"Got Potions","damage_taken":0,"max_hp_gain":0,"max_hp_loss":0,"event_name":"Lab","floor":48,"gold_loss":0}],"is_beta":false,"boss_relics":[{"not_picked":["Empty Cage","Fusion Hammer"],"picked":"Inserter"},{"not_picked":["Busted Crown","Pandora\u0027s Box"],"picked":"Philosopher\u0027s Stone"}],"items_purged_floors":[5,20,45],"is_endless":false,"potions_floor_spawned":[7,12,16,31,31,36,39,41],"ascension_level":0}}