{"host":"zmnaju399zpax9sm","time":1612817677,"event":{"mods":["BaseMod","Hermit","Minty Spire (QoL Compilation)","StSLib","The Cursed","The Poker Player","The Runesmith"],"gold_per_floor":[114,114,40,40,57,57,82,52,52,71,87,115,125,142,142,240,240,252,167,167,181,280,280,315,330,354,354,387,106,106,206,206,306,356,374,374,393,112,122,122,155,201,201,53,53,67,67,82,82,82,82,82,4,37,37],"floor_reached":56,"language":"KOR","playtime":3098,"items_purged":["Writhe"],"score":1448,"play_id":"854256ef-04aa-4728-a6a1-5b6ec7ae30ae","local_time":"20210209055437","is_ascension_mode":false,"campfire_choices":[{"data":"Runesmith:DoubleUp","floor":6,"key":"SMITH"},{"data":"Runesmith:ChaoticBlast","floor":15,"key":"SMITH"},{"floor":23,"key":"RECALL"},{"floor":32,"key":"DIG"},{"floor":40,"key":"DIG"},{"floor":47,"key":"DIG"},{"floor":49,"key":"DIG"},{"floor":52,"key":"DIG"}],"circlet_count":0,"master_deck":["Runesmith:Strike_RS+1","Runesmith:Strike_RS+1","Runesmith:Strike_RS+1","Runesmith:Strike_RS+1","Runesmith:Defend_RS+1","Runesmith:Defend_RS+1","Runesmith:Defend_RS+1","Runesmith:Defend_RS+1","Runesmith:CraftFirestone","Runesmith:Fortify","Runesmith:DoubleUp+1","Runesmith:NanitesCloud","Runesmith:ArcReactor+1","Runesmith:PerfectChisel","Runesmith:UnlimitedPower","Runesmith:RuneHurl","Runesmith:ChaoticBlast+1","Runesmith:ReplicatingBarrier","Runesmith:Grindstone+1","Runesmith:LithiumIon","Runesmith:CraftIncendium","Runesmith:GenerateForcefield","Runesmith:Refine","Runesmith:StaticCage+1","Runesmith:PoweredAnvil","Runesmith:CraftMagma+1"],"relics":["Runesmith:BrokenRuby","NeowsBlessing","Bronze Scales","Runesmith:Nanobots","Ornamental Fan","Fusion Hammer","Akabeko","Nunchaku","Strawberry","Anchor","Membership Card","StrikeDummy","Incense Burner","Shovel","Meat on the Bone","Lantern","Tiny House","TungstenRod","Medical Kit","Art of War","Torii","Turnip","ClockworkSouvenir","Bag of Preparation","Toy Ornithopter","Pen Nib","Bottled Flame","Runesmith:MiniCore","Blood Vial"],"acts_visited":["Exordium","TheCity","TheBeyond","TheEnding"],"potions_floor_usage":[12,21,31,35,50,54,55,55,55],"damage_taken":[{"damage":0,"enemies":"Cultist","floor":1,"turns":1},{"damage":0,"enemies":"2 Louse","floor":5,"turns":2},{"damage":0,"enemies":"Gremlin Nob","floor":7,"turns":1},{"damage":0,"enemies":"Jaw Worm","floor":10,"turns":4},{"damage":0,"enemies":"Looter","floor":11,"turns":2},{"damage":9,"enemies":"3 Sentries","floor":12,"turns":6},{"damage":1,"enemies":"3 Louse","floor":13,"turns":3},{"damage":0,"enemies":"2 Fungi Beasts","floor":14,"turns":2},{"damage":13,"enemies":"Hexaghost","floor":16,"turns":9},{"damage":0,"enemies":"Chosen","floor":18,"turns":3},{"damage":0,"enemies":"3 Byrds","floor":21,"turns":2},{"damage":3,"enemies":"Book of Stabbing","floor":24,"turns":4},{"damage":14,"enemies":"Shelled Parasite and Fungi","floor":25,"turns":3},{"damage":0,"enemies":"Gremlin Leader","floor":28,"turns":6},{"damage":0,"enemies":"Colosseum Slavers","floor":31,"turns":4},{"damage":0,"enemies":"Colosseum Nobs","floor":31,"turns":4},{"damage":2,"enemies":"Champ","floor":33,"turns":13},{"damage":3,"enemies":"3 Shapes","floor":35,"turns":4},{"damage":11,"enemies":"Orb Walker","floor":37,"turns":5},{"damage":15,"enemies":"Spire Growth","floor":39,"turns":6},{"damage":5,"enemies":"Reptomancer","floor":41,"turns":5},{"damage":8,"enemies":"2 Orb Walkers","floor":42,"turns":6},{"damage":0,"enemies":"Jaw Worm Horde","floor":46,"turns":5},{"damage":0,"enemies":"Writhing Mass","floor":48,"turns":4},{"damage":10,"enemies":"Time Eater","floor":50,"turns":10},{"damage":0,"enemies":"Shield and Spear","floor":54,"turns":3},{"damage":50,"enemies":"The Heart","floor":55,"turns":9}],"seed_played":"-3394096888425408928","potions_obtained":[{"floor":5,"key":"Fire Potion"},{"floor":8,"key":"FearPotion"},{"floor":8,"key":"SkillPotion"},{"floor":12,"key":"Fruit Juice"},{"floor":24,"key":"Strength Potion"},{"floor":25,"key":"DuplicationPotion"},{"floor":31,"key":"FearPotion"},{"floor":34,"key":"EntropicBrew"},{"floor":37,"key":"FearPotion"},{"floor":39,"key":"Block Potion"},{"floor":45,"key":"EssenceOfSteel"}],"is_trial":false,"path_per_floor":["M","$","$","?","M","R","E","?","T","M","M","E","M","M","R","B",null,"M","?","?","M","?","R","E","M","T","?","E","$","?","?","R","B",null,"M","?","M","$","M","R","E","?","T","$","?","M","R","M","R","B",null,"R","$","E","B",null],"character_chosen":"RUNESMITH_CLASS","items_purchased":["Runesmith:DoubleUp","Membership Card","Runesmith:LithiumIon","StrikeDummy","TungstenRod","Medical Kit","Runesmith:PoweredAnvil","ClockworkSouvenir","Bag of Preparation","Runesmith:MiniCore"],"campfire_rested":0,"item_purchase_floors":[3,29,29,29,38,38,38,44,44,53],"current_hp_per_floor":[70,70,70,70,70,70,70,70,70,70,70,66,65,65,65,52,75,75,75,75,75,75,75,72,58,65,65,65,65,65,65,65,63,87,84,84,73,73,58,58,53,45,45,45,45,45,45,45,45,52,87,87,87,87,49],"gold":37,"neow_bonus":"THREE_ENEMY_KILL","is_daily":false,"chose_seed":false,"campfire_upgraded":2,"win_rate":0.0,"timestamp":1612817677,"path_taken":["M","?","$","?","?","R","E","?","T","M","M","E","?","M","R","BOSS","M","?","?","M","?","R","E","M","T","?","E","$","?","?","R","BOSS","M","?","M","?","?","R","E","?","T","$","?","?","R","M","R","BOSS","R","$","E","BOSS"],"items_purchased_type":["Card","Relic","Card","Relic","Relic","Relic","Card","Relic","Relic","Relic"],"build_version":"2020-12-22","purchased_purges":1,"victory":true,"max_hp_per_floor":[70,70,70,70,70,70,70,70,70,70,70,75,75,75,75,75,75,75,75,75,75,75,75,75,75,82,82,82,82,82,82,82,82,87,87,87,87,87,87,87,87,87,87,87,87,87,87,87,87,87,87,87,87,87,87],"card_choices":[{"not_picked":["Runesmith:HeatedChisel","Runesmith:EarthShield"],"picked":"Runesmith:UnstableHammer","floor":1},{"not_picked":["Runesmith:UnstableHammer","Runesmith:EarthShield"],"picked":"Runesmith:NanitesCloud","floor":5},{"not_picked":["Runesmith:HeatExchange","Runesmith:Grindstone"],"picked":"Runesmith:ArcReactor","floor":7},{"not_picked":["Runesmith:HeatedChisel","Runesmith:CraftProtectio"],"picked":"Runesmith:PerfectChisel","floor":10},{"not_picked":["Runesmith:Repurpose","Runesmith:Overpower","Runesmith:BackupBattery"],"picked":"SKIP","floor":11},{"not_picked":["Runesmith:LithiumIon","Runesmith:FrozenChisel"],"picked":"Runesmith:UnlimitedPower","floor":12},{"not_picked":["Runesmith:Overpower","Runesmith:CraftVitae"],"picked":"Runesmith:RuneHurl","floor":13},{"not_picked":["Runesmith:RuneHurl","Runesmith:OneForEveryone"],"picked":"Runesmith:ChaoticBlast","floor":14},{"not_picked":["Runesmith:Duplicate","Runesmith:MetallurgicalResearch"],"picked":"Runesmith:ReplicatingBarrier","floor":16},{"not_picked":["Runesmith:HeatedChisel","Runesmith:CraftSpiculum","Runesmith:ChaoticBlast+1"],"picked":"SKIP","floor":18},{"not_picked":["Runesmith:RuneHurl","Runesmith:Overpower","Runesmith:CraftMagma"],"picked":"SKIP","floor":21},{"not_picked":["Runesmith:BackupBattery+1","Runesmith:HeatedChisel","Runesmith:NegativeSpace+1"],"picked":"SKIP","floor":24},{"not_picked":["Runesmith:CraftSpiculum","Runesmith:Repurpose"],"picked":"Runesmith:Grindstone+1","floor":25},{"not_picked":["Runesmith:EnergizedChisel","Runesmith:Overpower","Runesmith:ChiselStab"],"picked":"SKIP","floor":28},{"not_picked":["Runesmith:Empowerment","Runesmith:Overpower+1"],"picked":"Runesmith:CraftIncendium","floor":31},{"not_picked":["Runesmith:LightningRod","Runesmith:LastStand"],"picked":"Runesmith:GenerateForcefield","floor":33},{"not_picked":["Runesmith:HeatedChisel+1","Runesmith:HammerThrow+1","Runesmith:HeatExchange+1"],"picked":"SKIP","floor":35},{"not_picked":["Runesmith:MakeshiftArmor","Runesmith:UnlimitedPower"],"picked":"Runesmith:StaticCage+1","floor":37},{"not_picked":["Runesmith:PerfectChisel","Runesmith:DoubleUp","Runesmith:Malloc"],"picked":"SKIP","floor":39},{"not_picked":["Runesmith:Repurpose+1","Runesmith:Overpower","Runesmith:RuneHurl+1"],"picked":"SKIP","floor":41},{"not_picked":["Runesmith:Discharge","Runesmith:ShiftingStrike"],"picked":"Runesmith:CraftMagma+1","floor":46},{"not_picked":["Runesmith:MakeshiftArmor","Runesmith:FieryHammer","Runesmith:NegativeSpace+1"],"picked":"SKIP","floor":48},{"not_picked":["Runesmith:StaticCage+1","Runesmith:CraftIncendium","Runesmith:HammerAndChisel"],"picked":"SKIP","floor":54}],"player_experience":493152,"relics_obtained":[{"floor":7,"key":"Bronze Scales"},{"floor":9,"key":"Runesmith:Nanobots"},{"floor":12,"key":"Ornamental Fan"},{"floor":24,"key":"Nunchaku"},{"floor":26,"key":"Strawberry"},{"floor":28,"key":"Anchor"},{"floor":31,"key":"Shovel"},{"floor":31,"key":"Meat on the Bone"},{"floor":32,"key":"Lantern"},{"floor":40,"key":"Art of War"},{"floor":41,"key":"Torii"},{"floor":42,"key":"Turnip"},{"floor":47,"key":"Toy Ornithopter"},{"floor":49,"key":"Pen Nib"},{"floor":52,"key":"Bottled Flame"},{"floor":54,"key":"Blood Vial"}],"event_choices":[{"damage_healed":0,"gold_gain":0,"player_choice":"Ignored","damage_taken":0,"max_hp_gain":0,"max_hp_loss":0,"event_name":"NoteForYourself","floor":4,"gold_loss":0},{"damage_healed":0,"gold_gain":0,"player_choice":"Bought 2 Potions","damage_taken":0,"max_hp_gain":0,"max_hp_loss":0,"event_name":"The Woman in Blue","floor":8,"gold_loss":0},{"damage_healed":0,"gold_gain":0,"player_choice":"Obtained Relic","damage_taken":0,"relics_obtained":["Akabeko"],"max_hp_gain":0,"max_hp_loss":0,"event_name":"Addict","floor":19,"gold_loss":85},{"damage_healed":0,"gold_gain":0,"player_choice":"Simplicity","damage_taken":0,"max_hp_gain":0,"max_hp_loss":0,"event_name":"Back to Basics","floor":20,"gold_loss":0,"cards_upgraded":["Runesmith:Strike_RS","Runesmith:Strike_RS","Runesmith:Strike_RS","Runesmith:Strike_RS","Runesmith:Defend_RS","Runesmith:Defend_RS","Runesmith:Defend_RS","Runesmith:Defend_RS"]},{"damage_healed":0,"gold_gain":99,"player_choice":"Stole From Cult","damage_taken":0,"max_hp_gain":0,"max_hp_loss":0,"event_name":"Nest","floor":22,"gold_loss":0},{"damage_healed":0,"gold_gain":0,"player_choice":"Ignored","damage_taken":0,"max_hp_gain":0,"max_hp_loss":0,"event_name":"Vampires","floor":27,"gold_loss":0},{"damage_healed":0,"gold_gain":0,"player_choice":"Opened","damage_taken":0,"relics_obtained":["Incense Burner"],"max_hp_gain":0,"max_hp_loss":0,"event_name":"The Mausoleum","floor":30,"gold_loss":0,"cards_obtained":["Writhe"]},{"damage_healed":0,"gold_gain":0,"player_choice":"Fight","damage_taken":0,"max_hp_gain":0,"max_hp_loss":0,"event_name":"Colosseum","floor":31,"gold_loss":0},{"damage_healed":0,"gold_gain":0,"player_choice":"Fought Nobs","damage_taken":0,"max_hp_gain":0,"max_hp_loss":0,"event_name":"Colosseum","floor":31,"gold_loss":0},{"damage_healed":0,"gold_gain":0,"cards_transformed":["Runesmith:UnstableHammer"],"player_choice":"Transformed","damage_taken":0,"max_hp_gain":0,"max_hp_loss":0,"event_name":"Transmorgrifier","floor":36,"gold_loss":0,"cards_obtained":["Runesmith:Refine"]},{"damage_healed":0,"gold_gain":0,"player_choice":"Fight","damage_taken":0,"max_hp_gain":0,"max_hp_loss":0,"event_name":"Mysterious Sphere","floor":42,"gold_loss":0},{"damage_healed":0,"gold_gain":0,"player_choice":"Got Potions","damage_taken":0,"max_hp_gain":0,"max_hp_loss":0,"event_name":"Lab","floor":45,"gold_loss":0}],"is_beta":false,"boss_relics":[{"not_picked":["Black Star","SacredBark"],"picked":"Fusion Hammer"},{"not_picked":["Pandora\u0027s Box","Runesmith:CoreCrystal"],"picked":"Tiny House"}],"items_purged_floors":[38],"is_endless":false,"potions_floor_spawned":[5,11,12,24,25,31,31,37,39],"ascension_level":0}}