{"host":"94aus4jnk6thj94q","time":1612815035,"event":{"mods":["BaseMod","Minty Spire (QoL Compilation)","Quick Restart","StSLib"],"gold_per_floor":[20,40,53,65,65,65,80,80,80,114,127,158,173,173,173,293,293,314,314,27,48,48,48],"floor_reached":22,"language":"ENG","playtime":979,"items_purged":[],"score":198,"play_id":"2eb5f561-1e25-49d2-b7c7-4838c21725fa","local_time":"20210208221035","is_ascension_mode":false,"campfire_choices":[{"data":"Armaments","floor":6.0,"key":"SMITH"},{"floor":8.0,"key":"RECALL"},{"floor":15.0,"key":"REST"}],"circlet_count":0,"master_deck":["Strike_R","Strike_R","Strike_R","Strike_R","Strike_R","Defend_R","Defend_R","Defend_R","Defend_R","Bash","Immolate","Pommel Strike","Feel No Pain","Twin Strike","Armaments+1","Shrug It Off","Thunderclap","Whirlwind","Injury","Juggernaut+1","Metallicize+1","Twin Strike","Fire Breathing+1","Shrug It Off+1"],"relics":["Burning Blood","Ornamental Fan","Frozen Egg 2","Golden Idol","Black Star","Medical Kit"],"acts_visited":["Exordium","TheCity"],"potions_floor_usage":[],"damage_taken":[{"damage":6.0,"enemies":"Jaw Worm","floor":1.0,"turns":3.0},{"damage":12.0,"enemies":"Small Slimes","floor":2.0,"turns":3.0},{"damage":1.0,"enemies":"Cultist","floor":3.0,"turns":3.0},{"damage":7.0,"enemies":"3 Louse","floor":4.0,"turns":2.0},{"damage":4.0,"enemies":"2 Fungi Beasts","floor":7.0,"turns":3.0},{"damage":17.0,"enemies":"3 Sentries","floor":10.0,"turns":4.0},{"damage":10.0,"enemies":"Looter","floor":11.0,"turns":3.0},{"damage":28.0,"enemies":"Gremlin Nob","floor":12.0,"turns":4.0},{"damage":0.0,"enemies":"Exordium Wildlife","floor":13.0,"turns":2.0},{"damage":76.0,"enemies":"The Guardian","floor":16.0,"turns":12.0},{"damage":34.0,"enemies":"Shell Parasite","floor":18.0,"turns":7.0},{"damage":16.0,"enemies":"Spheric Guardian","floor":21.0,"turns":4.0},{"damage":0,"enemies":"Centurion and Healer","floor":22,"turns":1}],"seed_played":"-293178617381856070","potions_obtained":[{"floor":2.0,"key":"DuplicationPotion"},{"floor":7.0,"key":"AttackPotion"},{"floor":13.0,"key":"Regen Potion"},{"floor":16.0,"key":"Strength Potion"},{"floor":18.0,"key":"BloodPotion"}],"is_trial":false,"path_per_floor":["M","M","M","M","$","R","M","R","T","E","M","E","M","?","R","B",null,"M","?","$","M","M"],"character_chosen":"IRONCLAD","items_purchased":["Medical Kit","Twin Strike","Fire Breathing+1"],"campfire_rested":1,"item_purchase_floors":[20,20,20],"current_hp_per_floor":[80,74,79,78,78,78,80,80,80,69,65,43,49,49,73,18,80,52,52,52,58,58,58],"gold":48,"neow_bonus":"THREE_RARE_CARDS","is_daily":false,"chose_seed":false,"campfire_upgraded":1,"win_rate":0.0,"timestamp":1612815035,"path_taken":["M","M","M","M","$","R","M","R","T","E","M","E","M","?","R","BOSS","M","?","$","M","M"],"items_purchased_type":["Relic","Card","Card"],"build_version":"2020-12-22","purchased_purges":0,"victory":false,"max_hp_per_floor":[80,80,80,80,80,80,80,80,80,80,80,80,80,80,80,80,80,80,80,80,80,80,80],"card_choices":[{"not_picked":["Corruption","Feed"],"picked":"Immolate","floor":0.0},{"not_picked":["Flex","Warcry"],"picked":"Pommel Strike","floor":1.0},{"not_picked":["Clash","Anger"],"picked":"Feel No Pain","floor":2.0},{"not_picked":["Warcry","Iron Wave"],"picked":"Twin Strike","floor":3.0},{"not_picked":["Clothesline","Clash"],"picked":"Armaments","floor":4.0},{"not_picked":["Havoc","Twin Strike"],"picked":"Shrug It Off","floor":7.0},{"not_picked":["Power Through","Uppercut"],"picked":"Thunderclap","floor":10.0},{"not_picked":["Corruption","Armaments"],"picked":"Whirlwind","floor":11.0},{"not_picked":["Headbutt","Heavy Blade","Clash"],"picked":"SKIP","floor":12.0},{"not_picked":["Burning Pact","Pommel Strike","Headbutt"],"picked":"SKIP","floor":13.0},{"not_picked":["Brutality+1","Fiend Fire"],"picked":"Juggernaut+1","floor":16.0},{"not_picked":["Armaments","Thunderclap"],"picked":"Metallicize+1","floor":18.0},{"not_picked":["Clash","Twin Strike"],"picked":"Shrug It Off+1","floor":21.0}],"player_experience":4482641,"relics_obtained":[{"floor":10.0,"key":"Ornamental Fan"},{"floor":12.0,"key":"Frozen Egg 2"}],"event_choices":[{"damage_healed":0.0,"max_hp_gain":0.0,"max_hp_loss":0.0,"gold_gain":0.0,"event_name":"Golden Idol","player_choice":"Take Wound","floor":14.0,"gold_loss":0.0,"damage_taken":0.0,"relics_obtained":["Golden Idol"],"cards_obtained":["Injury"]},{"damage_healed":0.0,"max_hp_gain":0.0,"max_hp_loss":0.0,"gold_gain":0.0,"event_name":"Cursed Tome","player_choice":"Ignored","floor":19.0,"gold_loss":0.0,"damage_taken":0.0}],"is_beta":false,"boss_relics":[{"not_picked":["SacredBark","Astrolabe"],"picked":"Black Star"}],"items_purged_floors":[],"is_endless":false,"potions_floor_spawned":[2,7,13,16,18],"killed_by":"Centurion and Healer","ascension_level":0}}