{"host":"bx8ylsmj2ob6hd5u","time":1612805535,"event":{"mods":["AchievementEnabler","Act Like it!","Aspiration","BaseMod","Colored Map","Downfall","Duelist Mod","Friendly Minions","Gensokyo","GifTheSpireLib","Hallownest","Hermit","HololiveMod","Hubris","Infinite Spire","Jorbs\u0027s Wanderer Trilogy","KinomotoSakuraMod(????)","Kiyohime????","Koishi","KomeijiMod","Lobotomy","LobotomyExtend","Marisa????????","Minty Spire (QoL Compilation)","Prisma Mod","Rare Cards Sparkle","Reimu??????","Remilia??????","Replay The Spire","StSLib","Td1madao Mod","The Administrix","The Animator","The Bug Knight","The Construct","The Cursed","The Disciple","The Hierophant","The Necromancer","The Poker Player","The Runesmith","The Senshi","The Servant 0.9.4","WarShipGirlsR/????R mod"],"gold_per_floor":[119,119,59,59,59,59,74,74,126,143,49,64,64,64,64,461,461,478,498,498,511,511,511,511,539,539,559,439,439,453,528,528,631,631,641,641,661,661,675,675,727,738,738,738,769,769,784,837,837,932,932,932,932],"floor_reached":52,"language":"ENG","playtime":5878,"items_purged":[],"score":565,"play_id":"c0d1501e-7a75-40c6-a6c5-0a2961cb4875","local_time":"20210208193215","is_ascension_mode":false,"campfire_choices":[{"data":"stsjorbsmod:Mania","floor":6,"key":"SMITH"},{"data":"stsjorbsmod:HoldMonster","floor":8,"key":"SMITH"},{"data":"stsjorbsmod:DeathThroes","floor":13,"key":"SMITH"},{"floor":15,"key":"REST"},{"data":"stsjorbsmod:Determination","floor":23,"key":"SMITH"},{"data":"Phantasmal Killer","floor":29,"key":"SMITH"},{"data":"stsjorbsmod:ArcaneForm","floor":32,"key":"SMITH"},{"data":"Panacea","floor":40,"key":"SMITH"},{"data":"stsjorbsmod:Entangle","floor":44,"key":"SMITH"},{"data":"stsjorbsmod:Defend_Wanderer","floor":46,"key":"SMITH"},{"data":"Finisher","floor":49,"key":"SMITH"}],"circlet_count":0,"master_deck":["stsjorbsmod:ForbiddenGrimoire+1","stsjorbsmod:Strike_Wanderer+1","stsjorbsmod:Strike_Wanderer+1","stsjorbsmod:Strike_Wanderer+1","stsjorbsmod:Strike_Wanderer+1","stsjorbsmod:Defend_Wanderer+1","stsjorbsmod:Defend_Wanderer+1","stsjorbsmod:Defend_Wanderer+1","stsjorbsmod:Defend_Wanderer+1","stsjorbsmod:FreshAdventure","stsjorbsmod:EyeOfTheStorm+1","stsjorbsmod:SmithingStrike","Deep Breath+1","stsjorbsmod:Mania+1","stsjorbsmod:HoldMonster+1","stsjorbsmod:Stalwart+1","stsjorbsmod:DeathThroes+1","stsjorbsmod:ArcaneForm+1","Finisher+1","Phantasmal Killer+1","PiercingWail","stsjorbsmod:Determination+1","stsjorbsmod:Entangle+1","stsjorbsmod:RayOfFrost","Panacea+1","stsjorbsmod:FreshAdventure","stsjorbsmod:Materialize+1","stsjorbsmod:FracturedMind+1","stsjorbsmod:ParryingBlow","stsjorbsmod:ArcaneWeapon+1","theDuelist:SummoningCurse","hubris:DuctTapeCard+1","stsjorbsmod:ScorchingRay+1","stsjorbsmod:BlackTentacles+1","stsjorbsmod:Message+1","stsjorbsmod:Feast+1"],"relics":["stsjorbsmod:GrimoireRelic","Blue Doll","LetterFromLob","Boot","ReplayTheSpireMod:TigerMarble","Cursed Key","hubris:Towel","Vajra","Busted Crown","Replay:Bottled Eggs","Gremlin Food","Gensokyo:LionMask","Matryoshka","Replay:Drink Me","MiracleMallet","TungstenRod","Toxic Egg 2","hubris:DuctTape","hubris:GlazedTorus","ChewingGum"],"acts_visited":["Exordium","Gensokyo:Gensokyo","TheBeyond","TheBeyond"],"potions_floor_usage":[12,18,25,37,37,41,45,50],"damage_taken":[{"damage":7,"enemies":"Gensokyo:Gryphon","floor":1,"turns":4},{"damage":0,"enemies":"Gensokyo:3_Fairies","floor":7,"turns":3},{"damage":0,"enemies":"Gensokyo:Python","floor":10,"turns":3},{"damage":31,"enemies":"Gensokyo:VengefulSpirit","floor":12,"turns":7},{"damage":40,"enemies":"Gensokyo:Reimu","floor":16,"turns":9},{"damage":3,"enemies":"Gensokyo:AngelMirror","floor":18,"turns":3},{"damage":0,"enemies":"Gensokyo:3_Dogs","floor":19,"turns":3},{"damage":4,"enemies":"Gensokyo:Swordslinger","floor":21,"turns":4},{"damage":14,"enemies":"Nightmare","floor":25,"turns":5},{"damage":0,"enemies":"Gensokyo:Wraith","floor":27,"turns":3},{"damage":0,"enemies":"Gensokyo:3_Gloops","floor":30,"turns":3},{"damage":44,"enemies":"Gensokyo:Eiki","floor":33,"turns":5},{"damage":0,"enemies":"Orb Walker","floor":35,"turns":2},{"damage":0,"enemies":"3 Darklings","floor":37,"turns":4},{"damage":0,"enemies":"Spire Growth","floor":39,"turns":4},{"damage":0,"enemies":"2 Orb Walkers","floor":41,"turns":3},{"damage":0,"enemies":"4 Shapes","floor":42,"turns":4},{"damage":9,"enemies":"Nemesis","floor":45,"turns":5},{"damage":0,"enemies":"Maw","floor":47,"turns":4},{"damage":1,"enemies":"4 Shapes","floor":48,"turns":3},{"damage":22,"enemies":"Replay:Hell Engine","floor":50,"turns":7},{"damage":0,"enemies":"Hallownest:2_Tiktiks_and_1_Crawlid","floor":52,"turns":1}],"seed_played":"-8673473689805365059","potions_obtained":[{"floor":7,"key":"Languid Potion"},{"floor":16,"key":"ColorlessPotion"},{"floor":19,"key":"Fire Potion"},{"floor":30,"key":"Energy Potion"},{"floor":33,"key":"Elixir"},{"floor":35,"key":"Strength Potion"},{"floor":37,"key":"Swift Potion"},{"floor":41,"key":"champ:CounterPotion"}],"is_trial":false,"path_per_floor":["M","?","$","?","?","R","M","R","T","M","COS","M","R","M","R","B",null,"M","M","?","M","?","R","AVR","NM","T","M","?","R","M","T","R","B",null,"M","?","M","?","M","R","?","M","T","R","E","R","M","M","R","B",null,"M"],"character_chosen":"WANDERER","items_purchased":["Deep Breath+1"],"campfire_rested":1,"item_purchase_floors":[3],"current_hp_per_floor":[62,68,68,68,68,68,68,68,68,70,70,39,39,39,60,20,70,70,70,70,68,68,68,68,60,60,66,66,66,70,70,70,26,53,53,53,53,53,53,53,53,53,53,53,49,49,50,52,52,37,53,53,53],"gold":932,"neow_bonus":"RANDOM_COMMON_RELIC","is_daily":false,"chose_seed":false,"campfire_upgraded":10,"win_rate":0.0,"timestamp":1612805535,"path_taken":["M","?","?","?","?","R","M","R","T","M","COS","M","R","M","R","BOSS","M","M","?","?","?","R","AVR","NM","T","M","?","R","?","?","R","BOSS","M","?","?","?","M","R","?","M","T","R","E","R","M","M","R","BOSS","M"],"items_purchased_type":["Card"],"build_version":"2020-12-22","purchased_purges":0,"victory":false,"max_hp_per_floor":[68,68,68,68,68,68,68,68,68,70,70,70,70,70,70,70,70,70,70,70,70,70,70,70,70,70,70,70,70,70,70,70,70,53,53,53,53,53,53,53,53,53,53,53,53,53,53,53,53,53,53,53,53],"card_choices":[{"not_picked":["stsjorbsmod:ChainLightning","stsjorbsmod:Index"],"picked":"stsjorbsmod:SmithingStrike","floor":1},{"not_picked":[],"picked":"stsjorbsmod:Mania","floor":5},{"not_picked":["stsjorbsmod:Inferno","stsjorbsmod:Counterspell"],"picked":"stsjorbsmod:HoldMonster","floor":7},{"not_picked":["stsjorbsmod:FracturedMind","stsjorbsmod:WanderingMind"],"picked":"stsjorbsmod:LocateObject","floor":10},{"not_picked":["stsjorbsmod:TrueStrike+1","stsjorbsmod:DisguiseSelf+1"],"picked":"stsjorbsmod:Stalwart+1","floor":12},{"not_picked":["stsjorbsmod:Rest","stsjorbsmod:UnseenServant"],"picked":"stsjorbsmod:DeathThroes","floor":12},{"not_picked":["stsjorbsmod:IvoryTower","stsjorbsmod:HoldMonster"],"picked":"stsjorbsmod:ArcaneForm","floor":16},{"not_picked":["stsjorbsmod:Rest","stsjorbsmod:ArcaneWeapon"],"picked":"stsjorbsmod:BurningFlask","floor":18},{"not_picked":["stsjorbsmod:Firebolt","stsjorbsmod:Message+1"],"picked":"stsjorbsmod:WeightOfMemory","floor":19},{"not_picked":["stsjorbsmod:TrueStrike","stsjorbsmod:Hibernate"],"picked":"stsjorbsmod:Determination","floor":21},{"not_picked":[],"picked":"stsjorbsmod:Patron","floor":25},{"not_picked":[],"picked":"stsjorbsmod:BurningFlask+1","floor":27},{"not_picked":[],"picked":"stsjorbsmod:Mindworm","floor":30},{"not_picked":[],"picked":"stsjorbsmod:Entangle","floor":33},{"not_picked":[],"picked":"stsjorbsmod:RayOfFrost","floor":35},{"not_picked":[],"picked":"stsjorbsmod:UnseenServant","floor":37},{"not_picked":[],"picked":"stsjorbsmod:Materialize+1","floor":38},{"not_picked":[],"picked":"stsjorbsmod:FracturedMind+1","floor":39},{"not_picked":[],"picked":"stsjorbsmod:ParryingBlow","floor":41},{"not_picked":[],"picked":"stsjorbsmod:ArcaneWeapon+1","floor":42},{"not_picked":[],"picked":"stsjorbsmod:ScorchingRay+1","floor":45},{"not_picked":[],"picked":"stsjorbsmod:BlackTentacles+1","floor":47},{"not_picked":[],"picked":"stsjorbsmod:Message+1","floor":48},{"not_picked":[],"picked":"stsjorbsmod:Feast+1","floor":50}],"player_experience":1561894,"relics_obtained":[{"floor":1,"key":"LetterFromLob"},{"floor":9,"key":"Boot"},{"floor":25,"key":"Replay:Bottled Eggs"},{"floor":26,"key":"Gremlin Food"},{"floor":31,"key":"Matryoshka"},{"floor":38,"key":"MiracleMallet"},{"floor":41,"key":"TungstenRod"},{"floor":43,"key":"Toxic Egg 2"},{"floor":43,"key":"hubris:DuctTape"},{"floor":45,"key":"hubris:GlazedTorus"}],"event_choices":[{"damage_healed":0,"gold_gain":0,"player_choice":"3 cards matched","damage_taken":0,"max_hp_gain":0,"max_hp_loss":0,"event_name":"Match and Keep!","floor":36,"gold_loss":0,"cards_obtained":["Gensokyo:AllTheWorldsEvil","Panacea","stsjorbsmod:FreshAdventure"]},{"damage_healed":0,"gold_gain":0,"player_choice":"Fight","damage_taken":0,"max_hp_gain":0,"max_hp_loss":0,"event_name":"Mysterious Sphere","floor":41,"gold_loss":0}],"is_beta":false,"boss_relics":[{"not_picked":["Replay:Grab Bag","Ring of Chaos"],"picked":"Cursed Key"},{"not_picked":["Empty Cage","hubris:RunicObelisk"],"picked":"Replay:Drink Me"},{"not_picked":["construct:WeddingRing","aspiration:MobileForge"],"picked":"ChewingGum"}],"items_purged_floors":[],"is_endless":true,"potions_floor_spawned":[7,16,19,30,33,35,37,41],"killed_by":"Hallownest:2_Tiktiks_and_1_Crawlid","ascension_level":0}}