{"host":"zsnmfqgcm92hlreo","time":1612759942,"event":{"mods":["AchievementEnabler","BaseMod","Bestiary","Block Reminder","Colored Map","Colored Powertips","Minty Spire (QoL Compilation)","Permanent Neow","Quick Restart","Relic Stats","StSLib","Weighted Paths"],"gold_per_floor":[112,123,134,151,169,204,220,247,247,247,212,212,230,261,261,340,340,310,310,310,235,235,235,261,279,279,306,306,333,333,280,280,354,354,372,386,411,430,430,430,430,458,458,163,0,20,20,47,47,47,47,47,47,8,34,34,34],"floor_reached":56,"language":"ENG","playtime":2072,"items_purged":[],"score":2087,"play_id":"d0b18373-45c1-4339-86c0-bc87f2473052","local_time":"20210207225222","is_ascension_mode":true,"campfire_choices":[{"data":"Whirlwind","floor":10.0,"key":"SMITH"},{"floor":15.0,"key":"REST"},{"data":"Demon Form","floor":23.0,"key":"SMITH"},{"floor":28.0,"key":"REST"},{"floor":30.0,"key":"REST"},{"floor":32.0,"key":"REST"},{"floor":40.0,"key":"RECALL"},{"data":"Heavy Blade","floor":47.0,"key":"SMITH"},{"floor":49.0,"key":"REST"},{"data":"Shockwave","floor":53.0,"key":"SMITH"}],"circlet_count":0,"master_deck":["AscendersBane","Defend_R","Defend_R","Defend_R","Defend_R","Bash","Spot Weakness","Ghostly Armor","Combust","Whirlwind+1","Flame Barrier","Shockwave+1","Demon Form+1","Heavy Blade","Bite","Bite","Bite","Bite","Bite","Shrug It Off","Rupture","Intimidate+1","Reaper","Shrug It Off+1","Battle Trance+1","Heavy Blade+1","Heavy Blade+1","Master of Strategy+1","Madness+1","True Grit+1","Second Wind+1","True Grit+1","Heavy Blade+1","Feel No Pain","Brutality"],"relics":["Velvet Choker","Toy Ornithopter","Bottled Flame","Incense Burner","Mark of Pain","Red Skull","Ginger","Toxic Egg 2","Vajra","Akabeko","SlaversCollar","Dead Branch","Molten Egg 2","Medical Kit","Red Mask","Potion Belt","Bag of Marbles"],"acts_visited":["Exordium","TheCity","TheBeyond","TheEnding"],"potions_floor_usage":[56,56,56,56],"damage_taken":[{"damage":7.0,"enemies":"Jaw Worm","floor":1.0,"turns":3.0},{"damage":6.0,"enemies":"2 Louse","floor":2.0,"turns":3.0},{"damage":0.0,"enemies":"Small Slimes","floor":3.0,"turns":2.0},{"damage":3.0,"enemies":"Blue Slaver","floor":4.0,"turns":4.0},{"damage":13.0,"enemies":"Looter","floor":5.0,"turns":3.0},{"damage":63.0,"enemies":"Gremlin Nob","floor":6.0,"turns":5.0},{"damage":0.0,"enemies":"2 Fungi Beasts","floor":7.0,"turns":2.0},{"damage":0.0,"enemies":"3 Sentries","floor":8.0,"turns":1.0},{"damage":19.0,"enemies":"Exordium Thugs","floor":13.0,"turns":3.0},{"damage":13.0,"enemies":"Lagavulin","floor":14.0,"turns":5.0},{"damage":22.0,"enemies":"Slime Boss","floor":16.0,"turns":8.0},{"damage":13.0,"enemies":"2 Thieves","floor":18.0,"turns":4.0},{"damage":37.0,"enemies":"Slavers","floor":24.0,"turns":5.0},{"damage":0.0,"enemies":"3 Byrds","floor":25.0,"turns":4.0},{"damage":19.0,"enemies":"Book of Stabbing","floor":27.0,"turns":4.0},{"damage":34.0,"enemies":"Slavers","floor":29.0,"turns":5.0},{"damage":37.0,"enemies":"Automaton","floor":33.0,"turns":7.0},{"damage":11.0,"enemies":"Orb Walker","floor":35.0,"turns":2.0},{"damage":0.0,"enemies":"3 Darklings","floor":36.0,"turns":1.0},{"damage":12.0,"enemies":"Mind Bloom Boss Battle","floor":37.0,"turns":7.0},{"damage":23.0,"enemies":"Writhing Mass","floor":38.0,"turns":5.0},{"damage":15.0,"enemies":"Nemesis","floor":42.0,"turns":5.0},{"damage":0.0,"enemies":"Jaw Worm Horde","floor":46.0,"turns":1.0},{"damage":55.0,"enemies":"Giant Head","floor":48.0,"turns":6.0},{"damage":20.0,"enemies":"Donu and Deca","floor":50.0,"turns":5.0},{"damage":46.0,"enemies":"Awakened One","floor":51.0,"turns":7.0},{"damage":8.0,"enemies":"Shield and Spear","floor":55.0,"turns":3.0},{"damage":95,"enemies":"The Heart","floor":56,"turns":6}],"seed_played":"1816626366534178771","potions_obtained":[{"floor":1.0,"key":"AttackPotion"},{"floor":3.0,"key":"Explosive Potion"},{"floor":5.0,"key":"FairyPotion"},{"floor":6.0,"key":"Ancient Potion"},{"floor":7.0,"key":"SteroidPotion"},{"floor":14.0,"key":"GamblersBrew"},{"floor":29.0,"key":"FearPotion"},{"floor":33.0,"key":"ColorlessPotion"},{"floor":35.0,"key":"GamblersBrew"},{"floor":48.0,"key":"EntropicBrew"},{"floor":55.0,"key":"GamblersBrew"}],"is_trial":false,"path_per_floor":["M","M","M","M","M","E","M","E","T","R","?","?","M","E","R","B",null,"M","?","?","?","?","R","E","M","T","E","R","E","R","$","R","B",null,"M","M","?","M","?","R","?","E","T","$","?","M","R","E","R","B","B",null,"R","$","E","B"],"character_chosen":"IRONCLAD","items_purchased":["ColorlessPotion","Medical Kit","True Grit+1","Second Wind+1","Feel No Pain"],"campfire_rested":5,"item_purchase_floors":[31,44,44,44,54],"current_hp_per_floor":[61,55,55,52,39,22,24,26,26,26,44,44,27,16,38,18,61,55,55,55,55,55,55,24,30,30,21,43,17,39,39,61,48,68,57,57,69,75,71,71,66,56,56,56,56,56,56,16,37,63,49,66,66,66,65,0,0],"gold":34,"neow_bonus":"BOSS_RELIC","is_daily":false,"chose_seed":false,"campfire_upgraded":4,"win_rate":0.0,"timestamp":1612759942,"path_taken":["M","M","M","M","M","E","M","E","T","R","?","?","M","E","R","BOSS","M","?","?","?","?","R","E","M","T","E","R","E","R","$","R","BOSS","M","M","?","M","?","R","?","E","T","$","?","?","R","E","R","BOSS","BOSS","R","$","E","BOSS"],"items_purchased_type":["Potion","Relic","Card","Card","Card"],"build_version":"2020-12-22","purchased_purges":0,"victory":false,"max_hp_per_floor":[75,75,75,75,75,75,75,75,75,75,75,75,75,75,75,75,75,75,75,75,75,75,75,75,75,75,75,75,75,75,75,75,75,75,75,75,75,75,71,71,71,71,71,71,71,71,71,71,71,71,71,71,71,71,71,71,71],"relic_stats":{"counters":[28,116],"Dead Branch":[92],"Ginger":[10],"Medical Kit":[4],"obtain_stats":[{"Potion Belt":48,"Dead Branch":37,"Velvet Choker":0,"Vajra":27,"Incense Burner":14,"Ginger":24,"Medical Kit":44,"Burning Blood":0,"Akabeko":29,"Blood Vial":6,"SlaversCollar":34,"Bottled Flame":9,"Molten Egg 2":42,"Mark of Pain":17,"Red Mask":45,"Bag of Marbles":55,"Toxic Egg 2":26,"Toy Ornithopter":8,"Red Skull":20},{"Potion Belt":24,"Dead Branch":20,"Velvet Choker":0,"Vajra":15,"Incense Burner":10,"Ginger":13,"Medical Kit":22,"Burning Blood":0,"Akabeko":16,"Blood Vial":6,"SlaversCollar":17,"Bottled Flame":8,"Molten Egg 2":22,"Mark of Pain":11,"Red Mask":22,"Bag of Marbles":27,"Toxic Egg 2":14,"Toy Ornithopter":8,"Red Skull":12},{"Potion Belt":95,"Dead Branch":78,"Velvet Choker":0,"Vajra":56,"Incense Burner":31,"Ginger":48,"Medical Kit":88,"Burning Blood":0,"Akabeko":61,"Blood Vial":20,"SlaversCollar":68,"Bottled Flame":23,"Molten Egg 2":88,"Mark of Pain":39,"Red Mask":88,"Bag of Marbles":110,"Toxic Egg 2":52,"Toy Ornithopter":23,"Red Skull":43}],"Toy Ornithopter":64},"card_choices":[{"not_picked":["Intimidate","Entrench"],"picked":"Spot Weakness","floor":1.0},{"not_picked":["True Grit","Reckless Charge"],"picked":"Ghostly Armor","floor":2.0},{"not_picked":["Wild Strike","Anger","Body Slam"],"picked":"SKIP","floor":3.0},{"not_picked":["Cleave","Armaments"],"picked":"Combust","floor":4.0},{"not_picked":["Combust","Flex","Warcry"],"picked":"SKIP","floor":5.0},{"not_picked":["Havoc","Double Tap"],"picked":"Whirlwind","floor":6.0},{"not_picked":["Havoc","Uppercut"],"picked":"Flame Barrier","floor":7.0},{"not_picked":["Feel No Pain","True Grit","Headbutt"],"picked":"SKIP","floor":8.0},{"not_picked":["Blood for Blood","Burning Pact"],"picked":"Shockwave","floor":13.0},{"not_picked":["Seeing Red","Warcry","Ghostly Armor"],"picked":"SKIP","floor":14.0},{"not_picked":["Berserk","Corruption"],"picked":"Demon Form","floor":16.0},{"not_picked":["Bloodletting","Perfected Strike"],"picked":"Heavy Blade","floor":18.0},{"not_picked":["Headbutt","Cleave","Clash"],"picked":"SKIP","floor":24.0},{"not_picked":["Twin Strike","Iron Wave"],"picked":"Shrug It Off","floor":25.0},{"not_picked":["True Grit+1","Twin Strike"],"picked":"Rupture","floor":27.0},{"not_picked":["Barricade","Flex+1"],"picked":"Intimidate+1","floor":29.0},{"not_picked":["Barricade","Fiend Fire"],"picked":"Reaper","floor":33.0},{"not_picked":["Searing Blow","Infernal Blade+1"],"picked":"Shrug It Off+1","floor":35.0},{"not_picked":["Searing Blow","Uppercut"],"picked":"Battle Trance+1","floor":36.0},{"not_picked":["Anger","Wild Strike+1"],"picked":"Heavy Blade+1","floor":37.0},{"not_picked":["Sentinel+1","Clothesline+1"],"picked":"Heavy Blade","floor":38.0},{"not_picked":["PanicButton+1","Bandage Up+1"],"picked":"Master of Strategy+1","floor":41.0},{"not_picked":["Jack Of All Trades+1","Purity+1"],"picked":"Madness+1","floor":41.0},{"not_picked":["Twin Strike+1","Anger+1","Flex+1"],"picked":"SKIP","floor":42.0},{"not_picked":["Warcry+1","Ghostly Armor+1"],"picked":"True Grit+1","floor":46.0},{"not_picked":["Dark Embrace","True Grit+1"],"picked":"Heavy Blade+1","floor":48.0},{"not_picked":["Fire Breathing+1","Whirlwind+1"],"picked":"Brutality","floor":55.0}],"player_experience":1045128,"relics_obtained":[{"floor":6.0,"key":"Blood Vial"},{"floor":8.0,"key":"Toy Ornithopter"},{"floor":9.0,"key":"Bottled Flame"},{"floor":14.0,"key":"Incense Burner"},{"floor":24.0,"key":"Ginger"},{"floor":26.0,"key":"Toxic Egg 2"},{"floor":27.0,"key":"Vajra"},{"floor":29.0,"key":"Akabeko"},{"floor":37.0,"key":"Dead Branch"},{"floor":42.0,"key":"Molten Egg 2"},{"floor":48.0,"key":"Potion Belt"},{"floor":55.0,"key":"Bag of Marbles"}],"event_choices":[{"damage_healed":18.0,"max_hp_gain":0.0,"max_hp_loss":0.0,"gold_gain":0.0,"event_name":"The Cleric","player_choice":"Healed","floor":11.0,"gold_loss":35.0,"damage_taken":0.0},{"damage_healed":0.0,"max_hp_gain":0.0,"max_hp_loss":0.0,"gold_gain":0.0,"event_name":"Shining Light","player_choice":"Ignored","floor":12.0,"gold_loss":0.0,"damage_taken":0.0},{"damage_healed":0.0,"max_hp_gain":0.0,"max_hp_loss":0.0,"gold_gain":0.0,"event_name":"Vampires","player_choice":"Became a vampire (Vial)","floor":19.0,"relics_lost":["Blood Vial"],"gold_loss":0.0,"damage_taken":0.0,"cards_obtained":["Bite","Bite","Bite","Bite","Bite"]},{"damage_healed":0.0,"max_hp_gain":0.0,"max_hp_loss":0.0,"gold_gain":0.0,"event_name":"The Mausoleum","player_choice":"Opened","floor":20.0,"gold_loss":0.0,"damage_taken":0.0,"relics_obtained":["Red Skull"],"cards_obtained":["Writhe"]},{"cards_removed":["Writhe"],"damage_healed":0.0,"max_hp_gain":0.0,"max_hp_loss":0.0,"gold_gain":0.0,"event_name":"Beggar","player_choice":"Gave Gold","floor":21.0,"gold_loss":75.0,"damage_taken":0.0},{"damage_healed":0.0,"max_hp_gain":0.0,"max_hp_loss":0.0,"gold_gain":0.0,"event_name":"Cursed Tome","player_choice":"Ignored","floor":22.0,"gold_loss":0.0,"damage_taken":0.0},{"damage_healed":0.0,"max_hp_gain":0.0,"max_hp_loss":0.0,"gold_gain":0.0,"event_name":"MindBloom","player_choice":"Fight","floor":37.0,"gold_loss":0.0,"damage_taken":0.0},{"damage_healed":0.0,"max_hp_gain":0.0,"max_hp_loss":4.0,"gold_gain":0.0,"event_name":"Winding Halls","player_choice":"Max HP","floor":39.0,"gold_loss":0.0,"damage_taken":0.0},{"damage_healed":0.0,"max_hp_gain":0.0,"max_hp_loss":0.0,"gold_gain":0.0,"event_name":"SensoryStone","player_choice":"Memory 2","floor":41.0,"gold_loss":0.0,"damage_taken":5.0},{"damage_healed":0.0,"max_hp_gain":0.0,"max_hp_loss":0.0,"gold_gain":0.0,"event_name":"Tomb of Lord Red Mask","player_choice":"Paid","floor":45.0,"gold_loss":163.0,"damage_taken":0.0,"relics_obtained":["Red Mask"]}],"is_beta":false,"boss_relics":[{"not_picked":["Fusion Hammer","Runic Pyramid"],"picked":"Mark of Pain"},{"not_picked":["Pandora\u0027s Box","Empty Cage"],"picked":"SlaversCollar"}],"items_purged_floors":[],"is_endless":false,"potions_floor_spawned":[1,3,5,6,7,14,29,33,35,36,48,55],"killed_by":"The Heart","ascension_level":20}}