{"host":"t8facflq355xg1wc","time":1612800743,"event":{"mods":["AchievementEnabler","BaseMod","DeckTracker","Minty Spire (QoL Compilation)","StSLib","SuperFastMode"],"gold_per_floor":[118,118,129,141,141,175,190,190,216,216,233,249,262,23,23,127,127,137,153,165,165,165,165,195,195,195,223,322,322,322,322,322,420,420,440,151,163,54,67,117,133,133,133,167,179,189,219,232,232,232],"floor_reached":51,"language":"KOR","playtime":6127,"items_purged":[],"score":876,"play_id":"9357b820-805a-4083-836c-37801755863b","local_time":"20210209011223","is_ascension_mode":true,"campfire_choices":[{"floor":8,"key":"REST"},{"data":"Neutralize","floor":15,"key":"SMITH"},{"floor":23,"key":"REST"},{"floor":25,"key":"REST"},{"floor":32,"key":"REST"},{"floor":42,"key":"REST"},{"data":"Calculated Gamble","floor":49,"key":"SMITH"}],"circlet_count":0,"master_deck":["Strike_G","Strike_G","Strike_G","Defend_G+1","Defend_G+1","Defend_G","Survivor+1","Neutralize+1","Leg Sweep+1","Blade Dance","Dagger Spray+1","Eviscerate","Tools of the Trade","PiercingWail+1","Blade Dance","Die Die Die","Noxious Fumes+1","Dodge and Roll","Die Die Die","Phantasmal Killer","Reflex","Blur+1","Infinite Blades","Terror","Cloak And Dagger+1","Calculated Gamble+1","Acrobatics+1","PiercingWail","Distraction+1","Underhanded Strike+1"],"relics":["Ring of the Snake","Dream Catcher","War Paint","Kunai","Black Star","Toy Ornithopter","Lantern","Happy Flower","Blue Candle","Blood Vial","HoveringKite","Tough Bandages","Unceasing Top","Eternal Feather","Pantograph","Art of War","Tingsha","InkBottle"],"acts_visited":["Exordium","TheCity","TheBeyond"],"potions_floor_usage":[6,6,16,20,24,27,31,33,44,50,50],"damage_taken":[{"damage":2,"enemies":"2 Louse","floor":1,"turns":3},{"damage":0,"enemies":"Small Slimes","floor":3,"turns":4},{"damage":1,"enemies":"Cultist","floor":4,"turns":3},{"damage":15,"enemies":"Lagavulin","floor":6,"turns":9},{"damage":0,"enemies":"3 Louse","floor":7,"turns":2},{"damage":0,"enemies":"Looter","floor":11,"turns":3},{"damage":0,"enemies":"Large Slime","floor":12,"turns":4},{"damage":0,"enemies":"3 Louse","floor":13,"turns":1},{"damage":27,"enemies":"Slime Boss","floor":16,"turns":14},{"damage":15,"enemies":"Shell Parasite","floor":18,"turns":8},{"damage":7,"enemies":"Spheric Guardian","floor":19,"turns":4},{"damage":2,"enemies":"Shelled Parasite and Fungi","floor":20,"turns":8},{"damage":21,"enemies":"Book of Stabbing","floor":24,"turns":7},{"damage":21,"enemies":"Slavers","floor":27,"turns":4},{"damage":0,"enemies":"Sentry and Sphere","floor":31,"turns":3},{"damage":32,"enemies":"Automaton","floor":33,"turns":12},{"damage":4,"enemies":"3 Shapes","floor":35,"turns":5},{"damage":5,"enemies":"3 Darklings","floor":37,"turns":7},{"damage":26,"enemies":"Jaw Worm Horde","floor":39,"turns":5},{"damage":0,"enemies":"Mind Bloom Boss Battle","floor":40,"turns":7},{"damage":3,"enemies":"Maw","floor":41,"turns":6},{"damage":3,"enemies":"Reptomancer","floor":44,"turns":7},{"damage":3,"enemies":"Sphere and 2 Shapes","floor":45,"turns":4},{"damage":0,"enemies":"3 Darklings","floor":46,"turns":4},{"damage":33,"enemies":"Nemesis","floor":47,"turns":11},{"damage":0,"enemies":"Spire Growth","floor":48,"turns":4},{"damage":32,"enemies":"Donu and Deca","floor":50,"turns":9}],"seed_played":"420402934669291453","potions_obtained":[{"floor":1,"key":"Energy Potion"},{"floor":3,"key":"Fire Potion"},{"floor":4,"key":"LiquidBronze"},{"floor":13,"key":"Poison Potion"},{"floor":16,"key":"GamblersBrew"},{"floor":24,"key":"Ancient Potion"},{"floor":30,"key":"SmokeBomb"},{"floor":30,"key":"LiquidMemories"},{"floor":30,"key":"LiquidBronze"},{"floor":33,"key":"PowerPotion"},{"floor":35,"key":"Ancient Potion"},{"floor":41,"key":"SteroidPotion"},{"floor":45,"key":"FearPotion"},{"floor":48,"key":"Block Potion"}],"is_trial":false,"path_per_floor":["M","?","M","M","?","E","M","R","T","?","M","M","M","$","R","B",null,"M","M","M","?","?","R","E","R","T","E","?","?","?","M","R","B",null,"M","$","M","$","M","?","M","R","T","E","M","M","E","M","R","B",null],"character_chosen":"THE_SILENT","items_purchased":["Kunai","Tough Bandages","Infinite Blades","Terror"],"campfire_rested":5,"item_purchase_floors":[14,36,38,38],"current_hp_per_floor":[61,54,54,53,40,25,25,43,43,43,43,43,43,43,43,16,51,36,29,27,27,16,36,15,35,35,19,19,19,19,26,46,21,56,54,54,51,51,27,29,28,48,48,52,51,53,22,24,42,41],"gold":232,"neow_bonus":"REMOVE_TWO","is_daily":false,"chose_seed":false,"campfire_upgraded":2,"win_rate":0.0,"timestamp":1612800743,"path_taken":["M","?","M","M","?","E","M","R","T","?","M","M","?","$","R","BOSS","M","M","M","?","?","R","E","R","T","E","?","?","?","?","R","BOSS","M","$","M","$","?","?","M","R","T","E","M","M","E","M","R","BOSS"],"items_purchased_type":["Relic","Relic","Card","Card"],"build_version":"2020-12-22","purchased_purges":0,"victory":true,"max_hp_per_floor":[63,63,63,63,63,63,63,63,63,63,63,63,63,63,63,63,63,63,63,63,63,68,68,68,68,68,68,68,68,68,68,68,68,68,68,68,68,68,68,68,68,68,68,68,68,68,68,68,68,68],"card_choices":[{"not_picked":["All Out Attack","Slice"],"picked":"Leg Sweep","floor":1},{"not_picked":["Finisher","Slice"],"picked":"Blade Dance","floor":3},{"not_picked":["Bouncing Flask","Poisoned Stab","Bane"],"picked":"SKIP","floor":4},{"not_picked":["Bouncing Flask","Expertise"],"picked":"Dagger Spray","floor":6},{"not_picked":["Bane","PiercingWail","Outmaneuver"],"picked":"SKIP","floor":7},{"not_picked":["Cloak And Dagger","PiercingWail"],"picked":"Eviscerate","floor":8},{"not_picked":["Dagger Spray","Storm of Steel","Blade Dance"],"picked":"SKIP","floor":11},{"not_picked":["Bane","Sucker Punch","Poisoned Stab"],"picked":"SKIP","floor":12},{"not_picked":["Outmaneuver","Flying Knee","Bouncing Flask"],"picked":"SKIP","floor":13},{"not_picked":["Unload","Malaise"],"picked":"Tools of the Trade","floor":16},{"not_picked":["Backflip","Caltrops"],"picked":"PiercingWail+1","floor":18},{"not_picked":["Bane","Flechettes+1"],"picked":"Blade Dance","floor":19},{"not_picked":["Dagger Throw","Sucker Punch+1"],"picked":"Die Die Die","floor":20},{"not_picked":["Calculated Gamble","Dagger Throw+1"],"picked":"Noxious Fumes+1","floor":23},{"not_picked":["Backflip","Flying Knee"],"picked":"Dodge and Roll","floor":24},{"not_picked":["Quick Slash","PiercingWail","Die Die Die"],"picked":"SKIP","floor":27},{"not_picked":["Quick Slash","PiercingWail"],"picked":"Die Die Die","floor":27},{"not_picked":["Adrenaline","Tools of the Trade"],"picked":"Phantasmal Killer","floor":33},{"not_picked":["Deflect+1","Backflip"],"picked":"Reflex","floor":35},{"not_picked":["Deadly Poison+1","Dodge and Roll"],"picked":"Blur+1","floor":37},{"not_picked":["Caltrops","Poisoned Stab"],"picked":"Cloak And Dagger+1","floor":39},{"not_picked":["Riddle With Holes+1","Malaise"],"picked":"Calculated Gamble","floor":40},{"not_picked":["Leg Sweep","Expertise+1","Setup+1"],"picked":"SKIP","floor":41},{"not_picked":["Backstab+1","Flying Knee+1"],"picked":"Acrobatics+1","floor":44},{"not_picked":["Choke","Blade Dance+1"],"picked":"PiercingWail","floor":45},{"not_picked":["Caltrops","Slice+1","Outmaneuver"],"picked":"SKIP","floor":46},{"not_picked":["Endless Agony","Backflip"],"picked":"Distraction+1","floor":47},{"not_picked":["Outmaneuver+1","Dagger Spray+1"],"picked":"Underhanded Strike+1","floor":48}],"player_experience":160635,"relics_obtained":[{"floor":6,"key":"Dream Catcher"},{"floor":9,"key":"War Paint"},{"floor":24,"key":"Toy Ornithopter"},{"floor":24,"key":"Lantern"},{"floor":26,"key":"Happy Flower"},{"floor":27,"key":"Blue Candle"},{"floor":27,"key":"Blood Vial"},{"floor":40,"key":"Unceasing Top"},{"floor":43,"key":"Eternal Feather"},{"floor":44,"key":"Pantograph"},{"floor":44,"key":"Art of War"},{"floor":47,"key":"Tingsha"},{"floor":47,"key":"InkBottle"}],"event_choices":[{"cards_removed":["Defend_G"],"damage_healed":0,"gold_gain":0,"player_choice":"Card Removal","damage_taken":7,"max_hp_gain":0,"max_hp_loss":0,"event_name":"Golden Wing","floor":2,"gold_loss":0},{"damage_healed":0,"gold_gain":0,"player_choice":"Entered Light","damage_taken":13,"max_hp_gain":0,"max_hp_loss":0,"event_name":"Shining Light","floor":5,"gold_loss":0,"cards_upgraded":["Defend_G","Leg Sweep"]},{"damage_healed":0,"gold_gain":0,"player_choice":"Forge","damage_taken":0,"max_hp_gain":0,"max_hp_loss":0,"event_name":"Accursed Blacksmith","floor":10,"gold_loss":0,"cards_upgraded":["Dagger Spray"]},{"cards_removed":["Strike_G"],"damage_healed":0,"gold_gain":0,"player_choice":"Elegance","damage_taken":0,"max_hp_gain":0,"max_hp_loss":0,"event_name":"Back to Basics","floor":21,"gold_loss":0},{"damage_healed":0,"gold_gain":0,"player_choice":"Shed Blood","damage_taken":16,"max_hp_gain":5,"max_hp_loss":0,"event_name":"Forgotten Altar","floor":22,"gold_loss":0},{"damage_healed":0,"gold_gain":99,"player_choice":"Stole From Cult","damage_taken":0,"max_hp_gain":0,"max_hp_loss":0,"event_name":"Nest","floor":28,"gold_loss":0},{"damage_healed":0,"gold_gain":0,"player_choice":"Ignored","damage_taken":0,"max_hp_gain":0,"max_hp_loss":0,"event_name":"Cursed Tome","floor":29,"gold_loss":0},{"damage_healed":0,"gold_gain":0,"player_choice":"Got Potions","damage_taken":0,"max_hp_gain":0,"max_hp_loss":0,"event_name":"Lab","floor":30,"gold_loss":0},{"damage_healed":0,"gold_gain":0,"player_choice":"Fight","damage_taken":0,"max_hp_gain":0,"max_hp_loss":0,"event_name":"MindBloom","floor":40,"gold_loss":0}],"is_beta":false,"boss_relics":[{"not_picked":["Runic Pyramid","Philosopher\u0027s Stone"],"picked":"Black Star"},{"not_picked":["Calling Bell","SlaversCollar"],"picked":"HoveringKite"}],"items_purged_floors":[],"is_endless":false,"potions_floor_spawned":[1,3,4,13,16,24,31,33,35,41,45,46,48],"ascension_level":5}}