{"host":"0kwl2uefibxd2nsv","time":1612809546,"event":{"mods":["Act Like it!","Aspiration","BaseMod","Better Note","BetterRewards","DeckTracker","Gensokyo","Googly Eyes","Minty Spire (QoL Compilation)","Reliquary","StS++","StSLib"],"gold_per_floor":[112,187,198,211,176,176,29,64,64,84,84,112,112,151,151,255,282,306,306,318,341,350,383,25,44,95,95,104,114,153,173,173,173,173],"floor_reached":33,"language":"ENG","playtime":956,"items_purged":["Strike_B"],"score":720,"play_id":"703b263e-16ea-4d0a-934a-f9cf8bad1c43","local_time":"20210208193906","is_ascension_mode":true,"campfire_choices":[{"floor":6,"key":"DIG"},{"floor":11,"key":"DIG"},{"floor":15,"key":"DIG"},{"floor":27,"key":"DIG"},{"floor":32,"key":"REST"}],"circlet_count":0,"master_deck":["AscendersBane","Defend_B","Defend_B","Defend_B","Defend_B","Zap","Dualcast","Streamline","Ball Lightning","Defragment","Ball Lightning","Steam","Biased Cognition","Tempest","Compile Driver","Electrodynamics","BootSequence+1","Hyperbeam+1","Hyperbeam+1","Loop+1","Cold Snap","Bullet Time+1","Auto Shields","Steam","Pain","Go for the Eyes+1","Conserve Battery+1"],"relics":["Cracked Core","Shovel","reliquary:Knoch","PreservedInsect","Lantern","Art of War","Lee\u0027s Waffle","Vajra","Emotion Chip","aspiration:DSix","aspiration:EnhancedActuators","CeramicFish","reliquary:Aerogel","Lee\u0027s Waffle","Astrolabe","CultistMask","Pen Nib","aspiration:FrozenJewel","reliquary:TatteredRug","Mercury Hourglass","WarpedTongs","Ornamental Fan"],"acts_visited":["Exordium","TheCity"],"potions_floor_usage":[10,12,14,20,25,33],"damage_taken":[{"damage":0,"enemies":"2 Louse","floor":1,"turns":2},{"damage":0,"enemies":"Small Slimes","floor":3,"turns":2},{"damage":1,"enemies":"Jaw Worm","floor":4,"turns":2},{"damage":10,"enemies":"Gremlin Nob","floor":8,"turns":3},{"damage":10,"enemies":"Gremlin Gang","floor":10,"turns":3},{"damage":0,"enemies":"Lagavulin","floor":12,"turns":2},{"damage":0,"enemies":"Gremlin Nob","floor":14,"turns":2},{"damage":37,"enemies":"The Guardian","floor":16,"turns":8},{"damage":10,"enemies":"2 Thieves","floor":18,"turns":3},{"damage":6,"enemies":"3 Byrds","floor":20,"turns":3},{"damage":0,"enemies":"Cultist and Chosen","floor":21,"turns":4},{"damage":23,"enemies":"Book of Stabbing","floor":23,"turns":4},{"damage":14,"enemies":"Snake Plant","floor":25,"turns":3},{"damage":5,"enemies":"Shelled Parasite and Fungi","floor":29,"turns":5},{"damage":0,"enemies":"Slavers","floor":30,"turns":1},{"damage":11,"enemies":"Snecko","floor":31,"turns":4},{"damage":55,"enemies":"Champ","floor":33,"turns":8}],"seed_played":"-7449563526259283313","potions_obtained":[{"floor":4,"key":"Strength Potion"},{"floor":8,"key":"DistilledChaos"},{"floor":10,"key":"BlessingOfTheForge"},{"floor":12,"key":"Fire Potion"},{"floor":18,"key":"AttackPotion"},{"floor":20,"key":"Swift Potion"},{"floor":29,"key":"SpeedPotion"},{"floor":31,"key":"Weak Potion"}],"is_trial":false,"path_per_floor":["M","?","M","M","?","R","$","E","T","M","R","E","?","E","R","B",null,"M","?","M","M","?","E","$","M","T","R","?","M","E","M","R","B"],"character_chosen":"DEFECT","items_purchased":["Shovel","Streamline","reliquary:Knoch","Ball Lightning","PreservedInsect","Defragment","Lantern","Ball Lightning","Lee\u0027s Waffle","aspiration:FrozenJewel","Auto Shields"],"campfire_rested":1,"item_purchase_floors":[0,0,0,0,0,0,0,0,7,24,24],"current_hp_per_floor":[30,19,19,18,36,36,82,72,72,62,62,62,59,59,89,52,80,70,70,64,64,64,41,41,27,27,27,27,22,22,11,37,0,0],"gold":173,"neow_bonus":"","is_daily":false,"chose_seed":false,"campfire_upgraded":0,"win_rate":0.0,"timestamp":1612809546,"path_taken":["M","?","M","M","?","R","$","E","T","M","R","E","?","E","R","BOSS","M","?","M","M","?","E","$","M","T","R","?","M","E","?","R","BOSS"],"items_purchased_type":["Relic","Card","Relic","Card","Relic","Card","Relic","Card","Relic","Relic","Card"],"build_version":"2020-12-22","purchased_purges":1,"victory":false,"max_hp_per_floor":[75,75,75,75,75,75,82,82,82,82,82,82,82,82,89,89,89,89,89,89,89,89,89,89,89,89,89,89,89,89,89,89,89,89],"card_choices":[{"not_picked":["Double Energy","Doom and Gloom","Rebound"],"picked":"SKIP","floor":1},{"not_picked":["Coolheaded","Stack"],"picked":"Steam","floor":3},{"not_picked":["Stack","Turbo"],"picked":"Biased Cognition","floor":4},{"not_picked":["Double Energy","Static Discharge","StSpp:TargetLocked"],"picked":"SKIP","floor":8},{"not_picked":["Reinforced Body","Turbo"],"picked":"Tempest","floor":10},{"not_picked":["StSpp:TargetLocked","Barrage","Beam Cell"],"picked":"SKIP","floor":12},{"not_picked":["StSpp:Pointer","Barrage"],"picked":"Compile Driver","floor":14},{"not_picked":["Thunder Strike","Amplify"],"picked":"Electrodynamics","floor":16},{"not_picked":["Self Repair+1","Auto Shields"],"picked":"Loop+1","floor":18},{"not_picked":["Consume","Heatsinks","Skim"],"picked":"SKIP","floor":20},{"not_picked":["Compile Driver","Leap"],"picked":"Cold Snap","floor":21},{"not_picked":["Barrage","Turbo","Genetic Algorithm"],"picked":"SKIP","floor":23},{"not_picked":["Turbo","Sunder"],"picked":"Steam","floor":25},{"not_picked":["Coolheaded+1","Hologram","Ball Lightning"],"picked":"SKIP","floor":29},{"not_picked":["Coolheaded","Skim+1"],"picked":"Go for the Eyes+1","floor":30},{"not_picked":["Echo Form","Reprogram"],"picked":"Conserve Battery+1","floor":31}],"player_experience":2016058,"relics_obtained":[{"floor":6,"key":"Art of War"},{"floor":8,"key":"Vajra"},{"floor":9,"key":"Emotion Chip"},{"floor":11,"key":"aspiration:DSix"},{"floor":12,"key":"aspiration:EnhancedActuators"},{"floor":14,"key":"reliquary:Aerogel"},{"floor":15,"key":"reliquary:SculptingSteel"},{"floor":23,"key":"Pen Nib"},{"floor":26,"key":"reliquary:TatteredRug"},{"floor":27,"key":"Mercury Hourglass"},{"floor":30,"key":"Ornamental Fan"}],"event_choices":[{"damage_healed":0,"gold_gain":75,"player_choice":"Gather Gold","damage_taken":11,"max_hp_gain":0,"max_hp_loss":0,"event_name":"World of Goop","floor":2,"gold_loss":0},{"damage_healed":18,"gold_gain":0,"player_choice":"Healed","damage_taken":0,"max_hp_gain":0,"max_hp_loss":0,"event_name":"The Cleric","floor":5,"gold_loss":35},{"damage_healed":0,"gold_gain":0,"player_choice":"Success","damage_taken":3,"relics_obtained":["CeramicFish"],"max_hp_gain":0,"max_hp_loss":0,"event_name":"Scrap Ooze","floor":13,"gold_loss":0},{"damage_healed":0,"gold_gain":0,"player_choice":"Trade","damage_taken":0,"relics_obtained":["CultistMask"],"max_hp_gain":0,"max_hp_loss":0,"event_name":"FaceTrader","floor":19,"gold_loss":0},{"cards_removed":["Hyperbeam"],"damage_healed":0,"gold_gain":0,"player_choice":"Take \u0026 Give","damage_taken":0,"max_hp_gain":0,"max_hp_loss":0,"event_name":"betterNote:BetterNote","floor":22,"gold_loss":0,"cards_obtained":["Bullet Time"]},{"damage_healed":0,"gold_gain":0,"player_choice":"Rummage","damage_taken":0,"relics_obtained":["WarpedTongs"],"max_hp_gain":0,"max_hp_loss":0,"event_name":"Accursed Blacksmith","floor":28,"gold_loss":0,"cards_obtained":["Pain"]}],"is_beta":false,"boss_relics":[{"not_picked":["aspiration:WatcherSkillbook","Nuclear Battery"],"picked":"Astrolabe"}],"items_purged_floors":[24],"is_endless":false,"potions_floor_spawned":[4,8,10,12,18,20,29,31],"killed_by":"Champ","ascension_level":10}}