{"host":"y3h3n3f7seyagppx","time":1612827925,"event":{"mods":["AlwaysNeverKeys","BaseMod","Better Vampires","Colored Powertips","DeckTracker","Emptier Cage","Minty Spire (QoL Compilation)","Permanent Neow","Quick Restart","Rare Cards Sparkle","Relic Sorter","Relic Stats","StSLib","Transform Curses"],"gold_per_floor":[109,109,109,123,133,133,133],"floor_reached":6,"language":"ENG","playtime":6067,"items_purged":[],"score":72,"play_id":"d3a7107d-6c49-44a1-b7e8-5edfed2e7a56","local_time":"20210208184525","is_ascension_mode":true,"campfire_choices":[],"circlet_count":0,"master_deck":["AscendersBane","Strike_B","Strike_B","Strike_B","Defend_B","Defend_B","Defend_B","Defend_B","Zap","Dualcast","Defragment","Pain","Rip and Tear","Doom and Gloom"],"relics":["Fusion Hammer","WarpedTongs"],"acts_visited":["Exordium"],"potions_floor_usage":[],"damage_taken":[{"damage":5,"enemies":"Small Slimes","floor":1,"turns":4},{"damage":7,"enemies":"2 Louse","floor":4,"turns":3},{"damage":3,"enemies":"Cultist","floor":5,"turns":4},{"damage":76,"enemies":"Gremlin Nob","floor":6,"turns":4}],"seed_played":"-1226173199682008989","potions_obtained":[],"is_trial":false,"path_per_floor":["M","?","?","M","M","E"],"character_chosen":"DEFECT","items_purchased":[],"campfire_rested":0,"item_purchase_floors":[],"current_hp_per_floor":[59,52,52,45,42,0,0],"gold":133,"neow_bonus":"BOSS_RELIC","is_daily":false,"chose_seed":false,"campfire_upgraded":0,"win_rate":0.0,"timestamp":1612827925,"path_taken":["M","?","?","M","M","E"],"items_purchased_type":[],"build_version":"2020-12-22","purchased_purges":0,"victory":false,"max_hp_per_floor":[71,71,71,71,71,71,71],"relic_stats":{"counters":[4,15],"obtain_stats":[{"Fusion Hammer":0,"Cracked Core":0,"WarpedTongs":3},{"Fusion Hammer":0,"Cracked Core":0,"WarpedTongs":1},{"Fusion Hammer":0,"Cracked Core":0,"WarpedTongs":4}],"WarpedTongs":[11]},"card_choices":[{"not_picked":["Stack","Conserve Battery"],"picked":"Defragment","floor":1},{"not_picked":["Redo","Force Field"],"picked":"Rip and Tear","floor":4},{"not_picked":["Beam Cell","Redo"],"picked":"Doom and Gloom","floor":5}],"player_experience":22011409,"relics_obtained":[],"event_choices":[{"cards_removed":["Strike_B"],"damage_healed":0,"gold_gain":0,"player_choice":"Card Removal","damage_taken":7,"max_hp_gain":0,"max_hp_loss":0,"event_name":"Golden Wing","floor":2,"gold_loss":0},{"damage_healed":0,"gold_gain":0,"player_choice":"Rummage","damage_taken":0,"relics_obtained":["WarpedTongs"],"max_hp_gain":0,"max_hp_loss":0,"event_name":"Accursed Blacksmith","floor":3,"gold_loss":0,"cards_obtained":["Pain"]}],"is_beta":false,"boss_relics":[],"items_purged_floors":[],"is_endless":false,"potions_floor_spawned":[],"killed_by":"Gremlin Nob","ascension_level":20}}