{"host":"mydft8i2zzydgggw","time":1612743638,"event":{"mods":["AchievementEnabler","BaseMod","Colored Map","Colored Powertips","DeckTracker","Keyboard Shortcuts","Minty Spire (QoL Compilation)","Rare Cards Sparkle","StSLib","SuperFastMode","everything is the same but u backflip on backflip"],"gold_per_floor":[111,122,142,161,180,180,212,232,232,232,71,85,85,85,85,184,184,195,215,232,245,170,170,188,188,188],"floor_reached":25,"language":"KOR","playtime":681,"items_purged":["Strike_R"],"score":314,"play_id":"b089569b-7bc0-42e2-bc69-4c5c5dfb2486","local_time":"20210208092038","is_ascension_mode":true,"campfire_choices":[{"data":"Carnage","floor":6,"key":"SMITH"},{"data":"True Grit","floor":13,"key":"SMITH"},{"data":"Dark Embrace","floor":15,"key":"SMITH"},{"data":"Armaments","floor":23,"key":"SMITH"}],"circlet_count":0,"master_deck":["AscendersBane","Strike_R","Strike_R","Defend_R","Defend_R","Defend_R","Defend_R","Bash","Battle Trance","Carnage+1","Fire Breathing","True Grit+1","Disarm","Wild Strike","Sentinel","Dark Embrace+1","Armaments+1","Fiend Fire","Dropkick","Armaments","Evolve","True Grit+1"],"relics":["Burning Blood","Bottled Tornado","Gambling Chip","Snecko Eye"],"acts_visited":["Exordium","TheCity"],"potions_floor_usage":[12,16,16,25,25],"damage_taken":[{"damage":11,"enemies":"Cultist","floor":1,"turns":4},{"damage":7,"enemies":"Small Slimes","floor":2,"turns":5},{"damage":4,"enemies":"2 Louse","floor":3,"turns":2},{"damage":11,"enemies":"Exordium Wildlife","floor":4,"turns":4},{"damage":9,"enemies":"Looter","floor":5,"turns":3},{"damage":29,"enemies":"Lagavulin","floor":7,"turns":7},{"damage":14,"enemies":"Red Slaver","floor":8,"turns":2},{"damage":20,"enemies":"Lots of Slimes","floor":12,"turns":3},{"damage":24,"enemies":"Slime Boss","floor":16,"turns":7},{"damage":8,"enemies":"Chosen","floor":18,"turns":3},{"damage":35,"enemies":"Shell Parasite","floor":19,"turns":5},{"damage":21,"enemies":"Snake Plant","floor":20,"turns":5},{"damage":12,"enemies":"Snecko","floor":21,"turns":4},{"damage":7,"enemies":"Cultist and Chosen","floor":24,"turns":4},{"damage":37,"enemies":"Slavers","floor":25,"turns":2}],"seed_played":"7155933125073269417","potions_obtained":[{"floor":2,"key":"BlessingOfTheForge"},{"floor":7,"key":"Weak Potion"},{"floor":12,"key":"LiquidMemories"},{"floor":20,"key":"Swift Potion"},{"floor":21,"key":"SpeedPotion"}],"is_trial":false,"path_per_floor":["M","M","M","M","M","R","E","M","T","?","$","M","R","?","R","B",null,"M","M","M","M","?","R","M","E"],"character_chosen":"IRONCLAD","items_purchased":["Dark Embrace","Strength Potion"],"campfire_rested":0,"item_purchase_floors":[11,11],"current_hp_per_floor":[67,66,68,63,60,60,37,29,29,29,29,15,15,90,90,72,86,84,55,40,34,34,34,33,0,0],"gold":188,"neow_bonus":"TRANSFORM_CARD","is_daily":false,"chose_seed":false,"campfire_upgraded":4,"win_rate":0.0,"timestamp":1612743638,"path_taken":["M","M","M","M","M","R","E","M","T","?","$","M","R","?","R","BOSS","M","M","M","M","?","R","M","E"],"items_purchased_type":["Card","Potion"],"build_version":"2020-12-22","purchased_purges":1,"victory":false,"max_hp_per_floor":[80,80,80,80,80,80,80,80,80,80,80,80,80,90,90,90,90,90,90,90,90,90,90,90,90,90],"card_choices":[{"not_picked":["Shrug It Off","Sword Boomerang"],"picked":"Carnage","floor":1},{"not_picked":["Cleave","Rupture"],"picked":"Fire Breathing","floor":2},{"not_picked":["Headbutt","Sword Boomerang"],"picked":"True Grit","floor":3},{"not_picked":["Headbutt","Hemokinesis"],"picked":"Disarm","floor":4},{"not_picked":["Combust","Rupture"],"picked":"Wild Strike","floor":5},{"not_picked":["Perfected Strike","Sword Boomerang","Exhume"],"picked":"SKIP","floor":7},{"not_picked":["Perfected Strike","Sword Boomerang"],"picked":"Exhume","floor":7},{"not_picked":["Flex","True Grit"],"picked":"Sentinel","floor":8},{"not_picked":["Warcry","Cleave"],"picked":"Armaments","floor":12},{"not_picked":["Exhume","Demon Form"],"picked":"Fiend Fire","floor":16},{"not_picked":["Anger","Ghostly Armor"],"picked":"Dropkick","floor":18},{"not_picked":["Body Slam","Perfected Strike","Ghostly Armor"],"picked":"SKIP","floor":19},{"not_picked":["Pommel Strike","Warcry"],"picked":"Armaments","floor":20},{"not_picked":["Perfected Strike","Clash+1"],"picked":"Evolve","floor":21},{"not_picked":["Flex+1","Seeing Red"],"picked":"True Grit+1","floor":24}],"player_experience":248628,"relics_obtained":[{"floor":7,"key":"Bottled Tornado"},{"floor":9,"key":"Gambling Chip"}],"event_choices":[{"damage_healed":0,"gold_gain":0,"player_choice":"Ignored","damage_taken":0,"max_hp_gain":0,"max_hp_loss":0,"event_name":"Shining Light","floor":10,"gold_loss":0},{"cards_removed":["Exhume"],"damage_healed":65,"gold_gain":0,"player_choice":"Offered Rare","damage_taken":0,"max_hp_gain":10,"max_hp_loss":0,"event_name":"Bonfire Elementals","floor":14,"gold_loss":0},{"cards_removed":["Strike_R"],"damage_healed":0,"gold_gain":0,"player_choice":"Gave Gold","damage_taken":0,"max_hp_gain":0,"max_hp_loss":0,"event_name":"Beggar","floor":22,"gold_loss":75}],"is_beta":false,"boss_relics":[{"not_picked":["Sozu","Tiny House"],"picked":"Snecko Eye"}],"items_purged_floors":[11],"is_endless":false,"potions_floor_spawned":[2,7,12,20,21],"killed_by":"Slavers","ascension_level":10}}