{"host":"vyiqbz5w606ur92t","time":1612809049,"event":{"mods":["BaseMod","Downfall","Minty Spire (QoL Compilation)","StSLib"],"gold_per_floor":[99,99,99,99,9,34,84,95,105,138,238,252,88,117,134,238,238,138,152,168,178,191,191,191,191],"floor_reached":23,"language":"ENG","playtime":1698,"items_purged":["bronze:Strike"],"score":307,"play_id":"428c3082-bba8-4f87-8380-e519ca2f4758","local_time":"20210208183049","is_ascension_mode":true,"campfire_choices":[{"floor":1,"key":"RECALL"},{"data":"bronze:Allocate","floor":18,"key":"SMITH"}],"circlet_count":0,"master_deck":["bronze:Strike","bronze:Strike","bronze:Strike","bronze:Defend","bronze:Defend","bronze:Defend","bronze:Defend","bronze:Replicate","bronze:Goto","bronze:BitShift","bronze:OilSpill","bronze:Turbo","bronze:OilSpill","bronze:Flail","bronze:Allocate+1","bronze:BugBarrage","bronze:WildBeam","bronze:Virus","bronze:Constructor","bronze:InfiniteLoop","bronze:BuggyMess","bronze:Shield+1","bronze:ItsAFeature","bronze:Separator"],"relics":["bronze:BronzeCore","downfall:HeartsMalice","Juzu Bracelet","Lantern","Darkstone Periapt","Lee\u0027s Waffle","Bag of Preparation","bronze:ElectromagneticCoil","downfall:HeartBlessingRed"],"acts_visited":["Exordium","TheCity"],"potions_floor_usage":[10,10,12,16,16,23],"damage_taken":[{"damage":0,"enemies":"Small Slimes","floor":2,"turns":1},{"damage":0,"enemies":"Cultist","floor":3,"turns":1},{"damage":0,"enemies":"Jaw Worm","floor":4,"turns":1},{"damage":0,"enemies":"downfall:FleeingMerchant","floor":5,"turns":4},{"damage":20,"enemies":"Lagavulin","floor":6,"turns":5},{"damage":3,"enemies":"Blue Slaver","floor":8,"turns":2},{"damage":3,"enemies":"3 Louse","floor":9,"turns":2},{"damage":0,"enemies":"3 Sentries","floor":10,"turns":4},{"damage":0,"enemies":"Large Slime","floor":12,"turns":2},{"damage":10,"enemies":"downfall:FleeingMerchant","floor":13,"turns":4},{"damage":30,"enemies":"Lagavulin","floor":14,"turns":4},{"damage":0,"enemies":"2 Fungi Beasts","floor":15,"turns":2},{"damage":20,"enemies":"SI_SHIV_ARCHETYPE","floor":16,"turns":5},{"damage":6,"enemies":"Spheric Guardian","floor":19,"turns":3},{"damage":12,"enemies":"Shell Parasite","floor":20,"turns":2},{"damage":7,"enemies":"Chosen and Byrds","floor":21,"turns":4},{"damage":18,"enemies":"Snake Plant","floor":22,"turns":4},{"damage":22,"enemies":"Gremlin Leader","floor":23,"turns":4}],"seed_played":"4212294441030161428","potions_obtained":[{"floor":6,"key":"Guardian:BlockOnCardUsePotion"},{"floor":8,"key":"SpeedPotion"},{"floor":9,"key":"Guardian:BlockOnCardUsePotion"},{"floor":10,"key":"bronze:FreeFunctionsPotion"},{"floor":12,"key":"Strength Potion"},{"floor":14,"key":"Strength Potion"},{"floor":20,"key":"bronze:CleanCodePotion"},{"floor":22,"key":"AttackPotion"}],"is_trial":false,"path_per_floor":["R","M","M","M","$","E","T","M","M","E","?","M","$","E","M","B",null,"R","M","M","M","M","E"],"character_chosen":"THE_AUTOMATON","items_purchased":["Lee\u0027s Waffle"],"campfire_rested":0,"item_purchase_floors":[13],"current_hp_per_floor":[63,63,63,63,63,43,43,40,37,37,37,37,77,47,47,27,65,65,59,47,40,22,0,0,0],"gold":191,"neow_bonus":"THREE_ENEMY_KILL","is_daily":false,"chose_seed":false,"campfire_upgraded":1,"win_rate":0.0,"timestamp":1612809049,"path_taken":["R","M","M","M","$","E","T","M","M","E","?","M","$","E","M","BOSS","R","M","M","M","M","E"],"items_purchased_type":["Relic"],"build_version":"2020-12-22","purchased_purges":1,"victory":false,"max_hp_per_floor":[70,70,70,70,70,70,70,70,70,70,70,70,77,77,77,77,77,77,77,77,77,77,77,77,77],"card_choices":[{"not_picked":["bronze:Optimize","bronze:Invalidate"],"picked":"bronze:BitShift","floor":2},{"not_picked":["bronze:DelayedGuard","bronze:MaxOutput"],"picked":"bronze:OilSpill","floor":3},{"not_picked":["bronze:Repair","bronze:Optimize"],"picked":"bronze:Turbo","floor":4},{"not_picked":["bronze:Repair","bronze:WhirlingStrike"],"picked":"bronze:OilSpill","floor":5},{"not_picked":["bronze:ForLoop","bronze:CleanCode"],"picked":"bronze:Flail","floor":6},{"not_picked":["bronze:DelayedGuard","bronze:Frontload","bronze:Deprecate"],"picked":"SKIP","floor":8},{"not_picked":["bronze:ClassDefault","bronze:Shield"],"picked":"bronze:Allocate","floor":9},{"not_picked":["bronze:TinkerersToolbox","bronze:FollowUp"],"picked":"bronze:BugBarrage","floor":10},{"not_picked":["bronze:Turbo","bronze:Separator"],"picked":"bronze:WildBeam","floor":12},{"not_picked":["bronze:Branch","bronze:DelayedGuard","bronze:WildBeam"],"picked":"SKIP","floor":13},{"not_picked":["bronze:Deprecate","bronze:DelayedSlice"],"picked":"bronze:Virus","floor":14},{"not_picked":["bronze:OilSpill","bronze:Optimize"],"picked":"bronze:Constructor","floor":15},{"not_picked":["bronze:ShipIt","bronze:CleanCode"],"picked":"bronze:InfiniteLoop","floor":16},{"not_picked":["bronze:Repulsor","bronze:Allocate"],"picked":"bronze:BuggyMess","floor":19},{"not_picked":["bronze:ClassDefault","bronze:Branch"],"picked":"bronze:Shield+1","floor":20},{"not_picked":["bronze:ForceShield","bronze:WhirlingStrike"],"picked":"bronze:ItsAFeature","floor":21},{"not_picked":["bronze:Deprecate","bronze:WildBeam"],"picked":"bronze:Separator","floor":22}],"player_experience":1654399,"relics_obtained":[{"floor":6,"key":"Juzu Bracelet"},{"floor":7,"key":"Lantern"},{"floor":10,"key":"Darkstone Periapt"},{"floor":14,"key":"Bag of Preparation"}],"event_choices":[],"is_beta":false,"boss_relics":[{"not_picked":["bronze:PlatinumCore","SacredBark"],"picked":"bronze:ElectromagneticCoil"}],"items_purged_floors":[5],"is_endless":false,"potions_floor_spawned":[6,8,9,10,12,14,15,20,22],"killed_by":"Gremlin Leader","ascension_level":6}}