{"host":"jj9a765e6yps8t8b","time":1612785983,"event":{"mods":["BaseMod","Downfall","Minty Spire (QoL Compilation)","StSLib"],"gold_per_floor":[99,112,122,47,47,47,74,92,42,374,386,386,386,402,416,416,416,416],"floor_reached":16,"language":"ZHS","playtime":969,"items_purged":[],"score":102,"play_id":"f9060a99-a22c-4739-b8cb-61bc958de059","local_time":"20210208200623","is_ascension_mode":false,"campfire_choices":[{"data":"Slimebound:Split","floor":1,"key":"SMITH"}],"circlet_count":0,"master_deck":["Slimebound:Strike_Slimebound+1","Slimebound:Strike_Slimebound+1","Slimebound:Strike_Slimebound","Slimebound:Tackle+1","Slimebound:Defend_Slimebound","Slimebound:Defend_Slimebound","Slimebound:Defend_Slimebound","Slimebound:Defend_Slimebound+1","Slimebound:Split+1","Slimebound:CorrosiveSpit","Slimebound:RejuvenatingLick+1","Slimebound:RollThrough","Slimebound:SplitBruiser","Slimebound:LeadByExample","Slimebound:LeadByExample","Slimebound:LevelUp","Slimebound:HauntingLick"],"relics":["Slimebound:AbsorbEndCombat","Slimebound:GreedOozeRelic","Whetstone","Old Coin","downfall:BrokenWingStatue"],"acts_visited":["Exordium"],"potions_floor_usage":[9,16,16],"damage_taken":[{"damage":6,"enemies":"2 Louse","floor":2,"turns":3},{"damage":0,"enemies":"Small Slimes","floor":3,"turns":3},{"damage":9,"enemies":"Cultist","floor":8,"turns":3},{"damage":0,"enemies":"downfall:FleeingMerchant","floor":9,"turns":4},{"damage":31,"enemies":"Lagavulin","floor":10,"turns":5},{"damage":9,"enemies":"2 Fungi Beasts","floor":11,"turns":2},{"damage":9,"enemies":"3 Louse","floor":14,"turns":3},{"damage":16,"enemies":"Large Slime","floor":15,"turns":4},{"damage":23,"enemies":"IC_STATUS_ARCHETYPE","floor":16,"turns":4}],"seed_played":"-6383483069091973022","potions_obtained":[{"floor":2,"key":"Swift Potion"},{"floor":6,"key":"downfall:CursedFountainPotion"},{"floor":11,"key":"Fire Potion"},{"floor":14,"key":"SpeedPotion"}],"is_trial":false,"path_per_floor":["R","M","M","?","?","?","T","M","$","E","M","?","?","M","M","B"],"character_chosen":"SLIMEBOUND","items_purchased":["Slimebound:LeadByExample"],"campfire_rested":0,"item_purchase_floors":[9],"current_hp_per_floor":[71,65,69,69,69,69,69,62,66,39,32,32,32,25,15,0,0,0],"gold":416,"neow_bonus":"TEN_PERCENT_HP_BONUS","is_daily":false,"chose_seed":false,"campfire_upgraded":1,"win_rate":0.0,"timestamp":1612785983,"path_taken":["R","M","M","?","?","?","T","M","$","E","?","?","?","M","M","BOSS"],"items_purchased_type":["Card"],"build_version":"2020-12-22","purchased_purges":0,"victory":false,"max_hp_per_floor":[71,71,71,71,71,71,71,71,71,71,71,71,71,71,71,71,71,71],"card_choices":[{"not_picked":["Slimebound:Prepare","Slimebound:SamplingLick"],"picked":"Slimebound:RejuvenatingLick","floor":2},{"not_picked":["Slimebound:FormOfPuddle","Slimebound:Grow","Slimebound:ForwardTackle"],"picked":"SKIP","floor":3},{"not_picked":["Slimebound:HauntingLick","Slimebound:MegaLick"],"picked":"Slimebound:RollThrough","floor":8},{"not_picked":["Slimebound:SplitMire","Slimebound:Equalize"],"picked":"Slimebound:SplitBruiser","floor":9},{"not_picked":["Slimebound:SplitAcid","Slimebound:Prepare","Slimebound:Teamwork"],"picked":"SKIP","floor":10},{"not_picked":["Slimebound:Prepare","Slimebound:LivingWall"],"picked":"Slimebound:LeadByExample","floor":11},{"not_picked":["Slimebound:LeadByExample","Slimebound:TongueLash"],"picked":"Slimebound:LevelUp","floor":14},{"not_picked":["Slimebound:SplitMire","Slimebound:ComboTackle"],"picked":"Slimebound:HauntingLick","floor":15}],"player_experience":151876,"relics_obtained":[{"floor":7,"key":"Whetstone"},{"floor":10,"key":"Old Coin"}],"event_choices":[{"cards_removed":["downfall:Malfunctioning"],"damage_healed":0,"gold_gain":0,"player_choice":"Card Removal","damage_taken":0,"max_hp_gain":0,"max_hp_loss":0,"event_name":"The Cleric","floor":12,"gold_loss":0}],"is_beta":false,"boss_relics":[],"items_purged_floors":[],"is_endless":false,"potions_floor_spawned":[2,11,14],"killed_by":"IC_STATUS_ARCHETYPE","ascension_level":0}}