{"host":"ydg0vn0pu4pubmdt","time":1612760060,"event":{"mods":["AchievementEnabler","BaseMod","Colored Map","Gold Saver","Minty Spire (QoL Compilation)","Quick Restart","SuperFastMode"],"gold_per_floor":[449,449,374,374,374,399,54,65,92,92,102,171,197,208,208,283,283,298,348,170,220,0,0,18,18,18,49,61,92,109,84,84,161,161,224,274,314,364,414,414,428,428,428],"floor_reached":42,"language":"KOR","playtime":2583,"items_purged":["Strike_P","Strike_P+1","Defend_P"],"score":1138,"play_id":"72834c37-8055-4df6-b21c-182a6e795e59","local_time":"20210208135420","is_ascension_mode":true,"campfire_choices":[{"data":"Study","floor":10.0,"key":"SMITH"},{"data":"MentalFortress","floor":15.0,"key":"SMITH"},{"data":"FlurryOfBlows","floor":23.0,"key":"SMITH"},{"data":"Omniscience","floor":32.0,"key":"SMITH"},{"data":"Wish","floor":40.0,"key":"SMITH"}],"circlet_count":0,"master_deck":["AscendersBane","Eruption+1","Vigilance","SignatureMove","Study+1","FlurryOfBlows+1","MentalFortress+1","EmptyFist","Omniscience+1","FearNoEvil","Wish+1"],"relics":["PureWater","NeowsBlessing","SsserpentHead","Mummified Hand","Bag of Preparation","Potion Belt","Pantograph","Empty Cage","Membership Card","CloakClasp","Pen Nib","Tiny Chest","VioletLotus","Question Card"],"acts_visited":["Exordium","TheCity","TheBeyond"],"potions_floor_usage":[],"damage_taken":[{"damage":0.0,"enemies":"Jaw Worm","floor":1.0,"turns":1.0},{"damage":0.0,"enemies":"3 Sentries","floor":6.0,"turns":1.0},{"damage":0.0,"enemies":"Small Slimes","floor":8.0,"turns":1.0},{"damage":0.0,"enemies":"Cultist","floor":11.0,"turns":1.0},{"damage":0.0,"enemies":"2 Fungi Beasts","floor":12.0,"turns":3.0},{"damage":0.0,"enemies":"Gremlin Nob","floor":13.0,"turns":2.0},{"damage":11.0,"enemies":"Large Slime","floor":14.0,"turns":3.0},{"damage":10.0,"enemies":"Hexaghost","floor":16.0,"turns":7.0},{"damage":8.0,"enemies":"Shell Parasite","floor":18.0,"turns":2.0},{"damage":0.0,"enemies":"Spheric Guardian","floor":24.0,"turns":1.0},{"damage":6.0,"enemies":"Book of Stabbing","floor":27.0,"turns":3.0},{"damage":0.0,"enemies":"Shelled Parasite and Fungi","floor":28.0,"turns":1.0},{"damage":0.0,"enemies":"Gremlin Leader","floor":29.0,"turns":2.0},{"damage":13.0,"enemies":"Snake Plant","floor":30.0,"turns":3.0},{"damage":0.0,"enemies":"Automaton","floor":33.0,"turns":5.0},{"damage":10.0,"enemies":"Orb Walker","floor":35.0,"turns":3.0},{"damage":12.0,"enemies":"3 Shapes","floor":37.0,"turns":4.0},{"damage":0.0,"enemies":"Jaw Worm Horde","floor":41.0,"turns":3.0}],"seed_played":"-4642171818547182040","potions_obtained":[{"floor":1.0,"key":"Weak Potion"},{"floor":12.0,"key":"SpeedPotion"},{"floor":16.0,"key":"LiquidMemories"},{"floor":28.0,"key":"PowerPotion"},{"floor":30.0,"key":"Dexterity Potion"},{"floor":33.0,"key":"BlessingOfTheForge"}],"is_trial":false,"path_per_floor":["M","?","?","?","?","E","$","M","T","R","M","M","E","M","R","B",null,"M","?","$","?","$","R","M","$","T","E","M","E","M","?","R","B",null,"M","?","M","T","T","R","M","M"],"character_chosen":"WATCHER","items_purchased":["Bag of Preparation","Flash of Steel","FearNoEvil","Membership Card"],"campfire_rested":0,"item_purchase_floors":[7,7,20,22],"current_hp_per_floor":[61,41,41,34,34,34,34,34,34,34,34,34,34,23,23,38,61,53,67,67,67,67,67,67,67,67,61,61,61,48,48,48,68,68,58,58,46,46,46,46,46,0,0],"gold":428,"neow_bonus":"THREE_ENEMY_KILL","is_daily":false,"chose_seed":false,"campfire_upgraded":5,"win_rate":0.0,"timestamp":1612760060,"path_taken":["M","?","?","?","?","E","$","M","T","R","M","?","E","M","R","BOSS","M","?","$","?","$","R","M","$","T","E","M","E","M","?","R","BOSS","M","?","M","?","?","R","M","M"],"items_purchased_type":["Relic","Card","Card","Relic"],"build_version":"2020-12-22","purchased_purges":3,"victory":false,"max_hp_per_floor":[68,68,68,68,68,68,68,68,68,68,68,68,68,68,68,68,68,68,68,68,68,68,68,68,68,68,68,68,68,68,68,68,68,68,68,65,65,65,65,65,65,65,65],"card_choices":[{"not_picked":["FlyingSleeves","JustLucky"],"picked":"SignatureMove","floor":1.0},{"not_picked":["Evaluate","Protect"],"picked":"Study","floor":6.0},{"not_picked":["CrushJoints","Wireheading"],"picked":"FlurryOfBlows","floor":8.0},{"not_picked":["ThirdEye","FlurryOfBlows","CutThroughFate"],"picked":"SKIP","floor":11.0},{"not_picked":["ThirdEye","FlurryOfBlows","CutThroughFate"],"picked":"SKIP","floor":11.0},{"not_picked":["ThirdEye","FlurryOfBlows","CutThroughFate"],"picked":"SKIP","floor":11.0},{"not_picked":["DevaForm","WheelKick"],"picked":"MentalFortress","floor":12.0},{"not_picked":["WaveOfTheHand","ThirdEye","JustLucky"],"picked":"SKIP","floor":13.0},{"not_picked":["SashWhip","Consecrate"],"picked":"EmptyFist","floor":14.0},{"not_picked":["Judgement","Brilliance"],"picked":"Omniscience","floor":16.0},{"not_picked":["DeceiveReality","Consecrate+1","Halt"],"picked":"SKIP","floor":18.0},{"not_picked":["Vengeance","PathToVictory+1","FlurryOfBlows"],"picked":"SKIP","floor":24.0},{"not_picked":["SignatureMove","WindmillStrike+1","WreathOfFlame"],"picked":"SKIP","floor":27.0},{"not_picked":["ReachHeaven","Collect","Meditate"],"picked":"SKIP","floor":28.0},{"not_picked":["Study","FollowUp","EmptyFist+1"],"picked":"SKIP","floor":29.0},{"not_picked":["CrushJoints","Prostrate","ThirdEye"],"picked":"SKIP","floor":30.0},{"not_picked":["SpiritShield","Devotion"],"picked":"Wish","floor":33.0},{"not_picked":["FollowUp+1","Crescendo+1","FlurryOfBlows"],"picked":"SKIP","floor":35.0},{"not_picked":["BowlingBash+1","CutThroughFate+1","Brilliance"],"picked":"SKIP","floor":37.0},{"not_picked":["SignatureMove","FlurryOfBlows","CrushJoints","Consecrate"],"picked":"SKIP","floor":41.0}],"player_experience":663388,"relics_obtained":[{"floor":6.0,"key":"Mummified Hand"},{"floor":9.0,"key":"Potion Belt"},{"floor":13.0,"key":"Pantograph"},{"floor":26.0,"key":"CloakClasp"},{"floor":27.0,"key":"Pen Nib"},{"floor":29.0,"key":"Tiny Chest"},{"floor":38.0,"key":"Question Card"}],"event_choices":[{"damage_healed":0.0,"max_hp_gain":0.0,"max_hp_loss":0.0,"gold_gain":0.0,"event_name":"Shining Light","player_choice":"Entered Light","floor":2.0,"gold_loss":0.0,"damage_taken":20.0,"cards_upgraded":["Eruption","Strike_P"]},{"cards_removed":["Strike_P"],"damage_healed":0.0,"max_hp_gain":0.0,"max_hp_loss":0.0,"gold_gain":0.0,"event_name":"The Cleric","player_choice":"Card Removal","floor":3.0,"gold_loss":75.0,"damage_taken":0.0},{"cards_removed":["Defend_P"],"damage_healed":0.0,"max_hp_gain":0.0,"max_hp_loss":0.0,"gold_gain":0.0,"event_name":"Golden Wing","player_choice":"Card Removal","floor":4.0,"gold_loss":0.0,"damage_taken":7.0},{"damage_healed":0.0,"max_hp_gain":0.0,"max_hp_loss":0.0,"gold_gain":0.0,"event_name":"FaceTrader","player_choice":"Trade","floor":5.0,"gold_loss":0.0,"damage_taken":0.0,"relics_obtained":["SsserpentHead"]},{"damage_healed":14.0,"max_hp_gain":0.0,"max_hp_loss":0.0,"gold_gain":0.0,"event_name":"The Library","player_choice":"Heal","floor":19.0,"gold_loss":0.0,"damage_taken":0.0},{"cards_removed":["Defend_P"],"damage_healed":0.0,"max_hp_gain":0.0,"max_hp_loss":0.0,"gold_gain":0.0,"event_name":"Back to Basics","player_choice":"Elegance","floor":21.0,"gold_loss":0.0,"damage_taken":0.0},{"cards_removed":["Flash of Steel"],"damage_healed":0.0,"max_hp_gain":0.0,"max_hp_loss":0.0,"gold_gain":0.0,"event_name":"Beggar","player_choice":"Gave Gold","floor":31.0,"gold_loss":75.0,"damage_taken":0.0},{"damage_healed":0.0,"max_hp_gain":0.0,"max_hp_loss":3.0,"gold_gain":0.0,"event_name":"Winding Halls","player_choice":"Max HP","floor":36.0,"gold_loss":0.0,"damage_taken":0.0}],"is_beta":false,"boss_relics":[{"not_picked":["Fusion Hammer","Astrolabe"],"picked":"Empty Cage"},{"not_picked":["Velvet Choker","Runic Dome"],"picked":"VioletLotus"}],"items_purged_floors":[7,20,22],"is_endless":false,"potions_floor_spawned":[1,12,16,28,30,33],"killed_by":"4 Shapes","ascension_level":20}}