{"host":"vhw5fdvi8l2afono","time":1612789153,"event":{"mods":["100% Spire Juice","Act Like it!","Arknights","BaseMod","Gensokyo","Minty Spire (QoL Compilation)","Reimu£®≤©¿ˆ¡È√Œ£©","Shop Mod","StSLib","Waifu the Spire","WarShipGirlsR/’ΩΩ¢…Ÿ≈ÆR mod","[IsaacMod]“‘»ˆº‚À˛"],"gold_per_floor":[112,125,142,68,68,68,78,78,78,103,115,134,134,144,144,242,242,260,278,278,289,289,289,301,301,301,2,2,30,30,30,30,129,129,145,163,174,23,23,23,51,15,68,103,103,134,134,146,146,146,146],"floor_reached":50,"language":"ZHS","playtime":2333,"items_purged":["Strike_B","Strike_B"],"score":1370,"play_id":"f0cc225e-466a-4914-b478-1e4b8ea08612","local_time":"20210208205913","is_ascension_mode":true,"campfire_choices":[{"data":"Sunder","floor":6.0,"key":"SMITH"},{"data":"Hologram","floor":8.0,"key":"SMITH"},{"data":"Dualcast","floor":13.0,"key":"SMITH"},{"data":"Ball Lightning","floor":15.0,"key":"SMITH"},{"data":"Coolheaded","floor":23.0,"key":"SMITH"},{"data":"Coolheaded","floor":25.0,"key":"SMITH"},{"data":"Zap","floor":30.0,"key":"SMITH"},{"data":"Self Repair","floor":32.0,"key":"SMITH"},{"data":"Creative AI","floor":40.0,"key":"SMITH"},{"data":"Turbo","floor":45.0,"key":"SMITH"},{"data":"Hologram","floor":47.0,"key":"SMITH"},{"data":"Fission","floor":49.0,"key":"SMITH"}],"circlet_count":0,"master_deck":["AscendersBane","Strike_B","Strike_B","Defend_B","Defend_B","Defend_B","Defend_B","Zap+1","Dualcast+1","Hologram+1","Cold Snap","Sunder+1","All For One","Ball Lightning+1","Meteor Strike","Coolheaded+1","Coolheaded+1","Electrodynamics","Storm","Self Repair","Self Repair+1","Creative AI+1","Hologram+1","Double Energy+1","Turbo+1","White Noise","Conserve Battery+1","Fission+1"],"relics":["Cracked Core","HushsDoor","NeowsBlessing","UnicornStump","Bottled Lightning","Oddly Smooth Stone","Coffee Dripper","Molten Egg 2","Runic Capacitor","TheBible","SatanicBible","Runic Pyramid","ClockworkSouvenir","ForgetMeNow","Juzu Bracelet","BloodDonationMachine","Cables"],"acts_visited":["Exordium","Gensokyo:Gensokyoer","Gensokyo:Gensokyoest"],"potions_floor_usage":[],"damage_taken":[{"damage":0.0,"enemies":"Cultist","floor":1.0,"turns":1.0},{"damage":0.0,"enemies":"Jaw Worm","floor":2.0,"turns":1.0},{"damage":0.0,"enemies":"2 Louse","floor":3.0,"turns":1.0},{"damage":1.0,"enemies":"Red Slaver","floor":7.0,"turns":2.0},{"damage":31.0,"enemies":"Lagavulin","floor":10.0,"turns":4.0},{"damage":12.0,"enemies":"Gremlin Gang","floor":11.0,"turns":5.0},{"damage":8.0,"enemies":"Looter","floor":12.0,"turns":3.0},{"damage":0.0,"enemies":"Red Slaver","floor":14.0,"turns":4.0},{"damage":6.0,"enemies":"Hexaghost","floor":16.0,"turns":8.0},{"damage":2.0,"enemies":"Gensokyo:2_Gloops","floor":18.0,"turns":4.0},{"damage":10.0,"enemies":"Gensokyo:Chomper","floor":19.0,"turns":3.0},{"damage":20.0,"enemies":"Gensokyo:Slime_Group","floor":21.0,"turns":3.0},{"damage":5.0,"enemies":"Gensokyo:Chomper_and_Gloop","floor":24.0,"turns":4.0},{"damage":9.0,"enemies":"Gensokyo:Tenshi","floor":29.0,"turns":8.0},{"damage":20.0,"enemies":"Gensokyo:Kaguya","floor":33.0,"turns":13.0},{"damage":11.0,"enemies":"Gensokyo:AncientGuardian","floor":35.0,"turns":5.0},{"damage":11.0,"enemies":"Gensokyo:3_Bats","floor":36.0,"turns":4.0},{"damage":0.0,"enemies":"Gensokyo:3_Boulders","floor":37.0,"turns":3.0},{"damage":47.0,"enemies":"Gensokyo:Doremy","floor":41.0,"turns":8.0},{"damage":16.0,"enemies":"Gensokyo:Marisa","floor":44.0,"turns":5.0},{"damage":5.0,"enemies":"Gensokyo:Doremy","floor":46.0,"turns":5.0},{"damage":16.0,"enemies":"Gensokyo:4_Bats","floor":48.0,"turns":4.0},{"damage":16,"enemies":"Gensokyo:Shinki","floor":50,"turns":12}],"seed_played":"7225670204363355666","potions_obtained":[{"floor":7.0,"key":"CultistPotion"},{"floor":11.0,"key":"GamblersBrew"},{"floor":16.0,"key":"SpeedPotion"},{"floor":19.0,"key":"BlessingOfTheForge"},{"floor":21.0,"key":"GrandPatriotsElixir:ReiMu"},{"floor":29.0,"key":"ZuzhouPotion:ReiMu"},{"floor":33.0,"key":"Energy Potion"},{"floor":41.0,"key":"Swift Potion"},{"floor":46.0,"key":"Energy Potion"}],"is_trial":false,"path_per_floor":["M","M","M","$","?","R","M","R","T","E","M","M","R","M","R","B",null,"M","M","?","M","?","R","M","R","T","$","T","E","R","?","R","B",null,"M","M","M","COS","?","R","E","$","T","E","R","E","R","M","R","B"],"character_chosen":"DEFECT","items_purchased":["Sunder","Runic Capacitor","Self Repair","White Noise"],"campfire_rested":0,"item_purchase_floors":[4,27,27,42],"current_hp_per_floor":[68,68,68,68,73,73,72,72,72,41,29,21,21,21,21,15,60,58,48,48,28,28,28,23,23,23,23,23,21,21,21,21,18,61,67,73,75,75,75,75,45,45,45,46,46,58,58,59,59,43,43],"gold":146,"neow_bonus":"THREE_ENEMY_KILL","is_daily":false,"chose_seed":false,"campfire_upgraded":12,"win_rate":0.0,"timestamp":1612789153,"path_taken":["M","M","?","$","?","R","M","R","T","E","?","M","R","M","R","BOSS","M","?","?","?","?","R","M","R","T","$","?","E","R","?","R","BOSS","M","?","M","COS","?","R","E","$","T","E","R","E","R","M","R","BOSS"],"items_purchased_type":["Card","Relic","Card","Card"],"build_version":"2020-12-22","purchased_purges":2,"victory":false,"max_hp_per_floor":[75,75,75,75,80,80,80,80,80,80,80,80,80,80,80,80,75,75,75,75,75,75,75,75,75,75,75,75,75,75,75,75,75,75,75,75,75,75,75,75,75,75,75,75,75,75,75,75,75,75,75],"card_choices":[{"not_picked":["Aggregate","Redo"],"picked":"Hologram","floor":1.0},{"not_picked":["Turbo","Chill"],"picked":"Cold Snap","floor":2.0},{"not_picked":["Hologram","Leap"],"picked":"Turbo","floor":3.0},{"not_picked":["BootSequence","Steam"],"picked":"Bomb","floor":7.0},{"not_picked":["Consume","Scrape"],"picked":"All For One","floor":10.0},{"not_picked":["Steam Power","Gash"],"picked":"Bomb","floor":11.0},{"not_picked":["Barrage","Blizzard","Loop"],"picked":"SKIP","floor":12.0},{"not_picked":["Gash","Reprogram"],"picked":"Ball Lightning","floor":14.0},{"not_picked":["Machine Learning","Echo Form"],"picked":"Meteor Strike","floor":16.0},{"not_picked":["FTL+1","Rebound"],"picked":"Coolheaded","floor":18.0},{"not_picked":["Turbo","Auto Shields+1"],"picked":"Coolheaded","floor":19.0},{"not_picked":["Stack","Gash","Go for the Eyes"],"picked":"SKIP","floor":21.0},{"not_picked":["Steam","Sweeping Beam"],"picked":"Storm","floor":24.0},{"not_picked":["Go for the Eyes+1","Redo"],"picked":"Self Repair","floor":29.0},{"not_picked":["All For One+1","Rainbow"],"picked":"Creative AI","floor":33.0},{"not_picked":["Sweeping Beam+1","Cold Snap+1","Glacier"],"picked":"SKIP","floor":35.0},{"not_picked":["Sweeping Beam+1","Hologram","Gash+1"],"picked":"SKIP","floor":36.0},{"not_picked":["Sweeping Beam+1","Gash+1"],"picked":"Hologram","floor":36.0},{"not_picked":["Sweeping Beam+1","Undo"],"picked":"Double Energy+1","floor":37.0},{"not_picked":["Gensokyo:DreamlikeParadise","Gensokyo:EverlastingLife"],"picked":"Gensokyo:SalamanderShield","floor":39.0},{"not_picked":["FTL+1","Self Repair"],"picked":"Turbo","floor":41.0},{"not_picked":["Go for the Eyes+1","Scrape+1"],"picked":"Conserve Battery+1","floor":44.0},{"not_picked":["Hologram","Conserve Battery+1"],"picked":"Fission","floor":46.0},{"not_picked":["Darkness","Hello World+1","Blizzard+1"],"picked":"SKIP","floor":48.0}],"player_experience":282150,"relics_obtained":[{"floor":9.0,"key":"Bottled Lightning"},{"floor":10.0,"key":"Oddly Smooth Stone"},{"floor":26.0,"key":"Molten Egg 2"},{"floor":28.0,"key":"TheBible"},{"floor":29.0,"key":"SatanicBible"},{"floor":41.0,"key":"ForgetMeNow"},{"floor":43.0,"key":"Juzu Bracelet"},{"floor":44.0,"key":"BloodDonationMachine"},{"floor":46.0,"key":"Cables"}],"event_choices":[{"damage_healed":0.0,"max_hp_gain":5.0,"max_hp_loss":0.0,"gold_gain":0.0,"event_name":"Big Fish","player_choice":"Donut","floor":5.0,"gold_loss":0.0,"damage_taken":0.0}],"is_beta":false,"boss_relics":[{"not_picked":["Busted Crown","Ectoplasm"],"picked":"Coffee Dripper"},{"not_picked":[]},{"not_picked":["RedLine:ReiMu","Inserter"],"picked":"Runic Pyramid"},{"not_picked":[]}],"items_purged_floors":[17,27],"is_endless":false,"potions_floor_spawned":[7,11,16,19,21,29,33,41,46],"killed_by":"Gensokyo:Shinki","ascension_level":10}}