{"host":"dmtlrev5pkc1867p","time":1612790725,"event":{"mods":["A Magickal Journey","BaseMod","Colored Map","Colored Powertips","Downfall","Hermit","Highlight Path","Infinite Spire","Marisa¡]Ãú«B¡@Å]²z¨F¡^","Minty Spire (QoL Compilation)","Permanent Neow","Quick Restart","Rare Cards Sparkle","Relic Stats","Replay The Spire","StSLib","SuperFastMode","The Construct","The Cursed","The Disciple","The Hierophant","The Necromancer","The Runesmith","The Servant 0.9.4"],"gold_per_floor":[117,132,307,67,87,187,214,231,244,244,264,277,277,306,106,207,207,221,221,155,155,167,167,467,467,467,467,467,467],"floor_reached":28,"language":"ZHS","playtime":1589,"items_purged":["Doubt"],"score":416,"play_id":"b7dd66fc-bd79-44f5-88ca-61256dc27629","local_time":"20210208212525","is_ascension_mode":true,"campfire_choices":[{"floor":10.0,"key":"REST"},{"floor":13.0,"key":"RECALL"},{"floor":15.0,"key":"REST"},{"floor":25.0,"key":"REST"}],"circlet_count":0,"master_deck":["Strike_W","Strike_W","Strike_W","Strike_W","Defend_W","Defend_W","Defend_W","Defend_W","Negative_Energy_Arrows","Bone_Wall","Scare","Bone_Shift","Shade_Step","Blood_Magic","Summon_Death_Knight","Blood_for_Blood","Cloudkill","Corrupt","Blood_Shield+1","Life_Tap","Negative_Energy_Burst","Blood_Wake","Scare+1","Vampiric_Strike","Summon_Lich+1","Bone_Bullets","Pot Of Greed","Pot Of Greed","Pot Of Greed"],"relics":["Vampire_Amulet","White Beast Statue","Guardian:PocketSentry","Tiny Chest","downfall:HeartBlessingGreen","downfall:HeartBlessingRed","Grinning Jar","Old Coin","Golden Egg"],"acts_visited":["Exordium","TheCity"],"potions_floor_usage":[28,28],"damage_taken":[{"damage":6.0,"enemies":"2 Louse","floor":1.0,"turns":3.0},{"damage":1.0,"enemies":"Small Slimes","floor":2.0,"turns":4.0},{"damage":0.0,"enemies":"downfall:FleeingMerchant","floor":4.0,"turns":4.0},{"damage":2.0,"enemies":"Cultist","floor":5.0,"turns":4.0},{"damage":19.0,"enemies":"downfall:LadyInBlue","floor":6.0,"turns":11.0},{"damage":18.0,"enemies":"Exordium Thugs","floor":8.0,"turns":6.0},{"damage":0.0,"enemies":"2 Fungi Beasts","floor":9.0,"turns":4.0},{"damage":0.0,"enemies":"Exordium Wildlife","floor":11.0,"turns":3.0},{"damage":20.0,"enemies":"Lots of Slimes","floor":12.0,"turns":3.0},{"damage":24.0,"enemies":"Gremlin Nob","floor":14.0,"turns":6.0},{"damage":32.0,"enemies":"DF_ARCHETYPE_STREAMLINE","floor":16.0,"turns":10.0},{"damage":15.0,"enemies":"3 Byrds","floor":18.0,"turns":4.0},{"damage":8.0,"enemies":"downfall:FleeingMerchant","floor":20.0,"turns":4.0},{"damage":14.0,"enemies":"Spheric Guardian","floor":22.0,"turns":4.0},{"damage":0.0,"enemies":"Snake Plant","floor":26.0,"turns":1.0},{"damage":56,"enemies":"Nightmare","floor":28,"turns":7}],"seed_played":"8408209080059832679","potions_obtained":[{"floor":1.0,"key":"CultistPotion"},{"floor":2.0,"key":"Weak Potion"},{"floor":6.0,"key":"Explosive Potion"},{"floor":6.0,"key":"LiquidMemories"},{"floor":6.0,"key":"LiquidBronze"},{"floor":9.0,"key":"BlessingOfTheForge"},{"floor":11.0,"key":"Fire Potion"},{"floor":14.0,"key":"Ancient Potion"},{"floor":16.0,"key":"SmokeBomb"},{"floor":18.0,"key":"LiquidBronze"},{"floor":20.0,"key":"Toxic Potion"},{"floor":21.0,"key":"CultistPotion"},{"floor":22.0,"key":"DistilledChaos"}],"is_trial":true,"path_per_floor":["M","M","?","$","M","?","T","M","M","R","M","M","R","E","R","B",null,"M","?","$","?","M","AVR","T","R","M","T","NM"],"character_chosen":"NECROMANCER","items_purchased":["Blood_Magic","Summon_Lich+1"],"campfire_rested":3,"item_purchase_floors":[4,20],"current_hp_per_floor":[66,69,69,69,69,52,52,38,42,64,68,58,58,36,58,28,63,54,46,38,38,26,26,26,48,50,50,0,0],"gold":467,"neow_bonus":"","is_daily":false,"chose_seed":false,"campfire_upgraded":0,"win_rate":0.0,"timestamp":1612790725,"path_taken":["M","M","?","$","M","?","T","M","M","R","M","M","R","E","R","BOSS","M","?","?","?","M","AVR","T","R","M","?","NM"],"items_purchased_type":["Card","Card"],"build_version":"2020-12-22","purchased_purges":1,"victory":false,"max_hp_per_floor":[75,75,75,75,75,75,75,75,75,75,75,75,75,75,75,75,75,75,75,75,75,75,75,75,75,75,75,75,75],"relic_stats":{"counters":[16,78],"Tiny Chest":1,"obtain_stats":[{"Golden Egg":27,"downfall:HeartBlessingRed":15,"Tiny Chest":14,"downfall:HeartBlessingGreen":15,"Vampire_Amulet":0,"Guardian:PocketSentry":7,"Grinning Jar":23,"White Beast Statue":6,"Old Coin":24},{"Golden Egg":15,"downfall:HeartBlessingRed":10,"Tiny Chest":10,"downfall:HeartBlessingGreen":10,"Vampire_Amulet":0,"Guardian:PocketSentry":5,"Grinning Jar":14,"White Beast Statue":5,"Old Coin":14},{"Golden Egg":71,"downfall:HeartBlessingRed":48,"Tiny Chest":48,"downfall:HeartBlessingGreen":48,"Vampire_Amulet":0,"Guardian:PocketSentry":26,"Grinning Jar":70,"White Beast Statue":26,"Old Coin":70}]},"card_choices":[{"not_picked":["Death_Coil","Consume_Illness"],"picked":"Scare","floor":1.0},{"not_picked":["Negative_Energy_Javelin","Negative_Energy_Shield"],"picked":"Bone_Shift","floor":2.0},{"not_picked":["Finger_Of_Death","Bones_to_Steel"],"picked":"Shade_Step","floor":4.0},{"not_picked":["Summon_Undead_Army","Vampiric_Strike"],"picked":"Summon_Death_Knight","floor":5.0},{"not_picked":["Blood_Curse","Negative_Energy_Mist"],"picked":"Blood_for_Blood","floor":6.0},{"not_picked":["Negative_Energy_Javelin","Violent_Necrosis"],"picked":"Cloudkill","floor":8.0},{"not_picked":["Bone_Spikes","Bone_Bullets"],"picked":"Corrupt","floor":9.0},{"not_picked":["Shackles_Of_Pain","Stop_Heart"],"picked":"Blood_Shield","floor":11.0},{"not_picked":["Toxic_Smoke_Screen","Epidemic"],"picked":"Life_Tap","floor":12.0},{"not_picked":["Bone_Bullets","Necromantic_Selection"],"picked":"Negative_Energy_Burst","floor":14.0},{"not_picked":["Detonate_Bones","Blood_Magic"],"picked":"Blood_Wake","floor":16.0},{"not_picked":["Shackles_Of_Pain","Blood_Shield"],"picked":"Scare","floor":18.0},{"not_picked":["Blood_Whip","Deaths_Shadow"],"picked":"Vampiric_Strike","floor":20.0},{"not_picked":["Negative_Energy_Shield","Scare"],"picked":"Bone_Bullets","floor":22.0}],"player_experience":649518,"relics_obtained":[{"floor":6.0,"key":"White Beast Statue"},{"floor":7.0,"key":"Guardian:PocketSentry"},{"floor":14.0,"key":"Tiny Chest"},{"floor":24.0,"key":"Old Coin"},{"floor":27.0,"key":"Golden Egg"}],"event_choices":[],"is_beta":false,"boss_relics":[{"not_picked":["Snecko Eye","Replay:Drink Me","Sozu"]}],"items_purged_floors":[4],"is_endless":false,"potions_floor_spawned":[1,2,8,9,11,12,14,16,18,20,22,26],"killed_by":"Nightmare","ascension_level":6}}