{"host":"c0q4hvpzcxjeo0kl","time":1612817852,"event":{"mods":["BaseMod","BetterRewards","Minty Spire (QoL Compilation)","Replay The Spire","StSLib"],"gold_per_floor":[109,123,13,29,29,29,29,29,29,39,64,80,97,125,125,226,226,238,254,100,15,29,29,61,72,72,72,82,82,110,123,123,226,226,241,34,34,51,68,95,95,142,167,167,167,167,213,243,243,253,253,253,3,49,57],"floor_reached":56,"language":"DEU","playtime":4516,"items_purged":["Bash"],"score":1307,"play_id":"8999c8ca-c7e8-4927-9367-3506402b52cd","local_time":"20210208215732","is_ascension_mode":false,"campfire_choices":[{"data":"Armaments","floor":6.0,"key":"SMITH"},{"floor":15,"key":"REST"},{"data":"Flex","floor":23,"key":"SMITH"},{"floor":29,"key":"REST"},{"data":"Carnage","floor":32,"key":"SMITH"},{"floor":41,"key":"RECALL"},{"data":"Flex","floor":45,"key":"SMITH"},{"data":"Flex","floor":49,"key":"SMITH"},{"data":"Replay:Many Hands","floor":52,"key":"SMITH"}],"circlet_count":0,"master_deck":["Strike_R","Strike_R","Strike_R","Strike_R","Strike_R","Defend_R","Defend_R","Defend_R","Massacre+1","Replay:BasicMightCard","Master of Strategy","Shrug It Off","Anger","Pommel Strike","Armaments+1","Carnage+1","ReplayTheSpireMod:Muscle Training","Replay:Many Hands+1","Reckless Charge","Clash","ReplayTheSpireMod:Corrosion Curse","Limit Break","Ghostly Armor","Flex+1","Anger","Impervious","Battle Trance","Ghostly Armor+1","Perfected Strike+1","Brutality","Flex+1","Flex+1","Limit Break","Flex+1","Spot Weakness+1","Clash+1","Havoc+1","Madness","Madness","Secret Weapon","Impatience","Mayhem","Sword Boomerang+1","Blood for Blood","Massacre+1"],"relics":["Burning Blood","Ice Cream","Durian","Bottled Flame","Thread and Needle","Ornamental Fan","Runic Cube","Replay:WaspNest","Magic Flower","Replay:Ringing Soul","Omamori","Ooze Armor","DollysMirror","Replay:Bandana","Eternal Feather","Mango","Self Forming Clay","Bag of Preparation"],"acts_visited":["Exordium","TheCity","TheBeyond","TheEnding"],"potions_floor_usage":[14,39,47,50,50,55],"damage_taken":[{"damage":1.0,"enemies":"Cultist","floor":1.0,"turns":4.0},{"damage":0.0,"enemies":"Small Slimes","floor":2.0,"turns":3.0},{"damage":0.0,"enemies":"2 Louse","floor":4.0,"turns":2.0},{"damage":12.0,"enemies":"Gremlin Gang","floor":10.0,"turns":2.0},{"damage":6.0,"enemies":"Replay:BlueRogue","floor":11.0,"turns":5.0},{"damage":11,"enemies":"Exordium Thugs","floor":12,"turns":4},{"damage":0,"enemies":"2 Fungi Beasts","floor":13,"turns":3},{"damage":18,"enemies":"Gremlin Nob","floor":14,"turns":4},{"damage":38,"enemies":"Hexaghost","floor":16,"turns":11},{"damage":1,"enemies":"Chosen","floor":18,"turns":4},{"damage":12,"enemies":"Spheric Guardian","floor":19,"turns":6},{"damage":14,"enemies":"Centurion and Healer","floor":22,"turns":6},{"damage":23,"enemies":"Slavers","floor":24,"turns":2},{"damage":9,"enemies":"Chosen and Byrds","floor":25,"turns":5},{"damage":13,"enemies":"Snecko","floor":28,"turns":7},{"damage":20,"enemies":"Book of Stabbing","floor":30,"turns":5},{"damage":0,"enemies":"Centurion and Healer","floor":31,"turns":7},{"damage":43,"enemies":"Champ","floor":33,"turns":11},{"damage":0,"enemies":"3 Shapes","floor":35,"turns":3},{"damage":0,"enemies":"3 Darklings","floor":38,"turns":3},{"damage":0,"enemies":"Jaw Worm Horde","floor":39,"turns":6},{"damage":8,"enemies":"Reptomancer","floor":40,"turns":5},{"damage":15,"enemies":"Giant Head","floor":47,"turns":8},{"damage":0,"enemies":"4 Shapes","floor":48,"turns":5},{"damage":43,"enemies":"Awakened One","floor":50,"turns":7},{"damage":39,"enemies":"Shield and Spear","floor":54,"turns":5},{"damage":99,"enemies":"The Heart","floor":55,"turns":8}],"seed_played":"-4095340671138451875","potions_obtained":[{"floor":4.0,"key":"Explosive Potion"},{"floor":10.0,"key":"HeartOfIron"},{"floor":12,"key":"BlessingOfTheForge"},{"floor":25,"key":"SteroidPotion"},{"floor":31,"key":"BlessingOfTheForge"},{"floor":35,"key":"SteroidPotion"},{"floor":40,"key":"Swift Potion"},{"floor":48,"key":"BloodPotion"},{"floor":54,"key":"Dexterity Potion"}],"is_trial":false,"path_per_floor":["M","M","$","M","?","R","?","?","T","M","E","M","M","E","R","B",null,"M","M","$","?","M","R","E","M","T","?","M","R","E","M","R","B",null,"M","$","?","M","M","E","R","?","T","?","R","?","E","M","R","B",null,"R","$","E","B",null],"character_chosen":"IRONCLAD","items_purchased":["Massacre","Replay:BasicMightCard","Master of Strategy","Shrug It Off","Armaments","Carnage","Flex","Anger","Flex","DollysMirror","Self Forming Clay"],"campfire_rested":2,"item_purchase_floors":[0,0,0,0,3,3,20,20,36,36,53],"current_hp_per_floor":[45,51,51,57,57,57,44,44,44,38,38,33,39,27,52,20,85,85,79,79,79,71,71,54,54,54,54,53,79,71,83,83,52,97,100,103,103,106,109,112,112,87,87,76,97,90,101,113,137,103,141,141,141,114,66],"gold":57,"neow_bonus":"","is_daily":false,"chose_seed":false,"campfire_upgraded":6,"win_rate":0.0,"timestamp":1612817852,"path_taken":["M","M","$","M","?","R","?","?","T","M","E","M","M","E","R","BOSS","M","?","$","?","M","R","E","M","T","?","M","R","E","M","R","BOSS","M","$","?","M","M","E","R","?","T","?","R","?","E","M","R","BOSS","R","$","E","BOSS"],"items_purchased_type":["Card","Card","Card","Card","Card","Card","Card","Card","Card","Relic","Relic"],"build_version":"2020-12-22","purchased_purges":1,"victory":true,"max_hp_per_floor":[80,80,80,80,80,80,85,85,85,85,85,85,85,85,85,85,85,85,85,85,85,85,85,85,85,85,85,88,88,91,94,94,97,97,100,103,103,106,109,112,112,115,115,118,118,121,138,141,141,141,141,141,141,144,144],"card_choices":[{"not_picked":["Pommel Strike","Twin Strike"],"picked":"Anger","floor":1.0},{"not_picked":["True Grit","Thunderclap"],"picked":"Pommel Strike","floor":2.0},{"not_picked":["True Grit","Iron Wave","Headbutt"],"picked":"SKIP","floor":4.0},{"not_picked":["Run Through","Disarm"],"picked":"ReplayTheSpireMod:Muscle Training","floor":10.0},{"not_picked":["Pummel","Carnage"],"picked":"Replay:Many Hands","floor":11.0},{"not_picked":["Warcry","Perfected Strike"],"picked":"Reckless Charge","floor":12},{"not_picked":["Sword Boomerang","ReplayTheSpireMod:Strike From Hell"],"picked":"Clash","floor":13},{"not_picked":["Body Slam","Sentinel"],"picked":"ReplayTheSpireMod:Corrosion Curse","floor":14},{"not_picked":["Impervious","Double Tap"],"picked":"Limit Break","floor":16},{"not_picked":["Blood for Blood","ReplayTheSpireMod:LeadingStrike+1"],"picked":"Ghostly Armor","floor":18},{"not_picked":["Burning Pact","Rampage","Wild Strike+1"],"picked":"SKIP","floor":19},{"not_picked":["Wild Strike","ReplayTheSpireMod:Strike From Hell+1","Warcry"],"picked":"SKIP","floor":22},{"not_picked":["Iron Wave+1","Clothesline+1"],"picked":"Impervious","floor":24},{"not_picked":["Twin Strike+1","True Grit"],"picked":"Battle Trance","floor":25},{"not_picked":["ReplayTheSpireMod:Corrosion Curse","Carnage"],"picked":"Ghostly Armor+1","floor":28},{"not_picked":["Heavy Blade","Clash+1"],"picked":"Hemokinesis","floor":30},{"not_picked":["Abandon+1","Infernal Blade"],"picked":"Perfected Strike+1","floor":31},{"not_picked":["Fiend Fire","Immolate"],"picked":"Brutality","floor":33},{"not_picked":["Dropkick","Run Through"],"picked":"Flex","floor":35},{"not_picked":["Twin Strike+1","Ghostly Armor+1"],"picked":"Flex+1","floor":38},{"not_picked":["Clash+1","Metallicize"],"picked":"Spot Weakness+1","floor":39},{"not_picked":["Twin Strike","Reckless Charge"],"picked":"Clash+1","floor":40},{"not_picked":["Second Wind+1","Combust+1"],"picked":"Havoc+1","floor":42},{"not_picked":["PanicButton","Survey Options"],"picked":"Secret Weapon","floor":46},{"not_picked":["Panache","Midas Touch"],"picked":"Impatience","floor":46},{"not_picked":["Impatience","Blind"],"picked":"Mayhem","floor":46},{"not_picked":["Fire Breathing+1","Body Slam"],"picked":"Sword Boomerang+1","floor":47},{"not_picked":["True Grit","Sword Boomerang","Blood for Blood"],"picked":"SKIP","floor":48},{"not_picked":["True Grit","Sword Boomerang"],"picked":"Blood for Blood","floor":48},{"not_picked":["Warcry","Cleave"],"picked":"Massacre+1","floor":54}],"player_experience":183899,"relics_obtained":[{"floor":9.0,"key":"Bottled Flame"},{"floor":11.0,"key":"Thread and Needle"},{"floor":14,"key":"Ornamental Fan"},{"floor":24,"key":"Magic Flower"},{"floor":26,"key":"Replay:Ringing Soul"},{"floor":30,"key":"Omamori"},{"floor":40,"key":"Replay:Bandana"},{"floor":42,"key":"Eternal Feather"},{"floor":47,"key":"Mango"},{"floor":54,"key":"Bag of Preparation"}],"event_choices":[{"damage_healed":0.0,"max_hp_gain":0.0,"max_hp_loss":0.0,"gold_gain":0.0,"event_name":"Scrap Ooze","player_choice":"Success","floor":7.0,"gold_loss":0.0,"damage_taken":18.0,"relics_obtained":["Durian"]},{"cards_removed":["Defend_R"],"damage_healed":0.0,"max_hp_gain":0.0,"max_hp_loss":0.0,"gold_gain":0.0,"event_name":"Purifier","player_choice":"Purged","floor":8.0,"gold_loss":0.0,"damage_taken":0.0},{"damage_healed":0,"gold_gain":0,"player_choice":"Obtained Relic","damage_taken":0,"relics_obtained":["Replay:WaspNest"],"max_hp_gain":0,"max_hp_loss":0,"event_name":"Addict","floor":21,"gold_loss":85},{"cards_removed":["Hemokinesis"],"damage_healed":0,"gold_gain":0,"player_choice":"Removed Attack","damage_taken":0,"max_hp_gain":0,"max_hp_loss":0,"event_name":"Falling","floor":37,"gold_loss":0},{"damage_healed":0,"gold_gain":0,"player_choice":"Embrace Madness","damage_taken":14,"max_hp_gain":0,"max_hp_loss":0,"event_name":"Winding Halls","floor":44,"gold_loss":0,"cards_obtained":["Madness","Madness"]},{"damage_healed":0,"gold_gain":0,"player_choice":"Memory 3","damage_taken":10,"max_hp_gain":0,"max_hp_loss":0,"event_name":"SensoryStone","floor":46,"gold_loss":0}],"is_beta":false,"boss_relics":[{"not_picked":["SacredBark","Empty Cage"],"picked":"Runic Cube"},{"not_picked":["Velvet Choker","Black Star"],"picked":"Ooze Armor"}],"items_purged_floors":[20],"is_endless":false,"potions_floor_spawned":[4,10,12,24,25,31,35,40,48,54],"ascension_level":0}}