{"host":"6bsan6hkua32tfq7","time":1612771232,"event":{"mods":["BaseMod","Better Third Choice","Colored Map","Highlight Path","Minty Spire (QoL Compilation)","StSLib"],"gold_per_floor":[117,117,129,147,167,167,202,221,221,221,246,246,246,246,246,341,341,328,340,352,384,396,408,444,456,468,480,515,562,574,574],"floor_reached":30,"language":"ENG","playtime":900,"items_purged":[],"score":616,"play_id":"6d4169ad-8b41-4c68-a901-0a72d8a5dd88","local_time":"20210208090032","is_ascension_mode":true,"campfire_choices":[{"data":"Quick Slash","floor":6,"key":"SMITH"},{"floor":10,"key":"REST"},{"data":"Malaise","floor":12,"key":"SMITH"},{"data":"Neutralize","floor":15,"key":"SMITH"},{"data":"Dagger Spray","floor":23,"key":"SMITH"},{"floor":25,"key":"REST"},{"floor":27,"key":"REST"}],"circlet_count":0,"master_deck":["AscendersBane","Strike_G","Strike_G","Strike_G","Strike_G","Strike_G","Defend_G","Defend_G","Defend_G","Survivor","Neutralize+1","Deflect","Deflect","Quick Slash+1","Underhanded Strike","Dagger Spray+1","Slice","Malaise+1","Adrenaline","Dagger Spray","All Out Attack","Underhanded Strike","Underhanded Strike"],"relics":["Runic Pyramid","Anchor","Omamori","Boot","Golden Idol","Calling Bell","MawBank","The Courier","Gambling Chip","Eternal Feather","InkBottle"],"acts_visited":["Exordium","TheCity"],"potions_floor_usage":[8,16,21,29,30],"damage_taken":[{"damage":0,"enemies":"2 Louse","floor":1,"turns":4},{"damage":0,"enemies":"Small Slimes","floor":3,"turns":4},{"damage":3,"enemies":"Jaw Worm","floor":4,"turns":5},{"damage":6,"enemies":"Red Slaver","floor":5,"turns":4},{"damage":23,"enemies":"Lagavulin","floor":7,"turns":9},{"damage":17,"enemies":"Gremlin Gang","floor":8,"turns":5},{"damage":12,"enemies":"3 Sentries","floor":11,"turns":8},{"damage":0,"enemies":"The Guardian","floor":16,"turns":13},{"damage":6,"enemies":"2 Thieves","floor":18,"turns":4},{"damage":0,"enemies":"Shell Parasite","floor":21,"turns":5},{"damage":45,"enemies":"Snecko","floor":24,"turns":12},{"damage":0,"enemies":"Centurion and Healer","floor":28,"turns":8},{"damage":36,"enemies":"Book of Stabbing","floor":29,"turns":9},{"damage":15,"enemies":"Snake Plant","floor":30,"turns":3}],"seed_played":"3950157916534466017","potions_obtained":[{"floor":5,"key":"Weak Potion"},{"floor":7,"key":"Fruit Juice"},{"floor":8,"key":"Fire Potion"},{"floor":16,"key":"EssenceOfSteel"},{"floor":24,"key":"Swift Potion"}],"is_trial":false,"path_per_floor":["M","?","M","M","M","R","E","M","T","R","E","R","?","?","R","B",null,"M","?","$","M","$","R","M","R","T","R","M","E","M"],"character_chosen":"THE_SILENT","items_purchased":[],"campfire_rested":3,"item_purchase_floors":[],"current_hp_per_floor":[59,52,52,49,43,43,20,8,8,29,17,17,17,17,17,17,52,46,46,46,46,46,46,1,20,20,51,51,15,0,0],"gold":574,"neow_bonus":"BOSS_RELIC","is_daily":false,"chose_seed":false,"campfire_upgraded":4,"win_rate":0.0,"timestamp":1612771232,"path_taken":["M","?","M","M","M","R","E","M","T","R","E","R","?","?","R","BOSS","M","?","$","?","$","R","M","R","T","R","?","E","M"],"items_purchased_type":[],"build_version":"2020-12-22","purchased_purges":0,"victory":false,"max_hp_per_floor":[66,66,66,66,66,66,66,71,71,71,71,71,71,64,64,64,64,64,64,64,64,64,64,64,64,64,64,64,64,64,64],"card_choices":[{"not_picked":["Backflip","Quick Slash"],"picked":"Deflect","floor":1},{"not_picked":["Outmaneuver","Dodge and Roll"],"picked":"Deflect","floor":3},{"not_picked":["Calculated Gamble","Choke"],"picked":"Quick Slash","floor":4},{"not_picked":["Backflip","Deflect"],"picked":"Underhanded Strike","floor":5},{"not_picked":["Calculated Gamble","Caltrops"],"picked":"Dagger Spray","floor":7},{"not_picked":["Deflect","Prepared"],"picked":"Slice","floor":8},{"not_picked":["Flechettes","Terror"],"picked":"Malaise","floor":11},{"not_picked":["Malaise","Storm of Steel"],"picked":"Adrenaline","floor":16},{"not_picked":["Leg Sweep","Poisoned Stab","Deadly Poison"],"picked":"SKIP","floor":18},{"not_picked":["Leg Sweep","Deadly Poison"],"picked":"Dagger Spray","floor":21},{"not_picked":["Choke","Backstab"],"picked":"All Out Attack","floor":24},{"not_picked":["Leg Sweep","Cloak And Dagger"],"picked":"Underhanded Strike","floor":28},{"not_picked":["Predator","Cloak And Dagger"],"picked":"Underhanded Strike","floor":29}],"player_experience":5418185,"relics_obtained":[{"floor":7,"key":"Anchor"},{"floor":9,"key":"Omamori"},{"floor":11,"key":"Boot"},{"floor":17,"key":"MawBank"},{"floor":17,"key":"The Courier"},{"floor":17,"key":"Gambling Chip"},{"floor":26,"key":"Eternal Feather"},{"floor":29,"key":"InkBottle"}],"event_choices":[{"cards_removed":["Defend_G"],"damage_healed":0,"gold_gain":0,"player_choice":"Card Removal","damage_taken":7,"max_hp_gain":0,"max_hp_loss":0,"event_name":"Golden Wing","floor":2,"gold_loss":0},{"damage_healed":17,"gold_gain":0,"player_choice":"Leave","damage_taken":0,"max_hp_gain":0,"max_hp_loss":71,"event_name":"betterThird:BetterShining","floor":13,"gold_loss":0},{"damage_healed":0,"gold_gain":0,"player_choice":"Lose Max HP","damage_taken":0,"relics_obtained":["Golden Idol"],"max_hp_gain":0,"max_hp_loss":7,"event_name":"Golden Idol","floor":14,"gold_loss":0},{"cards_removed":["Defend_G"],"damage_healed":0,"gold_gain":0,"player_choice":"Purged","damage_taken":0,"max_hp_gain":0,"max_hp_loss":0,"event_name":"Purifier","floor":19,"gold_loss":0}],"is_beta":false,"boss_relics":[{"not_picked":["Fusion Hammer","Snecko Eye"],"picked":"Calling Bell"}],"items_purged_floors":[],"is_endless":false,"potions_floor_spawned":[5,7,8,16,18,24,28],"killed_by":"Snake Plant","ascension_level":20}}