{"host":"hf83sijwe64ts2lm","time":1612811838,"event":{"mods":["2.2 Compatiblity","BaseMod","Better Altar","Better Match","Better Note","Better Sensory Stone","Better Skull","Better Third Choice","Colored Map","Colored Powertips","Highlight Path","Hubris","Infinite Spire","Minty Spire (QoL Compilation)","Quick Restart","Rare Cards Sparkle","Relic Stats","Reliquary","Replay The Spire","Shop Mod","Spicy Shops","Spire Arcade","StSLib","Thieving Mod"],"gold_per_floor":[109,119,119,145,110,135,135,162,241,255,255,288,288,298,298,397,397,414,433,3,19,29,29,44,44,68,84,84,110,55,66,66,171,171,195,223,0,0,10,40,59,59,59,59,76,98,98,135,135,135,135,135,4,35,35,35],"floor_reached":55,"language":"ENG","playtime":2457,"items_purged":[],"score":1050,"play_id":"d55188b8-b195-4951-be16-91863eb5318b","local_time":"20210208141718","is_ascension_mode":true,"campfire_choices":[{"floor":7,"key":"REST"},{"floor":15,"key":"REST"},{"floor":23,"key":"RECALL"},{"data":"ReplayTheSpireMod:Calculation Training","floor":25,"key":"SMITH"},{"data":"Meteor Strike","floor":32,"key":"SMITH"},{"floor":42,"key":"REST"},{"data":"infinitespire:Menacing","floor":44,"key":"SMITH"},{"data":"Loop","floor":47,"key":"SMITH"},{"data":"ReplayRNGCard","floor":49,"key":"SMITH"},{"floor":52,"key":"REST"}],"circlet_count":0,"master_deck":["Strike_B+1","Strike_B","Strike_B+1","Strike_B","Defend_B","Defend_B","Defend_B","Defend_B","Zap","Dualcast","Buffer+1","Self Repair","Sweeping Beam","Beam Cell","Beam Cell","Loop+1","Streamline","Parasite","Go for the Eyes","Creative AI","Conserve Battery","Sweeping Beam","Electrodynamics","Streamline","FTL","Cold Snap","Leap+1","Cold Snap","ReplayTheSpireMod:Calculation Training+1","Meteor Strike+1","Lockon","Streamline","Leap","Sickly","ReplayGash","FIFO Queue","FIFO Queue","Defragment+1","Storm+1","ReplayTheSpireMod:Omega Cannon","Barrage+1","Self Repair+1","Conserve Battery+1","Ball Lightning+1","infinitespire:Menacing+1","Glacier","Storm+1","hubris:PowerSurge","Static Discharge","Loop","Thunder Strike","Steam","Barrage+1","Stack+1","ReplayRNGCard+1","Undo+1"],"relics":["Cracked Core","ReplayFunnel","reliquary:RoseTintedGlasses","reliquary:SilkGlove","StoneCalendar","hubris:BlackHole","Prayer Wheel","Juzu Bracelet","Ring of Fury","ReplayTheSpireMod:Ring of Collecting","infinitespire:Satchel","infinitespire:EvilPickle","hubris:ScarierMask","Red Mask","reliquary:Stiletto","Ring of Hypnosis","reliquary:Aerogel","Replay:Antivirus Software"],"acts_visited":["Exordium","TheCity","TheBeyond","TheEnding"],"potions_floor_usage":[8,18,18,22,24,29,31,40,55,55],"damage_taken":[{"damage":5,"enemies":"Cultist","floor":1,"turns":4},{"damage":6,"enemies":"Jaw Worm","floor":2,"turns":4},{"damage":32,"enemies":"Lagavulin","floor":6,"turns":7},{"damage":18,"enemies":"Gremlin Nob","floor":8,"turns":3},{"damage":7,"enemies":"2 Louse","floor":10,"turns":4},{"damage":40,"enemies":"3 Sentries","floor":12,"turns":6},{"damage":13,"enemies":"Large Slime","floor":14,"turns":4},{"damage":20,"enemies":"Fading Forest","floor":16,"turns":11},{"damage":0,"enemies":"Shell Parasite","floor":18,"turns":7},{"damage":0,"enemies":"Chosen","floor":19,"turns":4},{"damage":12,"enemies":"Snake Plant","floor":21,"turns":4},{"damage":2,"enemies":"Centurion and Healer","floor":22,"turns":5},{"damage":0,"enemies":"3 Cultists","floor":24,"turns":2},{"damage":0,"enemies":"Sentry and Sphere","floor":27,"turns":3},{"damage":7,"enemies":"Book of Stabbing","floor":29,"turns":4},{"damage":0,"enemies":"Snake Plant","floor":31,"turns":2},{"damage":15,"enemies":"Pondfish","floor":33,"turns":7},{"damage":4,"enemies":"3 Shapes","floor":35,"turns":2},{"damage":7,"enemies":"Orb Walker","floor":36,"turns":2},{"damage":14,"enemies":"4 Shapes","floor":39,"turns":1},{"damage":0,"enemies":"Nemesis","floor":40,"turns":7},{"damage":0,"enemies":"Transient","floor":41,"turns":5},{"damage":0,"enemies":"Jaw Worm Horde","floor":45,"turns":1},{"damage":0,"enemies":"Sphere and 2 Shapes","floor":46,"turns":1},{"damage":0,"enemies":"Reptomancer","floor":48,"turns":3},{"damage":46,"enemies":"Replay:Hell Engine","floor":50,"turns":7},{"damage":7,"enemies":"Shield and Spear","floor":54,"turns":4},{"damage":75,"enemies":"The Heart","floor":55,"turns":5}],"seed_played":"-4758437844187343757","potions_obtained":[{"floor":6,"key":"FearPotion"},{"floor":14,"key":"Block Potion"},{"floor":16,"key":"Explosive Potion"},{"floor":21,"key":"SkillPotion"},{"floor":22,"key":"infinitespire:BlackPotion"},{"floor":27,"key":"SkillPotion"},{"floor":29,"key":"Fire Potion"},{"floor":36,"key":"DistilledChaos"},{"floor":40,"key":"GamblersBrew"},{"floor":41,"key":"LiquidMemories"}],"is_trial":false,"path_per_floor":["M","M","?","T","?","E","R","E","T","M","?","E","?","M","R","B",null,"M","M","$","M","M","R","M","R","T","M","?","E","$","M","R","B",null,"M","M","?","?","M","E","M","R","T","R","M","M","R","E","R","B",null,"R","$","E","B"],"character_chosen":"DEFECT","items_purchased":["Electrodynamics","ReplayTheSpireMod:Fabricate Wheel","Streamline","FTL","FIFO Queue","PotionOfCapacity","SteroidPotion"],"campfire_rested":4,"item_purchase_floors":[20,20,20,20,30,53,53],"current_hp_per_floor":[63,64,64,64,75,50,72,61,61,61,46,13,31,25,47,54,70,75,75,75,70,75,75,75,75,75,75,75,75,75,75,75,67,73,69,72,72,55,41,51,58,75,75,75,75,75,75,75,75,36,65,75,75,75,0,0],"gold":35,"neow_bonus":"ONE_RANDOM_RARE_CARD","is_daily":false,"chose_seed":false,"campfire_upgraded":5,"win_rate":0.0,"timestamp":1612811838,"path_taken":["M","M","?","?","?","E","R","E","T","M","?","E","?","?","R","BOSS","M","M","$","M","M","R","M","R","T","M","?","E","$","M","R","BOSS","M","M","?","?","M","E","M","R","T","R","M","M","R","E","R","BOSS","R","$","E","BOSS"],"items_purchased_type":["Card","Card","Card","Card","Card","Potion","Potion"],"build_version":"2020-12-22","purchased_purges":0,"victory":false,"max_hp_per_floor":[75,75,75,75,75,75,75,75,75,75,75,75,75,75,75,75,75,75,75,75,75,75,75,75,75,75,75,75,75,75,75,75,75,75,75,75,75,75,75,75,75,75,75,75,75,75,75,75,75,75,75,75,75,75,75,75],"relic_stats":{"counters":[28,119],"StoneCalendar":[137],"Prayer Wheel":11,"Juzu Bracelet":0,"obtain_stats":[{"ReplayFunnel":4,"reliquary:SilkGlove":8,"Ring of Hypnosis":43,"reliquary:Aerogel":48,"StoneCalendar":12,"Juzu Bracelet":26,"hubris:BlackHole":17,"infinitespire:EvilPickle":33,"ReplayTheSpireMod:Ring of Collecting":28,"infinitespire:Satchel":29,"hubris:ScarierMask":34,"Prayer Wheel":21,"Ring of Fury":28,"reliquary:RoseTintedGlasses":6,"reliquary:Stiletto":40,"Red Mask":37,"Replay:Antivirus Software":54,"Cracked Core":0},{"ReplayFunnel":2,"reliquary:SilkGlove":4,"Ring of Hypnosis":22,"reliquary:Aerogel":25,"StoneCalendar":6,"Juzu Bracelet":13,"hubris:BlackHole":8,"infinitespire:EvilPickle":17,"ReplayTheSpireMod:Ring of Collecting":14,"infinitespire:Satchel":15,"hubris:ScarierMask":17,"Prayer Wheel":11,"Ring of Fury":14,"reliquary:RoseTintedGlasses":3,"reliquary:Stiletto":21,"Red Mask":19,"Replay:Antivirus Software":27,"Cracked Core":0},{"ReplayFunnel":8,"reliquary:SilkGlove":18,"Ring of Hypnosis":98,"reliquary:Aerogel":103,"StoneCalendar":28,"Juzu Bracelet":65,"hubris:BlackHole":43,"infinitespire:EvilPickle":81,"ReplayTheSpireMod:Ring of Collecting":68,"infinitespire:Satchel":72,"hubris:ScarierMask":81,"Prayer Wheel":55,"Ring of Fury":68,"reliquary:RoseTintedGlasses":15,"reliquary:Stiletto":93,"Red Mask":85,"Replay:Antivirus Software":114,"Cracked Core":0}]},"card_choices":[{"not_picked":["Compile Driver","ReplayTheSpireMod:Repulse"],"picked":"Self Repair","floor":1},{"not_picked":["Recycle","Coolheaded"],"picked":"Sweeping Beam","floor":2},{"not_picked":["FTL","Turbo"],"picked":"Beam Cell","floor":6},{"not_picked":["Rip and Tear","Compile Driver"],"picked":"Beam Cell","floor":8},{"not_picked":["Cold Snap","Turbo"],"picked":"Loop","floor":10},{"not_picked":["Redo","Chill"],"picked":"Streamline","floor":12},{"not_picked":["Panic Button","Scrape"],"picked":"Go for the Eyes","floor":14},{"not_picked":["Meteor Strike","Buffer"],"picked":"Creative AI","floor":16},{"not_picked":["Recycle+1","Stack+1"],"picked":"Conserve Battery","floor":18},{"not_picked":["Hologram","Steam"],"picked":"Sweeping Beam","floor":19},{"not_picked":["BasicCrystalCard","Amplify"],"picked":"Cold Snap","floor":21},{"not_picked":["ReplayTheSpireMod:Repulse","Stack+1"],"picked":"Leap+1","floor":21},{"not_picked":["Time Bomb+1","Streamline"],"picked":"Cold Snap","floor":22},{"not_picked":["Capacitor","Gash"],"picked":"ReplayTheSpireMod:Calculation Training","floor":22},{"not_picked":["Streamline","Go for the Eyes"],"picked":"Meteor Strike","floor":24},{"not_picked":["Melter","Sweeping Beam+1"],"picked":"Lockon","floor":24},{"not_picked":["Hologram+1","Conserve Battery+1"],"picked":"Streamline","floor":27},{"not_picked":["Compile Driver","Sweeping Beam+1"],"picked":"Leap","floor":27},{"not_picked":["Force Field","BasicCrystalCard"],"picked":"ReplayGash","floor":29},{"not_picked":["Tempest","All For One"],"picked":"Defragment+1","floor":31},{"not_picked":["BasicCrystalCard+1","Barrage"],"picked":"Storm+1","floor":31},{"not_picked":["Buffer","ReplayTheSpireMod:Fabricate Wheel"],"picked":"ReplayTheSpireMod:Omega Cannon","floor":33},{"not_picked":["Stack","Coolheaded+1"],"picked":"Barrage+1","floor":35},{"not_picked":["Consume","Redo"],"picked":"Self Repair+1","floor":35},{"not_picked":["Sweeping Beam","Go for the Eyes"],"picked":"Conserve Battery+1","floor":36},{"not_picked":["Go for the Eyes+1","Doom and Gloom+1"],"picked":"Ball Lightning+1","floor":36},{"not_picked":["infinitespire:FinalStrike","infinitespire:NeuralNetwork"],"picked":"infinitespire:Menacing","floor":38},{"not_picked":["Hologram+1","Coolheaded"],"picked":"Glacier","floor":39},{"not_picked":["Compile Driver","Barrage"],"picked":"Storm+1","floor":39},{"not_picked":["Coolheaded","Panic Button"],"picked":"hubris:PowerSurge","floor":40},{"not_picked":["Redo","Ball Lightning"],"picked":"Static Discharge","floor":41},{"not_picked":["Gash","Barrage+1"],"picked":"Loop","floor":41},{"not_picked":["Rebound+1","Leap+1"],"picked":"Thunder Strike","floor":45},{"not_picked":["Go for the Eyes+1","Turbo"],"picked":"Steam","floor":45},{"not_picked":["Hologram","Leap"],"picked":"Barrage+1","floor":46},{"not_picked":["Redo+1","BasicCrystalCard+1"],"picked":"Stack+1","floor":46},{"not_picked":["Streamline+1","Sunder"],"picked":"ReplayRNGCard","floor":48},{"not_picked":["Steam Power+1","Hologram+1"],"picked":"Undo+1","floor":54}],"player_experience":158737,"relics_obtained":[{"floor":4,"key":"ReplayFunnel"},{"floor":6,"key":"reliquary:RoseTintedGlasses"},{"floor":8,"key":"reliquary:SilkGlove"},{"floor":12,"key":"StoneCalendar"},{"floor":26,"key":"Juzu Bracelet"},{"floor":28,"key":"Ring of Fury"},{"floor":28,"key":"ReplayTheSpireMod:Ring of Collecting"},{"floor":29,"key":"infinitespire:Satchel"},{"floor":40,"key":"reliquary:Stiletto"},{"floor":43,"key":"Ring of Hypnosis"},{"floor":48,"key":"reliquary:Aerogel"},{"floor":54,"key":"Replay:Antivirus Software"}],"event_choices":[{"damage_healed":18,"gold_gain":0,"player_choice":"Healed","damage_taken":0,"max_hp_gain":0,"max_hp_loss":0,"event_name":"The Cleric","floor":5,"gold_loss":35},{"damage_healed":61,"gold_gain":0,"player_choice":"Upgrade","damage_taken":15,"max_hp_gain":0,"max_hp_loss":75,"event_name":"betterThird:BetterShining","floor":11,"gold_loss":0,"cards_upgraded":["Strike_B","Strike_B"]},{"damage_healed":18,"gold_gain":0,"player_choice":"Healed and dodged fight","damage_taken":0,"max_hp_gain":0,"max_hp_loss":0,"event_name":"Mushrooms","floor":13,"gold_loss":0,"cards_obtained":["Parasite"]},{"damage_healed":0,"gold_gain":0,"player_choice":"Paid","damage_taken":0,"relics_obtained":["Red Mask"],"max_hp_gain":0,"max_hp_loss":0,"event_name":"Tomb of Lord Red Mask","floor":37,"gold_loss":223}],"is_beta":false,"boss_relics":[{"not_picked":["ChewingGum","Abe\u0027s Treasure"],"picked":"hubris:BlackHole"},{"not_picked":["hubris:CrackedHourglass","Coffee Dripper"],"picked":"hubris:ScarierMask"}],"items_purged_floors":[],"is_endless":false,"potions_floor_spawned":[6,14,16,21,22,27,29,36,40,41],"killed_by":"The Heart","ascension_level":6}}