{"host":"vc9y6l13pl00cmhf","time":1612774066,"event":{"mods":["Act Like it!","BaseMod","Colored Map","Colored Powertips","DeckTracker","Energized Spire","Filter the Spire","Hallownest","Hermit","Hubris","Infinite Spire","Minty Spire (QoL Compilation)","Quick Restart","Replay The Spire","Shop Mod","StSLib","The Animator","The Bug Knight","The Forsaken","The Jungle"],"gold_per_floor":[99,118,129,51,67,102,102,132,157,157,16,16,47,59,59,158,158,171,171,171,182,182,182,182,182,209,53,53,63,213,39,39,39,39],"floor_reached":33,"language":"ENG","playtime":3386,"items_purged":["theForsaken:PlagueCurse","Shame"],"score":284,"play_id":"86a2d1a8-f760-45c9-b934-7796f4da52e3","local_time":"20210208014746","daily_mods":["Heirloom","Flight"],"is_ascension_mode":false,"campfire_choices":[{"data":"HollowMod:PogoStrike","floor":7,"key":"SMITH"},{"data":"Pot Of Greed","floor":10,"key":"SMITH"},{"data":"Pot Of Greed","floor":12,"key":"SMITH"},{"data":"HollowMod:GrimmsGift","floor":15,"key":"SMITH"},{"floor":23,"key":"DIG"},{"floor":25,"key":"DIG"},{"floor":28,"key":"REST"}],"circlet_count":0,"master_deck":["HollowMod:NailStrikeStart","HollowMod:NailStrikeStart","HollowMod:NailStrikeStart","HollowMod:NailStrikeStart","HollowMod:QuickDashStart","HollowMod:QuickDashStart","HollowMod:QuickDashStart","HollowMod:QuickDashStart","HollowMod:FocusHealStart","HollowMod:PogoStrike+1","HollowMod:SoulSplash","HollowMod:CornifersMapStart","HollowMod:MawleksShell","HollowMod:GoodIntentions","HollowMod:CoiledNail","Pot Of Greed+1","Pot Of Greed+1","HollowMod:GrimmsGift+1","HollowMod:MantisMark","HollowMod:ElderbugsWisdom","HollowMod:NewGlowingWomb","HollowMod:SiblingsSouls+1","HollowMod:MothsMistake","Pot Of Greed","HollowMod:MantisMark+1","HollowMod:Grubsong"],"relics":["HollowMod:VesselMask","hubris:Potato","Sundial","infinitespire:Golems Mask","Grinning Jar","MerchantsRug","Art of War","Fusion Hammer","theJungle:PaperFaux","Shovel","Bronze Scales","theForsaken:PlagueMask","Meat on the Bone","ReplayTheSpireMod:Lightbulb"],"acts_visited":["Hallownest:Greenpath","Hallownest:Greenpath"],"potions_floor_usage":[8,13,33],"damage_taken":[{"damage":7,"enemies":"Hallownest:2_Tiktiks_and_1_Crawlid","floor":2,"turns":4},{"damage":1,"enemies":"Hallownest:monsterHuskWarrior","floor":3,"turns":2},{"damage":22,"enemies":"Hallownest:2_Baldur","floor":5,"turns":12},{"damage":27,"enemies":"Hallownest:eliteVengeflyKing","floor":6,"turns":36},{"damage":3,"enemies":"Hallownest:eliteMossKnight","floor":8,"turns":14},{"damage":0,"enemies":"Hallownest:eliteCrystalGuardian","floor":13,"turns":6},{"damage":5,"enemies":"Hallownest:monsterMossCharger","floor":14,"turns":7},{"damage":29,"enemies":"Hallownest:BossFalseKnight","floor":16,"turns":8},{"damage":25,"enemies":"Shell Parasite","floor":18,"turns":7},{"damage":11,"enemies":"theJungle:GiantWrat","floor":21,"turns":4},{"damage":21,"enemies":"theJungle:SlimyTreeVines","floor":29,"turns":6},{"damage":63,"enemies":"theJungle:TotemBoss","floor":33,"turns":5}],"seed_played":"3889971923140727370","potions_obtained":[{"floor":2,"key":"Dexterity Potion"},{"floor":3,"key":"Elixir"},{"floor":8,"key":"SpeedPotion"},{"floor":21,"key":"Dexterity Potion"}],"is_trial":true,"path_per_floor":["?","M","M","$","M","E","R","E","T","R","$","R","E","M","R","B",null,"M","?","?","M","?","R","?","R","T","$","R","M","?","$","R_BF","B"],"character_chosen":"THE_BUGKNIGHT","items_purchased":["HollowMod:MawleksShell","MerchantsRug","HollowMod:MothsMistake","HollowMod:Grubsong"],"campfire_rested":1,"item_purchase_floors":[4,11,27,31],"current_hp_per_floor":[75,74,73,73,63,48,48,57,57,57,57,57,63,64,64,45,75,60,60,53,42,42,42,42,42,42,42,64,55,55,55,55,0,0],"gold":39,"neow_bonus":"","is_daily":false,"chose_seed":false,"campfire_upgraded":4,"win_rate":0.0,"timestamp":1612774066,"path_taken":["?","M","M","$","M","E","R","E","T","R","$","R","E","M","R","BOSS","M","?","?","?","?","R","?","R","T","$","R","M","?","$","R_BF","BOSS"],"items_purchased_type":["Card","Relic","Card","Card"],"build_version":"2020-12-22","purchased_purges":2,"victory":false,"max_hp_per_floor":[75,75,75,75,75,75,75,75,75,75,75,75,75,75,75,75,75,75,75,75,75,75,75,75,75,75,75,75,75,75,75,75,75,75],"card_choices":[{"not_picked":["HollowMod:DescendingDark","HollowMod:ShadowDash"],"picked":"HollowMod:SoulSplash","floor":2},{"not_picked":["HollowMod:HeavyBlow","HollowMod:SharpenedShadows"],"picked":"HollowMod:CornifersMapStart","floor":3},{"not_picked":["HollowMod:NewLittleFool","HollowMod:NewGlowingWomb"],"picked":"HollowMod:GoodIntentions","floor":5},{"not_picked":["HollowMod:DungDefenderAura","HollowMod:SharpenedShadows"],"picked":"HollowMod:CoiledNail","floor":6},{"not_picked":["HollowMod:MidwifesHunger","HollowMod:GreatSlash","HollowMod:WraithStrike"],"picked":"SKIP","floor":8},{"not_picked":["HollowMod:InfectedAttack","HollowMod:DungDefenderAura"],"picked":"HollowMod:GrimmsGift","floor":13},{"not_picked":["HollowMod:QuirrelsAssistance","HollowMod:TaintedHusks"],"picked":"HollowMod:MantisMark","floor":14},{"not_picked":["HollowMod:ZotesMagnificence","HollowMod:Hiveblood"],"picked":"HollowMod:ElderbugsWisdom","floor":16},{"not_picked":["HollowMod:SoulStrike","HollowMod:ChannelNail"],"picked":"HollowMod:NewGlowingWomb","floor":18},{"not_picked":["HollowMod:InfectedCysts","HollowMod:SharpenedShadows"],"picked":"HollowMod:SiblingsSouls+1","floor":21},{"not_picked":["HollowMod:DescendingDark+1","HollowMod:SharpenedNail+1"],"picked":"HollowMod:MantisMark+1","floor":29}],"player_experience":40993,"relics_obtained":[{"floor":6,"key":"Sundial"},{"floor":8,"key":"infinitespire:Golems Mask"},{"floor":9,"key":"Grinning Jar"},{"floor":13,"key":"Art of War"},{"floor":23,"key":"Bronze Scales"},{"floor":25,"key":"Meat on the Bone"},{"floor":26,"key":"ReplayTheSpireMod:Lightbulb"}],"event_choices":[{"damage_healed":0,"gold_gain":0,"player_choice":"Damaged","damage_taken":7,"max_hp_gain":0,"max_hp_loss":0,"event_name":"Wheel of Change","floor":20,"gold_loss":0},{"damage_healed":0,"gold_gain":0,"player_choice":"Obtain Plague Curse","damage_taken":0,"max_hp_gain":0,"max_hp_loss":0,"event_name":"Plague Doctor","floor":24,"gold_loss":0,"cards_obtained":["theForsaken:PlagueCurse"]},{"cards_removed":["Writhe"],"damage_healed":0,"gold_gain":0,"player_choice":"Purged","damage_taken":0,"max_hp_gain":0,"max_hp_loss":0,"event_name":"Purifier","floor":32,"gold_loss":0}],"is_beta":false,"boss_relics":[{"not_picked":["ReplayTheSpireMod:SealedPack","energizedSpire:StickyHand"],"picked":"Fusion Hammer"}],"items_purged_floors":[27,31],"is_endless":false,"potions_floor_spawned":[2,3,8,21],"killed_by":"theJungle:TotemBoss","ascension_level":0}}