{"host":"665g8wmplxs7g59h","time":1612794147,"event":{"mods":["AchievementEnabler","BaseMod","Colored Map","DeckTracker","Minty Spire (QoL Compilation)","Permanent Neow","SuperFastMode"],"gold_per_floor":[116,133,146,146,159,174,189,208,208,223,242,542,467,483,483,483,483],"floor_reached":16,"language":"KOR","playtime":670,"items_purged":["Phantasmal Killer"],"score":100,"play_id":"0af81741-b26a-489e-9602-651507b1cbc5","local_time":"20210208232227","is_ascension_mode":false,"campfire_choices":[{"floor":15,"key":"REST"}],"circlet_count":0,"master_deck":["Strike_G","Strike_G","Strike_G","Strike_G","Defend_G","Defend_G","Defend_G","Defend_G","Defend_G","Survivor","Neutralize","Dark Shackles","Endless Agony","Deadly Poison","Well Laid Plans","Corpse Explosion","Crippling Poison"],"relics":["Ring of the Snake","Bottled Lightning","Old Coin"],"acts_visited":["Exordium"],"potions_floor_usage":[16,16],"damage_taken":[{"damage":10,"enemies":"Small Slimes","floor":1,"turns":4},{"damage":2,"enemies":"Cultist","floor":2,"turns":4},{"damage":0,"enemies":"Jaw Worm","floor":3,"turns":4},{"damage":5,"enemies":"Blue Slaver","floor":5,"turns":4},{"damage":3,"enemies":"Red Slaver","floor":6,"turns":3},{"damage":7,"enemies":"2 Fungi Beasts","floor":7,"turns":5},{"damage":4,"enemies":"Blue Slaver","floor":8,"turns":5},{"damage":17,"enemies":"Gremlin Gang","floor":10,"turns":2},{"damage":12,"enemies":"Large Slime","floor":11,"turns":6},{"damage":2,"enemies":"3 Louse","floor":14,"turns":2},{"damage":29,"enemies":"The Guardian","floor":16,"turns":7}],"seed_played":"-172996585264321605","potions_obtained":[{"floor":2,"key":"PowerPotion"},{"floor":6,"key":"Explosive Potion"},{"floor":7,"key":"Explosive Potion"},{"floor":10,"key":"FearPotion"},{"floor":14,"key":"DistilledChaos"}],"is_trial":false,"path_per_floor":["M","M","M","?","M","M","M","M","T","M","M","?","$","M","R","B"],"character_chosen":"THE_SILENT","items_purchased":[],"campfire_rested":1,"item_purchase_floors":[],"current_hp_per_floor":[60,58,58,58,53,50,43,39,39,22,10,10,10,8,29,0,0],"gold":483,"neow_bonus":"RANDOM_COLORLESS","is_daily":false,"chose_seed":false,"campfire_upgraded":0,"win_rate":0.0,"timestamp":1612794147,"path_taken":["M","M","M","?","M","M","M","?","T","M","M","?","$","M","R","BOSS"],"items_purchased_type":[],"build_version":"2020-12-22","purchased_purges":1,"victory":false,"max_hp_per_floor":[70,70,70,70,70,70,70,70,70,70,70,70,70,70,70,70,70],"card_choices":[{"not_picked":["Deep Breath","Impatience"],"picked":"Dark Shackles","floor":0},{"not_picked":["Poisoned Stab","Underhanded Strike"],"picked":"Prepared","floor":1},{"not_picked":["Flechettes","Blade Dance"],"picked":"Endless Agony","floor":2},{"not_picked":["Deflect","PiercingWail","Bane"],"picked":"SKIP","floor":3},{"not_picked":["Infinite Blades","Outmaneuver"],"picked":"Deadly Poison","floor":5},{"not_picked":["Blade Dance","Prepared","Quick Slash"],"picked":"SKIP","floor":6},{"not_picked":["All Out Attack","Underhanded Strike"],"picked":"Well Laid Plans","floor":7},{"not_picked":["Crippling Poison","Leg Sweep"],"picked":"Corpse Explosion","floor":8},{"not_picked":["Slice","Skewer","Bane"],"picked":"SKIP","floor":10},{"not_picked":["Blur","Bane"],"picked":"Crippling Poison","floor":11},{"not_picked":["Reflex","Dagger Spray","Blade Dance"],"picked":"SKIP","floor":14}],"player_experience":63747,"relics_obtained":[{"floor":9,"key":"Bottled Lightning"}],"event_choices":[{"damage_healed":0,"gold_gain":0,"cards_transformed":["Strike_G"],"player_choice":"Transformed","damage_taken":0,"max_hp_gain":0,"max_hp_loss":0,"event_name":"Transmorgrifier","floor":4,"gold_loss":0,"cards_obtained":["Phantasmal Killer"]},{"cards_removed":["Prepared"],"damage_healed":0,"gold_gain":0,"player_choice":"Gave Card","damage_taken":0,"relics_obtained":["Old Coin"],"max_hp_gain":0,"max_hp_loss":0,"event_name":"WeMeetAgain","floor":12,"gold_loss":0}],"is_beta":false,"boss_relics":[],"items_purged_floors":[13],"is_endless":false,"potions_floor_spawned":[2,6,7,10,14],"killed_by":"The Guardian","ascension_level":0}}