{"host":"vx9g5eyuglzorf3u","time":1612777510,"event":{"mods":["2.2 Compatiblity","BaseMod","DeckTracker","Keyboard Shortcuts","Minty Spire (QoL Compilation)","Relic Stats","StSLib","SuperFastMode","everything is the same but u backflip on backflip"],"gold_per_floor":[110,110,60,10,25,57,76,91,91,104,129,129,155,167,167,245,245,258,146,71,71,56,56,86,86,111,126,155,155,155,184,184,258,258,272,252,177,195,2,2,29,29,29,54,0,0,13,46,46,46,46,46,46,25,57,57],"floor_reached":57,"language":"KOR","playtime":1680,"items_purged":["Strike_R","Strike_R","Strike_R+1","Wild Strike+1"],"score":3468,"play_id":"5ce8aa6b-e25e-4d21-ad0b-fc9483f27ee6","local_time":"20210208184507","is_ascension_mode":true,"campfire_choices":[{"floor":12,"key":"REST"},{"floor":15,"key":"RECALL"},{"floor":23,"key":"REST"},{"data":"Defend_R","floor":25,"key":"SMITH"},{"data":"Defend_R","floor":29,"key":"SMITH"},{"floor":32,"key":"REST"},{"floor":40,"key":"REST"},{"floor":42,"key":"REST"},{"floor":49,"key":"REST"},{"floor":53,"key":"REST"}],"circlet_count":0,"master_deck":["AscendersBane","Defend_R+1","Defend_R+1","Bash+1","Second Wind+1","Shrug It Off+1","Dropkick+1","Dark Embrace+1","Dropkick+1","Burning Pact+1","Dark Embrace+1","Offering+1","Power Through+1","Flash of Steel+1","Disarm+1","Entrench+1","Warcry+1"],"relics":["Burning Blood","Omamori","Molten Egg 2","Toxic Egg 2","Frozen Egg 2","Black Star","The Courier","Smiling Mask","Membership Card","Singing Bowl","Torii","Calipers","Boot","Whetstone","Anchor","Red Skull","SlaversCollar","Juzu Bracelet","Shuriken","Bag of Preparation","Pantograph","Dream Catcher","Bottled Tornado","Cursed Key","Bag of Marbles","Pear","Question Card","Meat on the Bone","Thread and Needle","Red Mask","Vajra","Bottled Lightning","Charon\u0027s Ashes","Letter Opener"],"acts_visited":["Exordium","TheCity","TheBeyond","TheEnding"],"potions_floor_usage":[6,22,22,24,56,56],"damage_taken":[{"damage":7,"enemies":"Small Slimes","floor":1,"turns":4},{"damage":0,"enemies":"Cultist","floor":5,"turns":2},{"damage":27,"enemies":"Lagavulin","floor":6,"turns":6},{"damage":7,"enemies":"Jaw Worm","floor":7,"turns":3},{"damage":1,"enemies":"3 Louse","floor":8,"turns":4},{"damage":14,"enemies":"Exordium Thugs","floor":10,"turns":5},{"damage":15,"enemies":"3 Sentries","floor":11,"turns":12},{"damage":25,"enemies":"Lagavulin","floor":13,"turns":7},{"damage":14,"enemies":"Exordium Wildlife","floor":14,"turns":4},{"damage":10,"enemies":"Hexaghost","floor":16,"turns":9},{"damage":13,"enemies":"Spheric Guardian","floor":18,"turns":5},{"damage":6,"enemies":"2 Thieves","floor":22,"turns":4},{"damage":16,"enemies":"Slavers","floor":24,"turns":6},{"damage":0,"enemies":"Snake Plant","floor":27,"turns":2},{"damage":0,"enemies":"Gremlin Leader","floor":28,"turns":2},{"damage":22,"enemies":"Slavers","floor":31,"turns":3},{"damage":0,"enemies":"Champ","floor":33,"turns":3},{"damage":6,"enemies":"Orb Walker","floor":35,"turns":2},{"damage":23,"enemies":"3 Shapes","floor":38,"turns":3},{"damage":6,"enemies":"Nemesis","floor":41,"turns":1},{"damage":6,"enemies":"Mind Bloom Boss Battle","floor":44,"turns":1},{"damage":6,"enemies":"Maw","floor":47,"turns":1},{"damage":6,"enemies":"Giant Head","floor":48,"turns":1},{"damage":6,"enemies":"Awakened One","floor":50,"turns":2},{"damage":6,"enemies":"Donu and Deca","floor":51,"turns":5},{"damage":6,"enemies":"Shield and Spear","floor":55,"turns":5},{"damage":6,"enemies":"The Heart","floor":56,"turns":8}],"seed_played":"-7947887150431803822","potions_obtained":[{"floor":1,"key":"BlessingOfTheForge"},{"floor":8,"key":"Strength Potion"},{"floor":10,"key":"ColorlessPotion"},{"floor":14,"key":"EntropicBrew"},{"floor":33,"key":"Weak Potion"},{"floor":36,"key":"Energy Potion"}],"is_trial":false,"path_per_floor":["M","?","$","$","M","E","M","M","T","M","E","R","E","M","R","B",null,"M","$","?","?","M","R","E","R","T","M","E","R","T","E","R","B",null,"M","?","?","M","$","R","E","R","T","?","?","?","M","E","R","B","B",null,"R","$","E","B",null],"character_chosen":"IRONCLAD","items_purchased":["Dark Embrace+1","Dropkick+1","Power Through+1","Flash of Steel+1","Bag of Marbles","Warcry+1"],"campfire_rested":7,"item_purchase_floors":[19,19,39,39,39,54],"current_hp_per_floor":[67,67,67,67,73,52,53,60,60,52,45,69,52,46,46,44,76,69,69,69,69,71,89,79,79,79,87,93,93,93,77,95,95,95,97,97,97,82,82,101,111,113,113,115,115,115,117,119,121,121,121,121,121,121,123,123],"gold":57,"neow_bonus":"REMOVE_CARD","is_daily":false,"chose_seed":false,"campfire_upgraded":2,"win_rate":0.0,"timestamp":1612777507,"path_taken":["M","?","?","$","M","E","M","M","T","M","E","R","E","M","R","BOSS","M","$","?","?","?","R","E","R","T","M","E","R","?","E","R","BOSS","M","?","?","M","$","R","E","R","T","?","?","?","M","E","R","BOSS","BOSS","R","$","E","BOSS"],"items_purchased_type":["Card","Card","Card","Card","Relic","Card"],"build_version":"2020-12-22","purchased_purges":4,"victory":true,"max_hp_per_floor":[75,75,75,75,75,75,77,79,79,79,81,81,83,85,85,87,87,87,87,87,87,89,89,89,89,89,91,93,93,93,93,95,95,95,97,97,97,99,99,101,111,113,113,115,115,115,117,119,121,121,121,121,121,121,123,123],"relic_stats":{"Singing Bowl":38,"Torii":33,"counters":[27,110],"Charon\u0027s Ashes":[57],"Juzu Bracelet":2,"Bag of Preparation":[24],"Whetstone":["Bash","Strike_R"],"Letter Opener":[15],"Smiling Mask":-20,"Boot":[24],"Cursed Key":1,"Question Card":7,"Burning Blood":154,"Dream Catcher":5,"Shuriken":[86],"Pantograph":0,"Black Star":9,"obtain_stats":[{"Calipers":9,"Singing Bowl":6,"Torii":6,"Vajra":48,"Juzu Bracelet":24,"Bag of Preparation":28,"Whetstone":11,"Bottled Tornado":31,"Smiling Mask":0,"Boot":11,"Cursed Key":34,"Burning Blood":0,"Dream Catcher":31,"Pantograph":30,"Red Mask":45,"Toxic Egg 2":0,"Red Skull":13,"Pear":41,"Thread and Needle":44,"The Courier":0,"Charon\u0027s Ashes":55,"Omamori":0,"Letter Opener":55,"Frozen Egg 2":0,"Question Card":41,"SlaversCollar":17,"Anchor":13,"Shuriken":24,"Molten Egg 2":0,"Black Star":0,"Bag of Marbles":39,"Membership Card":0,"Bottled Lightning":48,"Meat on the Bone":43},{"Calipers":5,"Singing Bowl":3,"Torii":3,"Vajra":23,"Juzu Bracelet":13,"Bag of Preparation":15,"Whetstone":7,"Bottled Tornado":16,"Smiling Mask":0,"Boot":7,"Cursed Key":17,"Burning Blood":0,"Dream Catcher":16,"Pantograph":15,"Red Mask":21,"Toxic Egg 2":0,"Red Skull":8,"Pear":20,"Thread and Needle":21,"The Courier":0,"Charon\u0027s Ashes":26,"Omamori":0,"Letter Opener":26,"Frozen Egg 2":0,"Question Card":20,"SlaversCollar":10,"Anchor":8,"Shuriken":13,"Molten Egg 2":0,"Black Star":0,"Bag of Marbles":19,"Membership Card":0,"Bottled Lightning":23,"Meat on the Bone":20},{"Calipers":19,"Singing Bowl":12,"Torii":12,"Vajra":90,"Juzu Bracelet":71,"Bag of Preparation":75,"Whetstone":36,"Bottled Tornado":78,"Smiling Mask":0,"Boot":36,"Cursed Key":81,"Burning Blood":0,"Dream Catcher":78,"Pantograph":75,"Red Mask":88,"Toxic Egg 2":0,"Red Skull":43,"Pear":87,"Thread and Needle":88,"The Courier":0,"Charon\u0027s Ashes":102,"Omamori":0,"Letter Opener":102,"Frozen Egg 2":0,"Question Card":87,"SlaversCollar":56,"Anchor":43,"Shuriken":71,"Molten Egg 2":0,"Black Star":0,"Bag of Marbles":86,"Membership Card":0,"Bottled Lightning":90,"Meat on the Bone":87}],"Meat on the Bone":0},"card_choices":[{"not_picked":["Sentinel+1","Havoc+1"],"picked":"Wild Strike+1","floor":1},{"not_picked":["Infernal Blade+1","Hemokinesis+1"],"picked":"Blood for Blood+1","floor":5},{"not_picked":["Anger+1","Flame Barrier+1"],"picked":"Second Wind+1","floor":6},{"not_picked":["Rampage+1","Rage+1","Seeing Red+1"],"picked":"Singing Bowl","floor":7},{"not_picked":["Combust+1","Battle Trance+1","Clash+1"],"picked":"Singing Bowl","floor":8},{"not_picked":["Clothesline+1","Second Wind+1"],"picked":"Shrug It Off+1","floor":10},{"not_picked":["Limit Break+1","Thunderclap+1","Iron Wave+1"],"picked":"Singing Bowl","floor":11},{"not_picked":["Battle Trance+1","Shrug It Off+1","Anger+1"],"picked":"Singing Bowl","floor":13},{"not_picked":["Rupture+1","Havoc+1","Intimidate+1"],"picked":"Singing Bowl","floor":14},{"not_picked":["Fiend Fire+1","Corruption+1","Brutality+1"],"picked":"Singing Bowl","floor":16},{"not_picked":["Flex+1","Seeing Red+1"],"picked":"Dropkick+1","floor":18},{"not_picked":["Perfected Strike+1","Heavy Blade+1","Inflame+1"],"picked":"Singing Bowl","floor":22},{"not_picked":["Anger+1","Cleave+1"],"picked":"Burning Pact+1","floor":24},{"not_picked":["Anger+1","Dropkick+1","Flex+1"],"picked":"Singing Bowl","floor":27},{"not_picked":["Shrug It Off+1","Headbutt+1","Perfected Strike+1"],"picked":"Singing Bowl","floor":28},{"not_picked":["Fiend Fire+1","Whirlwind+1"],"picked":"Dark Embrace+1","floor":31},{"not_picked":["Armaments+1","Clothesline+1","Blood for Blood+1"],"picked":"Singing Bowl","floor":32},{"not_picked":["Fiend Fire+1","Double Tap+1"],"picked":"Offering+1","floor":33},{"not_picked":["Cleave+1","Body Slam+1","Pummel+1"],"picked":"Singing Bowl","floor":35},{"not_picked":["Blood for Blood+1","Clash+1","Headbutt+1"],"picked":"Singing Bowl","floor":38},{"not_picked":["Dropkick+1","Shrug It Off+1","Second Wind+1"],"picked":"Singing Bowl","floor":40},{"not_picked":["Twin Strike+1","Reaper+1"],"picked":"Disarm+1","floor":41},{"not_picked":["Clash+1","Power Through+1","Battle Trance+1","Headbutt+1"],"picked":"Singing Bowl","floor":42},{"not_picked":["Clash+1","Rupture+1","Dual Wield+1","Anger+1"],"picked":"Singing Bowl","floor":44},{"not_picked":["Burning Pact+1","Pommel Strike+1","Thunderclap+1","Armaments+1"],"picked":"Singing Bowl","floor":47},{"not_picked":["Headbutt+1","Pummel+1","Wild Strike+1","Flex+1"],"picked":"Singing Bowl","floor":48},{"not_picked":["Infernal Blade+1","Sword Boomerang+1","Wild Strike+1","Iron Wave+1"],"picked":"Singing Bowl","floor":49},{"not_picked":["Intimidate+1","Shockwave+1","Headbutt+1"],"picked":"Entrench+1","floor":53},{"not_picked":["Fiend Fire+1","Pommel Strike+1","Thunderclap+1","Burning Pact+1"],"picked":"Singing Bowl","floor":55}],"player_experience":1522215,"relics_obtained":[{"floor":6,"key":"Singing Bowl"},{"floor":6,"key":"Torii"},{"floor":9,"key":"Calipers"},{"floor":11,"key":"Boot"},{"floor":11,"key":"Whetstone"},{"floor":13,"key":"Anchor"},{"floor":13,"key":"Red Skull"},{"floor":24,"key":"Juzu Bracelet"},{"floor":24,"key":"Shuriken"},{"floor":28,"key":"Bag of Preparation"},{"floor":30,"key":"Pantograph"},{"floor":31,"key":"Dream Catcher"},{"floor":31,"key":"Bottled Tornado"},{"floor":41,"key":"Pear"},{"floor":41,"key":"Question Card"},{"floor":43,"key":"Meat on the Bone"},{"floor":44,"key":"Thread and Needle"},{"floor":48,"key":"Vajra"},{"floor":48,"key":"Bottled Lightning"},{"floor":55,"key":"Charon\u0027s Ashes"},{"floor":55,"key":"Letter Opener"}],"event_choices":[{"cards_removed":["Strike_R"],"damage_healed":0,"gold_gain":0,"player_choice":"Purged","damage_taken":0,"max_hp_gain":0,"max_hp_loss":0,"event_name":"Purifier","floor":2,"gold_loss":0},{"cards_removed":["Defend_R"],"damage_healed":0,"gold_gain":0,"player_choice":"Gave Gold","damage_taken":0,"max_hp_gain":0,"max_hp_loss":0,"event_name":"Beggar","floor":20,"gold_loss":75},{"damage_healed":0,"gold_gain":0,"player_choice":"Forge","damage_taken":0,"max_hp_gain":0,"max_hp_loss":0,"event_name":"Accursed Blacksmith","floor":21,"gold_loss":0,"cards_upgraded":["Defend_R"]},{"damage_healed":0,"gold_gain":0,"player_choice":"Bought 1 Potion","damage_taken":0,"max_hp_gain":0,"max_hp_loss":0,"event_name":"The Woman in Blue","floor":36,"gold_loss":0},{"cards_removed":["Blood for Blood"],"damage_healed":0,"gold_gain":0,"player_choice":"Single Remove","damage_taken":0,"max_hp_gain":0,"max_hp_loss":0,"event_name":"Designer","floor":37,"gold_loss":75},{"damage_healed":0,"gold_gain":0,"player_choice":"Fight","damage_taken":0,"max_hp_gain":0,"max_hp_loss":0,"event_name":"MindBloom","floor":44,"gold_loss":0},{"damage_healed":0,"gold_gain":0,"player_choice":"Paid","damage_taken":0,"relics_obtained":["Red Mask"],"max_hp_gain":0,"max_hp_loss":0,"event_name":"Tomb of Lord Red Mask","floor":45,"gold_loss":54},{"cards_removed":["Defend_R"],"damage_healed":0,"gold_gain":0,"player_choice":"Offered Basic","damage_taken":0,"max_hp_gain":0,"max_hp_loss":0,"event_name":"Bonfire Elementals","floor":46,"gold_loss":0}],"is_beta":false,"boss_relics":[{"not_picked":["Busted Crown","Black Blood"],"picked":"SlaversCollar"},{"not_picked":["Tiny House","Runic Dome"],"picked":"Cursed Key"}],"items_purged_floors":[3,4,19,39],"is_endless":false,"potions_floor_spawned":[1,8,10,13,14,16,18,22,33,35,38],"ascension_level":20}}