{"host":"Matas","time":1612823839,"event":{"mods":["BaseMod","Highlight Path","Minty Spire (QoL Compilation)","StSLib"],"gold_per_floor":[113,113,126,126,139,139,139,139,139,183,205,241,269,281,281,362,362,383,152,175,175,100,143,143,166,166,188,188,210,210,210],"floor_reached":30,"language":"ENG","playtime":3279,"items_purged":["Strike_G"],"score":524,"play_id":"a315361d-d5c1-41d6-93e7-bcff003a9c32","local_time":"20210208163719","is_ascension_mode":true,"campfire_choices":[{"data":"Deadly Poison","floor":6.0,"key":"SMITH"},{"data":"Neutralize","floor":8.0,"key":"SMITH"},{"data":"Noxious Fumes","floor":15.0,"key":"SMITH"},{"data":"After Image","floor":24.0,"key":"SMITH"},{"data":"Catalyst","floor":28.0,"key":"SMITH"}],"circlet_count":0,"master_deck":["AscendersBane","Strike_G","Strike_G","Strike_G","Defend_G","Defend_G","Defend_G","Defend_G","Defend_G","Survivor","Neutralize+1","Deadly Poison+1","Bane","Slice","Noxious Fumes+1","Acrobatics","Backstab","Venomology","After Image+1","Cloak And Dagger","Catalyst+1","Footwork","Dagger Spray","Acrobatics","Calculated Gamble","Blur","Footwork"],"relics":["Ring of the Snake","Meat on the Bone","HornCleat","Sundial","CeramicFish","Bird Faced Urn","Runic Dome","Mercury Hourglass"],"acts_visited":["Exordium","TheCity"],"potions_floor_usage":[30],"damage_taken":[{"damage":0.0,"enemies":"Cultist","floor":1.0,"turns":4.0},{"damage":0.0,"enemies":"Jaw Worm","floor":3.0,"turns":4.0},{"damage":0.0,"enemies":"2 Louse","floor":5.0,"turns":3.0},{"damage":27.0,"enemies":"Lagavulin","floor":10.0,"turns":7.0},{"damage":3.0,"enemies":"2 Fungi Beasts","floor":11.0,"turns":4.0},{"damage":10.0,"enemies":"3 Sentries","floor":12.0,"turns":7.0},{"damage":0.0,"enemies":"Blue Slaver","floor":13.0,"turns":3.0},{"damage":0.0,"enemies":"Looter","floor":14.0,"turns":4.0},{"damage":15.0,"enemies":"Hexaghost","floor":16.0,"turns":9.0},{"damage":19.0,"enemies":"2 Thieves","floor":18.0,"turns":5.0},{"damage":6.0,"enemies":"Spheric Guardian","floor":20.0,"turns":4.0},{"damage":25.0,"enemies":"Book of Stabbing","floor":23.0,"turns":6.0},{"damage":7.0,"enemies":"Snake Plant","floor":25.0,"turns":5.0},{"damage":17.0,"enemies":"Cultist and Chosen","floor":27.0,"turns":7.0},{"damage":0.0,"enemies":"Snecko","floor":29.0,"turns":4.0},{"damage":53,"enemies":"Slavers","floor":30,"turns":3}],"seed_played":"1936888509806754245","potions_obtained":[{"floor":10.0,"key":"EssenceOfSteel"},{"floor":13.0,"key":"Dexterity Potion"},{"floor":16.0,"key":"FearPotion"},{"floor":27.0,"key":"LiquidBronze"}],"is_trial":false,"path_per_floor":["M","T","M","?","M","R","T","R","T","E","M","E","M","M","R","B",null,"M","$","M","?","?","E","R","M","T","M","R","M","E"],"character_chosen":"THE_SILENT","items_purchased":["Catalyst","Footwork"],"campfire_rested":0,"item_purchase_floors":[19,19],"current_hp_per_floor":[65,65,65,65,65,65,65,65,65,38,47,37,39,41,41,42,65,50,50,50,30,30,23,23,34,34,35,35,41,0,0],"gold":210,"neow_bonus":"TEN_PERCENT_HP_BONUS","is_daily":false,"chose_seed":false,"campfire_upgraded":5,"win_rate":0.0,"timestamp":1612823839,"path_taken":["M","?","M","?","M","R","?","R","T","E","M","E","M","M","R","BOSS","M","$","M","?","?","E","R","M","T","M","R","M","E"],"items_purchased_type":["Card","Card"],"build_version":"2020-12-18","purchased_purges":1,"victory":false,"max_hp_per_floor":[72,72,72,72,72,72,72,72,72,72,72,72,72,72,72,72,72,72,72,72,77,77,77,77,77,77,77,77,77,77,77],"card_choices":[{"not_picked":["Blade Dance","Flying Knee"],"picked":"Deadly Poison","floor":1.0},{"not_picked":["Concentrate","Deadly Poison"],"picked":"Bane","floor":3.0},{"not_picked":["Finisher","Masterful Stab"],"picked":"Slice","floor":5.0},{"not_picked":["Backflip","Accuracy"],"picked":"Noxious Fumes","floor":10.0},{"not_picked":["Quick Slash","Outmaneuver"],"picked":"Acrobatics","floor":11.0},{"not_picked":["Riddle With Holes","Sucker Punch"],"picked":"Backstab","floor":12.0},{"not_picked":["Outmaneuver","Quick Slash"],"picked":"Venomology","floor":13.0},{"not_picked":["Distraction","Flying Knee","Setup"],"picked":"SKIP","floor":14.0},{"not_picked":["Distraction","Flying Knee","Setup"],"picked":"SKIP","floor":14.0},{"not_picked":["Venomology","Envenom"],"picked":"After Image","floor":16.0},{"not_picked":["Outmaneuver","Masterful Stab"],"picked":"Cloak And Dagger","floor":18.0},{"not_picked":["Bane","Flying Knee"],"picked":"Dagger Spray","floor":20.0},{"not_picked":["Quick Slash","Concentrate+1"],"picked":"Acrobatics","floor":23.0},{"not_picked":["Accuracy+1","Flying Knee"],"picked":"Calculated Gamble","floor":25.0},{"not_picked":["Concentrate","Flying Knee"],"picked":"Blur","floor":27.0},{"not_picked":["Blade Dance","Dagger Throw"],"picked":"Footwork","floor":29.0}],"player_experience":320720,"relics_obtained":[{"floor":2.0,"key":"Meat on the Bone"},{"floor":7.0,"key":"HornCleat"},{"floor":9.0,"key":"Sundial"},{"floor":10.0,"key":"CeramicFish"},{"floor":12.0,"key":"Bird Faced Urn"},{"floor":23.0,"key":"Mercury Hourglass"}],"event_choices":[{"damage_healed":0.0,"max_hp_gain":0.0,"max_hp_loss":0.0,"gold_gain":0.0,"event_name":"Liars Game","player_choice":"Ignored","floor":4.0,"gold_loss":0.0,"damage_taken":0.0},{"damage_healed":0.0,"max_hp_gain":5.0,"max_hp_loss":0.0,"gold_gain":0.0,"event_name":"Forgotten Altar","player_choice":"Shed Blood","floor":21.0,"gold_loss":0.0,"damage_taken":25.0},{"cards_removed":["Strike_G"],"damage_healed":0.0,"max_hp_gain":0.0,"max_hp_loss":0.0,"gold_gain":0.0,"event_name":"Beggar","player_choice":"Gave Gold","floor":22.0,"gold_loss":75.0,"damage_taken":0.0}],"is_beta":true,"boss_relics":[{"not_picked":["Ring of the Serpent","Busted Crown"],"picked":"Runic Dome"}],"items_purged_floors":[19],"is_endless":false,"potions_floor_spawned":[10,13,14,16,25,27],"killed_by":"Slavers","ascension_level":20}}