{"host":"zjnmjbs15rdpqnz9","time":1612821811,"event":{"mods":["BaseMod","Downfall","Minty Spire (QoL Compilation)","StSLib"],"gold_per_floor":[99,99,99,162,162,177,177,188,188,208,220,230,243,243,255,355,355,355,369,369,15,215,249,323,337,66,66,80,96,96,109,122,222,222,222,239,250,262,281,281,308,177,203,240,253,353,353,396,408,408],"floor_reached":51,"language":"ENG","playtime":3966,"items_purged":["Guardian:Strike_Guardian","downfall:Haunted","Guardian:Defend_Guardian"],"score":865,"play_id":"f1c47fa4-1360-4830-8d96-2f809bb50626","local_time":"20210208150331","is_ascension_mode":true,"campfire_choices":[{"data":"Guardian:TwinSlam","floor":1,"key":"SMITH"},{"data":"Guardian:Preprogram","floor":9,"key":"SMITH"},{"data":"Guardian:TimeSifter","floor":18,"key":"SMITH"},{"data":"Guardian:Suspension","floor":27,"key":"SMITH"},{"floor":35,"key":"RECALL"},{"data":"Guardian:ChargeUp","floor":40,"key":"SMITH"},{"floor":47,"key":"REST"}],"circlet_count":0,"master_deck":["Guardian:Strike_Guardian+1","Guardian:Defend_Guardian+1","Guardian:Defend_Guardian+1","Guardian:Defend_Guardian","Guardian:CurlUp","Guardian:TwinSlam+1","Guardian:TimeCapacitor","Guardian:Preprogram+1","Guardian:FierceBash+1","Guardian:VentSteam","Guardian:TimeSifter+1","CurseOfTheBell","Guardian:SentryBeam+1","Guardian:ConstructionForm","Guardian:Reroute","Guardian:ShieldCharger+1","Guardian:DecasProtection+1","Guardian:Suspension+1","Guardian:ChargeUp+1","Guardian:PrismaticBarrier+1","Guardian:Incinerate","Guardian:Preprogram+1","Guardian:Clone+1","Guardian:FastForward","Guardian:Gem_Purple","Guardian:PrismaticBeam","Guardian:Gem_Red","Guardian:Gem_Crimson"],"relics":["Guardian:ModeShifter","downfall:HeartsMalice","War Paint","Happy Flower","Calling Bell","Pen Nib","Question Card","Pocketwatch","Orrery","Whetstone","Matryoshka","Guardian:BottledStasis","SlaversCollar","Smiling Mask","CeramicFish","HandDrill","Centennial Puzzle","The Courier","White Beast Statue","Eternal Feather"],"acts_visited":["Exordium","TheCity","TheBeyond"],"potions_floor_usage":[11,42,48,50,50,50],"damage_taken":[{"damage":0,"enemies":"Small Slimes","floor":2,"turns":1},{"damage":0,"enemies":"Cultist","floor":3,"turns":1},{"damage":0,"enemies":"Lagavulin Event","floor":4,"turns":1},{"damage":12,"enemies":"Jaw Worm","floor":6,"turns":4},{"damage":6,"enemies":"2 Fungi Beasts","floor":8,"turns":4},{"damage":5,"enemies":"3 Louse","floor":10,"turns":4},{"damage":9,"enemies":"Gremlin Gang","floor":11,"turns":5},{"damage":6,"enemies":"Red Slaver","floor":12,"turns":3},{"damage":11,"enemies":"Exordium Thugs","floor":13,"turns":6},{"damage":0,"enemies":"Exordium Wildlife","floor":15,"turns":3},{"damage":41,"enemies":"DF_ARCHETYPE_STREAMLINE","floor":16,"turns":10},{"damage":7,"enemies":"Shell Parasite","floor":19,"turns":5},{"damage":0,"enemies":"downfall:FleeingMerchant","floor":21,"turns":4},{"damage":37,"enemies":"Slavers","floor":23,"turns":4},{"damage":0,"enemies":"3 Byrds","floor":25,"turns":5},{"damage":9,"enemies":"downfall:FleeingMerchant","floor":26,"turns":4},{"damage":15,"enemies":"Snake Plant","floor":28,"turns":3},{"damage":0,"enemies":"Snecko","floor":29,"turns":3},{"damage":3,"enemies":"Centurion and Healer","floor":31,"turns":5},{"damage":0,"enemies":"Sentry and Sphere","floor":32,"turns":5},{"damage":0,"enemies":"WA_ARCHETYPE_CALM","floor":33,"turns":5},{"damage":18,"enemies":"3 Shapes","floor":36,"turns":4},{"damage":9,"enemies":"3 Darklings","floor":37,"turns":5},{"damage":14,"enemies":"Jaw Worm Horde","floor":38,"turns":4},{"damage":0,"enemies":"Spire Growth","floor":39,"turns":5},{"damage":12,"enemies":"downfall:FleeingMerchant","floor":42,"turns":4},{"damage":0,"enemies":"4 Shapes","floor":43,"turns":5},{"damage":0,"enemies":"Giant Head","floor":44,"turns":6},{"damage":0,"enemies":"Transient","floor":45,"turns":5},{"damage":6,"enemies":"downfall:LadyInBlue","floor":46,"turns":4},{"damage":0,"enemies":"Nemesis","floor":48,"turns":9},{"damage":3,"enemies":"Maw","floor":49,"turns":5},{"damage":18,"enemies":"IC_BLOCK_ARCHETYPE","floor":50,"turns":9}],"seed_played":"-4758312337480083014","potions_obtained":[{"floor":6,"key":"Fruit Juice"},{"floor":8,"key":"EssenceOfSteel"},{"floor":10,"key":"FairyPotion"},{"floor":11,"key":"Guardian:AcceleratePotion"},{"floor":23,"key":"Guardian:AcceleratePotion"},{"floor":44,"key":"Fire Potion"},{"floor":48,"key":"ColorlessPotion"},{"floor":49,"key":"EntropicBrew"}],"is_trial":false,"path_per_floor":["R","M","M","?","?","M","T","M","R","M","M","M","M","?","M","B",null,"R","M","?","$","?","E","T","M","$","R","M","M","?","M","M","B",null,"R","M","M","M","M","R","T","$","M","E","M","?","R","E","M","B",null],"character_chosen":"GUARDIAN","items_purchased":["Guardian:Gem_White","Guardian:Reroute","Orrery","Guardian:BottledStasis","Guardian:PrismaticBeam","HandDrill","Centennial Puzzle","Guardian:Gem_Red"],"campfire_rested":1,"item_purchase_floors":[21,21,21,26,42,42,42,42],"current_hp_per_floor":[80,80,80,80,80,68,68,62,62,57,53,47,36,36,36,25,85,85,78,78,78,78,41,41,41,32,32,17,17,17,14,14,14,85,85,67,58,44,44,44,44,32,32,32,32,26,51,51,48,30],"gold":408,"neow_bonus":"THREE_ENEMY_KILL","is_daily":false,"chose_seed":false,"campfire_upgraded":5,"win_rate":0.0,"timestamp":1612821811,"path_taken":["R","M","M","?","?","M","T","?","R","M","M","M","M","?","M","BOSS","R","M","?","$","?","E","T","M","$","R","M","M","?","?","M","BOSS","R","M","M","?","M","R","T","$","M","E","M","?","R","E","M","BOSS"],"items_purchased_type":["Card","Card","Relic","Relic","Card","Relic","Relic","Card"],"build_version":"2020-12-22","purchased_purges":3,"victory":true,"max_hp_per_floor":[80,80,80,80,80,80,80,80,80,80,85,85,85,85,85,85,85,85,85,85,85,85,85,85,85,85,85,85,85,85,85,85,85,85,85,85,85,85,85,85,85,85,85,85,85,85,85,85,85,85],"card_choices":[{"not_picked":["Guardian:ChargeCore","Guardian:Recover"],"picked":"Guardian:TimeCapacitor","floor":2},{"not_picked":["Guardian:TemporalShield","Guardian:Gem_Green"],"picked":"Guardian:Gem_Fragmented","floor":3},{"not_picked":["Guardian:ChargeUp","Guardian:RefractedBeam"],"picked":"Guardian:Preprogram","floor":4},{"not_picked":["Guardian:TemporalShield","Guardian:Repulse"],"picked":"Guardian:Gem_Purple","floor":6},{"not_picked":["Guardian:ShieldSpikes","Guardian:RollAttack"],"picked":"Guardian:Gem_Cyan","floor":8},{"not_picked":["Guardian:TemporalStrike","Guardian:DecasProtection"],"picked":"Guardian:FierceBash","floor":10},{"not_picked":["Guardian:ChargeCore","Guardian:ArmoredProtocol"],"picked":"Guardian:VentSteam","floor":11},{"not_picked":["Guardian:Gem_Lightblue","Guardian:PiercingHide"],"picked":"Guardian:Gem_Fragmented","floor":12},{"not_picked":["Guardian:SpikerProtocol","Guardian:WalkerClaw","Guardian:ShieldSpikes"],"picked":"SKIP","floor":13},{"not_picked":["Guardian:VentSteam","Guardian:Recover"],"picked":"Guardian:Gem_Green","floor":15},{"not_picked":["Guardian:GemFinder","Guardian:HyperBeam_Guardian"],"picked":"Guardian:TimeSifter","floor":16},{"not_picked":["Guardian:Orbwalk","Guardian:BronzeOrb","Guardian:FloatingOrbs"],"picked":"Guardian:SentryBeam+1","floor":19},{"not_picked":["Guardian:Suspension","Guardian:PiercingHide","Guardian:BronzeArmor"],"picked":"Guardian:ConstructionForm","floor":21},{"not_picked":["Guardian:PiercingHide+1","Guardian:RollAttack","Guardian:CrystalBeam+1"],"picked":"Guardian:Gem_Crimson","floor":21},{"not_picked":["Guardian:ChargeCore","Guardian:Gem_Cyan","Guardian:Reroute"],"picked":"Guardian:Gem_Fragmented","floor":21},{"not_picked":["Guardian:TemporalStrike","Guardian:PrimingBeam+1","Guardian:Gem_Lightblue"],"picked":"Guardian:ShieldCharger+1","floor":21},{"not_picked":["Guardian:ShieldCharger","Guardian:RefractedBeam","Guardian:PrismaticBarrier"],"picked":"Guardian:DecasProtection+1","floor":21},{"not_picked":["Guardian:PrismaticBarrier","Guardian:RollAttack","Guardian:Incinerate"],"picked":"Guardian:Suspension","floor":21},{"not_picked":["Guardian:ShieldCharger","Guardian:Harden","Guardian:DonusPower"],"picked":"Guardian:Gem_Orange","floor":23},{"not_picked":["Guardian:Suspension","Guardian:CrystalBeam","Guardian:WalkerClaw+1"],"picked":"Guardian:ChargeUp","floor":25},{"not_picked":["Guardian:CrystalBeam","Guardian:PiercingHide","Guardian:ShieldCharger","Guardian:WalkerClaw"],"picked":"SKIP","floor":26},{"not_picked":["Guardian:WalkerClaw","Guardian:Recover+1","Guardian:Emergency"],"picked":"Guardian:PrismaticBarrier+1","floor":28},{"not_picked":["Guardian:BronzeArmor+1","Guardian:Gem_Cyan","Guardian:GuardianWhirl"],"picked":"Guardian:Incinerate","floor":29},{"not_picked":["Guardian:Incinerate","Guardian:RevengeProtocol","Guardian:PrismaticBeam"],"picked":"Guardian:Gem_Green","floor":31},{"not_picked":["Guardian:Repulse","Guardian:Suspension","Guardian:Gem_Green"],"picked":"Guardian:Clone+1","floor":32},{"not_picked":["Guardian:AncientConstruct","Guardian:GatlingBeam","Guardian:GemFire"],"picked":"Guardian:FastForward","floor":33},{"not_picked":["Guardian:ShieldCharger","Guardian:VentSteam","Guardian:TemporalShield+1","Guardian:Repulse+1"],"picked":"SKIP","floor":36},{"not_picked":["Guardian:Emergency","Guardian:TimeCapacitor+1","Guardian:RollAttack+1"],"picked":"Guardian:Gem_White","floor":37},{"not_picked":["Guardian:CrystalBeam","Guardian:BronzeArmor","Guardian:VentSteam+1","Guardian:TemporalStrike"],"picked":"SKIP","floor":38},{"not_picked":["Guardian:Emergency+1","Guardian:VentSteam","Guardian:ShieldCharger"],"picked":"Guardian:Gem_Purple","floor":39},{"not_picked":["Guardian:CrystalBeam+1","Guardian:EvasiveProtocol","Guardian:Gem_Purple","Guardian:Repulse+1"],"picked":"SKIP","floor":42},{"not_picked":["Guardian:Reroute+1","Guardian:RefractedBeam+1","Guardian:Suspension+1"],"picked":"Guardian:Gem_White","floor":43},{"not_picked":["Guardian:EvasiveProtocol+1","Guardian:Reroute+1","Guardian:Recover"],"picked":"Guardian:Gem_Orange","floor":44},{"not_picked":["Guardian:SentryBeam+1","Guardian:Gem_Red","Guardian:Suspension","Guardian:TimeCapacitor"],"picked":"SKIP","floor":45},{"not_picked":["Guardian:RevengeProtocol","Guardian:FloatingOrbs+1","Guardian:CrystalBeam"],"picked":"Guardian:Gem_Crimson","floor":48},{"not_picked":["Guardian:Gem_Yellow","Guardian:ShieldCharger","Guardian:FloatingOrbs","Guardian:Gem_Green"],"picked":"SKIP","floor":49}],"player_experience":898507,"relics_obtained":[{"floor":4,"key":"War Paint"},{"floor":7,"key":"Happy Flower"},{"floor":17,"key":"Pen Nib"},{"floor":17,"key":"Question Card"},{"floor":17,"key":"Pocketwatch"},{"floor":23,"key":"Whetstone"},{"floor":24,"key":"Matryoshka"},{"floor":41,"key":"Smiling Mask"},{"floor":41,"key":"CeramicFish"},{"floor":44,"key":"The Courier"},{"floor":46,"key":"White Beast Statue"},{"floor":48,"key":"Eternal Feather"}],"event_choices":[{"cards_removed":["Guardian:Strike_Guardian"],"damage_healed":0,"gold_gain":0,"player_choice":"Offered Basic","damage_taken":0,"max_hp_gain":0,"max_hp_loss":0,"event_name":"Bonfire Elementals","floor":5,"gold_loss":0},{"damage_healed":0,"gold_gain":0,"player_choice":"Ignored","damage_taken":0,"max_hp_gain":0,"max_hp_loss":0,"event_name":"Ghosts","floor":20,"gold_loss":0}],"is_beta":false,"boss_relics":[{"not_picked":["bronze:MakeshiftBattery","Runic Dome"],"picked":"Calling Bell"},{"not_picked":["Empty Cage","SacredBark"],"picked":"SlaversCollar"}],"items_purged_floors":[21,26,42],"is_endless":false,"potions_floor_spawned":[6,8,10,11,15,23,25,31,32,36,37,44,46,48,49],"ascension_level":1}}