{"host":"fdip6nj211smoxvi","time":1612826817,"event":{"mods":["BaseMod","BetterRewards","Colored Map","Downfall","Hermit","Minty Spire (QoL Compilation)","Shop Mod","StSLib","The Hierophant","The Servant 0.9.4"],"gold_per_floor":[116,116,129,141,62,62,79,112,135,163,163,179,191,207,207,303,303,315,27,96,106,31,31,31],"floor_reached":23,"language":"DEU","playtime":1140,"items_purged":["Strike_R"],"score":274,"play_id":"4d22fc81-f7fc-454d-9fba-9ee825a1befd","local_time":"20210209002657","is_ascension_mode":true,"campfire_choices":[{"floor":6,"key":"REST"},{"floor":11,"key":"REST"},{"floor":15,"key":"REST"}],"circlet_count":0,"master_deck":["Strike_R","Strike_R","Strike_R","Defend_R","Defend_R","Defend_R","Defend_R","Bash","Sword Boomerang","True Grit","Fiend Fire","Metallicize","Shrug It Off","Flex","Demon Form","True Grit","Spot Weakness","Rampage","Bludgeon","CurseOfTheBell","Headbutt+1","Flame Barrier+1"],"relics":["Fusion Hammer","Pen Nib","Happy Flower","MealTicket","Calling Bell","Ancient Tea Set","Mummified Hand","Mango","TungstenRod","Bottled Tornado"],"acts_visited":["Exordium","TheCity"],"potions_floor_usage":[7,8,16,21],"damage_taken":[{"damage":10,"enemies":"Small Slimes","floor":1,"turns":3},{"damage":1,"enemies":"Cultist","floor":3,"turns":3},{"damage":3,"enemies":"2 Louse","floor":4,"turns":2},{"damage":0,"enemies":"2 Fungi Beasts","floor":7,"turns":4},{"damage":17,"enemies":"3 Sentries","floor":8,"turns":6},{"damage":16,"enemies":"Gremlin Nob","floor":10,"turns":4},{"damage":23,"enemies":"Lots of Slimes","floor":12,"turns":5},{"damage":8,"enemies":"Blue Slaver","floor":13,"turns":4},{"damage":12,"enemies":"2 Fungi Beasts","floor":14,"turns":3},{"damage":9,"enemies":"Slime Boss","floor":16,"turns":8},{"damage":33,"enemies":"2 Thieves","floor":18,"turns":4},{"damage":13,"enemies":"Shell Parasite","floor":21,"turns":3},{"damage":69,"enemies":"Slavers","floor":23,"turns":6}],"seed_played":"2148620348987893618","potions_obtained":[{"floor":3,"key":"PowerPotion"},{"floor":4,"key":"PowerPotion"},{"floor":10,"key":"hexamod:SoulburnPotion"},{"floor":16,"key":"Swift Potion"},{"floor":18,"key":"champ:CounterPotion"}],"is_trial":false,"path_per_floor":["M","?","M","M","$","R","M","E","T","E","R","M","M","M","R","B",null,"M","$","T","M","$","E"],"character_chosen":"IRONCLAD","items_purchased":["Metallicize","Shrug It Off","TungstenRod"],"campfire_rested":3,"item_purchase_floors":[5,5,19],"current_hp_per_floor":[62,62,61,58,58,80,80,63,63,47,71,48,40,28,52,43,85,52,67,67,54,69,0,0],"gold":31,"neow_bonus":"BOSS_RELIC","is_daily":false,"chose_seed":false,"campfire_upgraded":0,"win_rate":0.0,"timestamp":1612826817,"path_taken":["M","?","?","M","?","R","?","E","T","E","R","M","?","M","R","BOSS","M","?","?","?","?","E"],"items_purchased_type":["Card","Card","Relic"],"build_version":"2020-12-22","purchased_purges":1,"victory":false,"max_hp_per_floor":[80,80,80,80,80,80,80,80,80,80,80,80,80,80,80,80,94,94,94,94,94,94,94,94],"card_choices":[{"not_picked":["Thunderclap","Ghostly Armor"],"picked":"Sword Boomerang","floor":1},{"not_picked":["Shrug It Off","Flex"],"picked":"True Grit","floor":3},{"not_picked":["Twin Strike","Body Slam"],"picked":"Fiend Fire","floor":4},{"not_picked":["Disarm","Havoc","Wild Strike"],"picked":"SKIP","floor":7},{"not_picked":["Intimidate","Rupture"],"picked":"Flex","floor":8},{"not_picked":["Thunderclap","Entrench"],"picked":"Demon Form","floor":10},{"not_picked":["Iron Wave","Dual Wield"],"picked":"True Grit","floor":12},{"not_picked":["Blood for Blood","Perfected Strike"],"picked":"Spot Weakness","floor":13},{"not_picked":["Flex","Intimidate"],"picked":"Rampage","floor":14},{"not_picked":["Juggernaut","Barricade"],"picked":"Bludgeon","floor":16},{"not_picked":["Clash","Shrug It Off"],"picked":"Headbutt+1","floor":18},{"not_picked":["Infernal Blade","Shrug It Off"],"picked":"Flame Barrier+1","floor":21}],"player_experience":260262,"relics_obtained":[{"floor":8,"key":"Pen Nib"},{"floor":9,"key":"Happy Flower"},{"floor":10,"key":"MealTicket"},{"floor":17,"key":"Ancient Tea Set"},{"floor":17,"key":"Mummified Hand"},{"floor":17,"key":"Mango"},{"floor":20,"key":"Bottled Tornado"}],"event_choices":[{"cards_removed":["Strike_R"],"damage_healed":0,"gold_gain":0,"player_choice":"Purged","damage_taken":0,"max_hp_gain":0,"max_hp_loss":0,"event_name":"Purifier","floor":2,"gold_loss":0}],"is_beta":false,"boss_relics":[{"not_picked":["Empty Cage","SacredBark"],"picked":"Calling Bell"}],"items_purged_floors":[22],"is_endless":false,"potions_floor_spawned":[3,4,10,16,18],"killed_by":"Slavers","ascension_level":7}}