{"host":"Matt","time":1612744216,"event":{"mods":["BaseMod","Bestiary","Colored Powertips","Highlight Path","Minty Spire (QoL Compilation)","Rare Cards Sparkle","Relic Stats","StSLib"],"gold_per_floor":[117,134,134,158,186,186,222,241,276,276,276,301,212,232,232,315,315,337,356,42,42,61,61,61],"floor_reached":23,"language":"ENG","playtime":776,"items_purged":[],"score":380,"play_id":"004507ee-1df0-4bd1-929f-c5c3418d2914","local_time":"20210208003016","is_ascension_mode":true,"campfire_choices":[{"floor":6,"key":"REST"},{"floor":10,"key":"REST"},{"data":"Perfected Strike","floor":15,"key":"SMITH"}],"circlet_count":0,"master_deck":["AscendersBane","Strike_R","Strike_R","Strike_R","Strike_R","Strike_R","Defend_R","Defend_R","Bash","Twin Strike","Perfected Strike+1","Injury","Shockwave","Wild Strike","Wild Strike","Injury","Flex","Perfected Strike","Shrug It Off","Twin Strike","Reaper","Perfected Strike","Wild Strike"],"relics":["Cursed Key","CeramicFish","Meat on the Bone","Art of War","Empty Cage","Lee\u0027s Waffle","Vajra","Nilry\u0027s Codex"],"acts_visited":["Exordium","TheCity"],"potions_floor_usage":[7,8,12,19,23],"damage_taken":[{"damage":1,"enemies":"Cultist","floor":1,"turns":4},{"damage":16,"enemies":"2 Louse","floor":2,"turns":3},{"damage":0,"enemies":"Small Slimes","floor":4,"turns":2},{"damage":8,"enemies":"Looter","floor":5,"turns":3},{"damage":31,"enemies":"Gremlin Nob","floor":7,"turns":4},{"damage":3,"enemies":"2 Fungi Beasts","floor":8,"turns":3},{"damage":0,"enemies":"Exordium Thugs","floor":12,"turns":2},{"damage":1,"enemies":"Exordium Wildlife","floor":14,"turns":2},{"damage":32,"enemies":"Hexaghost","floor":16,"turns":6},{"damage":28,"enemies":"Shell Parasite","floor":18,"turns":4},{"damage":37,"enemies":"3 Byrds","floor":19,"turns":5},{"damage":0,"enemies":"Snecko","floor":22,"turns":2},{"damage":60,"enemies":"Slavers","floor":23,"turns":7}],"seed_played":"6347489563851527540","potions_obtained":[{"floor":1,"key":"Regen Potion"},{"floor":7,"key":"SkillPotion"},{"floor":8,"key":"AttackPotion"},{"floor":11,"key":"BloodPotion"},{"floor":12,"key":"Ancient Potion"},{"floor":19,"key":"EssenceOfSteel"}],"is_trial":false,"path_per_floor":["M","M","T","M","M","R","E","M","T","R","?","M","$","M","R","B",null,"M","M","$","?","M","E"],"character_chosen":"IRONCLAD","items_purchased":["Perfected Strike","Shrug It Off","Lee\u0027s Waffle","Vajra"],"campfire_rested":2,"item_purchase_floors":[13,13,20,20],"current_hp_per_floor":[67,51,51,51,43,65,46,43,43,65,65,65,65,64,64,44,67,48,41,82,61,61,1,1],"gold":61,"neow_bonus":"BOSS_RELIC","is_daily":false,"chose_seed":false,"campfire_upgraded":1,"win_rate":0.0,"timestamp":1612744216,"path_taken":["M","M","?","M","M","R","E","?","T","R","?","?","$","M","R","BOSS","M","M","$","?","M","E"],"items_purchased_type":["Card","Card","Relic","Relic"],"build_version":"2020-12-18","purchased_purges":0,"victory":false,"max_hp_per_floor":[75,75,75,75,75,75,75,75,75,75,75,75,75,75,75,75,75,75,75,82,82,82,82,82],"relic_stats":{"Lee\u0027s Waffle":41,"counters":[13,47],"CeramicFish":99,"Art of War":[0],"Cursed Key":2,"obtain_stats":[{"Lee\u0027s Waffle":20,"Nilry\u0027s Codex":21,"CeramicFish":3,"Vajra":20,"Art of War":9,"Cursed Key":0,"Empty Cage":17,"Burning Blood":0,"Meat on the Bone":7},{"Lee\u0027s Waffle":11,"Nilry\u0027s Codex":11,"CeramicFish":2,"Vajra":11,"Art of War":6,"Cursed Key":0,"Empty Cage":9,"Burning Blood":0,"Meat on the Bone":5},{"Lee\u0027s Waffle":38,"Nilry\u0027s Codex":38,"CeramicFish":7,"Vajra":38,"Art of War":19,"Cursed Key":0,"Empty Cage":29,"Burning Blood":0,"Meat on the Bone":16}],"Meat on the Bone":24},"card_choices":[{"not_picked":["Metallicize","Havoc"],"picked":"Twin Strike","floor":1},{"not_picked":["Flame Barrier","Ghostly Armor"],"picked":"Perfected Strike","floor":2},{"not_picked":["Bloodletting","Clothesline"],"picked":"Shockwave","floor":4},{"not_picked":["Shrug It Off","Shockwave"],"picked":"Wild Strike","floor":5},{"not_picked":["Spot Weakness","Shockwave"],"picked":"Wild Strike","floor":7},{"not_picked":["Havoc","Fire Breathing","Anger"],"picked":"SKIP","floor":8},{"not_picked":["Searing Blow","Uppercut"],"picked":"Flex","floor":12},{"not_picked":["Disarm","Whirlwind"],"picked":"Twin Strike","floor":14},{"not_picked":["Immolate","Juggernaut"],"picked":"Reaper","floor":16},{"not_picked":["Armaments","Evolve"],"picked":"Perfected Strike","floor":18},{"not_picked":["Feel No Pain","Shockwave+1"],"picked":"Wild Strike","floor":19},{"not_picked":["Dropkick","Heavy Blade","Clash"],"picked":"SKIP","floor":22}],"player_experience":1078247,"relics_obtained":[{"floor":3,"key":"CeramicFish"},{"floor":7,"key":"Meat on the Bone"},{"floor":9,"key":"Art of War"},{"floor":21,"key":"Nilry\u0027s Codex"}],"event_choices":[{"damage_healed":0,"gold_gain":0,"player_choice":"Got Potions","damage_taken":0,"max_hp_gain":0,"max_hp_loss":0,"event_name":"Lab","floor":11,"gold_loss":0},{"damage_healed":0,"gold_gain":0,"player_choice":"Obtained Book","damage_taken":21,"max_hp_gain":0,"max_hp_loss":0,"event_name":"Cursed Tome","floor":21,"gold_loss":0}],"is_beta":true,"boss_relics":[{"not_picked":["Black Star","Runic Cube"],"picked":"Empty Cage"}],"items_purged_floors":[],"is_endless":false,"potions_floor_spawned":[1,7,8,12,19],"killed_by":"Slavers","ascension_level":19}}