{"host":"j9610sde00vfp93k","time":1612797016,"event":{"mods":["AchievementEnabler","BaseMod","Minty Spire (QoL Compilation)","Permanent Neow","Rare Cards Sparkle","Spire Arcade","StSLib","SuperFastMode","The Death Knight"],"gold_per_floor":[115,43,54,129,129,129,129],"floor_reached":6,"language":"ENG","playtime":319,"items_purged":[],"score":34,"play_id":"1938d493-25d5-4856-be14-8de3e9baab41","local_time":"20210208231016","is_ascension_mode":false,"campfire_choices":[],"circlet_count":0,"master_deck":["DeathKnight:Strike_DeathKnight","DeathKnight:Strike_DeathKnight","DeathKnight:Strike_DeathKnight","DeathKnight:Strike_DeathKnight","DeathKnight:Strike_DeathKnight","DeathKnight:Defend_DeathKnight","DeathKnight:Defend_DeathKnight","DeathKnight:Defend_DeathKnight","DeathKnight:Defend_DeathKnight","DeathKnight:RuneTap","DeathKnight:RuneStrike","DeathKnight:Parry","DeathKnight:BludPresence","DeathKnight:DeathRune","DeathKnight:IceboundArmor"],"relics":["DeathKnight:BrokenRuneblade","Tiny Chest"],"acts_visited":["Exordium"],"potions_floor_usage":[],"damage_taken":[{"damage":6,"enemies":"Cultist","floor":1,"turns":3},{"damage":1,"enemies":"Small Slimes","floor":3,"turns":5},{"damage":41,"enemies":"3 Sentries","floor":6,"turns":8}],"seed_played":"-841531426569771883","potions_obtained":[],"is_trial":false,"path_per_floor":["M","$","M","?","?","E"],"character_chosen":"DEATH_KNIGHT","items_purchased":["DeathKnight:DeathRune"],"campfire_rested":0,"item_purchase_floors":[2],"current_hp_per_floor":[69,69,68,57,39,0,0],"gold":129,"neow_bonus":"TRANSFORM_CARD","is_daily":false,"chose_seed":false,"campfire_upgraded":0,"win_rate":0.0,"timestamp":1612797016,"path_taken":["M","?","M","?","?","E"],"items_purchased_type":["Card"],"build_version":"2020-12-22","purchased_purges":0,"victory":false,"max_hp_per_floor":[75,75,75,75,75,75,75],"card_choices":[{"not_picked":["DeathKnight:RaiseAlly","DeathKnight:PillarOfFrost"],"picked":"DeathKnight:BludPresence","floor":1},{"not_picked":["DeathKnight:Pestilence","DeathKnight:DeathCoil"],"picked":"DeathKnight:IceboundArmor","floor":3}],"player_experience":213242,"relics_obtained":[],"event_choices":[{"damage_healed":0,"gold_gain":75,"player_choice":"Gather Gold","damage_taken":11,"max_hp_gain":0,"max_hp_loss":0,"event_name":"World of Goop","floor":4,"gold_loss":0},{"damage_healed":0,"gold_gain":0,"player_choice":"Success","damage_taken":18,"relics_obtained":["Tiny Chest"],"max_hp_gain":0,"max_hp_loss":0,"event_name":"Scrap Ooze","floor":5,"gold_loss":0}],"is_beta":false,"boss_relics":[],"items_purged_floors":[],"is_endless":false,"potions_floor_spawned":[],"killed_by":"3 Sentries","ascension_level":0}}