{"host":"uceopoba4zvqsgiy","time":1612805447,"event":{"mods":["2.2 Compatiblity","Act Like it!","BaseMod","Better Skull","Better Third Choice","Elementarium","Evolution","GifTheSpireLib","Hermit","Humility","Infinite Spire","Jorbs\u0027s Wanderer Trilogy","Marked Mod","Minty Spire (QoL Compilation)","Potionbrewer","Reliquary","Replay The Spire","Robot Space Explorer","Shade Mod","Spicy Shops","StS++","StSLib","Stuff the Spire","The Blue Laboratory","The Caster","The Cursed","The Dragon Tamer","The Hierophant","The Judge","The Jungle","TheSurvivalist","Wandering Minibosses"],"gold_per_floor":[119,119,129,90,90,105,105,105,130,100,100],"floor_reached":10,"language":"ENG","playtime":264,"items_purged":[],"score":76,"play_id":"33f4dbc4-0970-41f9-83a8-feb95e0bb058","local_time":"20210209040047","is_ascension_mode":true,"campfire_choices":[{"data":"Neutralize","floor":7,"key":"SMITH"}],"circlet_count":0,"master_deck":["Strike_G","Strike_G","Strike_G","Strike_G","Strike_G","Defend_G","Defend_G","Defend_G","Defend_G","Defend_G","Survivor","Neutralize+1","StuffTheSpire:CuriosityCurse","Blade Dance+1"],"relics":["TheCursedMod:BlackMagic101","EVO:Axolotl","NeowsBlessing","reliquary:Pushpin","infinitespire:Cubic Diamond","Replay:Baseball"],"acts_visited":["Exordium"],"potions_floor_usage":[],"damage_taken":[{"damage":0,"enemies":"Jaw Worm","floor":1,"turns":1},{"damage":0,"enemies":"Small Slimes","floor":3,"turns":1},{"damage":0,"enemies":"Cultist","floor":6,"turns":1},{"damage":73,"enemies":"Gremlin Nob","floor":10,"turns":4}],"seed_played":"248504982605863027","potions_obtained":[{"floor":6,"key":"Dexterity Potion"}],"is_trial":false,"path_per_floor":["M","?","M","$","?","M","R","?","T","E"],"character_chosen":"THE_SILENT","items_purchased":["Blade Dance+1"],"campfire_rested":0,"item_purchase_floors":[4],"current_hp_per_floor":[63,63,63,63,63,63,63,63,63,0,0],"gold":100,"neow_bonus":"THREE_ENEMY_KILL","is_daily":false,"chose_seed":false,"campfire_upgraded":1,"win_rate":0.0,"timestamp":1612805447,"path_taken":["M","?","M","$","?","M","R","?","T","E"],"items_purchased_type":["Card"],"build_version":"2020-12-22","purchased_purges":0,"victory":false,"max_hp_per_floor":[70,70,70,70,70,70,70,70,70,70,70],"card_choices":[{"not_picked":["Backflip","Sucker Punch","Outmaneuver"],"picked":"SKIP","floor":1},{"not_picked":["Dagger Throw","Prepared","Backstab"],"picked":"SKIP","floor":3},{"not_picked":["Calculated Gamble","Outmaneuver","Cloak And Dagger"],"picked":"SKIP","floor":6}],"player_experience":1781255,"relics_obtained":[{"floor":9,"key":"Replay:Baseball"}],"event_choices":[{"damage_healed":0,"gold_gain":0,"player_choice":"Bought 0 Potions","damage_taken":0,"max_hp_gain":0,"max_hp_loss":0,"event_name":"The Woman in Blue","floor":8,"gold_loss":0}],"is_beta":false,"boss_relics":[],"items_purged_floors":[],"is_endless":false,"potions_floor_spawned":[6],"killed_by":"Gremlin Nob","ascension_level":7,"is_humility":true}}