{"host":"k919bq8mkuzdqhzi","time":1612749602,"event":{"mods":["AchievementEnabler","BaseMod","Colored Map","Colored Powertips","DeckTracker","Minty Spire (QoL Compilation)","Relic Sorter","SuperFastMode"],"gold_per_floor":[112,132,6,6,0,0,34,34,34,34,34,54,73,38,38,135,135,149,166,186,32,32,32,32,32,80,80,90,90,90,102,102,102,102],"floor_reached":33,"language":"ENG","playtime":1205,"items_purged":["Strike_B"],"score":268,"play_id":"23d58752-f910-411a-9b5c-e465ca09e17e","local_time":"20210207210002","is_ascension_mode":false,"campfire_choices":[{"data":"Redo","floor":6,"key":"SMITH"},{"data":"Zap","floor":8,"key":"SMITH"},{"data":"Dualcast","floor":15,"key":"SMITH"},{"floor":23,"key":"REST"},{"data":"Defragment","floor":25,"key":"SMITH"},{"data":"Darkness","floor":29,"key":"SMITH"},{"data":"Conserve Battery","floor":32,"key":"SMITH"}],"circlet_count":0,"master_deck":["Strike_B+1","Strike_B+1","Defend_B+1","Defend_B+1","Defend_B+1","Defend_B+1","Zap+1","Dualcast+1","Conserve Battery+1","Genetic Algorithm+1","Redo+1","Beam Cell+1","Defragment+1","Leap","All For One+1","Ball Lightning+1","Tempest+1","Self Repair+1","RitualDagger+1","Darkness+1","White Noise+1"],"relics":["Cracked Core","NeowsBlessing","Molten Egg 2","Anchor","Inserter","Lantern","Regal Pillow"],"acts_visited":["Exordium","TheCity"],"potions_floor_usage":[16,33,33,33],"damage_taken":[{"damage":0,"enemies":"Jaw Worm","floor":1,"turns":1},{"damage":0,"enemies":"2 Louse","floor":2,"turns":1},{"damage":0,"enemies":"Gremlin Nob","floor":7,"turns":1},{"damage":0,"enemies":"Small Slimes","floor":12,"turns":2},{"damage":2,"enemies":"Exordium Wildlife","floor":13,"turns":3},{"damage":23,"enemies":"Hexaghost","floor":16,"turns":12},{"damage":9,"enemies":"3 Byrds","floor":18,"turns":5},{"damage":13,"enemies":"2 Thieves","floor":19,"turns":4},{"damage":11,"enemies":"Cultist and Chosen","floor":20,"turns":5},{"damage":0,"enemies":"Centurion and Healer","floor":28,"turns":4},{"damage":21,"enemies":"Chosen and Byrds","floor":31,"turns":5},{"damage":62,"enemies":"Automaton","floor":33,"turns":6}],"seed_played":"-4879494268806529287","potions_obtained":[{"floor":12,"key":"Dexterity Potion"},{"floor":13,"key":"EssenceOfDarkness"},{"floor":16,"key":"AttackPotion"},{"floor":18,"key":"SneckoOil"}],"is_trial":false,"path_per_floor":["M","M","$","?","?","R","E","R","T","?","$","M","M","?","R","B",null,"M","M","M","$","?","R","$","R","T","?","M","R","?","M","R","B"],"character_chosen":"DEFECT","items_purchased":["Redo","Lantern"],"campfire_rested":1,"item_purchase_floors":[3,21],"current_hp_per_floor":[75,75,75,60,60,60,60,60,60,53,53,53,51,69,69,46,75,66,53,42,42,36,58,58,58,58,58,68,68,68,57,57,0,0],"gold":102,"neow_bonus":"THREE_ENEMY_KILL","is_daily":false,"chose_seed":false,"campfire_upgraded":6,"win_rate":0.0,"timestamp":1612749602,"path_taken":["M","M","$","?","?","R","E","R","T","?","?","?","M","?","R","BOSS","M","M","M","$","?","R","$","R","T","?","M","R","?","M","R","BOSS"],"items_purchased_type":["Card","Relic"],"build_version":"2020-12-22","purchased_purges":1,"victory":false,"max_hp_per_floor":[75,75,75,75,75,75,75,75,75,75,75,75,75,75,75,75,75,75,75,75,75,75,75,75,75,75,75,75,75,75,75,75,75,75],"card_choices":[{"not_picked":["Hello World","Rebound"],"picked":"Conserve Battery","floor":1},{"not_picked":["Steam","Stack"],"picked":"Genetic Algorithm","floor":2},{"not_picked":["Skim","Streamline+1"],"picked":"Beam Cell+1","floor":7},{"not_picked":["Rebound+1","Ball Lightning+1"],"picked":"Defragment","floor":12},{"not_picked":["Conserve Battery","Beam Cell+1"],"picked":"Leap","floor":13},{"not_picked":["Biased Cognition","Seek"],"picked":"All For One+1","floor":16},{"not_picked":["Conserve Battery","Sweeping Beam+1"],"picked":"Ball Lightning+1","floor":18},{"not_picked":["Beam Cell+1","Genetic Algorithm"],"picked":"Tempest+1","floor":19},{"not_picked":["Gash+1","Ball Lightning+1"],"picked":"Self Repair+1","floor":20},{"not_picked":["Steam Power+1","Ball Lightning+1"],"picked":"Darkness","floor":28},{"not_picked":["Beam Cell+1","Self Repair+1"],"picked":"White Noise+1","floor":31}],"player_experience":124279,"relics_obtained":[{"floor":7,"key":"Molten Egg 2"},{"floor":9,"key":"Anchor"},{"floor":26,"key":"Regal Pillow"}],"event_choices":[{"damage_healed":0,"gold_gain":0,"player_choice":"Entered Light","damage_taken":15,"max_hp_gain":0,"max_hp_loss":0,"event_name":"Shining Light","floor":4,"gold_loss":0,"cards_upgraded":["Defend_B","Genetic Algorithm"]},{"damage_healed":0,"gold_gain":0,"player_choice":"Left Gold","damage_taken":0,"max_hp_gain":0,"max_hp_loss":0,"event_name":"World of Goop","floor":5,"gold_loss":6},{"cards_removed":["Strike_B"],"damage_healed":0,"gold_gain":0,"player_choice":"Card Removal","damage_taken":7,"max_hp_gain":0,"max_hp_loss":0,"event_name":"Golden Wing","floor":10,"gold_loss":0},{"damage_healed":18,"gold_gain":0,"player_choice":"Healed","damage_taken":0,"max_hp_gain":0,"max_hp_loss":0,"event_name":"The Cleric","floor":14,"gold_loss":35},{"damage_healed":0,"gold_gain":0,"player_choice":"Joined the Cult","damage_taken":6,"max_hp_gain":0,"max_hp_loss":0,"event_name":"Nest","floor":22,"gold_loss":0,"cards_obtained":["RitualDagger"]},{"damage_healed":0,"gold_gain":0,"player_choice":"Simplicity","damage_taken":0,"max_hp_gain":0,"max_hp_loss":0,"event_name":"Back to Basics","floor":30,"gold_loss":0,"cards_upgraded":["Strike_B","Strike_B","Defend_B","Defend_B","Defend_B"]}],"is_beta":false,"boss_relics":[{"not_picked":["FrozenCore","Astrolabe"],"picked":"Inserter"}],"items_purged_floors":[3],"is_endless":false,"potions_floor_spawned":[12,13,16,18,20],"killed_by":"Automaton","ascension_level":0}}