{"host":"tetq3wi5anb97imq","time":1612808699,"event":{"mods":["BaseMod","Block Reminder","Minty Spire (QoL Compilation)","Quick Restart","StSLib","SuperFastMode"],"gold_per_floor":[19,33,33,43,43,43,76,96,96,112,112,58,83,93,93,93,93],"floor_reached":16,"language":"ENG","playtime":317,"items_purged":[],"score":224,"play_id":"be743aba-ce2b-4f96-8bb7-d225e52e1057","local_time":"20210208162459","is_ascension_mode":true,"campfire_choices":[{"data":"Dodge and Roll","floor":6,"key":"SMITH"},{"data":"Dagger Spray","floor":11,"key":"SMITH"},{"data":"Deadly Poison","floor":15,"key":"SMITH"}],"circlet_count":0,"master_deck":["AscendersBane","Strike_G","Strike_G","Strike_G","Strike_G","Strike_G","Defend_G","Defend_G","Defend_G","Defend_G","Defend_G","Survivor","Neutralize","Corpse Explosion+1","Dodge and Roll+1","PiercingWail","Die Die Die","Cloak And Dagger","Dagger Spray+1","Deadly Poison+1","Dash"],"relics":["Ring of the Snake","CultistMask","PreservedInsect","Strawberry","Kunai"],"acts_visited":["Exordium"],"potions_floor_usage":[10,13,13],"damage_taken":[{"damage":1,"enemies":"2 Louse","floor":1,"turns":3},{"damage":6,"enemies":"Small Slimes","floor":2,"turns":3},{"damage":7,"enemies":"Cultist","floor":4,"turns":4},{"damage":22,"enemies":"3 Sentries","floor":7,"turns":4},{"damage":3,"enemies":"Looter","floor":8,"turns":4},{"damage":1,"enemies":"Blue Slaver","floor":10,"turns":4},{"damage":8,"enemies":"Gremlin Nob","floor":13,"turns":4},{"damage":0,"enemies":"2 Fungi Beasts","floor":14,"turns":3},{"damage":22,"enemies":"Hexaghost","floor":16,"turns":9}],"seed_played":"-8852336190202217352","potions_obtained":[{"floor":1,"key":"AttackPotion"},{"floor":8,"key":"GhostInAJar"},{"floor":13,"key":"Explosive Potion"}],"is_trial":false,"path_per_floor":["M","M","?","M","?","R","E","M","T","M","R","$","E","M","R","B"],"character_chosen":"THE_SILENT","items_purchased":["PowerPotion"],"campfire_rested":0,"item_purchase_floors":[12],"current_hp_per_floor":[58,52,52,45,45,45,23,20,27,26,26,26,18,18,18,0,0],"gold":93,"neow_bonus":"THREE_RARE_CARDS","is_daily":false,"chose_seed":false,"campfire_upgraded":3,"win_rate":0.0,"timestamp":1612808699,"path_taken":["M","M","?","M","?","R","E","M","T","?","R","$","E","M","R","BOSS"],"items_purchased_type":["Potion"],"build_version":"2020-12-22","purchased_purges":0,"victory":false,"max_hp_per_floor":[66,66,66,66,66,66,66,66,73,73,73,73,73,73,73,73,73],"card_choices":[{"not_picked":["After Image","Malaise"],"picked":"Corpse Explosion","floor":0},{"not_picked":["Expertise","Prepared","Calculated Gamble"],"picked":"SKIP","floor":1},{"not_picked":["Blade Dance","Sucker Punch"],"picked":"Dodge and Roll","floor":2},{"not_picked":["Eviscerate","Deflect"],"picked":"PiercingWail","floor":4},{"not_picked":["PiercingWail","Malaise"],"picked":"Die Die Die","floor":7},{"not_picked":["Quick Slash","PiercingWail"],"picked":"Cloak And Dagger","floor":8},{"not_picked":["Deflect","Deadly Poison"],"picked":"Dagger Spray","floor":10},{"not_picked":["Sucker Punch","Prepared"],"picked":"Deadly Poison","floor":13},{"not_picked":["Quick Slash","Deadly Poison"],"picked":"Dash","floor":14}],"player_experience":1647864,"relics_obtained":[{"floor":7,"key":"PreservedInsect"},{"floor":9,"key":"Strawberry"},{"floor":13,"key":"Kunai"}],"event_choices":[{"damage_healed":0,"gold_gain":0,"player_choice":"Grow","damage_taken":0,"max_hp_gain":0,"max_hp_loss":0,"event_name":"Living Wall","floor":3,"gold_loss":0,"cards_upgraded":["Corpse Explosion"]},{"damage_healed":0,"gold_gain":0,"player_choice":"Trade","damage_taken":0,"relics_obtained":["CultistMask"],"max_hp_gain":0,"max_hp_loss":0,"event_name":"FaceTrader","floor":5,"gold_loss":0}],"is_beta":false,"boss_relics":[],"items_purged_floors":[],"is_endless":false,"potions_floor_spawned":[1,8,13],"killed_by":"Hexaghost","ascension_level":20}}