{"host":"2pmmafybkq7zb6na","time":1612800985,"event":{"mods":["AchievementEnabler","BaseMod","Colored Map","Highlight Path","Keyboard Shortcuts","Minty Spire (QoL Compilation)","Quick Restart","StSLib","SuperFastMode"],"gold_per_floor":[112,127,127,139,152,182,196,196,196,196,230,240,274,288,288,385,385,396,407,38,51,69,69,69,69,69,69,83,83,109,24,24,129,129,141,154,170,170,23,23,23],"floor_reached":40,"language":"KOR","playtime":2182,"items_purged":["Reprogram","Echo Form"],"score":520,"play_id":"5c425796-0fa2-4b31-b557-2ea95abf651a","local_time":"20210209011625","is_ascension_mode":true,"campfire_choices":[{"floor":8.0,"key":"REST"},{"data":"Coolheaded","floor":10.0,"key":"SMITH"},{"data":"Zap","floor":15.0,"key":"SMITH"},{"floor":23.0,"key":"REST"},{"data":"Force Field","floor":25.0,"key":"SMITH"},{"floor":32.0,"key":"REST"}],"circlet_count":0,"master_deck":["Zap+1","Dualcast","FTL+1","Beam Cell","Chill","Self Repair","Coolheaded+1","Sweeping Beam","Sunder","Defragment","All For One","Doom and Gloom","Steam","Barrage","Compile Driver+1","Force Field+1","Gash+1","Compile Driver","Loop","White Noise+1","Turbo+1","Purity+1","Seek+1","Hologram+1","Beam Cell+1","Go for the Eyes+1"],"relics":["Cracked Core","Vajra","Bottled Tornado","Pear","Calipers","Pandora\u0027s Box","Matryoshka","Molten Egg 2","Toxic Egg 2","Whetstone","Fusion Hammer"],"acts_visited":["Exordium","TheCity","TheBeyond"],"potions_floor_usage":[33],"damage_taken":[{"damage":9.0,"enemies":"2 Louse","floor":1.0,"turns":2.0},{"damage":0.0,"enemies":"Small Slimes","floor":2.0,"turns":3.0},{"damage":0.0,"enemies":"Cultist","floor":4.0,"turns":3.0},{"damage":14.0,"enemies":"Exordium Thugs","floor":5.0,"turns":3.0},{"damage":5.0,"enemies":"Gremlin Nob","floor":6.0,"turns":4.0},{"damage":13.0,"enemies":"Exordium Wildlife","floor":7.0,"turns":5.0},{"damage":19.0,"enemies":"Lagavulin","floor":11.0,"turns":8.0},{"damage":4.0,"enemies":"2 Fungi Beasts","floor":12.0,"turns":4.0},{"damage":16.0,"enemies":"Gremlin Nob","floor":13.0,"turns":3.0},{"damage":0.0,"enemies":"Lots of Slimes","floor":14.0,"turns":4.0},{"damage":30.0,"enemies":"The Guardian","floor":16.0,"turns":13.0},{"damage":26.0,"enemies":"2 Thieves","floor":18.0,"turns":4.0},{"damage":15.0,"enemies":"Spheric Guardian","floor":19.0,"turns":4.0},{"damage":19.0,"enemies":"Snecko","floor":21.0,"turns":4.0},{"damage":14.0,"enemies":"Centurion and Healer","floor":22.0,"turns":5.0},{"damage":21.0,"enemies":"Cultist and Chosen","floor":28.0,"turns":5.0},{"damage":30.0,"enemies":"Book of Stabbing","floor":30.0,"turns":4.0},{"damage":37,"enemies":"Collector","floor":33,"turns":7},{"damage":24,"enemies":"3 Shapes","floor":35,"turns":3},{"damage":33,"enemies":"3 Darklings","floor":36,"turns":4},{"damage":30,"enemies":"4 Shapes","floor":37,"turns":4},{"damage":26,"enemies":"Nemesis","floor":40,"turns":2}],"seed_played":"-4854309164246836727","potions_obtained":[{"floor":1.0,"key":"SteroidPotion"},{"floor":2.0,"key":"Swift Potion"},{"floor":5.0,"key":"Block Potion"},{"floor":14.0,"key":"Explosive Potion"},{"floor":16.0,"key":"Weak Potion"},{"floor":19.0,"key":"Ancient Potion"},{"floor":28.0,"key":"Block Potion"}],"is_trial":false,"path_per_floor":["M","M","?","M","M","E","M","R","T","R","E","M","E","M","R","B",null,"M","M","$","M","M","R","?","R","T","?","M","?","E","$","R","B",null,"M","M","M","?","$","E"],"character_chosen":"DEFECT","items_purchased":["Matryoshka","Gash","Purity+1","Go for the Eyes+1"],"campfire_rested":3,"item_purchase_floors":[20,20,31,39],"current_hp_per_floor":[73,73,57,57,43,45,39,63,63,63,61,64,55,62,62,39,92,73,65,65,53,46,73,73,73,73,73,59,59,36,36,63,33,92,75,49,26,26,26,0,0],"gold":23,"neow_bonus":"TEN_PERCENT_HP_BONUS","is_daily":false,"chose_seed":false,"campfire_upgraded":3,"win_rate":0.0,"timestamp":1612800985,"path_taken":["M","M","?","M","M","E","M","R","T","R","E","M","E","M","R","BOSS","M","M","$","M","M","R","?","R","T","?","M","?","E","$","R","BOSS","M","M","?","?","$","E"],"items_purchased_type":["Relic","Card","Card","Card"],"build_version":"2020-12-22","purchased_purges":2,"victory":false,"max_hp_per_floor":[82,82,82,82,82,82,82,82,82,82,92,92,92,92,92,92,92,92,92,92,92,92,92,92,92,92,92,92,92,92,92,92,92,92,92,92,92,92,92,92,92],"card_choices":[{"not_picked":["Glacier","Hologram"],"picked":"FTL","floor":1.0},{"not_picked":["Barrage","Redo"],"picked":"Beam Cell","floor":2.0},{"not_picked":["Streamline","Storm"],"picked":"Chill","floor":4.0},{"not_picked":["Redo","Reinforced Body"],"picked":"Self Repair","floor":5.0},{"not_picked":["Reprogram","Stack","Redo"],"picked":"SKIP","floor":6.0},{"not_picked":["Rebound","Defragment"],"picked":"Coolheaded","floor":7.0},{"not_picked":["Fusion","Streamline"],"picked":"Sweeping Beam","floor":11.0},{"not_picked":["Leap","Lockon"],"picked":"Sunder","floor":12.0},{"not_picked":["Sweeping Beam","Defragment","Fusion"],"picked":"SKIP","floor":13.0},{"not_picked":["Sweeping Beam","Fusion"],"picked":"Defragment","floor":13.0},{"not_picked":["Streamline","Doom and Gloom","Redo"],"picked":"SKIP","floor":14.0},{"not_picked":["Meteor Strike","Buffer"],"picked":"All For One","floor":16.0},{"not_picked":["White Noise","Sweeping Beam"],"picked":"Compile Driver","floor":18.0},{"not_picked":["Darkness","FTL"],"picked":"Force Field","floor":19.0},{"not_picked":["Chaos+1","Compile Driver","Rebound"],"picked":"SKIP","floor":21.0},{"not_picked":["Ball Lightning","Compile Driver+1","Rebound"],"picked":"SKIP","floor":22.0},{"not_picked":["Chill+1","Auto Shields+1"],"picked":"White Noise+1","floor":28.0},{"not_picked":["Sweeping Beam+1","Cold Snap+1"],"picked":"Turbo+1","floor":30.0},{"not_picked":["Multi-Cast+1","All For One+1"],"picked":"Seek+1","floor":33},{"not_picked":["Redo+1","Conserve Battery+1","Compile Driver+1"],"picked":"SKIP","floor":35},{"not_picked":["Barrage+1","Leap+1"],"picked":"Hologram+1","floor":36},{"not_picked":["Compile Driver+1","Fission+1"],"picked":"Beam Cell+1","floor":37}],"player_experience":115695,"relics_obtained":[{"floor":6.0,"key":"Vajra"},{"floor":9.0,"key":"Bottled Tornado"},{"floor":11.0,"key":"Pear"},{"floor":13.0,"key":"Calipers"},{"floor":26.0,"key":"Molten Egg 2"},{"floor":26.0,"key":"Toxic Egg 2"},{"floor":30.0,"key":"Whetstone"}],"event_choices":[{"damage_healed":0.0,"max_hp_gain":0.0,"max_hp_loss":0.0,"gold_gain":0.0,"event_name":"Shining Light","player_choice":"Entered Light","floor":3.0,"gold_loss":0.0,"damage_taken":16.0,"cards_upgraded":["Defend_B","FTL"]},{"damage_healed":0.0,"max_hp_gain":0.0,"max_hp_loss":0.0,"gold_gain":0.0,"cards_transformed":["Consume","Multi-Cast"],"event_name":"Drug Dealer","player_choice":"Became Test Subject","floor":24.0,"gold_loss":0.0,"damage_taken":0.0,"cards_obtained":["Compile Driver","Loop"]},{"damage_healed":0.0,"max_hp_gain":0.0,"max_hp_loss":0.0,"gold_gain":0.0,"event_name":"Ghosts","player_choice":"Ignored","floor":27.0,"gold_loss":0.0,"damage_taken":0.0},{"cards_removed":["Creative AI"],"damage_healed":0.0,"max_hp_gain":0.0,"max_hp_loss":0.0,"gold_gain":0.0,"event_name":"Purifier","player_choice":"Purged","floor":29.0,"gold_loss":0.0,"damage_taken":0.0},{"damage_healed":0,"gold_gain":0,"player_choice":"Ignored","damage_taken":0,"max_hp_gain":0,"max_hp_loss":0,"event_name":"The Moai Head","floor":38,"gold_loss":0}],"is_beta":false,"boss_relics":[{"not_picked":["Black Star","Cursed Key"],"picked":"Pandora\u0027s Box"},{"not_picked":["Philosopher\u0027s Stone","Coffee Dripper"],"picked":"Fusion Hammer"}],"items_purged_floors":[20,39],"is_endless":false,"potions_floor_spawned":[1,2,5,14,16,19,28],"killed_by":"Nemesis","ascension_level":3}}