{"host":"61y0z9o9vf3ujftj","time":1612812025,"event":{"mods":["BaseMod","Colored Map","Colored Powertips","GifTheSpireLib","HexUI Lib","Highlight Path","Minty Spire (QoL Compilation)","Permanent Neow","Relic Stats","StSLib","ojb\u0027s Info Mod"],"gold_per_floor":[118,136,151,162,45,80,100,100,100,100,119,135,161,177,177,251,251,264,51,66,136,153,153,187,187,187,218,218,245,259,28,28,102,102,116,166,1,61,75,75,108,125,125,157,157,167,8,58,58,58],"floor_reached":51,"language":"ENG","playtime":4067,"items_purged":["Strike_R","Strike_R","Strike_R"],"score":1516,"play_id":"1ffaaa56-1f5f-492c-9465-6c512b70e1ed","local_time":"20210208132025","is_ascension_mode":true,"campfire_choices":[{"data":"Infernal Blade","floor":10.0,"key":"SMITH"},{"data":"True Grit","floor":15.0,"key":"SMITH"},{"data":"Corruption","floor":23.0,"key":"SMITH"},{"data":"Apotheosis","floor":25.0,"key":"SMITH"},{"data":"Disarm","floor":28.0,"key":"SMITH"},{"data":"Evolve","floor":32.0,"key":"SMITH"},{"data":"Barricade","floor":40,"key":"SMITH"},{"data":"Disarm","floor":45,"key":"SMITH"},{"data":"Rupture","floor":49,"key":"SMITH"}],"circlet_count":0,"master_deck":["AscendersBane","Strike_R","Strike_R","Defend_R","Defend_R+1","Defend_R","Defend_R","Bash","Sever Soul","Pommel Strike","Wild Strike","Shrug It Off","Feel No Pain","Infernal Blade+1","Flame Barrier","True Grit+1","Twin Strike","Bloodletting","Havoc","Ghostly Armor+1","Corruption+1","CurseOfTheBell","Shrug It Off","Apotheosis+1","True Grit","Burning Pact","Rupture+1","Disarm+1","Immolate","Sentinel","Evolve+1","Bandage Up","Shrug It Off","Barricade+1","Disarm+1","Body Slam","Exhume","Ghostly Armor","Burning Pact","Combust"],"relics":["Burning Blood","Charon\u0027s Ashes","CaptainsWheel","SsserpentHead","Ornamental Fan","HornCleat","Calling Bell","War Paint","Gremlin Horn","Gambling Chip","Bronze Scales","Kunai","Letter Opener","InkBottle","Philosopher\u0027s Stone","Membership Card","Dream Catcher","Shuriken","Calipers"],"acts_visited":["Exordium","TheCity","TheBeyond"],"potions_floor_usage":[33,46,50,50],"damage_taken":[{"damage":4.0,"enemies":"Jaw Worm","floor":1.0,"turns":4.0},{"damage":1.0,"enemies":"Cultist","floor":2.0,"turns":3.0},{"damage":0.0,"enemies":"Small Slimes","floor":3.0,"turns":3.0},{"damage":29.0,"enemies":"Exordium Thugs","floor":4.0,"turns":4.0},{"damage":22.0,"enemies":"Lagavulin","floor":6.0,"turns":7.0},{"damage":2.0,"enemies":"Red Slaver","floor":7.0,"turns":4.0},{"damage":1.0,"enemies":"Large Slime","floor":11.0,"turns":6.0},{"damage":0.0,"enemies":"Exordium Wildlife","floor":12.0,"turns":4.0},{"damage":4.0,"enemies":"3 Sentries","floor":13.0,"turns":6.0},{"damage":6.0,"enemies":"Looter","floor":14.0,"turns":3.0},{"damage":25.0,"enemies":"Hexaghost","floor":16.0,"turns":14.0},{"damage":8.0,"enemies":"Shell Parasite","floor":18.0,"turns":6.0},{"damage":7.0,"enemies":"2 Thieves","floor":20.0,"turns":4.0},{"damage":10.0,"enemies":"Shelled Parasite and Fungi","floor":21.0,"turns":7.0},{"damage":4.0,"enemies":"Snecko","floor":22.0,"turns":5.0},{"damage":28.0,"enemies":"Slavers","floor":24.0,"turns":4.0},{"damage":3.0,"enemies":"Book of Stabbing","floor":27.0,"turns":5.0},{"damage":26.0,"enemies":"Slavers","floor":29.0,"turns":3.0},{"damage":0.0,"enemies":"3 Cultists","floor":30.0,"turns":3.0},{"damage":27,"enemies":"Collector","floor":33,"turns":8},{"damage":3,"enemies":"3 Shapes","floor":35,"turns":5},{"damage":0,"enemies":"3 Darklings","floor":38,"turns":2},{"damage":6,"enemies":"Transient","floor":39,"turns":6},{"damage":5,"enemies":"Nemesis","floor":41,"turns":7},{"damage":0,"enemies":"Maw","floor":42,"turns":7},{"damage":0,"enemies":"Reptomancer","floor":44,"turns":6},{"damage":3,"enemies":"3 Darklings","floor":46,"turns":2},{"damage":29,"enemies":"Time Eater","floor":50,"turns":12}],"seed_played":"-9113080955227621602","potions_obtained":[{"floor":1.0,"key":"EssenceOfSteel"},{"floor":7.0,"key":"Dexterity Potion"},{"floor":12.0,"key":"SneckoOil"},{"floor":13.0,"key":"Block Potion"},{"floor":18.0,"key":"DuplicationPotion"},{"floor":22.0,"key":"BloodPotion"},{"floor":33,"key":"Fruit Juice"},{"floor":39,"key":"SneckoOil"},{"floor":46,"key":"PowerPotion"}],"is_trial":false,"path_per_floor":["M","M","M","M","$","E","M","?","T","R","M","M","E","M","R","B",null,"M","$","M","M","M","R","E","R","T","E","R","E","M","$","R","B",null,"M","?","$","M","M","R","E","M","T","E","R","M","$","?","R","B",null],"character_chosen":"IRONCLAD","items_purchased":["Feel No Pain","Infernal Blade","Apotheosis","Bandage Up","Shrug It Off","Membership Card","Combust","CultistPotion"],"campfire_rested":0,"item_purchase_floors":[5,5,19,31,31,37,47,47],"current_hp_per_floor":[68,68,68,45,45,29,33,33,33,33,38,44,46,46,46,27,58,56,56,55,51,53,53,31,31,31,34,34,27,33,33,33,21,60,67,73,73,73,73,73,73,73,73,73,73,73,73,73,73,50],"gold":58,"neow_bonus":"ONE_RARE_RELIC","is_daily":false,"chose_seed":false,"campfire_upgraded":9,"win_rate":0.0,"timestamp":1612812025,"path_taken":["M","M","M","M","$","E","M","?","T","R","M","M","E","M","R","BOSS","M","$","M","?","M","R","E","R","T","E","R","E","M","$","R","BOSS","M","?","?","?","M","R","E","M","T","E","R","M","$","?","R","BOSS"],"items_purchased_type":["Card","Card","Card","Card","Card","Relic","Card","Potion"],"build_version":"2020-12-22","purchased_purges":3,"victory":true,"max_hp_per_floor":[68,68,68,68,68,68,68,68,68,68,68,68,68,68,68,68,68,68,68,68,68,68,68,68,68,68,68,68,68,68,68,68,73,73,73,73,73,73,73,73,73,73,73,73,73,73,73,73,73,73],"relic_stats":{"Gremlin Horn":[19,19],"counters":[28,150],"Charon\u0027s Ashes":[1049],"Letter Opener":[284],"War Paint":["Ghostly Armor","Defend_R"],"Burning Blood":122,"SsserpentHead":250,"Dream Catcher":0,"Ornamental Fan":[72],"Shuriken":[3],"Gambling Chip":[39],"Bronze Scales":[239],"Kunai":[10],"obtain_stats":[{"Calipers":44,"Gremlin Horn":17,"Charon\u0027s Ashes":0,"Letter Opener":27,"War Paint":17,"Burning Blood":0,"Calling Bell":17,"SsserpentHead":8,"CaptainsWheel":6,"Dream Catcher":41,"HornCleat":13,"Ornamental Fan":9,"Shuriken":43,"Gambling Chip":17,"Bronze Scales":24,"Philosopher\u0027s Stone":34,"Kunai":26,"Membership Card":37,"InkBottle":29},{"Calipers":26,"Gremlin Horn":11,"Charon\u0027s Ashes":0,"Letter Opener":17,"War Paint":11,"Burning Blood":0,"Calling Bell":11,"SsserpentHead":6,"CaptainsWheel":5,"Dream Catcher":24,"HornCleat":9,"Ornamental Fan":6,"Shuriken":25,"Gambling Chip":11,"Bronze Scales":16,"Philosopher\u0027s Stone":20,"Kunai":16,"Membership Card":21,"InkBottle":18},{"Calipers":136,"Gremlin Horn":58,"Charon\u0027s Ashes":0,"Letter Opener":89,"War Paint":58,"Burning Blood":0,"Calling Bell":58,"SsserpentHead":25,"CaptainsWheel":21,"Dream Catcher":123,"HornCleat":41,"Ornamental Fan":25,"Shuriken":130,"Gambling Chip":58,"Bronze Scales":84,"Philosopher\u0027s Stone":103,"Kunai":84,"Membership Card":108,"InkBottle":92}],"InkBottle":[28]},"card_choices":[{"not_picked":["True Grit","Armaments"],"picked":"Sever Soul","floor":1.0},{"not_picked":["Thunderclap","Perfected Strike"],"picked":"Pommel Strike","floor":2.0},{"not_picked":["Clothesline","Rupture"],"picked":"Wild Strike","floor":3.0},{"not_picked":["Warcry","Sentinel"],"picked":"Shrug It Off","floor":4.0},{"not_picked":["Demon Form","True Grit"],"picked":"Flame Barrier","floor":6.0},{"not_picked":["Headbutt","Blood for Blood"],"picked":"True Grit","floor":7.0},{"not_picked":["Anger","Metallicize"],"picked":"Twin Strike","floor":11.0},{"not_picked":["Cleave","Spot Weakness"],"picked":"Bloodletting","floor":12.0},{"not_picked":["Cleave","Iron Wave"],"picked":"Havoc","floor":13.0},{"not_picked":["Berserk","Cleave"],"picked":"Ghostly Armor","floor":14.0},{"not_picked":["Double Tap","Brutality"],"picked":"Corruption","floor":16.0},{"not_picked":["Power Through","Heavy Blade"],"picked":"Shrug It Off","floor":18.0},{"not_picked":["Armaments","Combust"],"picked":"True Grit","floor":20.0},{"not_picked":["Sword Boomerang","Body Slam"],"picked":"Burning Pact","floor":21.0},{"not_picked":["Havoc","Evolve"],"picked":"Rupture","floor":22.0},{"not_picked":["Flame Barrier","Clash+1"],"picked":"Disarm","floor":24.0},{"not_picked":["Perfected Strike","Headbutt"],"picked":"Immolate","floor":27.0},{"not_picked":["Blood for Blood","Iron Wave"],"picked":"Sentinel","floor":29.0},{"not_picked":["Wild Strike","Fire Breathing"],"picked":"Evolve","floor":30.0},{"not_picked":["Reaper","Exhume"],"picked":"Barricade","floor":33},{"not_picked":["Anger+1","True Grit","Dropkick+1"],"picked":"SKIP","floor":35},{"not_picked":["True Grit","Clash"],"picked":"Disarm","floor":38},{"not_picked":["Pommel Strike","Disarm"],"picked":"Body Slam","floor":39},{"not_picked":["Reckless Charge","Second Wind"],"picked":"Exhume","floor":41},{"not_picked":["Thunderclap","Power Through"],"picked":"Ghostly Armor","floor":42},{"not_picked":["Flex","Disarm"],"picked":"Burning Pact","floor":44},{"not_picked":["Wild Strike","Thunderclap","Clothesline"],"picked":"SKIP","floor":46}],"player_experience":554435,"relics_obtained":[{"floor":6.0,"key":"CaptainsWheel"},{"floor":9.0,"key":"Ornamental Fan"},{"floor":13.0,"key":"HornCleat"},{"floor":17.0,"key":"War Paint"},{"floor":17.0,"key":"Gremlin Horn"},{"floor":17.0,"key":"Gambling Chip"},{"floor":24.0,"key":"Bronze Scales"},{"floor":26.0,"key":"Kunai"},{"floor":27.0,"key":"Letter Opener"},{"floor":29.0,"key":"InkBottle"},{"floor":41,"key":"Dream Catcher"},{"floor":43,"key":"Shuriken"},{"floor":44,"key":"Calipers"}],"event_choices":[{"damage_healed":0.0,"max_hp_gain":0.0,"max_hp_loss":0.0,"gold_gain":0.0,"event_name":"FaceTrader","player_choice":"Trade","floor":8.0,"gold_loss":0.0,"damage_taken":0.0,"relics_obtained":["SsserpentHead"]},{"damage_healed":6,"gold_gain":0,"player_choice":"Full Heal","damage_taken":0,"max_hp_gain":0,"max_hp_loss":0,"event_name":"Wheel of Change","floor":36,"gold_loss":0},{"damage_healed":0,"gold_gain":0,"player_choice":"Memory 1","damage_taken":0,"max_hp_gain":0,"max_hp_loss":0,"event_name":"SensoryStone","floor":48,"gold_loss":0}],"is_beta":false,"boss_relics":[{"not_picked":["Velvet Choker","Runic Cube"],"picked":"Calling Bell"},{"not_picked":["SlaversCollar","Tiny House"],"picked":"Philosopher\u0027s Stone"}],"items_purged_floors":[31,37,47],"is_endless":false,"potions_floor_spawned":[1,7,12,13,14,18,21,22,33,39,42,46],"ascension_level":17}}