{"host":"y3h3n3f7seyagppx","time":1612764266,"event":{"mods":["AlwaysNeverKeys","BaseMod","Better Vampires","Colored Powertips","DeckTracker","Emptier Cage","Minty Spire (QoL Compilation)","Permanent Neow","Quick Restart","Rare Cards Sparkle","Relic Sorter","Relic Stats","StSLib","Transform Curses"],"gold_per_floor":[118,118,136,136,35,35,62,62,62,75,102,102,132,32,32,103,103,122,47,47,66,66,66,97,97,97,122,139,139,139,172,172,245,245,263,277,168,187,198,198,226,226,226,226,242,242,242,268,268,268,268,268,268,18,18,18],"floor_reached":55,"language":"ENG","playtime":6197,"items_purged":["Defend_B","Strike_B"],"score":2094,"play_id":"05b5a6bf-3bb4-41fa-8a99-b086434c310e","local_time":"20210208010426","is_ascension_mode":true,"campfire_choices":[{"data":"Zap","floor":6.0,"key":"SMITH"},{"data":"1","floor":8.0,"key":"LIFT"},{"data":"2","floor":15.0,"key":"LIFT"},{"data":"3","floor":23.0,"key":"LIFT"},{"data":"Hyperbeam","floor":25.0,"key":"SMITH"},{"data":"Beam Cell","floor":30.0,"key":"SMITH"},{"data":"Ghostly","floor":32.0,"key":"SMITH"},{"data":"Creative AI","floor":40.0,"key":"SMITH"},{"data":"Reinforced Body","floor":42.0,"key":"SMITH"},{"data":"Barrage","floor":49.0,"key":"SMITH"},{"data":"Ghostly","floor":53,"key":"SMITH"}],"circlet_count":0,"master_deck":["AscendersBane","Strike_B","Strike_B","Defend_B","Defend_B+1","Defend_B","Zap+1","Dualcast+1","Glacier","Rebound","Beam Cell+1","Sweeping Beam","Barrage+1","Hyperbeam+1","Cold Snap","Ghostly+1","Ghostly","Ghostly+1","Hyperbeam","Injury","BootSequence","Decay","Go for the Eyes+1","Creative AI+1","Coolheaded+1","Reinforced Body+1","Normality","Capacitor"],"relics":["Cracked Core","Art of War","Girya","StoneCalendar","DataDisk","Boot","Cursed Key","Blue Candle","Pocketwatch","Potion Belt","Mercury Hourglass","Vajra","SacredBark","StrikeDummy","Pen Nib","Gambling Chip","Pear","OrangePellets"],"acts_visited":["Exordium","TheCity","TheBeyond","TheEnding"],"potions_floor_usage":[51,55,55],"damage_taken":[{"damage":6.0,"enemies":"2 Louse","floor":1.0,"turns":3.0},{"damage":4.0,"enemies":"Jaw Worm","floor":3.0,"turns":3.0},{"damage":12.0,"enemies":"3 Sentries","floor":7.0,"turns":12.0},{"damage":1.0,"enemies":"Small Slimes","floor":10.0,"turns":3.0},{"damage":8.0,"enemies":"Gremlin Nob","floor":11.0,"turns":3.0},{"damage":9.0,"enemies":"Lagavulin","floor":13.0,"turns":5.0},{"damage":14.0,"enemies":"Slime Boss","floor":16.0,"turns":7.0},{"damage":0.0,"enemies":"Spheric Guardian","floor":18.0,"turns":3.0},{"damage":1.0,"enemies":"Shell Parasite","floor":21.0,"turns":4.0},{"damage":1.0,"enemies":"Book of Stabbing","floor":24.0,"turns":5.0},{"damage":1.0,"enemies":"Gremlin Leader","floor":27.0,"turns":4.0},{"damage":6.0,"enemies":"Snake Plant","floor":28.0,"turns":4.0},{"damage":0.0,"enemies":"Slavers","floor":31.0,"turns":3.0},{"damage":4.0,"enemies":"Champ","floor":33.0,"turns":9.0},{"damage":0.0,"enemies":"Orb Walker","floor":35.0,"turns":3.0},{"damage":1.0,"enemies":"3 Darklings","floor":36.0,"turns":2.0},{"damage":28.0,"enemies":"Maw","floor":38.0,"turns":8.0},{"damage":0.0,"enemies":"Spire Growth","floor":39.0,"turns":5.0},{"damage":26.0,"enemies":"Giant Head","floor":41.0,"turns":10.0},{"damage":1.0,"enemies":"3 Darklings","floor":45.0,"turns":3.0},{"damage":10.0,"enemies":"Reptomancer","floor":48.0,"turns":6.0},{"damage":10.0,"enemies":"Donu and Deca","floor":50.0,"turns":11.0},{"damage":3,"enemies":"Time Eater","floor":51,"turns":13},{"damage":35,"enemies":"Shield and Spear","floor":55,"turns":5}],"seed_played":"121561980260691964","potions_obtained":[{"floor":1.0,"key":"Block Potion"},{"floor":3.0,"key":"SpeedPotion"},{"floor":10.0,"key":"Ancient Potion"},{"floor":21.0,"key":"Swift Potion"},{"floor":27.0,"key":"Regen Potion"},{"floor":28.0,"key":"AttackPotion"},{"floor":38.0,"key":"SkillPotion"},{"floor":45.0,"key":"SmokeBomb"},{"floor":48.0,"key":"EntropicBrew"}],"is_trial":false,"path_per_floor":["M","?","M","?","$","R","E","R","T","M","E","?","E","$","R","B",null,"M","?","?","M","$","R","E","R","T","E","M","T","R","E","R","B",null,"M","M","$","M","M","R","E","R","T","?","M","?","?","E","R","B","B",null,"R","$","E"],"character_chosen":"DEFECT","items_purchased":["Beam Cell","Swift Potion","Dexterity Potion","OrangePellets","Capacitor"],"campfire_rested":0,"item_purchase_floors":[5,37,37,54,54],"current_hp_per_floor":[58,37,33,33,33,33,21,21,21,20,12,35,26,26,26,12,56,56,56,35,34,34,34,33,33,33,32,26,26,26,26,26,22,32,32,31,31,3,3,3,22,22,22,22,21,21,21,21,21,11,8,34,34,34,0,0],"gold":18,"neow_bonus":"RANDOM_COMMON_RELIC","is_daily":false,"chose_seed":false,"campfire_upgraded":8,"win_rate":0.0,"timestamp":1612764266,"path_taken":["M","?","M","?","?","R","E","R","T","M","E","?","E","$","R","BOSS","M","?","?","M","?","R","E","R","T","E","M","?","R","E","R","BOSS","M","?","$","M","M","R","E","R","T","?","?","?","?","E","R","BOSS","BOSS","R","$","E"],"items_purchased_type":["Card","Potion","Potion","Relic","Card"],"build_version":"2020-12-22","purchased_purges":2,"victory":false,"max_hp_per_floor":[71,71,71,71,71,71,71,71,71,71,71,71,71,71,71,71,71,71,71,35,35,35,35,35,35,35,35,35,35,35,35,35,35,35,35,35,35,35,35,35,35,35,35,35,35,35,33,43,43,43,43,43,43,43,43,43],"relic_stats":{"OrangePellets":[0],"counters":[24,134],"Blue Candle":[17],"Gambling Chip":[17],"StoneCalendar":[275],"Pen Nib":[5],"Art of War":[28],"Boot":[28],"Cursed Key":3,"obtain_stats":[{"Potion Belt":27,"Girya":7,"Pear":48,"Blue Candle":24,"SacredBark":34,"Vajra":31,"StoneCalendar":9,"Pen Nib":43,"Boot":13,"Cursed Key":17,"Mercury Hourglass":29,"OrangePellets":54,"DataDisk":11,"Gambling Chip":44,"Art of War":0,"Cracked Core":0,"StrikeDummy":41,"Pocketwatch":26},{"Potion Belt":11,"Girya":3,"Pear":21,"Blue Candle":10,"SacredBark":14,"Vajra":13,"StoneCalendar":3,"Pen Nib":19,"Boot":6,"Cursed Key":7,"Mercury Hourglass":12,"OrangePellets":23,"DataDisk":5,"Gambling Chip":19,"Art of War":0,"Cracked Core":0,"StrikeDummy":19,"Pocketwatch":10},{"Potion Belt":52,"Girya":18,"Pear":105,"Blue Candle":48,"SacredBark":68,"Vajra":59,"StoneCalendar":18,"Pen Nib":96,"Boot":29,"Cursed Key":36,"Mercury Hourglass":56,"OrangePellets":129,"DataDisk":24,"Gambling Chip":96,"Art of War":0,"Cracked Core":0,"StrikeDummy":96,"Pocketwatch":48}],"Pocketwatch":[111],"Mercury Hourglass":[254]},"card_choices":[{"not_picked":["Fusion","Coolheaded"],"picked":"Glacier","floor":1.0},{"not_picked":["Steam Power","Go for the Eyes"],"picked":"Rebound","floor":3.0},{"not_picked":["Darkness","Streamline","Conserve Battery"],"picked":"SKIP","floor":7.0},{"not_picked":["Hologram","Coolheaded"],"picked":"Sweeping Beam","floor":10.0},{"not_picked":["Go for the Eyes","Ball Lightning"],"picked":"Barrage","floor":11.0},{"not_picked":["Gash","Conserve Battery","Thunder Strike"],"picked":"SKIP","floor":13.0},{"not_picked":["Gash","Conserve Battery","Thunder Strike"],"picked":"SKIP","floor":13.0},{"not_picked":["Fission","Multi-Cast"],"picked":"Hyperbeam","floor":16.0},{"not_picked":["Streamline","Recycle"],"picked":"Cold Snap","floor":18.0},{"not_picked":["Cold Snap","Double Energy","Steam"],"picked":"SKIP","floor":21.0},{"not_picked":["Beam Cell","Go for the Eyes"],"picked":"Hyperbeam","floor":24.0},{"not_picked":["Doom and Gloom","Thunder Strike","Darkness"],"picked":"SKIP","floor":27.0},{"not_picked":["Conserve Battery","Go for the Eyes"],"picked":"BootSequence","floor":28.0},{"not_picked":["FTL","Steam"],"picked":"Go for the Eyes+1","floor":31.0},{"not_picked":["Seek","Thunder Strike"],"picked":"Creative AI","floor":33.0},{"not_picked":["Steam","Static Discharge","Cold Snap+1"],"picked":"SKIP","floor":35.0},{"not_picked":["Static Discharge","Leap"],"picked":"Coolheaded+1","floor":36.0},{"not_picked":["Steam+1","Hello World+1"],"picked":"Reinforced Body","floor":38.0},{"not_picked":["Darkness","Sunder","Consume"],"picked":"SKIP","floor":39.0},{"not_picked":["Meteor Strike","BootSequence","Stack+1"],"picked":"SKIP","floor":41.0},{"not_picked":["Meteor Strike","BootSequence"],"picked":"Stack+1","floor":41.0},{"not_picked":["Sweeping Beam","Steam Power","Cold Snap"],"picked":"SKIP","floor":45.0},{"not_picked":["Conserve Battery","Hologram","Compile Driver"],"picked":"SKIP","floor":48.0}],"player_experience":21975151,"relics_obtained":[{"floor":7.0,"key":"Girya"},{"floor":9.0,"key":"StoneCalendar"},{"floor":11.0,"key":"DataDisk"},{"floor":13.0,"key":"Boot"},{"floor":24.0,"key":"Blue Candle"},{"floor":26.0,"key":"Pocketwatch"},{"floor":27.0,"key":"Potion Belt"},{"floor":29.0,"key":"Mercury Hourglass"},{"floor":31.0,"key":"Vajra"},{"floor":41.0,"key":"StrikeDummy"},{"floor":43.0,"key":"Pen Nib"},{"floor":48.0,"key":"Pear"}],"event_choices":[{"damage_healed":0.0,"max_hp_gain":0.0,"max_hp_loss":0.0,"gold_gain":0.0,"event_name":"Shining Light","player_choice":"Entered Light","floor":2.0,"gold_loss":0.0,"damage_taken":21.0,"cards_upgraded":["Dualcast","Defend_B"]},{"damage_healed":0.0,"max_hp_gain":0.0,"max_hp_loss":0.0,"gold_gain":0.0,"event_name":"Liars Game","player_choice":"Ignored","floor":4.0,"gold_loss":0.0,"damage_taken":0.0},{"damage_healed":23.0,"max_hp_gain":0.0,"max_hp_loss":0.0,"gold_gain":0.0,"event_name":"Big Fish","player_choice":"Banana","floor":12.0,"gold_loss":0.0,"damage_taken":0.0},{"cards_removed":["Strike_B"],"damage_healed":0.0,"max_hp_gain":0.0,"max_hp_loss":0.0,"gold_gain":0.0,"event_name":"Beggar","player_choice":"Gave Gold","floor":19.0,"gold_loss":75.0,"damage_taken":0.0},{"damage_healed":0.0,"max_hp_gain":0.0,"max_hp_loss":36.0,"gold_gain":0.0,"event_name":"Ghosts","player_choice":"Became a Ghost","floor":20.0,"gold_loss":0.0,"damage_taken":0.0,"cards_obtained":["Ghostly","Ghostly","Ghostly"]},{"cards_removed":["Stack"],"damage_healed":0.0,"max_hp_gain":0.0,"max_hp_loss":0.0,"gold_gain":0.0,"event_name":"WeMeetAgain","player_choice":"Gave Card","floor":44.0,"gold_loss":0.0,"damage_taken":0.0,"relics_obtained":["Gambling Chip"]},{"damage_healed":0.0,"max_hp_gain":0.0,"max_hp_loss":0.0,"gold_gain":0.0,"event_name":"Tomb of Lord Red Mask","player_choice":"Ignored","floor":46.0,"gold_loss":0.0,"damage_taken":0.0},{"damage_healed":0.0,"max_hp_gain":0.0,"max_hp_loss":2.0,"gold_gain":0.0,"event_name":"Winding Halls","player_choice":"Max HP","floor":47.0,"gold_loss":0.0,"damage_taken":0.0}],"is_beta":false,"boss_relics":[{"not_picked":["Sozu","Nuclear Battery"],"picked":"Cursed Key"},{"not_picked":["Black Star","Tiny House"],"picked":"SacredBark"}],"items_purged_floors":[5,14],"is_endless":false,"potions_floor_spawned":[1,3,10,21,27,28,38,45,48],"killed_by":"Shield and Spear","ascension_level":20}}