{"host":"q5l3nirlejh5mn15","time":1612762979,"event":{"mods":["100% Spire Juice","BaseMod","Bossed Relics","Downfall","Energized Spire","FoggyMod","Hermit","Koishi","Marisa（F雨　魔理沙）","Minty Spire (QoL Compilation)","MostiFishMod","Reimu（博丽灵梦）","Relic Filter Mod","Reliquary","Remilia（蕾米莉亚）","RumiaBox-露米娅的神秘盒子","Spicy Shops","StSLib","TestMod","The Hierophant","The Servant 0.9.4","UnlockEverythingMod","Warlord Emblem","[IsaacMod]以撒尖塔","【功能Mod】混沌之环修复补丁","【遗物卡牌】REMEMod"],"gold_per_floor":[99,113,73,129,17,43,69,83,169,189,189,223,223,242,256,361,361,361,361,146,153,153,153,453,453,502,302,91,91,104,134,153,257,257,257,275,175,182,182,193,218,218,93,93,93,164,174,227,237,237],"floor_reached":51,"language":"ZHS","playtime":1471,"items_purged":["Gluttony_TH","champ:StanceDance+1","champ:StrikeOfGenius+1"],"score":1210,"play_id":"7f0b0157-02f9-4613-b301-0c5716533e8c","local_time":"20210208134259","is_ascension_mode":false,"campfire_choices":[{"data":"champ:Taunt","floor":1,"key":"SMITH"},{"data":"champ:StanceDance","floor":18,"key":"SMITH"},{"data":"champ:HoldFirm","floor":23,"key":"SMITH"},{"floor":25,"key":"RECALL"},{"data":"champ:StrikeOfGenius","floor":27,"key":"SMITH"},{"data":"champ:StrikeOfGenius","floor":35,"key":"SMITH"}],"circlet_count":0,"master_deck":["champ:HoldFirm+1","champ:StrikeOfGenius+1","champ:FanOfKnives+1"],"relics":["DaveBox","HushsDoor","testmod-TestBox","REME_ComplimentaryCards","DoctorsRemote","PatriotShield","Coffee Dripper","PaintedHorse:ReiMu","SalivaCoin","TheBible","Ccalipers","PunchingBag","testmod-Alchemist","testmod-Nyarlathotep","testmod-Brilliant","Black Star","MomsKnife","Unceasing Top","Civilization","Nilry\u0027s Codex","Old Coin","Pen Nib","reliquary:JackalopeAntler","downfall:HeartBlessingRed","downfall:HeartBlessingGreen","reliquary:RoseTintedGlasses","testmod-TurbochargingSystem","xbg","RottenBaby","Blue Candle","CaptainsWheel","CatCart"],"acts_visited":["Exordium","TheCity","TheBeyond"],"potions_floor_usage":[],"damage_taken":[{"damage":0,"enemies":"Cultist","floor":2,"turns":1},{"damage":30,"enemies":"Gremlin Nob","floor":4,"turns":3},{"damage":40,"enemies":"downfall:FleeingMerchant","floor":5,"turns":4},{"damage":0,"enemies":"Lagavulin","floor":6,"turns":2},{"damage":15,"enemies":"downfall:FleeingMerchant","floor":9,"turns":3},{"damage":0,"enemies":"2 Louse","floor":10,"turns":1},{"damage":8,"enemies":"3 Sentries","floor":12,"turns":6},{"damage":0,"enemies":"Small Slimes","floor":14,"turns":1},{"damage":0,"enemies":"3 Louse","floor":15,"turns":1},{"damage":0,"enemies":"WA_ARCHETYPE_RETAIN","floor":16,"turns":3},{"damage":10,"enemies":"Book of Stabbing","floor":26,"turns":6},{"damage":0,"enemies":"3 Byrds","floor":30,"turns":3},{"damage":0,"enemies":"Gremlin Leader","floor":31,"turns":3},{"damage":0,"enemies":"3 Cultists","floor":32,"turns":2},{"damage":0,"enemies":"SI_MIRROR_ARCHETYPE","floor":33,"turns":3},{"damage":0,"enemies":"3 Darklings","floor":36,"turns":2},{"damage":0,"enemies":"3 Shapes","floor":40,"turns":1},{"damage":10,"enemies":"3 Shapes","floor":46,"turns":3},{"damage":0,"enemies":"Sphere and 2 Shapes","floor":47,"turns":1},{"damage":0,"enemies":"Orin","floor":48,"turns":2},{"damage":0,"enemies":"Jaw Worm Horde","floor":49,"turns":1},{"damage":0,"enemies":"IC_BLOCK_ARCHETYPE","floor":50,"turns":2}],"seed_played":"5696094160112715482","potions_obtained":[{"floor":2,"key":"champ:OpenerPotion"},{"floor":4,"key":"AttackPotion"},{"floor":6,"key":"LiquidMemories"}],"is_trial":false,"path_per_floor":["R","M","?","?","$","E","T","?","$","M","?","E","?","M","M","B",null,"R","?","$","?","?","R","T","R","E","R","$","?","M","E","M","B",null,"R","M","$","?","$","M","T","?","$","R","?","?","M","?","M","B",null],"character_chosen":"THE_CHAMP","items_purchased":["champ:FanOfKnives","champ:StanceDance","testmod-Alchemist","expansioncontent:DashGenerateEvil","champ:StrikeOfGenius","MomsKnife","Unceasing Top","Civilization","champ:StrikeOfGenius","RottenBaby"],"campfire_rested":0,"item_purchase_floors":[5,5,9,9,17,17,20,20,28,34],"current_hp_per_floor":[90,90,90,90,90,90,90,83,83,83,83,75,75,75,75,75,54,54,54,54,38,53,53,53,53,54,54,54,54,58,63,68,73,73,73,78,78,73,73,78,78,78,78,78,78,88,93,98,103,108],"gold":237,"neow_bonus":"BOSS_RELIC","is_daily":false,"chose_seed":false,"campfire_upgraded":5,"win_rate":0.0,"timestamp":1612762979,"path_taken":["R","?","?","?","$","E","T","?","$","?","?","E","?","?","M","BOSS","R","?","$","?","?","R","T","R","E","R","?","?","?","E","M","BOSS","R","?","?","?","$","?","T","?","?","R","?","?","?","?","M","BOSS"],"items_purchased_type":["Card","Card","Relic","Card","Card","Relic","Relic","Relic","Card","Relic"],"build_version":"2020-12-22","purchased_purges":3,"victory":true,"max_hp_per_floor":[90,90,90,90,90,90,90,90,90,90,90,90,90,90,90,90,54,54,54,54,54,69,69,69,69,70,70,70,70,74,79,84,89,73,73,78,78,78,78,83,83,83,83,83,83,88,93,98,103,108],"card_choices":[{"not_picked":[],"picked":"Bomb","floor":0},{"not_picked":["champ:EnGarde","champ:FlashCut","champ:Duel"],"picked":"SKIP","floor":2},{"not_picked":["champ:StanceDance","champ:FocusedBerserking"],"picked":"champ:Encircle","floor":4},{"not_picked":["champ:MurderStrike","champ:IgnorePain"],"picked":"champ:FanOfKnives","floor":5},{"not_picked":["champ:BladeFlurry","champ:SkillfulDodge"],"picked":"champ:EnGarde","floor":6},{"not_picked":["champ:PerfectedStrike","champ:Shatter","champ:TornadoPunch"],"picked":"SKIP","floor":9},{"not_picked":["champ:EnGarde","champ:IronFortress"],"picked":"champ:StanceDance","floor":10},{"not_picked":["champ:Haymaker","champ:BerserkersShout"],"picked":"champ:StanceDance","floor":12},{"not_picked":["champ:GutPunch","champ:ShieldSigil"],"picked":"champ:ArenaPreparation","floor":14},{"not_picked":["champ:SkillfulDodge","champ:ShieldSlam","champ:Shatter"],"picked":"SKIP","floor":15},{"not_picked":["champ:MurderStrike","champ:ShieldThrow"],"picked":"champ:HoldFirm","floor":16},{"not_picked":["champ:Backstep+1","champ:PreemptiveStrike","champ:AdrenalArmor"],"picked":"SKIP","floor":26},{"not_picked":["champ:CrookedStrike+1","champ:Circumvent","champ:Shatter"],"picked":"SKIP","floor":30},{"not_picked":["champ:PreciseThrust","champ:GladiatorForm","champ:Circumvent"],"picked":"SKIP","floor":31},{"not_picked":["champ:FanOfKnives","champ:Haymaker","champ:PerfectedStrike"],"picked":"SKIP","floor":32},{"not_picked":["champ:PerfectedStrike+1","champ:Backstep+1","champ:GladiatorStyle+1"],"picked":"SKIP","floor":36},{"not_picked":["champ:CrownThrow","champ:StanceDance"],"picked":"champ:FanOfKnives+1","floor":40},{"not_picked":["champ:Backstep+1","champ:CrookedStrike","champ:IronFortress"],"picked":"SKIP","floor":47},{"not_picked":["champ:FocusedBerserking","champ:RecklessLeap","champ:BerserkersShout+1"],"picked":"SKIP","floor":49}],"player_experience":257229,"relics_obtained":[{"floor":4,"key":"SalivaCoin"},{"floor":6,"key":"TheBible"},{"floor":7,"key":"Ccalipers"},{"floor":12,"key":"testmod-Nyarlathotep"},{"floor":21,"key":"Nilry\u0027s Codex"},{"floor":24,"key":"Old Coin"},{"floor":26,"key":"Pen Nib"},{"floor":26,"key":"reliquary:JackalopeAntler"},{"floor":31,"key":"reliquary:RoseTintedGlasses"},{"floor":31,"key":"testmod-TurbochargingSystem"},{"floor":46,"key":"CaptainsWheel"},{"floor":48,"key":"CatCart"}],"event_choices":[{"damage_healed":0,"gold_gain":0,"player_choice":"塞钱","damage_taken":0,"relics_obtained":["PaintedHorse:ReiMu"],"max_hp_gain":0,"max_hp_loss":0,"event_name":"yidonshenshe","floor":3,"gold_loss":40},{"damage_healed":0,"gold_gain":0,"player_choice":"Success","damage_taken":7,"relics_obtained":["PunchingBag"],"max_hp_gain":0,"max_hp_loss":0,"event_name":"Scrap Ooze","floor":8,"gold_loss":0},{"damage_healed":0,"gold_gain":0,"player_choice":"Swap Relic","damage_taken":0,"relics_obtained":["testmod-Brilliant"],"max_hp_gain":0,"max_hp_loss":0,"event_name":"给自己的盒子","floor":13,"relics_lost":["testmod-KeyOfTheVoid"],"gold_loss":0},{"damage_healed":0,"gold_gain":0,"player_choice":"Fight","damage_taken":0,"max_hp_gain":0,"max_hp_loss":0,"event_name":"OrinTheCat","floor":48,"gold_loss":0}],"is_beta":false,"boss_relics":[{"not_picked":["ExusiaiGun","Empty Cage"],"picked":"Black Star"},{"not_picked":[]},{"not_picked":["energizedSpire:DeadBattery","EasyGame_NEW"],"picked":"xbg"},{"not_picked":[]}],"items_purged_floors":[28,37,43],"is_endless":false,"potions_floor_spawned":[2,4,6,12,14,16,26,32,33,40,46],"ascension_level":0}}