{"host":"c6xy0a74zz7y4nf6","time":1612758473,"event":{"mods":["BaseMod","Colored Map","Hermit","Minty Spire (QoL Compilation)","Replay The Spire","Spire Arcade","StSLib","The Cursed","The Death Knight","The Exalted","The Servant 0.9.4","The Wild Card"],"gold_per_floor":[115,133,133,133,198,198,198],"floor_reached":6,"language":"ENG","playtime":329,"items_purged":[],"score":36,"play_id":"159ce9b4-1263-4086-a68d-d3f5be975c70","local_time":"20210207222753","is_ascension_mode":false,"campfire_choices":[],"circlet_count":0,"master_deck":["Bromod:Strike_Bro","Bromod:Strike_Bro","Bromod:Strike_Bro","Bromod:Defend_Bro","Bromod:Defend_Bro","Bromod:Defend_Bro","Bromod:Defend_Bro","Bromod:SlashDash","Bromod:SlashDash","Bromod:SlashDash","Bromod:PointStrike","Bromod:NoReturn","Hallucinations","Pain","Bromod:PointStrike"],"relics":["Bromod:Ordis","Bromod:AscarisDevice","Bromod:ArcaneTempo","ReplayTheSpireMod:Ring of Challenge","ReplayTheSpireMod:Ring of Collecting","WarpedTongs"],"acts_visited":["Exordium"],"potions_floor_usage":[],"damage_taken":[{"damage":7,"enemies":"2 Louse","floor":1,"turns":3},{"damage":6,"enemies":"Cultist","floor":2,"turns":3},{"damage":18,"enemies":"Small Slimes","floor":5,"turns":5},{"damage":46,"enemies":"3 Sentries","floor":6,"turns":5}],"seed_played":"-8249994066559866028","potions_obtained":[],"is_trial":false,"path_per_floor":["M","M","?","?","M","E"],"character_chosen":"THE_EXALTED","items_purchased":[],"campfire_rested":0,"item_purchase_floors":[],"current_hp_per_floor":[68,62,62,62,44,0,0],"gold":198,"neow_bonus":"RANDOM_COMMON_RELIC","is_daily":false,"chose_seed":false,"campfire_upgraded":0,"win_rate":0.0,"timestamp":1612758473,"path_taken":["M","M","?","?","M","E"],"items_purchased_type":[],"build_version":"2020-12-22","purchased_purges":0,"victory":false,"max_hp_per_floor":[75,75,75,75,75,75,75],"card_choices":[{"not_picked":["Bromod:OrganShatter","Bromod:EnergySiphon"],"picked":"Bromod:PointStrike","floor":1},{"not_picked":["Bromod:TacticalPump","Bromod:Redirection"],"picked":"Bromod:NoReturn","floor":2},{"not_picked":["Bromod:QuickDraw","Bromod:PressurePoint"],"picked":"Bromod:PointStrike","floor":5}],"player_experience":114150,"relics_obtained":[{"floor":3,"key":"ReplayTheSpireMod:Ring of Challenge"},{"floor":3,"key":"ReplayTheSpireMod:Ring of Collecting"}],"event_choices":[{"damage_healed":0,"gold_gain":0,"player_choice":"Rummage","damage_taken":0,"relics_obtained":["WarpedTongs"],"max_hp_gain":0,"max_hp_loss":0,"event_name":"Accursed Blacksmith","floor":4,"gold_loss":0,"cards_obtained":["Pain"]}],"is_beta":false,"boss_relics":[],"items_purged_floors":[],"is_endless":false,"potions_floor_spawned":[],"killed_by":"3 Sentries","ascension_level":0}}