{"host":"995ppxxqmb2p2due","time":1612803180,"event":{"mods":["BaseMod","Downfall","Minty Spire (QoL Compilation)","StSLib"],"gold_per_floor":[349,360,372,382,382,409,409,409,427,437,337,367,367,400,411,510,510,510,531,414,432,21,50,50,74,88,116,141,141,141,141],"floor_reached":29,"language":"ENG","playtime":2131,"items_purged":["downfall:Malfunctioning","hexamod:Defend"],"score":284,"play_id":"4c6738de-444f-4ec8-9f04-d24f01b28dbb","local_time":"20210208115300","is_ascension_mode":false,"campfire_choices":[{"floor":1.0,"key":"RECALL"},{"floor":11,"key":"REST"},{"floor":13,"key":"REST"},{"floor":18,"key":"REST"}],"circlet_count":0,"master_deck":["hexamod:Strike+1","hexamod:Strike+1","hexamod:Strike","hexamod:Strike+1","hexamod:Defend","hexamod:Defend","hexamod:Defend+1","hexamod:Sear+1","hexamod:Float","hexamod:ThermalTransfer","hexamod:NightmareStrike","hexamod:SecondSeal","hexamod:GhostflameBarrier","hexamod:PhantomFireball","hexamod:EmpoweredFlame","hexamod:HeatMetal","hexamod:Hexaguard","hexamod:PhantomCloak","hexamod:WildfireWeapon","hexamod:ExtraCrispy","hexamod:ChargedBarrage","hexamod:SwordOfDarkness","hexamod:TimeOfNeed","hexamod:SkipABeat+1","hexamod:TimeWarp"],"relics":["hexamod:SpiritBrand","Kunai","Oddly Smooth Stone","downfall:HeartBlessingRed","Whetstone","Darkstone Periapt","Fusion Hammer","Ice Cream","Ornamental Fan","Orichalcum"],"acts_visited":["Exordium","TheCity"],"potions_floor_usage":[12,14,16,20,23,23,29],"damage_taken":[{"damage":0.0,"enemies":"Cultist","floor":2.0,"turns":3.0},{"damage":0,"enemies":"Small Slimes","floor":3,"turns":3},{"damage":4,"enemies":"Jaw Worm","floor":4,"turns":4},{"damage":11,"enemies":"Red Slaver","floor":6,"turns":5},{"damage":17,"enemies":"Lots of Slimes","floor":9,"turns":5},{"damage":12,"enemies":"3 Louse","floor":10,"turns":4},{"damage":12,"enemies":"Lagavulin","floor":12,"turns":5},{"damage":12,"enemies":"3 Sentries","floor":14,"turns":6},{"damage":0,"enemies":"2 Fungi Beasts","floor":15,"turns":3},{"damage":29,"enemies":"DF_ARCHETYPE_STREAMLINE","floor":16,"turns":11},{"damage":9,"enemies":"Chosen","floor":19,"turns":5},{"damage":0,"enemies":"downfall:FleeingMerchant","floor":20,"turns":4},{"damage":1,"enemies":"Centurion and Healer","floor":21,"turns":8},{"damage":0,"enemies":"downfall:FleeingMerchant","floor":22,"turns":4},{"damage":12,"enemies":"Book of Stabbing","floor":23,"turns":6},{"damage":0,"enemies":"Cultist and Chosen","floor":26,"turns":5},{"damage":2,"enemies":"Shelled Parasite and Fungi","floor":27,"turns":4},{"damage":10,"enemies":"Chosen and Byrds","floor":28,"turns":5},{"damage":30,"enemies":"Slavers","floor":29,"turns":3}],"seed_played":"4777913386090395352","potions_obtained":[{"floor":9,"key":"BlessingOfTheForge"},{"floor":10,"key":"Regen Potion"},{"floor":12,"key":"Swift Potion"},{"floor":14,"key":"Block Potion"},{"floor":15,"key":"Swift Potion"},{"floor":21,"key":"Weak Potion"},{"floor":23,"key":"Ancient Potion"},{"floor":28,"key":"DuplicationPotion"}],"is_trial":false,"path_per_floor":["R","M","M","M","?","M","T","?","M","M","R","E","R","E","M","B",null,"R","M","$","M","$","E","T","T","M","M","M","E"],"character_chosen":"THE_SPIRIT","items_purchased":["hexamod:ChargedBarrage","Ice Cream"],"campfire_rested":3,"item_purchase_floors":[20,22],"current_hp_per_floor":[63,63,63,59,56,45,45,45,28,16,34,22,40,43,43,14,63,63,54,54,53,53,41,41,41,41,39,29,0,0,0],"gold":141,"neow_bonus":"TWO_FIFTY_GOLD","is_daily":false,"chose_seed":false,"campfire_upgraded":0,"win_rate":0.0,"timestamp":1612803180,"path_taken":["R","M","M","M","?","M","T","?","?","M","R","E","R","E","M","BOSS","R","M","$","M","$","E","T","?","M","?","M","E"],"items_purchased_type":["Card","Relic"],"build_version":"2020-12-22","purchased_purges":2,"victory":false,"max_hp_per_floor":[63,63,63,63,63,63,63,63,63,63,63,63,63,63,63,63,63,63,63,63,63,63,63,63,63,63,63,63,63,63,63],"card_choices":[{"not_picked":["hexamod:InspiringFlames","hexamod:EtherealExpedition"],"picked":"hexamod:ThermalTransfer","floor":2.0},{"not_picked":["hexamod:ShieldOfDarkness","hexamod:InspiringFlames"],"picked":"hexamod:NightmareStrike","floor":3},{"not_picked":["hexamod:RetreatToShadows","hexamod:ThermalTransfer"],"picked":"hexamod:SecondSeal","floor":4},{"not_picked":["hexamod:BacktrackSmack","hexamod:ThermalTransfer"],"picked":"hexamod:GhostflameBarrier","floor":6},{"not_picked":["hexamod:ThermalTransfer","hexamod:NightmareGuise"],"picked":"hexamod:PhantomFireball","floor":9},{"not_picked":["hexamod:Firestarter","hexamod:ShieldOfDarkness"],"picked":"hexamod:EmpoweredFlame","floor":10},{"not_picked":["hexamod:RecurringNightmare","hexamod:BacktrackSmack"],"picked":"hexamod:HeatMetal","floor":12},{"not_picked":["hexamod:HeatMetal","hexamod:Haunt"],"picked":"hexamod:Hexaguard","floor":14},{"not_picked":["hexamod:BurningTouch","hexamod:ThermalTransfer"],"picked":"hexamod:PhantomCloak","floor":15},{"not_picked":["hexamod:GhostflameInferno","hexamod:SearingWound"],"picked":"hexamod:WildfireWeapon","floor":16},{"not_picked":["hexamod:HauntingEcho","hexamod:FastForward","hexamod:InspiringFlames"],"picked":"SKIP","floor":19},{"not_picked":["hexamod:HeatMetal+1","hexamod:RainOfEmbers+1"],"picked":"hexamod:ExtraCrispy","floor":20},{"not_picked":["hexamod:NightmareGuise+1","hexamod:FourthSeal"],"picked":"hexamod:SwordOfDarkness","floor":21},{"not_picked":["hexamod:DynamicBlow","hexamod:GhostShield+1"],"picked":"hexamod:TimeOfNeed","floor":22},{"not_picked":["hexamod:ThermalTransfer","hexamod:NightmareStrike+1","hexamod:ChargedBarrage"],"picked":"SKIP","floor":23},{"not_picked":["hexamod:ThermalTransfer","hexamod:SpectersWail","hexamod:FastForward"],"picked":"SKIP","floor":26},{"not_picked":["hexamod:InspiringFlames","hexamod:EmpoweredFlame"],"picked":"hexamod:SkipABeat+1","floor":27},{"not_picked":["hexamod:GhostOfSpirePast+1","hexamod:Firestarter"],"picked":"hexamod:TimeWarp","floor":28}],"player_experience":114123,"relics_obtained":[{"floor":7,"key":"Oddly Smooth Stone"},{"floor":12,"key":"Whetstone"},{"floor":14,"key":"Darkstone Periapt"},{"floor":23,"key":"Ornamental Fan"},{"floor":25,"key":"Orichalcum"}],"event_choices":[{"damage_healed":0,"gold_gain":0,"player_choice":"Success","damage_taken":3,"relics_obtained":["Kunai"],"max_hp_gain":0,"max_hp_loss":0,"event_name":"Scrap Ooze","floor":5,"gold_loss":0}],"is_beta":false,"boss_relics":[{"not_picked":["Coffee Dripper","SacredBark"],"picked":"Fusion Hammer"}],"items_purged_floors":[20,22],"is_endless":false,"potions_floor_spawned":[9,10,12,14,15,21,23,28],"killed_by":"Slavers","ascension_level":0}}