{"host":"xp27heuvanyklt0b","time":1612781552,"event":{"mods":["100% Spire Juice","BaseMod","CapriCore","Koishi","Lobotomy","Minty Spire (QoL Compilation)","StSLib","The Immortal"],"gold_per_floor":[117,117,129,148,165,45,72,72,72,104,104,17,17,40,40,170,50,70,83,83,99,119,119,119,119],"floor_reached":24,"language":"KOR","playtime":2333,"items_purged":[],"score":208,"play_id":"044048e9-1e02-426d-a021-e6b0a717f1e1","local_time":"20210208195232","is_ascension_mode":false,"campfire_choices":[{"data":"Moonworks:IndiscriminateFireSupport","floor":6,"key":"SMITH"},{"floor":8,"key":"REST"},{"data":"Moonworks:DeployBits","floor":15,"key":"SMITH"},{"floor":23,"key":"REST"}],"circlet_count":0,"master_deck":["Moonworks:Strike","Moonworks:Strike","Moonworks:Strike","Moonworks:Defend","Moonworks:Defend","Moonworks:Defend","Moonworks:Defend","Moonworks:Ambush","Moonworks:LongDistanceShot","Moonworks:EvilSpyWorkPreparation+1","Moonworks:DeployBits+1","Moonworks:WindyEnchantment","Moonworks:IndiscriminateFireSupport+1","Moonworks:CookingTime","Moonworks:CloudOfSeagulls","Moonworks:Heat300Percent","Moonworks:ImOnFire","Moonworks:StarBlastingFuse","Moonworks:JonathanRush+1","Moonworks:NicePresent","Parasite","Moonworks:LulusLuckyEgg+1"],"relics":["Moonworks:BrokenBomb","Moonworks:Homemark","Moonworks:LittleGull","White Beast Statue","Golden Idol","SlaversCollar"],"acts_visited":["Exordium","TheCity"],"potions_floor_usage":[10,16],"damage_taken":[{"damage":0,"enemies":"2 Louse","floor":1,"turns":3},{"damage":1,"enemies":"Jaw Worm","floor":3,"turns":3},{"damage":0,"enemies":"Small Slimes","floor":4,"turns":2},{"damage":17,"enemies":"Exordium Thugs","floor":5,"turns":6},{"damage":35,"enemies":"Lagavulin","floor":7,"turns":7},{"damage":2,"enemies":"3 Sentries","floor":10,"turns":3},{"damage":0,"enemies":"2 Fungi Beasts","floor":14,"turns":1},{"damage":9,"enemies":"Slime Boss","floor":16,"turns":7},{"damage":10,"enemies":"Shell Parasite","floor":18,"turns":6},{"damage":21,"enemies":"2 Thieves","floor":19,"turns":3},{"damage":10,"enemies":"Sentry and Sphere","floor":21,"turns":4},{"damage":0,"enemies":"3 Cultists","floor":22,"turns":2},{"damage":44,"enemies":"Slavers","floor":24,"turns":3}],"seed_played":"-5521634308836104651","potions_obtained":[{"floor":7,"key":"Dexterity Potion"},{"floor":10,"key":"Swift Potion"},{"floor":14,"key":"SteroidPotion"},{"floor":16,"key":"Swift Potion"},{"floor":18,"key":"SteroidPotion"},{"floor":19,"key":"LiquidBronze"},{"floor":21,"key":"ColorlessPotion"},{"floor":22,"key":"Regen Potion"}],"is_trial":false,"path_per_floor":["M","?","M","M","M","R","E","R","T","E","?","$","?","M","R","B",null,"M","M","?","M","M","R","E"],"character_chosen":"THE_STARBREAKER","items_purchased":["Moonworks:CloudOfSeagulls","Moonworks:Heat300Percent"],"campfire_rested":2,"item_purchase_floors":[12,12],"current_hp_per_floor":[60,60,59,59,42,42,7,25,25,23,23,23,43,43,43,37,60,50,34,34,24,24,42,0,0],"gold":119,"neow_bonus":"REMOVE_CARD","is_daily":false,"chose_seed":false,"campfire_upgraded":2,"win_rate":0.0,"timestamp":1612781552,"path_taken":["M","?","M","M","M","R","E","R","T","E","?","$","?","M","R","BOSS","M","M","?","M","M","R","E"],"items_purchased_type":["Card","Card"],"build_version":"2020-12-22","purchased_purges":0,"victory":false,"max_hp_per_floor":[60,60,60,60,60,60,60,60,60,60,60,60,60,60,60,60,60,60,60,60,60,60,60,60,60],"card_choices":[{"not_picked":["Moonworks:NicePresent","Moonworks:MiracleRedBeanIceCream"],"picked":"Moonworks:EvilSpyWorkPreparation","floor":1},{"not_picked":["Moonworks:TreasureThief","Moonworks:JonathanRush"],"picked":"Moonworks:DeployBits","floor":3},{"not_picked":["Moonworks:DeployBits","Moonworks:Assault"],"picked":"Moonworks:WindyEnchantment","floor":4},{"not_picked":["Moonworks:NicePresent","Moonworks:Heat300Percent"],"picked":"Moonworks:IndiscriminateFireSupport","floor":5},{"not_picked":["Moonworks:CastOff","Moonworks:ReproductionOfRecords"],"picked":"Moonworks:SakisCookie","floor":7},{"not_picked":["Moonworks:EvilSpyWorkPreparation","Moonworks:UnluckyCharm"],"picked":"Moonworks:CookingTime","floor":10},{"not_picked":["Moonworks:SakisCookie","Moonworks:ReflectiveShell"],"picked":"Moonworks:ImOnFire","floor":14},{"not_picked":["Moonworks:AnotherUltimateWeapon","Moonworks:MetallicMonocoque"],"picked":"Moonworks:StarBlastingFuse","floor":16},{"not_picked":["Moonworks:CloudOfSeagulls+1","Moonworks:IndiscriminateFireSupport+1","Moonworks:ImOnFire+1"],"picked":"SKIP","floor":18},{"not_picked":["Moonworks:NicePresent","Moonworks:DeployBits+1"],"picked":"Moonworks:JonathanRush+1","floor":19},{"not_picked":["Moonworks:JonathanRush","Moonworks:IndiscriminateFireSupport","Moonworks:EvilSpyWorkPreparation"],"picked":"SKIP","floor":21},{"not_picked":["Moonworks:JonathanRush","Moonworks:FinalSurgery"],"picked":"Moonworks:LulusLuckyEgg+1","floor":22}],"player_experience":173480,"relics_obtained":[{"floor":7,"key":"Moonworks:LittleGull"},{"floor":10,"key":"White Beast Statue"}],"event_choices":[{"damage_healed":0,"gold_gain":0,"player_choice":"Grow","damage_taken":0,"max_hp_gain":0,"max_hp_loss":0,"event_name":"Living Wall","floor":2,"gold_loss":0,"cards_upgraded":["Moonworks:EvilSpyWorkPreparation"]},{"damage_healed":0,"gold_gain":0,"player_choice":"Take Wound","damage_taken":0,"relics_obtained":["Golden Idol"],"max_hp_gain":0,"max_hp_loss":0,"event_name":"Golden Idol","floor":11,"gold_loss":0,"cards_obtained":["Injury"]},{"damage_healed":20,"gold_gain":0,"player_choice":"Banana","damage_taken":0,"max_hp_gain":0,"max_hp_loss":0,"event_name":"Big Fish","floor":13,"gold_loss":0},{"damage_healed":0,"gold_gain":0,"cards_transformed":["Moonworks:SakisCookie","Injury"],"player_choice":"Became Test Subject","damage_taken":0,"max_hp_gain":0,"max_hp_loss":0,"event_name":"Drug Dealer","floor":20,"gold_loss":0,"cards_obtained":["Moonworks:NicePresent","Parasite"]}],"is_beta":false,"boss_relics":[{"not_picked":["Astrolabe","Fusion Hammer"],"picked":"SlaversCollar"}],"items_purged_floors":[],"is_endless":false,"potions_floor_spawned":[7,10,14,16,18,19,21,22],"killed_by":"Slavers","ascension_level":0}}