{"host":"tozr0z1rruzlekts","time":1612768119,"event":{"mods":["BaseMod","Friendly Minions","Minty Spire (QoL Compilation)","StSLib","The Bug Knight"],"gold_per_floor":[109,109,84,94,108,136,153,169,169,169,196,196,208,283,283,385,385,398,432,444,444,444,444],"floor_reached":22,"language":"KOR","playtime":1088,"items_purged":[],"score":221,"play_id":"c4ff955f-6dc8-4cc5-b9b2-c4b007fce8dc","local_time":"20210208160839","is_ascension_mode":false,"campfire_choices":[{"floor":10.0,"key":"REST"},{"data":"HollowMod:SoulEater","floor":12.0,"key":"SMITH"},{"floor":15.0,"key":"REST"}],"circlet_count":0,"master_deck":["HollowMod:NailStrikeStart","HollowMod:NailStrikeStart","HollowMod:NailStrikeStart","HollowMod:NailStrikeStart","HollowMod:QuickDashStart","HollowMod:QuickDashStart","HollowMod:QuickDashStart","HollowMod:QuickDashStart","HollowMod:FocusHealStart","HollowMod:PogoStrike","HollowMod:QuirrelsAssistance","HollowMod:SoulEater+1","Discovery","HollowMod:GoodIntentions","HollowMod:RecoilStrike","HollowMod:VengefulVoid","HollowMod:BaldurShell","HollowMod:MantisMark","HollowMod:HowlingWraiths","HollowMod:FallenFury","HollowMod:SoulStrike","HollowMod:Hiveblood","HollowMod:CloakDash","HollowMod:GreatSlash+1","HollowMod:DoubleDash"],"relics":["HollowMod:VesselMask","NeowsBlessing","Mercury Hourglass","Ginger","Eternal Feather","Philosopher\u0027s Stone","HollowMod:GreatKnightMask","CultistMask"],"acts_visited":["TheCity"],"potions_floor_usage":[22,22,22],"damage_taken":[{"damage":0.0,"enemies":"2 Louse","floor":1.0,"turns":1.0},{"damage":0.0,"enemies":"Cultist","floor":4.0,"turns":1.0},{"damage":0.0,"enemies":"Jaw Worm","floor":5.0,"turns":1.0},{"damage":69.0,"enemies":"3 Sentries","floor":6.0,"turns":14.0},{"damage":2.0,"enemies":"Looter","floor":7.0,"turns":5.0},{"damage":5.0,"enemies":"Exordium Thugs","floor":8.0,"turns":4.0},{"damage":24.0,"enemies":"Gremlin Nob","floor":11.0,"turns":4.0},{"damage":1.0,"enemies":"Exordium Wildlife","floor":13.0,"turns":3.0},{"damage":30.0,"enemies":"Slime Boss","floor":16.0,"turns":8.0},{"damage":48,"enemies":"Chosen","floor":18,"turns":6},{"damage":4,"enemies":"HollowMod:Zote","floor":19,"turns":2},{"damage":29,"enemies":"Spheric Guardian","floor":20,"turns":4},{"damage":49,"enemies":"Chosen and Byrds","floor":22,"turns":4}],"seed_played":"-2117006352166110279","potions_obtained":[{"floor":4.0,"key":"Explosive Potion"},{"floor":5.0,"key":"LiquidBronze"},{"floor":7.0,"key":"SteroidPotion"},{"floor":19,"key":"SteroidPotion"}],"is_trial":false,"path_per_floor":["M","?","$","M","M","E","M","M","T","R","E","R","M","?","R","B",null,"M","?","M","?","M"],"character_chosen":"THE_BUGKNIGHT","items_purchased":["HollowMod:GoodIntentions"],"campfire_rested":2,"item_purchase_floors":[3],"current_hp_per_floor":[75,75,75,75,75,16,20,21,21,43,19,31,30,19,53,29,75,47,43,14,14,0,0],"gold":444,"neow_bonus":"THREE_ENEMY_KILL","is_daily":false,"chose_seed":false,"campfire_upgraded":1,"win_rate":0.0,"timestamp":1612768119,"path_taken":["M","?","$","M","M","E","M","M","T","R","E","R","?","?","R","BOSS","M","?","M","?","?"],"items_purchased_type":["Card"],"build_version":"2020-12-22","purchased_purges":0,"victory":false,"max_hp_per_floor":[75,75,75,75,75,75,75,75,75,75,75,75,75,75,75,75,75,75,75,75,75,75,75],"card_choices":[{"not_picked":["HollowMod:NewLittleFool","HollowMod:HowlingWraiths"],"picked":"HollowMod:QuirrelsAssistance","floor":1.0},{"not_picked":["HollowMod:TaintedHusks","HollowMod:CloakDash"],"picked":"HollowMod:RecoilStrike","floor":4.0},{"not_picked":["HollowMod:HeavyBlow","HollowMod:AbyssShriek"],"picked":"HollowMod:VengefulVoid","floor":5.0},{"not_picked":["HollowMod:WraithStrike","HollowMod:NewJinnsSoul"],"picked":"HollowMod:BaldurShell","floor":6.0},{"not_picked":["HollowMod:GrimmsGift","HollowMod:GoodIntentions"],"picked":"HollowMod:MantisMark","floor":7.0},{"not_picked":["HollowMod:ShadowDash","HollowMod:CloakDash"],"picked":"HollowMod:HowlingWraiths","floor":8.0},{"not_picked":["HollowMod:QuirrelsAssistance","HollowMod:AbyssShriek"],"picked":"HollowMod:FallenFury","floor":11.0},{"not_picked":["HollowMod:ShadowDash","HollowMod:SoulVessel"],"picked":"HollowMod:SoulStrike","floor":13.0},{"not_picked":["HollowMod:AwokenDreamNail","HollowMod:VoidDash"],"picked":"HollowMod:Hiveblood","floor":16.0},{"not_picked":["HollowMod:MantisMark","HollowMod:HowlingWraiths"],"picked":"HollowMod:CloakDash","floor":18},{"not_picked":["HollowMod:NewJinnsSoul+1","HollowMod:SharpenedNail"],"picked":"HollowMod:GreatSlash+1","floor":19},{"not_picked":["HollowMod:NewLittleFool","HollowMod:CycloneSlash"],"picked":"HollowMod:DoubleDash","floor":20}],"player_experience":52796,"relics_obtained":[{"floor":6.0,"key":"Mercury Hourglass"},{"floor":9.0,"key":"Ginger"},{"floor":11.0,"key":"Eternal Feather"},{"floor":19,"key":"HollowMod:GreatKnightMask"}],"event_choices":[{"damage_healed":0.0,"max_hp_gain":0.0,"max_hp_loss":0.0,"gold_gain":0.0,"event_name":"Match and Keep!","player_choice":"2 cards matched","floor":2.0,"gold_loss":0.0,"damage_taken":0.0,"cards_obtained":["HollowMod:SoulEater","Discovery"]},{"damage_healed":0.0,"max_hp_gain":0.0,"max_hp_loss":0.0,"gold_gain":75.0,"event_name":"World of Goop","player_choice":"Gather Gold","floor":14.0,"gold_loss":0.0,"damage_taken":11.0},{"damage_healed":0,"gold_gain":0,"player_choice":"Trade","damage_taken":0,"relics_obtained":["CultistMask"],"max_hp_gain":0,"max_hp_loss":0,"event_name":"FaceTrader","floor":21,"gold_loss":0}],"is_beta":false,"boss_relics":[{"not_picked":["Sozu","Coffee Dripper"],"picked":"Philosopher\u0027s Stone"}],"items_purged_floors":[],"is_endless":false,"potions_floor_spawned":[4,5,7,19],"killed_by":"Chosen and Byrds","ascension_level":0}}