{"host":"19tvufa8xx4wr4o1","time":1612749119,"event":{"mods":["AchievementEnabler","BaseMod","Better Sensory Stone","Better Third Choice","Highlight Path","Minty Spire (QoL Compilation)","Relic Stats","StSLib"],"gold_per_floor":[359,359,32,50,67,92,92,123,423,123,137,137,210,260,260,339,339,353,366,366,366],"floor_reached":20,"language":"ENG","playtime":823,"items_purged":[],"score":319,"play_id":"27981381-44e0-4c27-8c19-a07ce66cc972","local_time":"20210207195159","is_ascension_mode":true,"campfire_choices":[{"floor":7.0,"key":"REST"},{"floor":12.0,"key":"REST"},{"data":"Apotheosis","floor":15.0,"key":"SMITH"}],"circlet_count":0,"master_deck":["AscendersBane","Strike_R","Strike_R","Strike_R","Strike_R","Strike_R","Defend_R","Defend_R","Defend_R","Defend_R","Bash","Rage","Wild Strike","Offering","Rampage","Fire Breathing","Shockwave","Apotheosis+1","Uppercut","Barricade","Inflame"],"relics":["Burning Blood","Paper Frog","Ginger","Charon\u0027s Ashes","Old Coin","SlaversCollar"],"acts_visited":["Exordium","TheCity"],"potions_floor_usage":[],"damage_taken":[{"damage":3.0,"enemies":"2 Louse","floor":1.0,"turns":4.0},{"damage":6.0,"enemies":"Cultist","floor":4.0,"turns":2.0},{"damage":14.0,"enemies":"Small Slimes","floor":5.0,"turns":5.0},{"damage":36.0,"enemies":"Gremlin Nob","floor":6.0,"turns":4.0},{"damage":28.0,"enemies":"3 Sentries","floor":8.0,"turns":5.0},{"damage":11.0,"enemies":"Gremlin Gang","floor":11.0,"turns":4.0},{"damage":38.0,"enemies":"The Guardian","floor":16.0,"turns":11.0},{"damage":26.0,"enemies":"2 Thieves","floor":18.0,"turns":4.0},{"damage":25.0,"enemies":"3 Byrds","floor":19.0,"turns":6.0},{"damage":19,"enemies":"Sentry and Sphere","floor":20,"turns":2}],"seed_played":"7751521456290565867","potions_obtained":[{"floor":5.0,"key":"EssenceOfSteel"},{"floor":6.0,"key":"Energy Potion"},{"floor":8.0,"key":"Dexterity Potion"}],"is_trial":false,"path_per_floor":["M","?","$","M","M","E","R","E","T","$","M","R","?","?","R","B",null,"M","M","M"],"character_chosen":"IRONCLAD","items_purchased":["Paper Frog","Rampage","Apotheosis","Uppercut","Barricade"],"campfire_rested":2,"item_purchase_floors":[3,3,10,10,10],"current_hp_per_floor":[68,68,68,68,60,30,50,28,28,28,23,43,43,43,43,11,54,34,15,0,0],"gold":366,"neow_bonus":"TWO_FIFTY_GOLD","is_daily":false,"chose_seed":false,"campfire_upgraded":1,"win_rate":0.0,"timestamp":1612749119,"path_taken":["M","?","$","M","?","E","R","E","T","$","M","R","?","?","R","BOSS","M","?","M"],"items_purchased_type":["Relic","Card","Card","Card","Card"],"build_version":"2020-12-22","purchased_purges":0,"victory":false,"max_hp_per_floor":[68,68,68,68,68,68,68,68,68,68,68,68,68,68,68,68,68,68,68,68,68],"relic_stats":{"counters":[10,47],"Charon\u0027s Ashes":[90],"Ginger":[3],"obtain_stats":[{"SlaversCollar":17,"Charon\u0027s Ashes":8,"Ginger":6,"Burning Blood":0,"Paper Frog":3,"Old Coin":9},{"SlaversCollar":7,"Charon\u0027s Ashes":5,"Ginger":4,"Burning Blood":0,"Paper Frog":1,"Old Coin":5},{"SlaversCollar":35,"Charon\u0027s Ashes":20,"Ginger":15,"Burning Blood":0,"Paper Frog":4,"Old Coin":20}],"Burning Blood":51},"card_choices":[{"not_picked":["Iron Wave","True Grit"],"picked":"Rage","floor":1.0},{"not_picked":["Wild Strike","Twin Strike","Thunderclap"],"picked":"SKIP","floor":4.0},{"not_picked":["Blood for Blood","Metallicize"],"picked":"Fire Breathing","floor":5.0},{"not_picked":["Headbutt","Shrug It Off"],"picked":"Shockwave","floor":6.0},{"not_picked":["Headbutt","Rampage","Pommel Strike"],"picked":"SKIP","floor":8.0},{"not_picked":["Rage","Heavy Blade","Dual Wield"],"picked":"SKIP","floor":11.0},{"not_picked":["Second Wind","Anger","Havoc"],"picked":"SKIP","floor":18.0},{"not_picked":["Body Slam","Heavy Blade"],"picked":"Inflame","floor":19.0}],"player_experience":629898,"relics_obtained":[{"floor":6.0,"key":"Ginger"},{"floor":8.0,"key":"Charon\u0027s Ashes"},{"floor":9.0,"key":"Old Coin"}],"event_choices":[{"damage_healed":0.0,"max_hp_gain":0.0,"max_hp_loss":0.0,"gold_gain":0.0,"event_name":"Match and Keep!","player_choice":"2 cards matched","floor":2.0,"gold_loss":0.0,"damage_taken":0.0,"cards_obtained":["Wild Strike","Offering"]},{"damage_healed":0.0,"max_hp_gain":0.0,"max_hp_loss":0.0,"gold_gain":73.0,"event_name":"Golden Wing","player_choice":"Gained Gold","floor":13.0,"gold_loss":0.0,"damage_taken":0.0},{"damage_healed":0.0,"max_hp_gain":0.0,"max_hp_loss":0.0,"gold_gain":50.0,"event_name":"Golden Shrine","player_choice":"Pray","floor":14.0,"gold_loss":0.0,"damage_taken":0.0}],"is_beta":false,"boss_relics":[{"not_picked":["Pandora\u0027s Box","Runic Cube"],"picked":"SlaversCollar"}],"items_purged_floors":[],"is_endless":false,"potions_floor_spawned":[5,6,8],"killed_by":"Sentry and Sphere","ascension_level":15}}