{"host":"i73ch23exsqar74a","time":1612800214,"event":{"mods":["AchievementEnabler","Aspiration","Astrologer","Bard","Bartender","BaseMod","Beaked The Cultist","Better Sensory Stone","CCEM2","CapriCore","Challenge The Spire","ChefMod","Chen","Colored Map","Colored Powertips","Conjunction","Conspire","Downfall","Fireblade Mod","FutureSeer","GifTheSpireLib","Glutton Mod","Gremlin Mod","Halation","Hermit","Highlight Path","HololiveMod","Hubris","Infinite Spire","Jedi Mod","Lobotomy","LobotomyExtend","Luminous","Marked Mod","Minty Spire (QoL Compilation)","Prisma Mod","Quarter Circle Forward PUNCH!","Quick Restart","Random Character Button","RatMod","Relic Sorter","Reliquary","Replay The Spire","SOS???????","Shade Mod","Spicy Shops","Spikes Relics","Spire Arcade","StSLib","Stuff the Spire","The Alterego","The Animator","The Bug Knight","The Construct","The Cursed","The Druid","The Exalted","The Immortal","The Judge","The Poker Player","The Sage","The Wild Card","TheHero","TheSwordswoman","TheVacant","TheVelvet","Thieving Mod","Yuri Mod","???Mod??????Boss","???mod?????"],"gold_per_floor":[119,119,139,150,168,168,204,204,251,270,270,312,334,343,343,457,457,481,505,532,532,532,572,572,614,638,638,660,660,660,689,689,795,804,824,845,854,873,894,894,894,894],"floor_reached":41,"language":"ENG","playtime":2208,"items_purged":[],"score":520,"play_id":"a04bd8dd-76b3-4fd5-be0c-7aa9b22ad258","local_time":"20210208200334","is_ascension_mode":false,"campfire_choices":[{"data":"PrismaMod:ChloeExhaustTwo","floor":6.0,"key":"SMITH"},{"data":"PrismaMod:ChloeMordred","floor":8.0,"key":"SMITH"},{"floor":15.0,"key":"REST"},{"data":"PrismaMod:ChloeExcalibur","floor":24.0,"key":"SMITH"},{"floor":27.0,"key":"REST"},{"floor":30.0,"key":"REST"},{"data":"PrismaMod:ChloeCheapAttack","floor":32.0,"key":"SMITH"},{"floor":40,"key":"REST"}],"circlet_count":0,"master_deck":["PrismaMod:ChloeCommonAttack","PrismaMod:ChloeCommonAttack","PrismaMod:ChloeCommonAttack","PrismaMod:ChloeCommonAttack","PrismaMod:ChloeCommonAttack","PrismaMod:ChloeCommonDefend","PrismaMod:ChloeCommonDefend","PrismaMod:ChloeCommonDefend","PrismaMod:ChloeCommonDefend","PrismaMod:ChloeCheapAttack+1","PrismaMod:ChloeCheapDefend","PrismaMod:ChloeExhaustOne+1","PrismaMod:ChloeExhaustTwo+1","PrismaMod:ChloeMordred+1","PrismaMod:ChloeCheapDefend","PrismaMod:ChloeCheapAttack+1","PrismaMod:ChloeCarnivalDefend","PrismaMod:ChloeUncommonAttack","PrismaMod:ChloeExcalibur+1","PrismaMod:ChloeExhaustOne+1","PrismaMod:ChloeExhaustOne+1","PrismaMod:ChloeAnyAttackTrace+1","PrismaMod:ChloeGaeBolg+1","PrismaMod:ChloeDemonicTutor+1","PrismaMod:ChloeMaid+1","PrismaMod:ChloeUncommonDefend+1","PrismaMod:ChloeUncommonAOEAttack","PrismaMod:ChloeCheapDefend+1","PrismaMod:ChloeExhaustTwo+1","PrismaMod:ChloeCarnivalAttack","CurseOfTheBell","PrismaMod:ChloeGaeBolg+1","PrismaMod:ChloeCheapDefendTwo+1","Writhe","PrismaMod:ChloeReshuffleDiscard+1","PrismaMod:ChloeCheapDefendTwo+1"],"relics":["PrismaMod:PrismaTraceOn","LetterFromLob","CeramicFish","reliquary:Buckler","halation:EternalFortune","Toxic Egg 2","hubris:Backtick","aspiration:StickyExplosives","reliquary:WritOfMandamus","sagemod:The_Guidebook_Guide","CCEMRelics:CanOfSoda","ZombieTooth","aspiration:TomeofQuesting","Calling Bell","Nunchaku","CCEMRelics:HeliumBalloon","hubris:BundleOfHerbs"],"acts_visited":["Exordium","TheCity","TheBeyond"],"potions_floor_usage":[],"damage_taken":[{"damage":0.0,"enemies":"2 Louse","floor":1.0,"turns":2.0},{"damage":0.0,"enemies":"Cultist","floor":3.0,"turns":3.0},{"damage":0.0,"enemies":"Small Slimes","floor":4.0,"turns":4.0},{"damage":13.0,"enemies":"Gremlin Gang","floor":5.0,"turns":5.0},{"damage":0.0,"enemies":"Lagavulin","floor":7.0,"turns":3.0},{"damage":9.0,"enemies":"2 Fungi Beasts","floor":10.0,"turns":3.0},{"damage":11.0,"enemies":"3 Sentries","floor":12.0,"turns":6.0},{"damage":4.0,"enemies":"Looter","floor":13.0,"turns":2.0},{"damage":31.0,"enemies":"The Guardian","floor":16.0,"turns":6.0},{"damage":1.0,"enemies":"Chosen","floor":18.0,"turns":3.0},{"damage":1.0,"enemies":"Shell Parasite","floor":19.0,"turns":2.0},{"damage":2.0,"enemies":"Centurion and Healer","floor":20.0,"turns":4.0},{"damage":8.0,"enemies":"Gremlin Leader","floor":23.0,"turns":2.0},{"damage":33.0,"enemies":"Slavers","floor":25.0,"turns":4.0},{"damage":1.0,"enemies":"Snecko","floor":28.0,"turns":3.0},{"damage":0.0,"enemies":"Cultist and Chosen","floor":31.0,"turns":3.0},{"damage":13.0,"enemies":"Champ","floor":33.0,"turns":6.0},{"damage":28,"enemies":"3 Darklings","floor":35,"turns":4},{"damage":13,"enemies":"Orb Walker","floor":36,"turns":2},{"damage":30,"enemies":"Transient","floor":38,"turns":5},{"damage":51,"enemies":"Sphere and 2 Shapes","floor":39,"turns":4},{"damage":38,"enemies":"Nightmare","floor":41,"turns":4}],"seed_played":"-8364203992715204975","potions_obtained":[{"floor":1.0,"key":"champ:CounterPotion"},{"floor":2.0,"key":"jedi:mysterypotion"},{"floor":2.0,"key":"Languid Potion"},{"floor":7.0,"key":"Strength Potion"}],"is_trial":false,"path_per_floor":["M","?","M","M","M","R","E","R","T","M","?","E","M","?","R","B",null,"M","M","M","?","AVR","E","R","E","T","R","M","?","R","M","R","B",null,"M","M","?","M","M","R","NM"],"character_chosen":"CHLOE","items_purchased":[],"campfire_rested":4,"item_purchase_floors":[],"current_hp_per_floor":[75,75,75,75,62,62,62,62,62,53,56,45,41,41,64,33,78,77,79,77,77,77,85,85,52,52,81,80,74,97,97,97,84,97,69,56,80,54,6,35,0,0],"gold":894,"neow_bonus":"THREE_CARDS","is_daily":false,"chose_seed":false,"campfire_upgraded":4,"win_rate":0.0,"timestamp":1612800214,"path_taken":["M","?","?","M","M","R","E","R","T","M","?","E","M","?","R","BOSS","M","M","?","?","AVR","E","R","E","T","R","M","?","R","M","R","BOSS","M","M","?","M","M","R","NM"],"items_purchased_type":[],"build_version":"2020-12-22","purchased_purges":0,"victory":false,"max_hp_per_floor":[75,75,75,75,75,75,75,75,75,75,78,78,78,78,78,78,78,78,81,81,81,81,97,97,97,97,97,97,97,97,97,97,97,97,97,97,97,97,97,97,97,97],"card_choices":[{"not_picked":["PrismaMod:ChloeCommonAOEAttack","PrismaMod:ChloeCheapDefend"],"picked":"PrismaMod:ChloeExhaustOne","floor":0.0},{"not_picked":["PrismaMod:ChloeCheapAttackTwo","PrismaMod:ChloeCheapDefend"],"picked":"PrismaMod:ChloeExhaustTwo","floor":1.0},{"not_picked":["PrismaMod:ChloeCommonAOEAttack","PrismaMod:ChloeDiscardRecovery"],"picked":"PrismaMod:ChloeMordred","floor":3.0},{"not_picked":["PrismaMod:ChloeDiscardRecovery","PrismaMod:ChloeExhaustTwo"],"picked":"PrismaMod:ChloeCheapDefend","floor":4.0},{"not_picked":["PrismaMod:ChloeRuleBreaker","PrismaMod:ChloeExhaustOne"],"picked":"PrismaMod:ChloeCheapAttack","floor":5.0},{"not_picked":["PrismaMod:ChloeExhaustOne","PrismaMod:ChloeCommonAOEAttack"],"picked":"PrismaMod:ChloeCarnivalDefend","floor":7.0},{"not_picked":["PrismaMod:ChloeCheapAttackTwo","PrismaMod:ChloeCheapDefend"],"picked":"PrismaMod:ChloeUncommonAttack","floor":10.0},{"not_picked":["PrismaMod:ChloeMaid+1","PrismaMod:ChloeGaeBolg"],"picked":"PrismaMod:ChloeExcalibur","floor":12.0},{"not_picked":["PrismaMod:ChloeDiscardRecovery+1","PrismaMod:ChloeCheapAttackTwo"],"picked":"PrismaMod:ChloeExhaustOne+1","floor":13.0},{"not_picked":["PrismaMod:ChloeAnyUncommonTrace+1","PrismaMod:ChloeHalloween+1"],"picked":"PrismaMod:ChloeAnyAttackTrace+1","floor":16.0},{"not_picked":["PrismaMod:ChloeUncommonAOEAttack+1","PrismaMod:ChloeCheapDefend+1"],"picked":"PrismaMod:ChloeGaeBolg+1","floor":18.0},{"not_picked":["PrismaMod:ChloeDiscardRecovery+1","PrismaMod:ChloeCheapAttackTwo+1"],"picked":"PrismaMod:ChloeDemonicTutor+1","floor":19.0},{"not_picked":["PrismaMod:ChloeDiscardRecovery+1","PrismaMod:ChloeCheapDefend+1"],"picked":"PrismaMod:ChloeMaid+1","floor":20.0},{"not_picked":["PrismaMod:ChloeCommonAOEAttack","PrismaMod:ChloeCheapAttackTwo"],"picked":"PrismaMod:ChloeUncommonDefend+1","floor":23.0},{"not_picked":["PrismaMod:ChloeCheapAttack","PrismaMod:ChloeDiscardRecovery+1"],"picked":"PrismaMod:ChloeUncommonAOEAttack","floor":25.0},{"not_picked":["PrismaMod:ChloeDiscardRecovery+1","PrismaMod:ChloeUncommonAOEAttack+1"],"picked":"PrismaMod:ChloeCheapDefend+1","floor":28.0},{"not_picked":["PrismaMod:ChloeCheapDefendTwo+1","PrismaMod:ChloeDiscardRecovery+1"],"picked":"PrismaMod:ChloeExhaustTwo+1","floor":31.0},{"not_picked":["PrismaMod:ChloeDoubleRelicSpeed","PrismaMod:ChloeAnyAttackTrace+1"],"picked":"PrismaMod:ChloeCarnivalAttack","floor":33.0},{"not_picked":["PrismaMod:ChloeUncommonAttack","PrismaMod:ChloeDemonicTutor+1"],"picked":"PrismaMod:ChloeGaeBolg+1","floor":35},{"not_picked":["PrismaMod:ChloeChristmas+1","PrismaMod:ChloeCommonAOEAttack+1"],"picked":"PrismaMod:ChloeCheapDefendTwo+1","floor":36},{"not_picked":["PrismaMod:ChloeCheapDefendTwo+1","PrismaMod:ChloeCheapAttackTwo"],"picked":"PrismaMod:ChloeReshuffleDiscard+1","floor":38},{"not_picked":["PrismaMod:ChloeExhaustOne+1","PrismaMod:ChloeUncommonAttack+1"],"picked":"PrismaMod:ChloeCheapDefendTwo+1","floor":39}],"player_experience":1421788,"relics_obtained":[{"floor":1.0,"key":"LetterFromLob"},{"floor":7.0,"key":"CeramicFish"},{"floor":9.0,"key":"reliquary:Buckler"},{"floor":12.0,"key":"Toxic Egg 2"},{"floor":19.0,"key":"halation:EternalFortune"},{"floor":23.0,"key":"CCEMRelics:CanOfSoda"},{"floor":25.0,"key":"ZombieTooth"},{"floor":26.0,"key":"aspiration:TomeofQuesting"},{"floor":34.0,"key":"Nunchaku"},{"floor":34.0,"key":"CCEMRelics:HeliumBalloon"},{"floor":34.0,"key":"hubris:BundleOfHerbs"}],"event_choices":[{"damage_healed":0.0,"max_hp_gain":0.0,"max_hp_loss":0.0,"gold_gain":0.0,"event_name":"Lab","player_choice":"Got Potions","floor":2.0,"gold_loss":0.0,"damage_taken":0.0},{"damage_healed":0.0,"max_hp_gain":0.0,"max_hp_loss":0.0,"gold_gain":0.0,"cards_transformed":["PrismaMod:ChloeCommonDefend"],"event_name":"Transmorgrifier","player_choice":"Transformed","floor":14.0,"gold_loss":0.0,"damage_taken":0.0,"cards_obtained":["PrismaMod:ChloeExhaustOne"]},{"damage_healed":0.0,"max_hp_gain":0.0,"max_hp_loss":0.0,"gold_gain":0.0,"event_name":"Beggar","player_choice":"Ignored","floor":21.0,"gold_loss":0.0,"damage_taken":0.0},{"damage_healed":0.0,"max_hp_gain":0.0,"max_hp_loss":0.0,"gold_gain":0.0,"event_name":"Knowing Skull","player_choice":"","floor":29.0,"potions_obtained":[],"gold_loss":0.0,"damage_taken":6.0,"cards_obtained":[]},{"damage_healed":24,"gold_gain":0,"player_choice":"Writhe","damage_taken":0,"max_hp_gain":0,"max_hp_loss":0,"event_name":"Winding Halls","floor":37,"gold_loss":0,"cards_obtained":["Writhe"]}],"is_beta":false,"boss_relics":[{"not_picked":["halation:ForbiddenBikini","conspire:SeveredTorchhead"],"picked":"hubris:Backtick"},{"not_picked":["reliquary:Craggleroot","StuffTheSpire:RunicConfusion"],"picked":"Calling Bell"}],"items_purged_floors":[],"is_endless":false,"potions_floor_spawned":[1,3,7,19,20,31,39],"killed_by":"Nightmare","ascension_level":0}}