{"host":"Matt","time":1612745133,"event":{"mods":["BaseMod","Bestiary","Colored Powertips","Highlight Path","Minty Spire (QoL Compilation)","Rare Cards Sparkle","Relic Stats","StSLib"],"gold_per_floor":[115,190,207,207,207,235,235,265,313,329,360,373,373,386,386,465,465,485,35,35,35,35,48,48,48],"floor_reached":24,"language":"ENG","playtime":872,"items_purged":["Strike_R"],"score":466,"play_id":"53acbf23-ad5f-415d-9ea8-a389095f4aed","local_time":"20210208004533","is_ascension_mode":true,"campfire_choices":[{"data":"Searing Blow","floor":7,"key":"SMITH"},{"data":"Searing Blow+1","floor":13,"key":"SMITH"},{"data":"Searing Blow+2","floor":15,"key":"SMITH"}],"circlet_count":0,"master_deck":["AscendersBane","Strike_R","Defend_R","Defend_R+1","Defend_R","Defend_R","Bash","Searing Blow+3","Armaments+1","Intimidate","Shrug It Off","Metallicize+1","Armaments+1","Second Wind+1","Seeing Red","Searing Blow+3","Shrug It Off","Necronomicurse"],"relics":["Burning Blood","NeowsBlessing","War Paint","Charon\u0027s Ashes","Meat on the Bone","Tiny Chest","Pantograph","Astrolabe","DollysMirror","Vajra","Necronomicon"],"acts_visited":["Exordium","TheCity"],"potions_floor_usage":[8,11,11,12,23,24],"damage_taken":[{"damage":0,"enemies":"2 Louse","floor":1,"turns":1},{"damage":0,"enemies":"Small Slimes","floor":3,"turns":1},{"damage":0,"enemies":"Lagavulin","floor":6,"turns":1},{"damage":5,"enemies":"3 Sentries","floor":8,"turns":5},{"damage":7,"enemies":"Jaw Worm","floor":10,"turns":2},{"damage":28,"enemies":"Gremlin Nob","floor":11,"turns":4},{"damage":3,"enemies":"Lots of Slimes","floor":12,"turns":4},{"damage":7,"enemies":"2 Fungi Beasts","floor":14,"turns":3},{"damage":45,"enemies":"The Guardian","floor":16,"turns":18},{"damage":10,"enemies":"Shell Parasite","floor":18,"turns":8},{"damage":0,"enemies":"Chosen","floor":23,"turns":2},{"damage":49,"enemies":"Gremlin Leader","floor":24,"turns":4}],"seed_played":"9109819281928820710","potions_obtained":[{"floor":1,"key":"DistilledChaos"},{"floor":8,"key":"EntropicBrew"},{"floor":11,"key":"Ancient Potion"},{"floor":14,"key":"CultistPotion"}],"is_trial":false,"path_per_floor":["M","?","M","?","?","E","R","E","T","M","E","M","R","M","R","B",null,"M","$","?","$","?","M","E"],"character_chosen":"IRONCLAD","items_purchased":["DollysMirror","Shrug It Off","Vajra"],"campfire_rested":0,"item_purchase_floors":[19,19,19],"current_hp_per_floor":[74,63,69,51,75,75,75,75,75,74,52,55,55,54,54,48,68,64,64,43,43,43,49,0,0],"gold":48,"neow_bonus":"THREE_ENEMY_KILL","is_daily":false,"chose_seed":false,"campfire_upgraded":3,"win_rate":0.0,"timestamp":1612745133,"path_taken":["M","?","M","?","?","E","R","E","T","?","E","M","R","M","R","BOSS","M","$","?","$","?","M","E"],"items_purchased_type":["Relic","Card","Relic"],"build_version":"2020-12-18","purchased_purges":1,"victory":false,"max_hp_per_floor":[75,75,75,75,75,75,75,75,75,75,75,75,75,75,75,75,75,75,75,75,75,75,75,75,75],"relic_stats":{"counters":[12,53],"Pantograph":21,"Astrolabe":["Metallicize","Armaments","Second Wind"],"Tiny Chest":0,"Charon\u0027s Ashes":[100],"Necronomicon":[4],"War Paint":["Armaments","Defend_R"],"obtain_stats":[{"NeowsBlessing":0,"DollysMirror":19,"Pantograph":11,"Astrolabe":17,"Vajra":19,"Tiny Chest":9,"Charon\u0027s Ashes":6,"Necronomicon":20,"War Paint":4,"Burning Blood":0,"Meat on the Bone":8},{"NeowsBlessing":0,"DollysMirror":10,"Pantograph":6,"Astrolabe":9,"Vajra":10,"Tiny Chest":4,"Charon\u0027s Ashes":3,"Necronomicon":10,"War Paint":2,"Burning Blood":0,"Meat on the Bone":4},{"NeowsBlessing":0,"DollysMirror":47,"Pantograph":14,"Astrolabe":39,"Vajra":47,"Tiny Chest":8,"Charon\u0027s Ashes":3,"Necronomicon":47,"War Paint":2,"Burning Blood":0,"Meat on the Bone":8}],"Burning Blood":59,"Meat on the Bone":12},"card_choices":[{"not_picked":["Clothesline","Iron Wave"],"picked":"Searing Blow","floor":1},{"not_picked":["Iron Wave","Wild Strike"],"picked":"Armaments","floor":3},{"not_picked":["Twin Strike","Ghostly Armor","Havoc"],"picked":"SKIP","floor":6},{"not_picked":["Havoc","Barricade"],"picked":"Intimidate","floor":8},{"not_picked":["Body Slam","Disarm","Armaments"],"picked":"SKIP","floor":10},{"not_picked":["Berserk","Blood for Blood"],"picked":"Shrug It Off","floor":11},{"not_picked":["Flex","Heavy Blade","True Grit"],"picked":"SKIP","floor":12},{"not_picked":["Pommel Strike","Brutality","Body Slam"],"picked":"SKIP","floor":14},{"not_picked":["Anger","Wild Strike"],"picked":"Seeing Red","floor":18},{"not_picked":["Clash+1","Clothesline","Power Through"],"picked":"SKIP","floor":23}],"player_experience":1079042,"relics_obtained":[{"floor":6,"key":"Charon\u0027s Ashes"},{"floor":8,"key":"Meat on the Bone"},{"floor":9,"key":"Tiny Chest"},{"floor":11,"key":"Pantograph"},{"floor":20,"key":"Necronomicon"}],"event_choices":[{"damage_healed":0,"gold_gain":75,"player_choice":"Gather Gold","damage_taken":11,"max_hp_gain":0,"max_hp_loss":0,"event_name":"World of Goop","floor":2,"gold_loss":0},{"damage_healed":0,"gold_gain":0,"player_choice":"Success","damage_taken":18,"relics_obtained":["War Paint"],"max_hp_gain":0,"max_hp_loss":0,"event_name":"Scrap Ooze","floor":4,"gold_loss":0},{"damage_healed":25,"gold_gain":0,"player_choice":"Banana","damage_taken":0,"max_hp_gain":0,"max_hp_loss":0,"event_name":"Big Fish","floor":5,"gold_loss":0},{"damage_healed":0,"gold_gain":0,"player_choice":"Obtained Book","damage_taken":21,"max_hp_gain":0,"max_hp_loss":0,"event_name":"Cursed Tome","floor":20,"gold_loss":0}],"is_beta":true,"boss_relics":[{"not_picked":["Runic Pyramid","Black Star"],"picked":"Astrolabe"}],"items_purged_floors":[19],"is_endless":false,"potions_floor_spawned":[1,8,11,14],"killed_by":"Gremlin Leader","ascension_level":19}}