{"host":"sxnl403xm2xmiyj1","time":1612779129,"event":{"mods":["AchievementEnabler","BaseMod","Colored Map","Keyboard Shortcuts","Minty Spire (QoL Compilation)","Quick Restart","StSLib","SuperFastMode"],"gold_per_floor":[116,116,135,148,148,176,176,201,283,283,297,297,397,425,425,521,521,534,36,36,52,4,39,39,54,54,54,87,12,24,35,35,130,130,140,140,140,190,24,50,67,67,120,160,172,218,246,34,34,34,34,34,16,42,42],"floor_reached":56,"language":"KOR","playtime":1327,"items_purged":["Bash"],"score":1985,"play_id":"e1e555f6-b2f5-48e4-b857-3fc20e73b2e0","local_time":"20210208191209","is_ascension_mode":true,"campfire_choices":[{"data":"Apotheosis","floor":7.0,"key":"SMITH"},{"floor":10.0,"key":"REST"},{"data":"Disarm","floor":12.0,"key":"SMITH"},{"data":"Disarm","floor":15.0,"key":"SMITH"},{"floor":24.0,"key":"RECALL"},{"floor":32.0,"key":"REST"},{"floor":45.0,"key":"REST"},{"floor":49.0,"key":"REST"},{"floor":52.0,"key":"REST"}],"circlet_count":0,"master_deck":["AscendersBane","Strike_R","Strike_R","Strike_R","Strike_R","Defend_R","Defend_R","Defend_R+1","Defend_R","Apotheosis+1","Shrug It Off+1","Wild Strike","Disarm+1","Perfected Strike","Wild Strike","Disarm+1","Exhume","Headbutt","Double Tap","Metallicize","Wild Strike","Perfected Strike","Fiend Fire","Twin Strike","Fire Breathing","Juggernaut","Burning Pact","Intimidate","Flash of Steel","Perfected Strike+1","True Grit+1","Panache","Flash of Steel","Flash of Steel","Evolve+1","Twin Strike","Dark Embrace","Metallicize+1"],"relics":["Burning Blood","CaptainsWheel","War Paint","Matryoshka","PreservedInsect","Fusion Hammer","Gambling Chip","Ornamental Fan","Anchor","Bird Faced Urn","Mercury Hourglass","Snecko Eye","Dead Branch","Mummified Hand","MawBank","Lantern","Paper Frog","Membership Card","Bag of Preparation","Mango"],"acts_visited":["Exordium","TheCity","TheBeyond","TheEnding"],"potions_floor_usage":[55,55],"damage_taken":[{"damage":0.0,"enemies":"Small Slimes","floor":1.0,"turns":4.0},{"damage":0.0,"enemies":"Cultist","floor":3.0,"turns":4.0},{"damage":4.0,"enemies":"Jaw Worm","floor":4.0,"turns":4.0},{"damage":42.0,"enemies":"3 Sentries","floor":6.0,"turns":12.0},{"damage":17.0,"enemies":"Lagavulin","floor":8.0,"turns":7.0},{"damage":3.0,"enemies":"3 Louse","floor":11.0,"turns":4.0},{"damage":11.0,"enemies":"Gremlin Nob","floor":14.0,"turns":4.0},{"damage":21.0,"enemies":"Slime Boss","floor":16.0,"turns":8.0},{"damage":0.0,"enemies":"Chosen","floor":18.0,"turns":4.0},{"damage":13.0,"enemies":"2 Thieves","floor":21.0,"turns":4.0},{"damage":6.0,"enemies":"Book of Stabbing","floor":23.0,"turns":5.0},{"damage":7.0,"enemies":"3 Cultists","floor":25.0,"turns":6.0},{"damage":1.0,"enemies":"Gremlin Leader","floor":28.0,"turns":6.0},{"damage":4.0,"enemies":"Snake Plant","floor":30.0,"turns":3.0},{"damage":0.0,"enemies":"Sentry and Sphere","floor":31.0,"turns":4.0},{"damage":77.0,"enemies":"Automaton","floor":33.0,"turns":8.0},{"damage":7.0,"enemies":"3 Darklings","floor":35.0,"turns":4.0},{"damage":0.0,"enemies":"Mind Bloom Boss Battle","floor":38.0,"turns":2.0},{"damage":32.0,"enemies":"Reptomancer","floor":40.0,"turns":5.0},{"damage":4.0,"enemies":"3 Shapes","floor":41.0,"turns":3.0},{"damage":19.0,"enemies":"Nemesis","floor":44.0,"turns":5.0},{"damage":1.0,"enemies":"Giant Head","floor":46.0,"turns":6.0},{"damage":7.0,"enemies":"Spire Growth","floor":47.0,"turns":3.0},{"damage":46.0,"enemies":"Awakened One","floor":50.0,"turns":7.0},{"damage":0.0,"enemies":"Shield and Spear","floor":54.0,"turns":2.0},{"damage":102,"enemies":"The Heart","floor":55,"turns":9}],"seed_played":"-5261390777817436769","potions_obtained":[{"floor":3.0,"key":"ElixirPotion"},{"floor":4.0,"key":"Dexterity Potion"},{"floor":16.0,"key":"DuplicationPotion"},{"floor":28.0,"key":"Dexterity Potion"},{"floor":30.0,"key":"ColorlessPotion"},{"floor":33.0,"key":"EssenceOfSteel"},{"floor":35.0,"key":"GamblersBrew"},{"floor":54.0,"key":"ColorlessPotion"}],"is_trial":false,"path_per_floor":["M","?","M","M","?","E","R","E","T","R","M","R","?","E","R","B",null,"M","$","?","M","$","E","R","M","T","?","E","$","M","M","R","B",null,"M","?","?","?","$","E","M","?","T","E","R","E","M","$","R","B",null,"R","$","E","B",null],"character_chosen":"IRONCLAD","items_purchased":["Gambling Chip","Double Tap","Metallicize","Perfected Strike","Intimidate","Flash of Steel","Membership Card","Bag of Preparation","Dark Embrace"],"campfire_rested":5,"item_purchase_floors":[19,19,19,22,39,39,48,48,53],"current_hp_per_floor":[57,57,63,65,65,29,29,18,18,42,45,45,45,40,40,25,66,72,72,72,65,65,65,65,64,64,49,56,56,60,70,85,16,68,71,71,71,81,81,61,69,59,59,56,81,85,85,85,85,65,80,85,85,99,18],"gold":42,"neow_bonus":"RANDOM_COLORLESS_2","is_daily":false,"chose_seed":false,"campfire_upgraded":3,"win_rate":0.0,"timestamp":1612779129,"path_taken":["M","?","M","?","?","E","R","E","T","R","M","R","?","E","R","BOSS","M","$","?","M","?","E","R","M","T","?","E","$","M","M","R","BOSS","M","?","?","?","$","E","?","?","T","E","R","E","M","?","R","BOSS","R","$","E","BOSS"],"items_purchased_type":["Relic","Card","Card","Card","Card","Card","Relic","Relic","Card"],"build_version":"2020-12-22","purchased_purges":1,"victory":true,"max_hp_per_floor":[80,80,80,80,80,80,80,80,80,80,80,80,80,80,80,80,80,80,80,80,80,80,80,80,80,80,85,85,85,85,85,85,85,85,85,85,85,85,85,85,85,85,85,85,85,85,85,85,85,85,85,85,85,99,99],"card_choices":[{"not_picked":["Thinking Ahead","Secret Weapon"],"picked":"Apotheosis","floor":0.0},{"not_picked":["Heavy Blade","Warcry"],"picked":"Shrug It Off","floor":1.0},{"not_picked":["Clothesline","Shrug It Off"],"picked":"Wild Strike","floor":3.0},{"not_picked":["Clothesline","Battle Trance"],"picked":"Disarm","floor":4.0},{"not_picked":["Iron Wave","Second Wind"],"picked":"Perfected Strike","floor":6.0},{"not_picked":["Heavy Blade","Intimidate"],"picked":"Wild Strike","floor":8.0},{"not_picked":["Spot Weakness","Heavy Blade"],"picked":"Disarm","floor":11.0},{"not_picked":["Infernal Blade","Rage","Feed"],"picked":"SKIP","floor":14.0},{"not_picked":["Berserk","Demon Form"],"picked":"Exhume","floor":16.0},{"not_picked":["Rupture+1","Spot Weakness"],"picked":"Headbutt","floor":18.0},{"not_picked":["Iron Wave","Shockwave"],"picked":"Wild Strike","floor":21.0},{"not_picked":["Dual Wield+1","Headbutt","Heavy Blade+1"],"picked":"SKIP","floor":23.0},{"not_picked":["Dual Wield","Thunderclap"],"picked":"Fiend Fire","floor":25.0},{"not_picked":["Body Slam+1","Dual Wield"],"picked":"Twin Strike","floor":28.0},{"not_picked":["Cleave","Power Through"],"picked":"Fire Breathing","floor":30.0},{"not_picked":["Dropkick","Sentinel"],"picked":"Fiend Fire","floor":31.0},{"not_picked":["Demon Form","Feed"],"picked":"Juggernaut","floor":33.0},{"not_picked":["Uppercut","Infernal Blade"],"picked":"Burning Pact","floor":35.0},{"not_picked":["Shrug It Off+1","Headbutt+1"],"picked":"Perfected Strike+1","floor":40.0},{"not_picked":["Sword Boomerang+1","Dual Wield+1"],"picked":"True Grit+1","floor":41.0},{"not_picked":["Master of Strategy","Blind"],"picked":"Panache","floor":42.0},{"not_picked":["Blind","Jack Of All Trades"],"picked":"Flash of Steel","floor":42.0},{"not_picked":["Trip","Discovery"],"picked":"Flash of Steel","floor":42.0},{"not_picked":["Dropkick","Clash"],"picked":"Evolve+1","floor":44.0},{"not_picked":["Iron Wave","Dropkick+1","Immolate"],"picked":"SKIP","floor":46.0},{"not_picked":["Hemokinesis+1","True Grit+1"],"picked":"Twin Strike","floor":47.0},{"not_picked":["Wild Strike+1","Clothesline+1"],"picked":"Metallicize+1","floor":54.0}],"player_experience":201649,"relics_obtained":[{"floor":6.0,"key":"CaptainsWheel"},{"floor":8.0,"key":"War Paint"},{"floor":9.0,"key":"Matryoshka"},{"floor":14.0,"key":"PreservedInsect"},{"floor":23.0,"key":"Ornamental Fan"},{"floor":26.0,"key":"Anchor"},{"floor":26.0,"key":"Bird Faced Urn"},{"floor":28.0,"key":"Mercury Hourglass"},{"floor":38.0,"key":"Dead Branch"},{"floor":40.0,"key":"Mummified Hand"},{"floor":43.0,"key":"MawBank"},{"floor":44.0,"key":"Lantern"},{"floor":46.0,"key":"Paper Frog"},{"floor":54.0,"key":"Mango"}],"event_choices":[{"cards_removed":["Strike_R"],"damage_healed":0.0,"max_hp_gain":0.0,"max_hp_loss":0.0,"gold_gain":0.0,"event_name":"Bonfire Elementals","player_choice":"Offered Basic","floor":2.0,"gold_loss":0.0,"damage_taken":0.0},{"damage_healed":0.0,"max_hp_gain":0.0,"max_hp_loss":0.0,"gold_gain":0.0,"event_name":"Liars Game","player_choice":"Ignored","floor":5.0,"gold_loss":0.0,"damage_taken":0.0},{"damage_healed":0.0,"max_hp_gain":0.0,"max_hp_loss":0.0,"gold_gain":100.0,"event_name":"Golden Shrine","player_choice":"Pray","floor":13.0,"gold_loss":0.0,"damage_taken":0.0},{"damage_healed":0.0,"max_hp_gain":5.0,"max_hp_loss":0.0,"gold_gain":0.0,"event_name":"Forgotten Altar","player_choice":"Shed Blood","floor":27.0,"gold_loss":0.0,"damage_taken":20.0},{"cards_removed":["Fiend Fire"],"damage_healed":0.0,"max_hp_gain":0.0,"max_hp_loss":0.0,"gold_gain":0.0,"event_name":"Falling","player_choice":"Removed Attack","floor":36.0,"gold_loss":0.0,"damage_taken":0.0},{"damage_healed":0.0,"max_hp_gain":0.0,"max_hp_loss":0.0,"gold_gain":0.0,"event_name":"Tomb of Lord Red Mask","player_choice":"Ignored","floor":37.0,"gold_loss":0.0,"damage_taken":0.0},{"damage_healed":0.0,"max_hp_gain":0.0,"max_hp_loss":0.0,"gold_gain":0.0,"event_name":"MindBloom","player_choice":"Fight","floor":38.0,"gold_loss":0.0,"damage_taken":0.0},{"damage_healed":0.0,"max_hp_gain":0.0,"max_hp_loss":0.0,"gold_gain":0.0,"event_name":"SensoryStone","player_choice":"Memory 3","floor":42.0,"gold_loss":0.0,"damage_taken":10.0}],"is_beta":false,"boss_relics":[{"not_picked":["Busted Crown","Velvet Choker"],"picked":"Fusion Hammer"},{"not_picked":["SlaversCollar","Black Blood"],"picked":"Snecko Eye"}],"items_purged_floors":[29],"is_endless":false,"potions_floor_spawned":[3,4,16,28,30,31,33,35,47,54],"ascension_level":11}}