{"host":"nptej036rrbiurf5","time":1612761550,"event":{"mods":["BaseMod","Colored Map","Colored Powertips","DeckTracker","Minty Spire (QoL Compilation)","StSLib","SuperFastMode"],"gold_per_floor":[110,126,141,73,92,92,92,92,117,134,164,125,137,137,137,242,242,257,267,286,47,47,81,98,98,98,109,109,109,128,146,146,146,146],"floor_reached":33,"language":"KOR","playtime":695,"items_purged":["Defend_R"],"score":271,"play_id":"b0043553-4219-473e-ac63-f6289d995a44","local_time":"20210208141910","is_ascension_mode":false,"campfire_choices":[{"data":"Perfected Strike","floor":6.0,"key":"SMITH"},{"data":"Bash","floor":8.0,"key":"SMITH"},{"data":"Burning Pact","floor":15.0,"key":"SMITH"},{"floor":25,"key":"REST"},{"floor":29,"key":"REST"},{"floor":32,"key":"REST"}],"circlet_count":0,"master_deck":["Strike_R","Strike_R","Strike_R","Strike_R","Strike_R","Defend_R","Defend_R","Defend_R","Bash+1","Perfected Strike+1","Wild Strike","Perfected Strike+1","Pommel Strike","Armaments","Twin Strike","Havoc+1","Flame Barrier","Burning Pact+1","Offering","Dark Embrace+1","Second Wind","Twin Strike+1","Feel No Pain","Trip","Shrug It Off","Perfected Strike","Battle Trance+1"],"relics":["Burning Blood"],"acts_visited":["Exordium","TheCity"],"potions_floor_usage":[31,33],"damage_taken":[{"damage":11.0,"enemies":"Jaw Worm","floor":1.0,"turns":2.0},{"damage":6.0,"enemies":"Cultist","floor":2.0,"turns":3.0},{"damage":0.0,"enemies":"Small Slimes","floor":3.0,"turns":2.0},{"damage":0.0,"enemies":"Looter","floor":5.0,"turns":3.0},{"damage":18.0,"enemies":"Gremlin Gang","floor":10.0,"turns":4.0},{"damage":9.0,"enemies":"3 Sentries","floor":11.0,"turns":5.0},{"damage":0.0,"enemies":"Large Slime","floor":13.0,"turns":3.0},{"damage":22.0,"enemies":"The Guardian","floor":16.0,"turns":8.0},{"damage":5.0,"enemies":"Chosen","floor":18.0,"turns":3.0},{"damage":34.0,"enemies":"Shell Parasite","floor":19.0,"turns":4.0},{"damage":11.0,"enemies":"Cultist and Chosen","floor":20.0,"turns":3.0},{"damage":43,"enemies":"Slavers","floor":23,"turns":5},{"damage":7,"enemies":"Snecko","floor":24,"turns":4},{"damage":16,"enemies":"Centurion and Healer","floor":27,"turns":5},{"damage":40,"enemies":"Shelled Parasite and Fungi","floor":30,"turns":4},{"damage":5,"enemies":"Sentry and Sphere","floor":31,"turns":3},{"damage":62,"enemies":"Champ","floor":33,"turns":8}],"seed_played":"4914199333703469895","potions_obtained":[{"floor":1.0,"key":"ColorlessPotion"},{"floor":3.0,"key":"SkillPotion"},{"floor":10.0,"key":"Fire Potion"},{"floor":18.0,"key":"SmokeBomb"},{"floor":30,"key":"DistilledChaos"},{"floor":31,"key":"AttackPotion"}],"is_trial":false,"path_per_floor":["M","M","M","$","M","R","?","R","T","M","E","$","M","?","R","B",null,"M","M","M","$","?","E","M","R","T","M","?","R","M","M","R","B"],"character_chosen":"IRONCLAD","items_purchased":["Pommel Strike","Armaments","Burning Pact","Feel No Pain","Trip"],"campfire_rested":3,"item_purchase_floors":[4,4,12,21,21],"current_hp_per_floor":[83,83,88,88,88,88,88,88,88,76,73,73,79,79,79,63,88,88,60,55,55,55,18,17,43,43,33,33,59,25,26,52,0,0],"gold":146,"neow_bonus":"TEN_PERCENT_HP_BONUS","is_daily":false,"chose_seed":false,"campfire_upgraded":3,"win_rate":0.0,"timestamp":1612761550,"path_taken":["M","M","M","$","M","R","?","R","T","M","E","?","M","?","R","BOSS","M","M","?","$","?","E","M","R","T","M","?","R","M","M","R","BOSS"],"items_purchased_type":["Card","Card","Card","Card","Card"],"build_version":"2020-12-22","purchased_purges":1,"victory":false,"max_hp_per_floor":[88,88,88,88,88,88,88,88,88,88,88,88,88,88,88,88,88,88,88,88,88,88,88,88,88,88,88,88,88,88,88,88,88,88],"card_choices":[{"not_picked":["Shrug It Off","Dual Wield"],"picked":"Perfected Strike","floor":1.0},{"not_picked":["True Grit","Flex"],"picked":"Wild Strike","floor":2.0},{"not_picked":["Twin Strike","Second Wind"],"picked":"Perfected Strike","floor":3.0},{"not_picked":["Reckless Charge","Anger"],"picked":"Twin Strike","floor":5.0},{"not_picked":["Blood for Blood","Iron Wave"],"picked":"Havoc","floor":10.0},{"not_picked":["Bludgeon","Intimidate"],"picked":"Flame Barrier","floor":11.0},{"not_picked":["Iron Wave","Thunderclap","Anger"],"picked":"SKIP","floor":13.0},{"not_picked":["Bludgeon","Brutality"],"picked":"Offering","floor":16.0},{"not_picked":["True Grit+1","Blood for Blood+1"],"picked":"Dark Embrace+1","floor":18.0},{"not_picked":["Pommel Strike","Infernal Blade"],"picked":"Second Wind","floor":19.0},{"not_picked":["Clothesline","Spot Weakness"],"picked":"Twin Strike+1","floor":20.0},{"not_picked":["Warcry","Twin Strike"],"picked":"Shrug It Off","floor":23},{"not_picked":["Inflame","Fiend Fire","Blood for Blood"],"picked":"SKIP","floor":24},{"not_picked":["Iron Wave","Dark Embrace"],"picked":"Perfected Strike","floor":27},{"not_picked":["Anger","Heavy Blade","Thunderclap"],"picked":"SKIP","floor":30},{"not_picked":["Entrench","Infernal Blade"],"picked":"Battle Trance+1","floor":31}],"player_experience":908815,"relics_obtained":[],"event_choices":[{"damage_healed":0.0,"max_hp_gain":0.0,"max_hp_loss":0.0,"gold_gain":0.0,"event_name":"Upgrade Shrine","player_choice":"Upgraded","floor":7.0,"gold_loss":0.0,"damage_taken":0.0,"cards_upgraded":["Perfected Strike"]},{"damage_healed":0.0,"max_hp_gain":0.0,"max_hp_loss":0.0,"gold_gain":0.0,"event_name":"Upgrade Shrine","player_choice":"Upgraded","floor":14.0,"gold_loss":0.0,"damage_taken":0.0,"cards_upgraded":["Havoc"]},{"damage_healed":0.0,"max_hp_gain":0.0,"max_hp_loss":0.0,"gold_gain":0.0,"event_name":"Vampires","player_choice":"Ignored","floor":22.0,"gold_loss":0.0,"damage_taken":0.0},{"damage_healed":0,"gold_gain":0,"player_choice":"Ignored","damage_taken":0,"max_hp_gain":0,"max_hp_loss":0,"event_name":"The Mausoleum","floor":28,"gold_loss":0}],"is_beta":false,"boss_relics":[{"not_picked":["Runic Dome","Velvet Choker","Sozu"]}],"items_purged_floors":[21],"is_endless":false,"potions_floor_spawned":[1,3,10,18,30,31],"killed_by":"Champ","ascension_level":0}}