{"host":"55pw4wkcpu7yyu5e","time":1612759886,"event":{"mods":["AchievementEnabler","Aspiration","BaseMod","Colored Powertips","Conspire","Downfall","Hermit","Hubris","Infinite Spire","Minty Spire (QoL Compilation)","Quick Restart","Rare Cards Sparkle","Replay The Spire","Spicy Shops","StSLib","The Cursed","The Servant 0.9.4"],"gold_per_floor":[116,75,86,100,119,154,169,199,199,224,224,250,72,86,86,183,233,158,186,186,186,186,197,397,425,425,441,441,358,358,372,390,401,401,505,505,525,525,525,525,436,466,466,466,466],"floor_reached":44,"language":"ENG","playtime":7270,"items_purged":["TheCursedMod:Defend_TheCursed"],"score":563,"play_id":"8b9de535-2e53-4576-a3fc-5258837064c7","local_time":"20210208045126","is_ascension_mode":false,"campfire_choices":[{"floor":15,"key":"REST"},{"floor":30,"key":"REST"},{"data":"TheCursedMod:VoidForm","floor":34,"key":"SMITH"},{"data":"TheCursedMod:ManaBullet","floor":34,"key":"SMITH"},{"data":"TheCursedMod:CleanUpWorkshop","floor":43,"key":"SMITH"},{"data":"TheCursedMod:SmokeScreen","floor":43,"key":"SMITH"}],"circlet_count":0,"master_deck":["TheCursedMod:Strike_TheCursed","TheCursedMod:Strike_TheCursed","TheCursedMod:Defend_TheCursed","TheCursedMod:Defend_TheCursed","TheCursedMod:CursedWand","TheCursedMod:CleanUpWorkshop+1","TheCursedMod:Dregs","TheCursedMod:TroublousMinions","TheCursedMod:CursedBoomerang","TheCursedMod:Torture","TheCursedMod:CursedShiv","TheCursedMod:CursedAmulet","TheCursedMod:DoubleShield","TheCursedMod:SmokeScreen+1","TheCursedMod:WearCloak","TheCursedMod:CursedAmulet","TheCursedMod:VoidForm+1","TheCursedMod:SoulReap+1","TheCursedMod:AshesToAshes","ReplayTheSpireMod:Stacked","TheCursedMod:ManaBullet+1","TheCursedMod:Grudge","TheCursedMod:Stretching","TheCursedMod:TacticalStrike+1","TheCursedMod:AntiAging","TheCursedMod:StingEye+1","TheCursedMod:WearCloak","TheCursedMod:CursedSpellbook","TheCursedMod:BlessingInDisguise","TheCursedMod:OutForBlood","TheCursedMod:CursedBoomerang+1","TheCursedMod:SmokeScreen+1","TheCursedMod:HellfireBreathing+1","TheCursedMod:CursedSpellbook","Spreading Infection","infinitespire:FutureSight","infinitespire:SealOfDarkness+","TheCursedMod:Torture","TheCursedMod:StingEye+1"],"relics":["TheCursedMod:BlackMagic101","aspiration:Nostalgia","m_BronzeBlood","hubris:Spice","Ice Cream","Replay:Wax Seal","infinitespire:Beetle Shell","Replay:Mystery Machine","Tiny House","Red Mask","hubris:BottledRain","Replay:Arrowhead","conspire:DecoderRing","hubris:DeckOfHolding","Astrolabe","ReplayTheSpireMod:Ring of Collecting","ReplayTheSpireMod:Ring of Exchange","aspiration:SeaSaltIceCream","aspiration:Nostalgia","Replay:M_StaffOfTheSnake","hubris:Icosahedron","Gremlin Food"],"acts_visited":["Exordium","TheCity","TheBeyond"],"potions_floor_usage":[6,10,10,19,25,31,31,33,42,44,44],"damage_taken":[{"damage":0,"enemies":"Cultist","floor":1,"turns":4},{"damage":0,"enemies":"Jaw Worm","floor":3,"turns":4},{"damage":8,"enemies":"2 Louse","floor":4,"turns":3},{"damage":7,"enemies":"Red Slaver","floor":5,"turns":4},{"damage":32,"enemies":"Gremlin Nob","floor":6,"turns":5},{"damage":0,"enemies":"Large Slime","floor":7,"turns":9},{"damage":8,"enemies":"3 Sentries","floor":8,"turns":12},{"damage":13,"enemies":"Gremlin Nob","floor":10,"turns":7},{"damage":13,"enemies":"Lagavulin","floor":12,"turns":8},{"damage":8,"enemies":"Exordium Wildlife","floor":14,"turns":5},{"damage":28,"enemies":"Hexaghost","floor":16,"turns":12},{"damage":0,"enemies":"2 Thieves","floor":18,"turns":5},{"damage":37,"enemies":"Masked Bandits","floor":19,"turns":7},{"damage":18,"enemies":"3 Byrds","floor":23,"turns":6},{"damage":51,"enemies":"Nightmare","floor":25,"turns":8},{"damage":0,"enemies":"Snecko","floor":27,"turns":1},{"damage":15,"enemies":"Snake Plant","floor":29,"turns":6},{"damage":16,"enemies":"Chosen and Byrds","floor":31,"turns":7},{"damage":0,"enemies":"conspire:HollyBat","floor":32,"turns":7},{"damage":22,"enemies":"3 Cultists","floor":33,"turns":5},{"damage":38,"enemies":"Automaton","floor":35,"turns":9},{"damage":48,"enemies":"3 Shapes","floor":37,"turns":4},{"damage":9,"enemies":"3 Darklings","floor":41,"turns":3},{"damage":20,"enemies":"R_Hoarder","floor":42,"turns":6},{"damage":100,"enemies":"Transient","floor":44,"turns":4}],"seed_played":"-3249456052790812300","potions_obtained":[{"floor":3,"key":"Dexterity Potion"},{"floor":4,"key":"SkillPotion"},{"floor":7,"key":"FearPotion"},{"floor":8,"key":"Swift Potion"},{"floor":10,"key":"Ancient Potion"},{"floor":12,"key":"Guardian:BlockOnCardUsePotion"},{"floor":17,"key":"Languid Potion"},{"floor":25,"key":"Swift Potion"},{"floor":29,"key":"Guardian:BlockOnCardUsePotion"},{"floor":31,"key":"Adrenaline Potion"},{"floor":32,"key":"Dexterity Potion"},{"floor":33,"key":"SpeedPotion"},{"floor":35,"key":"SkillPotion"},{"floor":37,"key":"champ:CounterPotion"}],"is_trial":false,"path_per_floor":["M","$","M","M","M","E","M","E","T","E","?","E","$","M","R","B",null,"M","?","T","PTL","PTL","M","?","NM","AVR","M","T","M","R","M","M","M","R","B",null,"M","?","AVR","?","M","E","R","M"],"character_chosen":"THE_CURSED","items_purchased":["TheCursedMod:CursedBoomerang","Replay:Mystery Machine","TheCursedMod:SoulReap"],"campfire_rested":2,"item_purchase_floors":[2,13,13],"current_hp_per_floor":[75,75,75,73,72,54,60,58,58,51,51,44,44,54,78,66,88,88,61,61,61,61,58,58,27,27,33,33,26,53,84,92,76,76,94,94,62,62,62,62,59,79,79,0,0],"gold":466,"neow_bonus":"NOSTALGIA","is_daily":false,"chose_seed":false,"campfire_upgraded":4,"win_rate":0.0,"timestamp":1612759886,"path_taken":["M","?","M","M","?","E","M","E","T","E","?","E","$","?","R","BOSS","M","?","?","PTL","PTL","M","?","NM","AVR","M","T","?","R","M","M","M","R","BOSS","M","?","AVR","?","M","E","R","M"],"items_purchased_type":["Card","Relic","Card"],"build_version":"2020-12-22","purchased_purges":1,"victory":false,"max_hp_per_floor":[75,75,75,75,75,83,83,83,83,83,83,83,83,83,83,83,88,88,88,88,88,88,88,88,88,88,88,88,90,90,92,92,92,92,94,94,94,94,94,94,94,94,94,94,94],"card_choices":[{"not_picked":["TheCursedMod:FuryStrike","bronze:BuggyMess"],"picked":"TheCursedMod:TroublousMinions","floor":1},{"not_picked":["TheCursedMod:CircleOfCorruption","TheCursedMod:CircleOfBlood"],"picked":"TheCursedMod:Torture","floor":3},{"not_picked":["bronze:Shield","bronze:BuggyMess"],"picked":"TheCursedMod:CursedShiv","floor":4},{"not_picked":["TheCursedMod:CursedMace","TheCursedMod:SpitefulPlan"],"picked":"TheCursedMod:CursedAmulet","floor":5},{"not_picked":["TheCursedMod:ReleasedKnowledge","TheCursedMod:TacticalStrike"],"picked":"TheCursedMod:DoubleShield","floor":6},{"not_picked":["Body Slam","bronze:Shield"],"picked":"TheCursedMod:SmokeScreen","floor":7},{"not_picked":["TheCursedMod:ManaBullet","TheCursedMod:Wield"],"picked":"TheCursedMod:WearCloak","floor":8},{"not_picked":["TheCursedMod:PrepareRite","Ghostly Armor"],"picked":"TheCursedMod:CursedAmulet","floor":10},{"not_picked":["TheCursedMod:Evocation","Metallicize"],"picked":"TheCursedMod:VoidForm","floor":12},{"not_picked":["TheCursedMod:VitalStrike","TheCursedMod:CursedAmulet"],"picked":"TheCursedMod:AshesToAshes","floor":14},{"not_picked":["Impervious","TheCursedMod:ShockAndAwe"],"picked":"TheCursedMod:ParallelWorld","floor":16},{"not_picked":["Body Slam","bronze:Turbo"],"picked":"ReplayTheSpireMod:Stacked","floor":17},{"not_picked":["TheCursedMod:Stigma","TheCursedMod:FleshFromBone+1"],"picked":"TheCursedMod:ManaBullet","floor":18},{"not_picked":["TheCursedMod:ForbiddenAlchemy","TheCursedMod:CircleOfAmplification"],"picked":"TheCursedMod:Grudge","floor":19},{"not_picked":["TheCursedMod:DoubleShield","TheCursedMod:CircleOfWindfury+1"],"picked":"TheCursedMod:Stretching","floor":23},{"not_picked":["TheCursedMod:ReleasedKnowledge","TheCursedMod:SpitefulPlan"],"picked":"TheCursedMod:TacticalStrike+1","floor":25},{"not_picked":["TheCursedMod:CursedMace+1","TheCursedMod:RapidMovement"],"picked":"TheCursedMod:AntiAging","floor":27},{"not_picked":["TheCursedMod:RavingStaff+1","TheCursedMod:CursedBoomerang+1"],"picked":"TheCursedMod:StingEye+1","floor":29},{"not_picked":["TheCursedMod:CursedShiv","TheCursedMod:SurpriseAttack"],"picked":"TheCursedMod:WearCloak","floor":31},{"not_picked":["TheCursedMod:AbyssShockwave","TheCursedMod:CursedMace"],"picked":"TheCursedMod:CursedSpellbook","floor":32},{"not_picked":["TheCursedMod:Mangle","TheCursedMod:CursedArmor"],"picked":"TheCursedMod:BlessingInDisguise","floor":33},{"not_picked":["TheCursedMod:ParallelWorld","TheCursedMod:CursedRelics"],"picked":"TheCursedMod:OutForBlood","floor":35},{"not_picked":["TheCursedMod:Torture","TheCursedMod:AshesToAshes"],"picked":"TheCursedMod:CursedSpellbook","floor":37},{"not_picked":["TheCursedMod:CircleOfFlame+1","MasterReality"],"picked":"TheCursedMod:Torture","floor":41},{"not_picked":["Flying Knee","TheCursedMod:CursedBoomerang+1"],"picked":"TheCursedMod:StingEye+1","floor":42}],"player_experience":76917,"relics_obtained":[{"floor":6,"key":"hubris:Spice"},{"floor":8,"key":"Ice Cream"},{"floor":10,"key":"Replay:Wax Seal"},{"floor":12,"key":"infinitespire:Beetle Shell"},{"floor":19,"key":"Red Mask"},{"floor":20,"key":"hubris:BottledRain"},{"floor":25,"key":"Replay:Arrowhead"},{"floor":28,"key":"hubris:DeckOfHolding"},{"floor":38,"key":"ReplayTheSpireMod:Ring of Collecting"},{"floor":38,"key":"ReplayTheSpireMod:Ring of Exchange"},{"floor":42,"key":"Gremlin Food"}],"event_choices":[{"cards_removed":["TheCursedMod:Strike_TheCursed"],"damage_healed":0,"gold_gain":0,"player_choice":"Offered Basic","damage_taken":0,"max_hp_gain":0,"max_hp_loss":0,"event_name":"Bonfire Elementals","floor":11,"gold_loss":0},{"damage_healed":0,"gold_gain":0,"player_choice":"Fought Bandits","damage_taken":0,"max_hp_gain":0,"max_hp_loss":0,"event_name":"Masked Bandits","floor":19,"gold_loss":0},{"damage_healed":0,"gold_gain":200,"player_choice":"Gold","damage_taken":0,"max_hp_gain":0,"max_hp_loss":0,"event_name":"Wheel of Change","floor":24,"gold_loss":0}],"is_beta":false,"boss_relics":[{"not_picked":["hubris:Spice","hubris:VirtuousBlindfold"],"picked":"Tiny House"},{"not_picked":["hubris:Spice","Fusion Hammer"],"picked":"Astrolabe"}],"items_purged_floors":[13],"is_endless":true,"potions_floor_spawned":[3,4,7,8,10,12,25,29,31,32,33,35,37],"killed_by":"Transient","ascension_level":0}}