{"host":"u1ystlfkdtaqkn2r","time":1612802049,"event":{"mods":["ATMod(阿瑾Mod)","Act Like it!","Arknights","BaseMod","Colored Powertips","Friendly Minions","Gensokyo","GifTheSpireLib","Jedi Mod","Koishi","KomeijiMod","Luminous","Minty Spire (QoL Compilation)","Pale of the Ancients","Prisma Mod","Replay The Spire","RumiaBox-露米娅的神秘盒子","Spicy Shops","StSLib","SuperFastMode","UnlockEverythingMod","WarShipGirlsR/战舰少女R mod","Warlord Emblem","Yakumo Yukari mod","【遗物卡牌】REMEMod"],"gold_per_floor":[131,146,146,146,71,71,100,100,100,119,145,162,162,172,172,272,272,188,188,438,438,451,483,508,541,541,554,222,234,245,40,40,135,135,150,150,168,168,190,190,230,230,254,254,254,273,298,323,323,337,337,337,36,84,100],"floor_reached":56,"language":"ZHS","playtime":2687,"items_purged":["AT_purpleEX","Sickly"],"score":1350,"play_id":"501b55a8-8da3-4694-9392-0b55e913f55f","local_time":"20210209003409","is_ascension_mode":false,"campfire_choices":[{"data":"StateErode_purple","floor":6,"key":"SMITH"},{"floor":15,"key":"DIG"},{"data":"ProofOfUnderstanding_purple","floor":32,"key":"PURGE"},{"data":"AT_purpleEX","floor":40,"key":"PURGE"},{"floor":42,"key":"RECALL"},{"data":"ProofOfUnderstanding_purple","floor":45,"key":"SMITH"},{"data":"Magnetism","floor":49,"key":"PURGE"},{"data":"Purity","floor":52,"key":"SMITH"}],"circlet_count":0,"master_deck":["Defend_purpleEX","Defend_purpleEX","Defend_purpleEX","Defend_purpleEX","Observe_purple_1","StateErode_purple+1","Shallow_ocean_purpleEX","ProofOfUnderstanding_purple+1","WatchEChange_purple+1","Shallow_ocean_purpleEX+1","Purity+1","Gensokyo:MorningStar","UniverseChoice_purple","Mirror_FourBoundary_purple"],"relics":["Boundary_crack","Memoryfragments_purpleEX","AT_ATBox","REME_ComplimentaryCards","Gensokyo:OccultBall","MagicDraw1","Strawberry","ZombieArmy","AT_Manta","Gensokyo:Justice","MagicDraw4","Replay:Ancient Bell","AT_ArcaneBoots","AT_ImmortalShieldbow","Peace Pipe","Antimatter_spacedebris","Blue Candle","Unceasing Top","AT_RedNoBalance","DollysMirror","BargainBundle","Anchor","Seventeenyearold_girl_Forever","Replay:Bandana","ShirouKen","Meat on the Bone","ReplayTheSpireMod:TigerMarble","jedi:crownofsimplicity","Calipers","HornCleat"],"acts_visited":["Gensokyo:Gensokyo","Gensokyo:Gensokyoer","Gensokyo:Gensokyoest","TheEnding"],"potions_floor_usage":[16,16,16,33,55,55],"damage_taken":[{"damage":2,"enemies":"Gensokyo:2_Kodama","floor":1,"turns":3},{"damage":1,"enemies":"Gensokyo:Python","floor":2,"turns":3},{"damage":40,"enemies":"Gensokyo:Mamizou","floor":7,"turns":8},{"damage":0,"enemies":"Gensokyo:3_Fairies","floor":10,"turns":3},{"damage":25,"enemies":"Gensokyo:Cirno","floor":11,"turns":6},{"damage":0,"enemies":"Gensokyo:Gryphon_and_Rabbit","floor":12,"turns":2},{"damage":0,"enemies":"Gensokyo:2_Rabbits","floor":14,"turns":1},{"damage":19,"enemies":"Gensokyo:Kokoro","floor":16,"turns":5},{"damage":5,"enemies":"Gensokyo:Chomper","floor":18,"turns":3},{"damage":0,"enemies":"Gensokyo:CosmicMonolith","floor":22,"turns":2},{"damage":36,"enemies":"Gensokyo:Reisen","floor":23,"turns":3},{"damage":28,"enemies":"Gensokyo:Koishi","floor":25,"turns":4},{"damage":0,"enemies":"Gensokyo:3_Gloops","floor":27,"turns":1},{"damage":0,"enemies":"Gensokyo:Wraith","floor":29,"turns":3},{"damage":17,"enemies":"Gensokyo:Slime_Group","floor":30,"turns":2},{"damage":18,"enemies":"Gensokyo:Eiki","floor":33,"turns":3},{"damage":29,"enemies":"Gensokyo:AncientGuardian","floor":35,"turns":4},{"damage":42,"enemies":"Gensokyo:AncientGuardian","floor":37,"turns":9},{"damage":0,"enemies":"Gensokyo:3_Bats","floor":39,"turns":1},{"damage":23,"enemies":"Gensokyo:Marisa","floor":41,"turns":2},{"damage":0,"enemies":"Gensokyo:3_Boulders","floor":46,"turns":1},{"damage":1,"enemies":"Gensokyo:Rafflesia","floor":47,"turns":3},{"damage":0,"enemies":"Gensokyo:AtlasGolem","floor":48,"turns":2},{"damage":0,"enemies":"Gensokyo:Scarlet_Devils","floor":50,"turns":3},{"damage":0,"enemies":"Shield and Spear","floor":54,"turns":3},{"damage":32,"enemies":"The Heart","floor":55,"turns":5}],"seed_played":"-6396267901998130725","potions_obtained":[{"floor":1,"key":"Weak Potion"},{"floor":2,"key":"Cursed Concoction"},{"floor":10,"key":"jedi:StrikingPotion"},{"floor":25,"key":"PowerPotion"},{"floor":27,"key":"EssenceOfSteel"},{"floor":30,"key":"BlessingOfTheForge"},{"floor":39,"key":"SpeedPotion"},{"floor":54,"key":"Block Potion"}],"is_trial":false,"path_per_floor":["M","M","?","?","$","R","E","?","T","M","E","M","?","M","R","B",null,"M","?","?","?","M","E","T","E","T","M","COS","M","M","$","R","B",null,"M","?","?","T","M","R","E","R","T","?","R","M","M","M","R","B",null,"R","$","E","B",null],"character_chosen":"Youkari","items_purchased":["BargainBundle","Purity","Calipers"],"campfire_rested":0,"item_purchase_floors":[31,31,53],"current_hp_per_floor":[76,76,76,76,76,76,39,36,36,38,18,20,20,21,21,4,84,81,81,79,64,67,34,34,20,20,43,43,43,31,31,31,34,79,12,12,12,12,25,25,25,25,25,14,14,27,39,53,53,56,79,79,79,79,49],"gold":100,"neow_bonus":"TEN_PERCENT_HP_BONUS","is_daily":false,"chose_seed":false,"campfire_upgraded":3,"win_rate":0.0,"timestamp":1612802049,"path_taken":["M","M","?","?","$","R","E","?","T","?","E","M","?","M","R","BOSS","M","?","?","?","?","E","?","E","T","M","COS","?","M","?","R","BOSS","M","?","?","?","M","R","E","R","T","?","R","M","?","M","R","BOSS","R","$","E","BOSS"],"items_purchased_type":["Relic","Card","Relic"],"build_version":"2020-12-22","purchased_purges":2,"victory":true,"max_hp_per_floor":[77,77,77,77,77,77,77,84,84,84,84,84,84,84,84,84,84,84,84,79,79,79,79,79,79,79,79,79,79,79,79,79,79,79,79,79,79,79,79,79,79,79,79,79,79,79,79,79,79,79,79,79,79,79,79],"card_choices":[{"not_picked":["Mirror_FormAndEmptin_purple","ExistenceContinue_purple"],"picked":"Photoelasticity_Doppler_Effect_purple","floor":1},{"not_picked":["Line_surface_state_purple","AdvanceAttack_purple"],"picked":"StateErode_purple","floor":2},{"not_picked":["Boundary_LightAndDark_purple","RuptureOfTimeAndSpace_purple","ExistenceContinue_purple"],"picked":"SKIP","floor":7},{"not_picked":["Boundary_LightAndDark_purple","RuptureOfTimeAndSpace_purple","ExistenceContinue_purple"],"picked":"SKIP","floor":7},{"not_picked":["SfantasyHide_purple","Photoelasticity_Doppler_Effect_purple","EighthInstrument_OneDividesIntoTwo_purple"],"picked":"SKIP","floor":10},{"not_picked":["SfantasyHide_purple","Mirror_FormAndEmptin_purple"],"picked":"Shallow_ocean_purpleEX","floor":11},{"not_picked":["EighthInstrument_OneDividesIntoTwo_purple","ExistenceContinue_purple","AdvanceAttack_purple"],"picked":"SKIP","floor":12},{"not_picked":["MNeedle_purple","OmniscientAndOmnipotent_Monster_purple","SfantasyHide_purple"],"picked":"SKIP","floor":14},{"not_picked":["UniverseChoice_purple","WangLiang_OokamiKakushi_purple"],"picked":"ProofOfUnderstanding_purple","floor":16},{"not_picked":["Shame","ReplayTheSpireMod:Splinters"],"picked":"ReplayTheSpireMod:IOU","floor":17},{"not_picked":["Parasite","Delirium"],"picked":"Shame","floor":17},{"not_picked":["ReplayTheSpireMod:Faulty Equipment","Doubt"],"picked":"Sickly","floor":17},{"not_picked":["WasteWire_Metro_purple","StateDuplicate_purple+1","ExternalForce_HighSpeedFlying_purple+1"],"picked":"SKIP","floor":18},{"not_picked":["ExistenceContinue_purple","MeetDecomposer_purple","Mirror_FormAndEmptin_purple"],"picked":"SKIP","floor":22},{"not_picked":["Line_surface_state_purple","OpenedBox_purple","EighthInstrument_OneDividesIntoTwo_purple"],"picked":"SKIP","floor":23},{"not_picked":["MeetDecomposer_purple+1","Mirror_Drifter_purple","OpenedBox_purple+1"],"picked":"SKIP","floor":25},{"not_picked":["WangLiang_OokamiKakushi_purple","SfantasyHide_purple"],"picked":"WatchEChange_purple+1","floor":27},{"not_picked":["Anti_communist_purple","RuleDissolution_purple+1"],"picked":"Shallow_ocean_purpleEX+1","floor":29},{"not_picked":["WorldDissolvedintheRealm_purple","OmniscientAndOmnipotent_Monster_purple","MonsterNeedle_purple"],"picked":"SKIP","floor":30},{"not_picked":["ExistenceContinue_purple","Line_surface_state_purple","Umbrella_purple+1"],"picked":"SKIP","floor":35},{"not_picked":["Gensokyo:LifeSpringInfinity","Gensokyo:HouraiInAPot"],"picked":"Gensokyo:MorningStar","floor":37},{"not_picked":["DimensionStaggered_purple+1","StateDuplicate_purple+1","MNeedle_purple+1"],"picked":"SKIP","floor":39},{"not_picked":["Bait_HighSpeedFlying_purple+1","WatchEChange_purple"],"picked":"UniverseChoice_purple","floor":41},{"not_picked":["AdvanceAttack_purple","RuleDissolution_purple+1"],"picked":"Mirror_FourBoundary_purple","floor":46},{"not_picked":["Umbrella_purple+1","ExistenceContinue_purple+1","AdvanceAttack_purple"],"picked":"SKIP","floor":47},{"not_picked":["Mirror_FormAndEmptin_purple+1","AdvanceAttack_purple+1","Worldmountain_purple+1"],"picked":"SKIP","floor":48},{"not_picked":["Extrememeaning_purpleEX","Realm_recovery_purpleEX","ProofOfUnderstanding_purple"],"picked":"SKIP","floor":54}],"player_experience":195841,"relics_obtained":[{"floor":7,"key":"MagicDraw1"},{"floor":9,"key":"ZombieArmy"},{"floor":11,"key":"Gensokyo:OccultBall"},{"floor":11,"key":"AT_Manta"},{"floor":15,"key":"MagicDraw4"},{"floor":16,"key":"Gensokyo:OccultBall"},{"floor":23,"key":"Blue Candle"},{"floor":25,"key":"Unceasing Top"},{"floor":26,"key":"AT_SilverBalance"},{"floor":33,"key":"Gensokyo:OccultBall"},{"floor":38,"key":"Meat on the Bone"},{"floor":41,"key":"ReplayTheSpireMod:TigerMarble"},{"floor":43,"key":"jedi:crownofsimplicity"},{"floor":54,"key":"HornCleat"}],"event_choices":[],"is_beta":false,"boss_relics":[{"not_picked":["Cursed Key","Replay:Drink Me"],"picked":"Replay:Ancient Bell"},{"not_picked":["jedi:arcanewood","MawBank"],"picked":"AT_SpeedBoots"},{"not_picked":["Replay:Bottled Eggs","Mercury Hourglass"],"picked":"AT_ImmortalShieldbow"},{"not_picked":["Counterbalance","AT_RabadonDeathcap"],"picked":"Peace Pipe"},{"not_picked":["jedi:hotpepper","Honey Jar"],"picked":"Seventeenyearold_girl_Forever"}],"items_purged_floors":[5,31],"is_endless":false,"potions_floor_spawned":[1,2,10,12,25,27,30,39,46,47,48,54],"ascension_level":0}}