{"host":"uv5ws9rdk87e8i5k","time":1612762193,"event":{"mods":["AchievementEnabler","BaseMod","Colored Map","Minty Spire (QoL Compilation)","Permanent Neow","Quick Restart","StSLib","SuperFastMode","The Necromancer"],"gold_per_floor":[114,114,131,141,153,187,187,215,260,292,304,336,32,61,61,166,166,181,181,195,210,66,101,101,134,159,170,182,182,207,221,221,221,221],"floor_reached":33,"language":"ENG","playtime":749,"items_purged":["Strike_R"],"score":438,"play_id":"75d23381-4651-46f0-8405-63b85d373509","local_time":"20210207232953","is_ascension_mode":true,"campfire_choices":[{"data":"Bludgeon","floor":7.0,"key":"SMITH"},{"data":"Demon Form","floor":11.0,"key":"SMITH"},{"data":"Seeing Red","floor":15.0,"key":"SMITH"},{"data":"Immolate","floor":24,"key":"SMITH"},{"floor":29,"key":"REST"},{"data":"Strike_R","floor":32,"key":"PURGE"}],"circlet_count":0,"master_deck":["Strike_R+1","Strike_R+1","Defend_R","Defend_R","Defend_R","Defend_R","Bash","Bludgeon+1","Warcry","Cleave","Warcry","Ghostly Armor","Infernal Blade","Demon Form+1","Heavy Blade","Seeing Red+1","Offering","Heavy Blade","Twin Strike","Pummel","Immolate+1","Heavy Blade","Seeing Red","Pummel+1","Havoc","Immolate"],"relics":["Black Blood","Centennial Puzzle","Shuriken","Whetstone","MawBank","Question Card","HornCleat","Peace Pipe","Kunai","Orichalcum","Paper Frog"],"acts_visited":["Exordium","TheCity"],"potions_floor_usage":[20,21,30,30,33],"damage_taken":[{"damage":9.0,"enemies":"Jaw Worm","floor":1.0,"turns":3.0},{"damage":7.0,"enemies":"Small Slimes","floor":3.0,"turns":3.0},{"damage":0.0,"enemies":"Cultist","floor":4.0,"turns":3.0},{"damage":19.0,"enemies":"Exordium Wildlife","floor":5.0,"turns":5.0},{"damage":17.0,"enemies":"Gremlin Nob","floor":6.0,"turns":4.0},{"damage":21.0,"enemies":"Lagavulin","floor":8.0,"turns":6.0},{"damage":10.0,"enemies":"3 Sentries","floor":10.0,"turns":4.0},{"damage":1.0,"enemies":"Looter","floor":12.0,"turns":2.0},{"damage":8.0,"enemies":"Gremlin Nob","floor":14.0,"turns":3.0},{"damage":30,"enemies":"The Guardian","floor":16,"turns":6},{"damage":7,"enemies":"2 Thieves","floor":18,"turns":3},{"damage":4,"enemies":"Shell Parasite","floor":20,"turns":3},{"damage":28,"enemies":"Centurion and Healer","floor":21,"turns":5},{"damage":29,"enemies":"Gremlin Leader","floor":23,"turns":3},{"damage":34,"enemies":"Slavers","floor":25,"turns":3},{"damage":12,"enemies":"Chosen and Byrds","floor":27,"turns":3},{"damage":15,"enemies":"Sentry and Sphere","floor":28,"turns":4},{"damage":15,"enemies":"Gremlin Leader","floor":30,"turns":5},{"damage":3,"enemies":"Centurion and Healer","floor":31,"turns":5},{"damage":88,"enemies":"Automaton","floor":33,"turns":6}],"seed_played":"1483398364294318761","potions_obtained":[{"floor":1.0,"key":"DistilledChaos"},{"floor":4.0,"key":"Regen Potion"},{"floor":5.0,"key":"Dexterity Potion"},{"floor":12.0,"key":"Fruit Juice"},{"floor":16,"key":"LiquidMemories"},{"floor":18,"key":"LiquidMemories"},{"floor":28,"key":"Fruit Juice"},{"floor":31,"key":"FearPotion"}],"is_trial":false,"path_per_floor":["M","?","M","M","M","E","R","E","T","E","R","M","$","E","R","B",null,"M","?","M","M","$","E","R","E","T","M","M","R","E","M","R","B"],"character_chosen":"IRONCLAD","items_purchased":["Question Card","Immolate"],"campfire_rested":1,"item_purchase_floors":[13,22],"current_hp_per_floor":[69,69,68,74,61,62,62,47,47,43,43,48,48,46,46,22,66,71,71,84,68,68,51,51,29,29,29,26,51,53,62,62,0,0],"gold":221,"neow_bonus":"THREE_RARE_CARDS","is_daily":false,"chose_seed":false,"campfire_upgraded":4,"win_rate":0.0,"timestamp":1612762193,"path_taken":["M","?","M","M","M","E","R","E","T","E","R","M","$","E","R","BOSS","M","?","M","M","?","E","R","E","T","M","M","R","E","?","R","BOSS"],"items_purchased_type":["Relic","Card"],"build_version":"2020-12-22","purchased_purges":1,"victory":false,"max_hp_per_floor":[80,80,80,80,80,80,80,80,80,80,80,80,80,80,80,80,80,80,80,85,85,85,85,85,85,85,85,85,85,90,90,90,90,90],"card_choices":[{"not_picked":["Feed","Brutality"],"picked":"Bludgeon","floor":0.0},{"not_picked":["Perfected Strike","Disarm"],"picked":"Warcry","floor":1.0},{"not_picked":["Body Slam","Thunderclap"],"picked":"Cleave","floor":3.0},{"not_picked":["Iron Wave","Evolve"],"picked":"Warcry","floor":4.0},{"not_picked":["Wild Strike","Sword Boomerang"],"picked":"Ghostly Armor","floor":5.0},{"not_picked":["Fire Breathing","Wild Strike","Flex"],"picked":"SKIP","floor":6.0},{"not_picked":["Warcry","Power Through"],"picked":"Infernal Blade","floor":8.0},{"not_picked":["Anger","Pommel Strike"],"picked":"Demon Form","floor":10.0},{"not_picked":["Inflame","Infernal Blade"],"picked":"Heavy Blade","floor":12.0},{"not_picked":["Spot Weakness","Power Through","Headbutt"],"picked":"Seeing Red","floor":14.0},{"not_picked":["Corruption","Fiend Fire","Berserk"],"picked":"Offering","floor":16},{"not_picked":["Feel No Pain","Havoc","Burning Pact"],"picked":"Heavy Blade","floor":18},{"not_picked":["Dark Embrace","Rupture","Disarm"],"picked":"Pummel","floor":20},{"not_picked":["Flex","Uppercut","Iron Wave","Anger"],"picked":"SKIP","floor":21},{"not_picked":["Second Wind","Flex","Reckless Charge","Perfected Strike"],"picked":"SKIP","floor":23},{"not_picked":["Evolve","True Grit","Shrug It Off"],"picked":"Heavy Blade","floor":25},{"not_picked":["Havoc","Bloodletting","Warcry"],"picked":"Seeing Red","floor":27},{"not_picked":["Flex","Iron Wave","Rupture"],"picked":"Pummel+1","floor":28},{"not_picked":["Clothesline","Fire Breathing+1","Carnage"],"picked":"Havoc","floor":30},{"not_picked":["Rage","Headbutt","Uppercut"],"picked":"Immolate","floor":31}],"player_experience":251162,"relics_obtained":[{"floor":6.0,"key":"Centennial Puzzle"},{"floor":8.0,"key":"Shuriken"},{"floor":9.0,"key":"Whetstone"},{"floor":10.0,"key":"MawBank"},{"floor":14.0,"key":"HornCleat"},{"floor":23,"key":"Peace Pipe"},{"floor":25,"key":"Kunai"},{"floor":26,"key":"Orichalcum"},{"floor":30,"key":"Paper Frog"}],"event_choices":[{"cards_removed":["Doubt"],"damage_healed":0.0,"max_hp_gain":0.0,"max_hp_loss":0.0,"gold_gain":0.0,"event_name":"Living Wall","player_choice":"Forget","floor":2.0,"gold_loss":0.0,"damage_taken":0.0},{"damage_healed":0,"gold_gain":0,"cards_transformed":["Strike_R"],"player_choice":"Transformed","damage_taken":0,"max_hp_gain":0,"max_hp_loss":0,"event_name":"Transmorgrifier","floor":19,"gold_loss":0,"cards_obtained":["Twin Strike"]}],"is_beta":false,"boss_relics":[{"not_picked":["SlaversCollar","Fusion Hammer"],"picked":"Black Blood"}],"items_purged_floors":[13],"is_endless":false,"potions_floor_spawned":[1,4,5,12,16,18,28,31],"killed_by":"Automaton","ascension_level":6}}