{"host":"5dk97cf2ubw2v967","time":1612812839,"event":{"mods":["AlwaysNeverKeys","BaseMod","Better Altar","Better Vampires","Block Reminder","Card Filter","Colored Powertips","Downfall","Googly Eyes","Highlight Path","Minty Spire (QoL Compilation)","Permanent Neow","Potion Indicator Mod","Quick Restart","Relic Filter","Relic Stats","Say the Spire","Spicy Shops","StSLib","Waifu the Spire","everything is the same but u backflip on backflip"],"gold_per_floor":[367,27,45,320,331,331,356,366,413,430,45,70,70,90,90,162,162,179,189,114,132,143,143,168,184,184,184,184,214,229,248,248,322,322,338,53,66,66,66,66],"floor_reached":39,"language":"ENG","playtime":2292,"items_purged":["Pain","Regret","Strike_R"],"score":895,"play_id":"b8e9cc21-10a4-4a2c-a15e-7170f2984570","local_time":"20210208193359","is_ascension_mode":true,"campfire_choices":[{"data":"Immolate","floor":6.0,"key":"SMITH"},{"data":"Apotheosis","floor":13.0,"key":"SMITH"},{"data":"Evolve","floor":15.0,"key":"SMITH"},{"floor":23.0,"key":"REST"},{"floor":28,"key":"REST"},{"floor":32,"key":"REST"}],"circlet_count":0,"master_deck":["AscendersBane","Strike_R","Strike_R","Defend_R","Defend_R","Defend_R","Bash","Shockwave","Spot Weakness","Immolate+1","Exhume","Evolve+1","Seeing Red","Apotheosis+1","Sword Boomerang","Carnage","Demon Form","Intimidate","Pommel Strike","True Grit","Dark Embrace","Burning Pact","Sword Boomerang","Uppercut","Reaper","Intimidate+1","Anger"],"relics":["Burning Blood","Eternal Feather","Potion Belt","Art of War","Bag of Preparation","Fusion Hammer","Unceasing Top","Shuriken","Bag of Marbles","Runic Cube","ClockworkSouvenir"],"acts_visited":["Exordium","TheCity","TheBeyond"],"potions_floor_usage":[24,31,33,33,33,39,39],"damage_taken":[{"damage":15.0,"enemies":"2 Louse","floor":1.0,"turns":3.0},{"damage":0.0,"enemies":"Cultist","floor":3.0,"turns":4.0},{"damage":11.0,"enemies":"Jaw Worm","floor":5.0,"turns":4.0},{"damage":29.0,"enemies":"Lagavulin","floor":7.0,"turns":7.0},{"damage":13.0,"enemies":"Red Slaver","floor":8.0,"turns":3.0},{"damage":0.0,"enemies":"2 Fungi Beasts","floor":10.0,"turns":1.0},{"damage":15.0,"enemies":"3 Sentries","floor":12.0,"turns":3.0},{"damage":5.0,"enemies":"Gremlin Gang","floor":14.0,"turns":3.0},{"damage":15.0,"enemies":"The Guardian","floor":16.0,"turns":11.0},{"damage":20.0,"enemies":"3 Byrds","floor":18.0,"turns":5.0},{"damage":29.0,"enemies":"Shell Parasite","floor":19.0,"turns":4.0},{"damage":16.0,"enemies":"Snecko","floor":21.0,"turns":6.0},{"damage":4.0,"enemies":"Cultist and Chosen","floor":22.0,"turns":5.0},{"damage":41,"enemies":"Book of Stabbing","floor":24,"turns":5},{"damage":12,"enemies":"Snake Plant","floor":25,"turns":3},{"damage":27,"enemies":"Slavers","floor":29,"turns":3},{"damage":22,"enemies":"Centurion and Healer","floor":30,"turns":4},{"damage":20,"enemies":"Sentry and Sphere","floor":31,"turns":4},{"damage":48,"enemies":"Automaton","floor":33,"turns":6},{"damage":21,"enemies":"Orb Walker","floor":35,"turns":4},{"damage":31,"enemies":"3 Darklings","floor":37,"turns":3},{"damage":41,"enemies":"Sphere and 2 Shapes","floor":39,"turns":5}],"seed_played":"-7398754448981496266","potions_obtained":[{"floor":1.0,"key":"BlessingOfTheForge"},{"floor":5.0,"key":"BloodPotion"},{"floor":7.0,"key":"Guardian:BlockOnCardUsePotion"},{"floor":8.0,"key":"sneckomod:MuddlingPotion"},{"floor":19.0,"key":"DistilledChaos"},{"floor":22.0,"key":"ColorlessPotion"},{"floor":25,"key":"CultistPotion"},{"floor":31,"key":"SkillPotion"},{"floor":33,"key":"AttackPotion"},{"floor":35,"key":"Guardian:BlockOnCardUsePotion"}],"is_trial":false,"path_per_floor":["M","$","M","?","M","R","E","M","T","M","$","E","R","M","R","B",null,"M","M","?","M","M","R","E","M","T","?","R","E","M","M","R","B",null,"M","$","M","$","M"],"character_chosen":"IRONCLAD","items_purchased":["Eternal Feather","Apotheosis","Strength Potion","ClockworkSouvenir"],"campfire_rested":3,"item_purchase_floors":[2,11,11,36],"current_hp_per_floor":[59,59,65,65,60,69,46,39,39,45,45,36,45,46,58,49,69,55,32,32,22,24,58,23,17,17,17,51,30,14,15,52,10,59,62,62,37,37,0,0],"gold":66,"neow_bonus":"TWO_FIFTY_GOLD","is_daily":false,"chose_seed":false,"campfire_upgraded":3,"win_rate":0.0,"timestamp":1612812839,"path_taken":["M","$","M","?","M","R","E","M","T","M","$","E","R","M","R","BOSS","M","?","?","M","M","R","E","?","T","?","R","E","M","M","R","BOSS","M","$","M","$","?"],"items_purchased_type":["Relic","Card","Potion","Relic"],"build_version":"2020-12-22","purchased_purges":3,"victory":false,"max_hp_per_floor":[75,75,75,75,75,75,75,75,75,75,75,75,75,75,75,75,75,75,75,75,75,75,75,75,75,75,75,75,75,75,75,75,75,75,75,75,75,75,75,75],"relic_stats":{"counters":[22,96],"Shuriken":[6],"Eternal Feather":69,"Art of War":[14],"Bag of Preparation":[30],"obtain_stats":[{"Potion Belt":7,"Shuriken":26,"Eternal Feather":2,"Fusion Hammer":17,"Art of War":9,"Bag of Preparation":12,"Bag of Marbles":29,"Burning Blood":0,"Unceasing Top":24,"Runic Cube":34,"ClockworkSouvenir":36},{"Potion Belt":4,"Shuriken":15,"Eternal Feather":1,"Fusion Hammer":9,"Art of War":5,"Bag of Preparation":7,"Bag of Marbles":16,"Burning Blood":0,"Unceasing Top":14,"Runic Cube":19,"ClockworkSouvenir":20},{"Potion Belt":18,"Shuriken":67,"Eternal Feather":3,"Fusion Hammer":39,"Art of War":21,"Bag of Preparation":25,"Bag of Marbles":70,"Burning Blood":0,"Unceasing Top":64,"Runic Cube":84,"ClockworkSouvenir":88}],"Burning Blood":126,"Unceasing Top":[2],"Runic Cube":[10]},"card_choices":[{"not_picked":["Heavy Blade","Clothesline"],"picked":"Shockwave","floor":1.0},{"not_picked":["Thunderclap","Anger"],"picked":"Spot Weakness","floor":3.0},{"not_picked":["Havoc","True Grit"],"picked":"Immolate","floor":5.0},{"not_picked":["Dark Embrace","Pommel Strike"],"picked":"Exhume","floor":7.0},{"not_picked":["Hemokinesis","Combust"],"picked":"Evolve","floor":8.0},{"not_picked":["Perfected Strike","Warcry"],"picked":"Seeing Red","floor":10.0},{"not_picked":["Clothesline","Spot Weakness"],"picked":"Sword Boomerang","floor":12.0},{"not_picked":["Uppercut","Sword Boomerang"],"picked":"Carnage","floor":14.0},{"not_picked":["Impervious","Immolate"],"picked":"Demon Form","floor":16.0},{"not_picked":["Thunderclap","Infernal Blade","Pommel Strike"],"picked":"SKIP","floor":18.0},{"not_picked":["Havoc+1","Iron Wave"],"picked":"Intimidate","floor":19.0},{"not_picked":["Offering","Intimidate+1"],"picked":"Dark Embrace","floor":21.0},{"not_picked":["Headbutt","Body Slam","Pommel Strike"],"picked":"SKIP","floor":22.0},{"not_picked":["Cleave","Blood for Blood"],"picked":"Burning Pact","floor":24},{"not_picked":["Twin Strike","Iron Wave"],"picked":"Sword Boomerang","floor":25},{"not_picked":["Immolate","Sword Boomerang","Headbutt"],"picked":"SKIP","floor":29},{"not_picked":["Clash","Body Slam"],"picked":"Uppercut","floor":30},{"not_picked":["Wild Strike","Warcry","Twin Strike"],"picked":"SKIP","floor":31},{"not_picked":["Corruption","Barricade"],"picked":"Reaper","floor":33},{"not_picked":["Power Through","Rage"],"picked":"Intimidate+1","floor":35},{"not_picked":["Anger","Thunderclap+1","Headbutt"],"picked":"SKIP","floor":37},{"not_picked":["Thunderclap+1","Headbutt"],"picked":"Anger","floor":37}],"player_experience":1298877,"relics_obtained":[{"floor":7.0,"key":"Potion Belt"},{"floor":9.0,"key":"Art of War"},{"floor":12.0,"key":"Bag of Preparation"},{"floor":24,"key":"Unceasing Top"},{"floor":26,"key":"Shuriken"},{"floor":29,"key":"Bag of Marbles"}],"event_choices":[{"damage_healed":0.0,"max_hp_gain":0.0,"max_hp_loss":0.0,"gold_gain":275.0,"event_name":"Golden Shrine","player_choice":"Desecrate","floor":4.0,"gold_loss":0.0,"damage_taken":0.0,"cards_obtained":["Regret"]},{"damage_healed":0.0,"max_hp_gain":0.0,"max_hp_loss":0.0,"gold_gain":0.0,"cards_transformed":["Defend_R","Strike_R"],"event_name":"Designer","player_choice":"Transformed Cards","floor":20.0,"gold_loss":75.0,"damage_taken":0.0,"cards_obtained":["Pommel Strike","True Grit"]},{"cards_removed":["Strike_R"],"damage_healed":0,"gold_gain":0,"player_choice":"Offered Basic","damage_taken":0,"max_hp_gain":0,"max_hp_loss":0,"event_name":"Bonfire Elementals","floor":27,"gold_loss":0}],"is_beta":false,"boss_relics":[{"not_picked":["Runic Pyramid","Ectoplasm"],"picked":"Fusion Hammer"},{"not_picked":["Astrolabe","Black Blood"],"picked":"Runic Cube"}],"items_purged_floors":[2,11,36],"is_endless":false,"potions_floor_spawned":[1,5,7,8,19,22,25,31,33,35],"killed_by":"Sphere and 2 Shapes","ascension_level":20}}