{"host":"gin1e6e6f2y0ngxx","time":1612765714,"event":{"mods":["AchievementEnabler","Act Like it!","BaseMod","Downfall","Hallownest","Infinite Spire","Minty Spire (QoL Compilation)","StSLib","The Bug Knight","The Cursed","The Hierophant"],"gold_per_floor":[118,134,150,165,185,210,212,222,268,287,287,287,300,73,73,188,188,241,255,274,24,36,36],"floor_reached":22,"language":"ENG","playtime":2556,"items_purged":[],"score":192,"play_id":"33ffef01-4f58-49ff-9bbd-d64ed8c2c011","local_time":"20210207202834","is_ascension_mode":false,"campfire_choices":[{"floor":12,"key":"REST"},{"floor":15,"key":"REST"}],"circlet_count":0,"master_deck":["TheCursedMod:Strike_TheCursed","TheCursedMod:Strike_TheCursed","TheCursedMod:Strike_TheCursed","TheCursedMod:Defend_TheCursed","TheCursedMod:Defend_TheCursed","TheCursedMod:Defend_TheCursed","TheCursedMod:Defend_TheCursed","TheCursedMod:CursedWand","TheCursedMod:CleanUpWorkshop","TheCursedMod:Dregs","TheCursedMod:Wield","TheCursedMod:SpitefulStrike","TheCursedMod:CursedAmulet","TheCursedMod:BloodBarrier","TheCursedMod:SurpriseAttack","TheCursedMod:HellsGateOpen","TheCursedMod:LuckyCharm","TheCursedMod:Torture","TheCursedMod:VoidForm","TheCursedMod:SurpriseAttack","TheCursedMod:CursedShiv","TheCursedMod:FleshFromBone","TheCursedMod:DemonicPact","TheCursedMod:SmokeScreen+1","TheCursedMod:WearCloak","TheCursedMod:CircleOfFlame"],"relics":["HollowMod:VesselMask","infinitespire:Midas Blood","Bag of Marbles","infinitespire:Lucky Rock","infinitespire:Cubic Diamond","Strange Spoon","Velvet Choker","Eternal Feather"],"acts_visited":["Exordium","TheCity"],"potions_floor_usage":[5,10,16],"damage_taken":[{"damage":0,"enemies":"Jaw Worm","floor":1,"turns":5},{"damage":0,"enemies":"Small Slimes","floor":2,"turns":3},{"damage":0,"enemies":"Cultist","floor":3,"turns":4},{"damage":31,"enemies":"Exordium Thugs","floor":4,"turns":6},{"damage":4,"enemies":"2 Fungi Beasts","floor":5,"turns":5},{"damage":32,"enemies":"HollowMod:MossKnight","floor":6,"turns":9},{"damage":0,"enemies":"Red Slaver","floor":8,"turns":6},{"damage":8,"enemies":"Lots of Slimes","floor":10,"turns":7},{"damage":9,"enemies":"Looter","floor":13,"turns":4},{"damage":12,"enemies":"Hexaghost","floor":16,"turns":8},{"damage":34,"enemies":"3 Byrds","floor":18,"turns":5},{"damage":4,"enemies":"Spheric Guardian","floor":19,"turns":5},{"damage":8,"enemies":"Shelled Parasite and Fungi","floor":20,"turns":8},{"damage":35,"enemies":"3 Cultists","floor":22,"turns":3}],"seed_played":"7705550873838654769","potions_obtained":[{"floor":1,"key":"Regen Potion"},{"floor":4,"key":"FearPotion"},{"floor":6,"key":"ColorlessPotion"},{"floor":10,"key":"PowerPotion"},{"floor":20,"key":"Strength Potion"}],"is_trial":false,"path_per_floor":["M","M","M","M","M","E","?","M","T","M","?","R","M","$","R","B",null,"M","M","M","$","M"],"character_chosen":"THE_CURSED","items_purchased":["TheCursedMod:CursedShiv","TheCursedMod:FleshFromBone","Strange Spoon","Eternal Feather"],"campfire_rested":2,"item_purchase_floors":[14,14,14,21],"current_hp_per_floor":[75,75,75,44,54,22,19,19,19,11,11,33,24,24,46,34,75,41,37,29,29,0,0],"gold":36,"neow_bonus":"TRANSFORM_CARD","is_daily":false,"chose_seed":false,"campfire_upgraded":0,"win_rate":0.0,"timestamp":1612765714,"path_taken":["M","M","M","M","M","E","?","M","T","M","?","R","M","$","R","BOSS","M","M","M","$","M"],"items_purchased_type":["Card","Card","Relic","Relic"],"build_version":"2020-12-22","purchased_purges":0,"victory":false,"max_hp_per_floor":[75,75,75,75,75,75,75,75,75,75,75,75,75,75,75,75,75,75,75,75,75,75,75],"card_choices":[{"not_picked":["TheCursedMod:CursedMace","TheCursedMod:CircleOfCorruption"],"picked":"TheCursedMod:SpitefulStrike","floor":1},{"not_picked":["TheCursedMod:VitalStrike","TheCursedMod:SmokeScreen"],"picked":"TheCursedMod:CursedAmulet","floor":2},{"not_picked":["TheCursedMod:SpitefulStrike","TheCursedMod:CursedBlade"],"picked":"TheCursedMod:BloodBarrier","floor":3},{"not_picked":["TheCursedMod:CursedStaff","TheCursedMod:CircleOfWindfury"],"picked":"TheCursedMod:SurpriseAttack","floor":4},{"not_picked":["TheCursedMod:ReleasedStrength","TheCursedMod:CircleOfFlame"],"picked":"TheCursedMod:HellsGateOpen","floor":5},{"not_picked":["TheCursedMod:SurpriseAttack","TheCursedMod:CircleOfFlame"],"picked":"TheCursedMod:LuckyCharm","floor":6},{"not_picked":["TheCursedMod:BlessingInDisguise","TheCursedMod:AshesToAshes"],"picked":"TheCursedMod:Torture","floor":8},{"not_picked":["TheCursedMod:CursedArmor","TheCursedMod:SmokeScreen"],"picked":"TheCursedMod:VoidForm","floor":10},{"not_picked":["TheCursedMod:Stretching","TheCursedMod:RavingStaff"],"picked":"TheCursedMod:SurpriseAttack","floor":13},{"not_picked":["TheCursedMod:StunningStrike","TheCursedMod:VoidForm"],"picked":"TheCursedMod:DemonicPact","floor":16},{"not_picked":["TheCursedMod:SurpriseAttack","TheCursedMod:CursedBoomerang"],"picked":"TheCursedMod:SmokeScreen+1","floor":18},{"not_picked":["TheCursedMod:HellsGateOpen","TheCursedMod:RavingStaff+1"],"picked":"TheCursedMod:WearCloak","floor":19},{"not_picked":["TheCursedMod:SmokeScreen+1","TheCursedMod:RavingStaff"],"picked":"TheCursedMod:CircleOfFlame","floor":20}],"player_experience":157186,"relics_obtained":[{"floor":6,"key":"infinitespire:Midas Blood"},{"floor":9,"key":"infinitespire:Lucky Rock"}],"event_choices":[{"damage_healed":0,"gold_gain":0,"player_choice":"Success","damage_taken":3,"relics_obtained":["Bag of Marbles"],"max_hp_gain":0,"max_hp_loss":0,"event_name":"Scrap Ooze","floor":7,"gold_loss":0}],"is_beta":false,"boss_relics":[{"not_picked":["Runic Pyramid","Empty Cage"],"picked":"Velvet Choker"}],"items_purged_floors":[],"is_endless":false,"potions_floor_spawned":[1,4,6,10,20],"killed_by":"3 Cultists","ascension_level":0}}