{"host":"w05x4i13f2m9joq1","time":1612818112,"event":{"mods":["100% Spire Juice","Act Like it!","BaseMod","Better Altar","Better Match","Better Note","Better Sensory Stone","Better Skull","Better Third Choice","BetterRewards","CapriCore","Colored Map","Colored Powertips","Defective Defect","Downfall","Duelist Mod","Gensokyo","GifTheSpireLib","Googly Eyes","Infinite Spire","Ironclad Rager","Lobotomy","LobotomyExtend","Marisa????????","Melee Mod","Minty Spire (QoL Compilation)","Morshu Shopkeeper - ENHANCED","MostiFishMod","Quick Restart","Rare Cards Sparkle","Replay The Spire","Shop Mod","Spicy Shops","Spire Birthday Party","StSLib","The IronCluck","Uncapped","everything is the same but u backflip on backflip","slay the spire mod where everything is the same but ironclad has a cowboy hat"],"gold_per_floor":[118,118,138,249,23,50,61,61,61,61,61],"floor_reached":10,"language":"ENG","playtime":411,"items_purged":["Moonworks:Strike"],"score":66,"play_id":"11d3b9dc-ab9b-4174-aab0-de6b764bdd2d","local_time":"20210208160152","is_ascension_mode":false,"campfire_choices":[{"data":"Moonworks:CloudOfSeagulls","floor":8,"key":"SMITH"}],"circlet_count":0,"master_deck":["Moonworks:Strike","Moonworks:Strike","Moonworks:Strike","Moonworks:Defend","Moonworks:Defend","Moonworks:Defend","Moonworks:Ambush+1","Moonworks:LongDistanceShot","Moonworks:Dash","Moonworks:WindyEnchantment+1","Moonworks:CloudOfSeagulls+1","Moonworks:CrystalBarrier","Moonworks:NicePresent","Moonworks:CloudOfSeagulls","Moonworks:CloudOfSeagulls","Moonworks:JonathanRush"],"relics":["Moonworks:BrokenBomb","Moonworks:Homemark","DaveBox","CombinedTypeHook","SynthV:TestCard","LetterFromLob","Sling","Calipers","Replay:Arrowhead"],"acts_visited":["Exordium"],"potions_floor_usage":[10],"damage_taken":[{"damage":8,"enemies":"2 Louse","floor":1,"turns":2},{"damage":0,"enemies":"Small Slimes","floor":3,"turns":2},{"damage":16,"enemies":"Replay:BlueRogue","floor":6,"turns":4},{"damage":9,"enemies":"Jaw Worm","floor":7,"turns":3},{"damage":27,"enemies":"3 Sentries","floor":10,"turns":4}],"seed_played":"-1894094754635075370","potions_obtained":[{"floor":7,"key":"Venom Potion"}],"is_trial":false,"path_per_floor":["M","?","M","?","$","E","M","R","T","E"],"character_chosen":"THE_STARBREAKER","items_purchased":["Sling"],"campfire_rested":0,"item_purchase_floors":[5],"current_hp_per_floor":[52,52,52,52,52,36,27,27,27,0,0],"gold":61,"neow_bonus":"UPGRADE_CARD","is_daily":false,"chose_seed":false,"campfire_upgraded":1,"win_rate":0.0,"timestamp":1612818112,"path_taken":["M","?","M","?","?","E","M","R","T","E"],"items_purchased_type":["Relic"],"build_version":"2020-12-22","purchased_purges":1,"victory":false,"max_hp_per_floor":[60,60,60,60,60,60,60,60,60,60,60],"card_choices":[{"not_picked":["Moonworks:SweetBattle","Moonworks:x16BigRocket"],"picked":"Moonworks:Dash","floor":1},{"not_picked":["Moonworks:NicePresent","Moonworks:MixPhenomenon","Moonworks:IndiscriminateFireSupport","Moonworks:Assault"],"picked":"Moonworks:CloudOfSeagulls","floor":3},{"not_picked":["Moonworks:DeployBits","Moonworks:BigMagnum","Moonworks:ImOnFire","Moonworks:NicePresent"],"picked":"Moonworks:CrystalBarrier","floor":4},{"not_picked":["Moonworks:ScrambledEve","Moonworks:BigMagnum","Moonworks:ReproductionOfRecords","Moonworks:SakisCookie"],"picked":"Moonworks:NicePresent","floor":4},{"not_picked":["Moonworks:Assault","Moonworks:ReproductionOfRecords","Moonworks:Flamethrower","Moonworks:IndiscriminateFireSupport"],"picked":"Moonworks:CloudOfSeagulls","floor":4},{"not_picked":["Moonworks:ImOnFire","Moonworks:RagingMadness","Moonworks:BigMagnum","Moonworks:UnluckyCharm"],"picked":"Moonworks:CloudOfSeagulls","floor":6},{"not_picked":["Moonworks:NicePresent","Moonworks:LulusLuckyEgg","Moonworks:DevilHand","Moonworks:SweetBattle"],"picked":"Moonworks:JonathanRush","floor":7}],"player_experience":177463,"relics_obtained":[{"floor":1,"key":"SynthV:TestCard"},{"floor":1,"key":"LetterFromLob"},{"floor":6,"key":"Calipers"},{"floor":9,"key":"Replay:Arrowhead"}],"event_choices":[],"is_beta":false,"boss_relics":[],"items_purged_floors":[5],"is_endless":false,"potions_floor_spawned":[7],"killed_by":"3 Sentries","ascension_level":0}}