{"host":"ct9u9cz51imrjegl","time":1612762644,"event":{"mods":["2.2 Compatiblity","AchievementEnabler","BaseMod","Card Forge","Colored Map","Colored Powertips","Conspire","Defuse TimeMaze Blight","Downfall","Energized Spire","Friendly Minions","Highlight Path","Hubris","Infinite Spire","Jedi Mod","Minty Spire (QoL Compilation)","Permanent Neow","Quick Restart","Replay The Spire","Spicy Shops","StSLib","SuperFastMode","The Blue Laboratory","Transform Curses","Uncapped","UnlockEverythingMod"],"gold_per_floor":[299,313,324,374,384,384,463,475,475,501,516,516,516,466,486,585,585,585,616,96,129,129,141,167,4,35,47,75,87,122,134,160,172,172,172],"floor_reached":33,"language":"ENG","playtime":2473,"items_purged":["Doubt","Normality"],"score":269,"play_id":"81e77991-61f5-4ffe-818a-fee6866a2e88","local_time":"20210208160724","is_ascension_mode":false,"campfire_choices":[{"data":"Slimebound:Equalize","floor":9,"key":"SMITH"},{"data":"Slimebound:CorrosiveSpit","floor":13,"key":"SMITH"},{"floor":18,"key":"RECALL"},{"data":"Slimebound:Split","floor":27,"key":"SMITH"},{"data":"Slimebound:Replication","floor":29,"key":"SMITH"}],"circlet_count":0,"master_deck":["Slimebound:Strike_Slimebound","Slimebound:Strike_Slimebound","Slimebound:Strike_Slimebound","Slimebound:Tackle","Slimebound:Defend_Slimebound","Slimebound:Defend_Slimebound","Slimebound:Defend_Slimebound","Slimebound:Defend_Slimebound","Slimebound:Split","Slimebound:CorrosiveSpit+1","Slimebound:Equalize+1","Slimebound:LevelUp+1","Slimebound:Gluttony+1","Slimebound:Schlurp","Slimebound:Replication+1","Slimebound:SlimeBrawl","conspire:SpireCoStock","Slimebound:MassFeed","Pot Of Greed","Pot Of Greed","ReplayTheSpireMod:Uncanny Aura","Slimebound:Gluttony+1","Slimebound:MassRepurpose","Slimebound:Split+1","Slimebound:SplitBruiser","Pot Of Greed"],"relics":["Slimebound:AbsorbEndCombat","Hammer of Thor","Seething Fire","Anvil of the Gods","Frozen Egg 2","bronze:DecasWashers","Guardian:PocketSentry","Mercury Hourglass","expansioncontent:StudyCardRelic","ReplayTheSpireMod:CursedCoin","Grinning Jar","Bag of Preparation","TheAbacus","DollysMirror","MawBank","Bag of Marbles"],"acts_visited":["Exordium","TheCity"],"potions_floor_usage":[],"damage_taken":[{"damage":0,"enemies":"Small Slimes","floor":2,"turns":3},{"damage":21,"enemies":"Jaw Worm","floor":3,"turns":4},{"damage":0,"enemies":"2 Louse","floor":5,"turns":2},{"damage":18,"enemies":"Exordium Thugs","floor":8,"turns":5},{"damage":38,"enemies":"Gremlin Nob","floor":10,"turns":4},{"damage":6,"enemies":"3 Louse","floor":11,"turns":5},{"damage":25,"enemies":"Gremlin Gang","floor":15,"turns":4},{"damage":42,"enemies":"DF_ARCHETYPE_STREAMLINE","floor":16,"turns":9},{"damage":22,"enemies":"Spheric Guardian","floor":19,"turns":6},{"damage":5,"enemies":"downfall:FleeingMerchant","floor":20,"turns":4},{"damage":4,"enemies":"Centurion and Healer","floor":21,"turns":4},{"damage":17,"enemies":"Sentry and Sphere","floor":23,"turns":4},{"damage":15,"enemies":"downfall:FleeingMerchant","floor":25,"turns":4},{"damage":21,"enemies":"Replay:Snechameleon","floor":26,"turns":7},{"damage":13,"enemies":"3 Cultists","floor":28,"turns":4},{"damage":21,"enemies":"Snecko","floor":30,"turns":4},{"damage":32,"enemies":"Centurion and Healer","floor":32,"turns":7},{"damage":40,"enemies":"WA_ARCHETYPE_CALM","floor":33,"turns":6}],"seed_played":"3024076895717808328","potions_obtained":[{"floor":4,"key":"blueLaboratory:BottleOfRum"},{"floor":8,"key":"SkillPotion"},{"floor":10,"key":"PowerPotion"},{"floor":30,"key":"blueLaboratory:RememoryPotion"}],"is_trial":false,"path_per_floor":["R_BF","M","M","?","M","?","T","M","R","E","M","T","R","?","M","B",null,"R_BF","M","$","M","?","M","T","$","E","R","M","R","M","T","M","B"],"character_chosen":"SLIMEBOUND","items_purchased":["ReplayTheSpireMod:CursedCoin","Grinning Jar","Bag of Preparation","TheAbacus","ReplayTheSpireMod:Uncanny Aura","DollysMirror"],"campfire_rested":0,"item_purchase_floors":[20,20,20,20,20,25],"current_hp_per_floor":[65,65,50,24,30,65,65,61,61,43,47,47,47,47,30,8,65,65,49,52,52,52,45,45,38,37,37,38,38,25,25,7,0,0,0],"gold":172,"neow_bonus":"HUNDRED_GOLD","is_daily":false,"chose_seed":false,"campfire_upgraded":4,"win_rate":0.0,"timestamp":1612762644,"path_taken":["R_BF","M","M","?","?","?","T","?","R","E","M","?","R","?","M","BOSS","R_BF","M","$","M","?","M","T","?","E","R","M","R","?","?","M","BOSS"],"items_purchased_type":["Relic","Relic","Relic","Relic","Card","Relic"],"build_version":"2020-12-22","purchased_purges":2,"victory":false,"max_hp_per_floor":[65,65,65,65,65,65,65,65,65,65,65,65,65,65,65,65,65,65,65,65,65,65,71,71,71,71,71,71,71,71,71,71,71,71,71],"card_choices":[{"not_picked":["Slimebound:Schlurp","Slimebound:SlimeBarrage"],"picked":"Slimebound:SlimeTap","floor":2},{"not_picked":["Slimebound:ForwardTackle","Slimebound:SplitBruiser"],"picked":"Slimebound:Equalize","floor":3},{"not_picked":["Slimebound:SplitMire","Slimebound:Replication"],"picked":"Slimebound:LevelUp+1","floor":4},{"not_picked":["Slimebound:FlameTackle","Slimebound:RollThrough"],"picked":"Slimebound:Gluttony+1","floor":5},{"not_picked":["Slimebound:GoopTackle","Slimebound:GrowthPunch"],"picked":"Slimebound:Schlurp","floor":8},{"not_picked":["Slimebound:SlimeSpikes","Slimebound:SplitBruiser"],"picked":"Slimebound:Replication","floor":10},{"not_picked":["Slimebound:LeadByExample+1","Slimebound:Nibble"],"picked":"Slimebound:SlimeBrawl","floor":11},{"not_picked":["Slimebound:SplitLeeching","Slimebound:Replication","Slimebound:ItLooksTasty"],"picked":"SKIP","floor":15},{"not_picked":["Slimebound:OneTwoCombo","Slimebound:MinionMaster+1"],"picked":"Slimebound:MassFeed","floor":16},{"not_picked":["Slimebound:SamplingLick","Slimebound:FinishingTackle+1","Slimebound:RainOfGoop"],"picked":"SKIP","floor":19},{"not_picked":["Slimebound:Equalize+1","Slimebound:ItLooksTasty+1","Slimebound:Prepare"],"picked":"SKIP","floor":20},{"not_picked":["Slimebound:SplitLeeching+1","Slimebound:SlimeTap","Slimebound:GoopSpray+1"],"picked":"SKIP","floor":21},{"not_picked":["Slimebound:DisruptingSlam+1","Slimebound:RollThrough","Slimebound:FlameTackle"],"picked":"SKIP","floor":23},{"not_picked":["Slimebound:ComboTackle","Slimebound:MegaLick"],"picked":"Slimebound:MassRepurpose","floor":25},{"not_picked":["Slimebound:GoopSpray","Slimebound:AcidTongue+1","Slimebound:ItLooksTasty"],"picked":"SKIP","floor":26},{"not_picked":["Slimebound:LeechingTouch+1","Slimebound:ServeAndProtect+1"],"picked":"Slimebound:SplitBruiser","floor":28},{"not_picked":["Slimebound:Nibble","Slimebound:SlimeSpikes+1","Slimebound:SplitAcid"],"picked":"SKIP","floor":30},{"not_picked":["Slimebound:RollThrough+1","Slimebound:LeadByExample+1","Slimebound:GoopTackle+1"],"picked":"SKIP","floor":32}],"player_experience":82288,"relics_obtained":[{"floor":4,"key":"Frozen Egg 2"},{"floor":7,"key":"bronze:DecasWashers"},{"floor":10,"key":"Guardian:PocketSentry"},{"floor":12,"key":"Mercury Hourglass"},{"floor":26,"key":"MawBank"},{"floor":31,"key":"Bag of Marbles"}],"event_choices":[{"cards_removed":["Slimebound:SlimeTap"],"damage_healed":35,"gold_gain":0,"player_choice":"Offered Uncommon","damage_taken":0,"max_hp_gain":0,"max_hp_loss":0,"event_name":"Bonfire Elementals","floor":6,"gold_loss":0},{"damage_healed":0,"gold_gain":0,"player_choice":"Invest 1","damage_taken":0,"max_hp_gain":0,"max_hp_loss":0,"event_name":"conspire:Investor","floor":14,"gold_loss":0},{"damage_healed":0,"gold_gain":0,"player_choice":"Read","damage_taken":0,"max_hp_gain":0,"max_hp_loss":0,"event_name":"The Library","floor":22,"gold_loss":0,"cards_obtained":["Slimebound:Gluttony"]}],"is_beta":false,"boss_relics":[{"not_picked":["conspire:SlowCooker","Replay:Bronze Core"],"picked":"expansioncontent:StudyCardRelic"}],"items_purged_floors":[20,20],"is_endless":false,"potions_floor_spawned":[8,10,11,15,21,23,26,30],"killed_by":"WA_ARCHETYPE_CALM","ascension_level":0}}