{"host":"q0qnzbgdx8oqogg9","time":1612827801,"event":{"mods":["BaseMod","Minty Spire (QoL Compilation)","StSLib"],"gold_per_floor":[112,125,145,145,165,165,185,201,201,216,229,249,249,18,18,116,116,132,5,23,37,37,37],"floor_reached":22,"language":"ENG","playtime":799,"items_purged":["Strike_B","Pain"],"score":294,"play_id":"c0bae924-c0f4-4317-8ad7-1e3d9c27ae4b","local_time":"20210208184321","is_ascension_mode":true,"campfire_choices":[{"data":"Sweeping Beam","floor":6,"key":"SMITH"},{"floor":13,"key":"REST"},{"floor":15,"key":"REST"}],"circlet_count":0,"master_deck":["AscendersBane","Strike_B","Strike_B","Strike_B","Defend_B","Defend_B","Defend_B","Defend_B","Zap","Dualcast","Gash","Cold Snap","Rebound","Sweeping Beam+1","All For One","Defragment","Streamline","Self Repair","Steam","Seek","Go for the Eyes","Beam Cell"],"relics":["Cracked Core","NeowsBlessing","WarpedTongs","Membership Card","Runic Pyramid","MealTicket"],"acts_visited":["Exordium","TheCity"],"potions_floor_usage":[11,12],"damage_taken":[{"damage":0,"enemies":"Small Slimes","floor":1,"turns":1},{"damage":0,"enemies":"Cultist","floor":2,"turns":1},{"damage":0,"enemies":"2 Louse","floor":3,"turns":1},{"damage":14,"enemies":"Blue Slaver","floor":5,"turns":3},{"damage":9,"enemies":"Large Slime","floor":7,"turns":4},{"damage":10,"enemies":"Looter","floor":8,"turns":3},{"damage":19,"enemies":"Lots of Slimes","floor":10,"turns":2},{"damage":8,"enemies":"3 Louse","floor":11,"turns":3},{"damage":3,"enemies":"Red Slaver","floor":12,"turns":2},{"damage":45,"enemies":"Hexaghost","floor":16,"turns":10},{"damage":36,"enemies":"Shell Parasite","floor":18,"turns":6},{"damage":11,"enemies":"Spheric Guardian","floor":20,"turns":4},{"damage":5,"enemies":"Cultist and Chosen","floor":21,"turns":6},{"damage":36,"enemies":"Sentry and Sphere","floor":22,"turns":5}],"seed_played":"4863620750143830491","potions_obtained":[{"floor":2,"key":"Weak Potion"},{"floor":10,"key":"ColorlessPotion"},{"floor":11,"key":"LiquidBronze"},{"floor":12,"key":"FocusPotion"},{"floor":21,"key":"SteroidPotion"}],"is_trial":false,"path_per_floor":["M","M","M","?","M","R","M","M","T","M","M","M","R","$","R","B",null,"M","$","M","M","M"],"character_chosen":"DEFECT","items_purchased":["Membership Card","Self Repair","Steam","MealTicket"],"campfire_rested":2,"item_purchase_floors":[14,14,14,19],"current_hp_per_floor":[68,68,68,68,54,54,45,35,35,16,8,5,27,27,49,11,59,33,33,29,31,0,0],"gold":37,"neow_bonus":"THREE_ENEMY_KILL","is_daily":false,"chose_seed":false,"campfire_upgraded":1,"win_rate":0.0,"timestamp":1612827801,"path_taken":["M","M","M","?","M","R","M","M","T","M","M","M","R","$","R","BOSS","M","$","M","?","M"],"items_purchased_type":["Relic","Card","Card","Relic"],"build_version":"2020-12-22","purchased_purges":2,"victory":false,"max_hp_per_floor":[75,75,75,75,75,75,75,75,75,75,75,75,75,75,75,75,75,75,75,75,75,75,75],"card_choices":[{"not_picked":["Barrage","Stack"],"picked":"Gash","floor":1},{"not_picked":["Stack","Fusion"],"picked":"Cold Snap","floor":2},{"not_picked":["FTL","Tempest"],"picked":"Rebound","floor":3},{"not_picked":["Barrage","Stack"],"picked":"Sweeping Beam","floor":5},{"not_picked":["Cold Snap","Coolheaded","Sweeping Beam"],"picked":"SKIP","floor":7},{"not_picked":["Turbo","Reprogram"],"picked":"All For One","floor":8},{"not_picked":["Leap","Turbo"],"picked":"Defragment","floor":10},{"not_picked":["Hologram","Leap"],"picked":"Streamline","floor":11},{"not_picked":["Ball Lightning","Rebound","Conserve Battery"],"picked":"SKIP","floor":12},{"not_picked":["Fission","All For One"],"picked":"Seek","floor":16},{"not_picked":["Lockon","Capacitor+1"],"picked":"Go for the Eyes","floor":18},{"not_picked":["Storm","Redo"],"picked":"Beam Cell","floor":20},{"not_picked":["Go for the Eyes","Turbo+1","Consume"],"picked":"SKIP","floor":21}],"player_experience":346477,"relics_obtained":[],"event_choices":[{"damage_healed":0,"gold_gain":0,"player_choice":"Rummage","damage_taken":0,"relics_obtained":["WarpedTongs"],"max_hp_gain":0,"max_hp_loss":0,"event_name":"Accursed Blacksmith","floor":4,"gold_loss":0,"cards_obtained":["Pain"]}],"is_beta":false,"boss_relics":[{"not_picked":["Philosopher\u0027s Stone","Runic Dome"],"picked":"Runic Pyramid"}],"items_purged_floors":[14,19],"is_endless":false,"potions_floor_spawned":[2,10,11,12,16,20,21],"killed_by":"Sentry and Sphere","ascension_level":12}}