{"host":"81h68oe4mr04pk3r","time":1612773546,"event":{"mods":["Act Like it!","Aspiration","BaseMod","BetterRewards","Colored Map","Colored Powertips","Conspire","Downfall","Gensokyo","Hallownest","Hermit","Hubris","Infinite Spire","Jorbs\u0027s Wanderer Trilogy","Koishi","Lobotomy","LobotomyExtend","Marisa????????","Minty Spire (QoL Compilation)","Quick Restart","Reimu??????","Remilia??????","StSLib","The Bug Knight","The Construct","The Cursed","The Disciple","The Servant 0.9.4"],"gold_per_floor":[333,114,3,19,31,45,45,45,45,45,45,45,58,71,85,85,188,188,207,207,207,227,227,227],"floor_reached":22,"language":"ENG","playtime":1033,"items_purged":[],"score":178,"play_id":"2cefe4ae-6f60-40ee-8499-ca1e15d70679","local_time":"20210208003906","is_ascension_mode":false,"campfire_choices":[{"floor":6,"key":"REST"},{"data":"TheCursedMod:CursedShiv","floor":10,"key":"SMITH"},{"data":"Gensokyo:CrescentMoonSlash","floor":15,"key":"SMITH"}],"circlet_count":0,"master_deck":["TheCursedMod:Strike_TheCursed","TheCursedMod:Strike_TheCursed","TheCursedMod:Strike_TheCursed","TheCursedMod:Strike_TheCursed","TheCursedMod:Defend_TheCursed","TheCursedMod:Defend_TheCursed","TheCursedMod:Defend_TheCursed","TheCursedMod:Defend_TheCursed","TheCursedMod:CursedWand","TheCursedMod:CleanUpWorkshop","TheCursedMod:Dregs","TheCursedMod:CursedShiv+1","TheCursedMod:CircleOfCorruption+1","TheCursedMod:SurpriseAttack","TheCursedMod:WearCloak","Gensokyo:CrescentMoonSlash+1","TheCursedMod:FleshFromBone","TheCursedMod:Wield","TheCursedMod:Obscuration","TheCursedMod:CircleOfAbyss","TheCursedMod:CursedMace","TheCursedMod:CursedBlade+1"],"relics":["TheCursedMod:BlackMagic101","aspiration:DSix","LetterFromLob","Gambling Chip","SlaversCollar"],"acts_visited":["Gensokyo:Gensokyo","Gensokyo:Gensokyoer"],"potions_floor_usage":[16],"damage_taken":[{"damage":0,"enemies":"Gensokyo:3_Fairies","floor":1,"turns":4},{"damage":3,"enemies":"Gensokyo:Python","floor":3,"turns":4},{"damage":0,"enemies":"Gensokyo:LivingMonolith","floor":4,"turns":3},{"damage":14,"enemies":"Gensokyo:CorruptedTreant","floor":5,"turns":3},{"damage":0,"enemies":"Gensokyo:2_Rabbits","floor":12,"turns":4},{"damage":0,"enemies":"Gensokyo:LivingMonolith","floor":13,"turns":3},{"damage":0,"enemies":"Gensokyo:Python_and_Kodama","floor":14,"turns":2},{"damage":6,"enemies":"Gensokyo:Reimu","floor":16,"turns":8},{"damage":10,"enemies":"Gensokyo:AngelMirror","floor":18,"turns":5},{"damage":31,"enemies":"Gensokyo:3_Dogs","floor":21,"turns":7},{"damage":11,"enemies":"Gensokyo:Wraith","floor":22,"turns":4}],"seed_played":"2752490834024523507","potions_obtained":[{"floor":3,"key":"Weak Potion"},{"floor":5,"key":"BlessingOfTheForge"},{"floor":14,"key":"Strength Potion"},{"floor":16,"key":"bronze:BurnAndBuffPotion"}],"is_trial":false,"path_per_floor":["M","COS","?","M","M","R","E","?","T","R","?","M","M","M","R","B",null,"M","?","?","M","M"],"character_chosen":"THE_CURSED","items_purchased":[],"campfire_rested":1,"item_purchase_floors":[],"current_hp_per_floor":[50,75,75,72,72,58,75,75,75,75,75,64,64,64,64,64,58,75,65,65,65,34,23,23],"gold":227,"neow_bonus":"DSIX","is_daily":false,"chose_seed":false,"campfire_upgraded":2,"win_rate":0.0,"timestamp":1612773546,"path_taken":["M","COS","?","M","M","R","E","?","T","R","?","?","M","?","R","BOSS","M","?","?","M","M"],"items_purchased_type":[],"build_version":"2020-12-22","purchased_purges":0,"victory":false,"max_hp_per_floor":[75,75,75,75,75,75,75,75,75,75,75,75,75,75,75,75,75,75,75,75,75,75,75,75],"card_choices":[{"not_picked":["TheCursedMod:SmokeScreen","TheCursedMod:CircleOfAmplification"],"picked":"TheCursedMod:CursedShiv","floor":1},{"not_picked":["TheCursedMod:CursedBoomerang+1","TheCursedMod:CursedShiv+1"],"picked":"TheCursedMod:CircleOfCorruption+1","floor":3},{"not_picked":["TheCursedMod:SpitefulPlan","TheCursedMod:CursedMace"],"picked":"TheCursedMod:SurpriseAttack","floor":3},{"not_picked":["TheCursedMod:Hemoplague","TheCursedMod:TacticalStrike"],"picked":"TheCursedMod:CursedAmulet","floor":4},{"not_picked":["TheCursedMod:CursedMace","TheCursedMod:PrepareRite"],"picked":"TheCursedMod:WearCloak","floor":5},{"not_picked":["TheCursedMod:SoulReap","TheCursedMod:VitalStrike"],"picked":"TheCursedMod:FleshFromBone","floor":12},{"not_picked":["TheCursedMod:EmpowerCircles","TheCursedMod:RapidMovement"],"picked":"TheCursedMod:Wield","floor":13},{"not_picked":["TheCursedMod:RapidMovement","TheCursedMod:ParallelWorld"],"picked":"TheCursedMod:Obscuration","floor":14},{"not_picked":["TheCursedMod:ForbiddenAlchemy","TheCursedMod:DarkBarrier"],"picked":"TheCursedMod:CircleOfAbyss","floor":16},{"not_picked":["TheCursedMod:RavingStaff","TheCursedMod:SpreadPlague+1"],"picked":"TheCursedMod:CursedMace","floor":18},{"not_picked":["TheCursedMod:CircleOfCorruption+1","TheCursedMod:FuryStrike"],"picked":"TheCursedMod:CursedBlade+1","floor":21}],"player_experience":229490,"relics_obtained":[{"floor":1,"key":"LetterFromLob"}],"event_choices":[],"is_beta":false,"boss_relics":[{"not_picked":["Sozu","hubris:CrackedHourglass"],"picked":"SlaversCollar"}],"items_purged_floors":[],"is_endless":false,"potions_floor_spawned":[3,5,14,16],"killed_by":"Gensokyo:Wraith","ascension_level":0}}