{"host":"0u8wq8q0l49hd262","time":1612810921,"event":{"mods":["2.2 Compatiblity","AchievementEnabler","Act Like it!","BaseMod","Better Note","Better Third Choice","Block Reminder","Colored Map","Colored Powertips","GifTheSpireLib","Highlight Path","Minty Spire (QoL Compilation)","Pale of the Ancients","Permanent Neow","Quick Restart","Rare Cards Sparkle","Relic Sorter","Relic Stats","StSLib","Transform Curses","egg","everything is the same but u backflip on backflip"],"gold_per_floor":[110,110,37,47,2,34,46,46,46],"floor_reached":8,"language":"ENG","playtime":338,"items_purged":[],"score":70,"play_id":"e933788f-60cb-443e-9dc6-dda5daa95e82","local_time":"20210208200201","is_ascension_mode":true,"campfire_choices":[],"circlet_count":0,"master_deck":["Strike_B","Strike_B","Strike_B","Strike_B","Defend_B","Defend_B","Defend_B","Defend_B","Zap","Dualcast","Gash+1","Defragment","Consume","Hologram","Loop","Ball Lightning"],"relics":["Cracked Core","Strawberry","Centennial Puzzle"],"acts_visited":["Exordium"],"potions_floor_usage":[],"damage_taken":[{"damage":7,"enemies":"Jaw Worm","floor":1,"turns":3},{"damage":1,"enemies":"Cultist","floor":4,"turns":3},{"damage":51,"enemies":"Gremlin Nob","floor":6,"turns":5},{"damage":6,"enemies":"Small Slimes","floor":7,"turns":3},{"damage":25,"enemies":"3 Sentries","floor":8,"turns":2}],"seed_played":"1448145482774041794","potions_obtained":[{"floor":4,"key":"Weak Potion"}],"is_trial":false,"path_per_floor":["M","?","$","M","$","E","M","E"],"character_chosen":"DEFECT","items_purchased":["Defragment","Hologram"],"campfire_rested":0,"item_purchase_floors":[3,5],"current_hp_per_floor":[75,75,75,74,74,23,17,0,0],"gold":46,"neow_bonus":"RANDOM_COMMON_RELIC","is_daily":false,"chose_seed":false,"campfire_upgraded":0,"win_rate":0.0,"timestamp":1612810921,"path_taken":["M","?","$","M","?","E","M","E"],"items_purchased_type":["Card","Card"],"build_version":"2020-12-22","purchased_purges":0,"victory":false,"max_hp_per_floor":[82,82,82,82,82,82,82,82,82],"relic_stats":{"Centennial Puzzle":[6],"counters":[5,16],"obtain_stats":[{"Centennial Puzzle":6,"Strawberry":0,"Cracked Core":0},{"Centennial Puzzle":3,"Strawberry":0,"Cracked Core":0},{"Centennial Puzzle":11,"Strawberry":0,"Cracked Core":0}]},"card_choices":[{"not_picked":["Chaos","Beam Cell"],"picked":"Gash","floor":1},{"not_picked":["Chill","Hello World"],"picked":"Consume","floor":4},{"not_picked":["Force Field","Buffer"],"picked":"Loop","floor":6},{"not_picked":["Cold Snap","Streamline"],"picked":"Ball Lightning","floor":7}],"player_experience":406384,"relics_obtained":[{"floor":6,"key":"Centennial Puzzle"}],"event_choices":[{"damage_healed":0,"gold_gain":0,"player_choice":"Upgraded","damage_taken":0,"max_hp_gain":0,"max_hp_loss":0,"event_name":"Upgrade Shrine","floor":2,"gold_loss":0,"cards_upgraded":["Gash"]}],"is_beta":false,"boss_relics":[],"items_purged_floors":[],"is_endless":false,"potions_floor_spawned":[4],"killed_by":"3 Sentries","ascension_level":5}}