{"host":"6nqy62k7v1jh46lb","time":1612804632,"event":{"mods":["AchievementEnabler","BaseMod","Bestiary","Block Reminder","Colored Powertips","Highlight Path","Minty Spire (QoL Compilation)","Relic Stats"],"gold_per_floor":[116,126,126,144,20,52,52,79,102,177,177,177,29,49,49,152,152,171,190,190,209,209,209],"floor_reached":22,"language":"ENG","playtime":2046,"items_purged":[],"score":194,"play_id":"1db8773a-2340-4010-9678-da9ffb8b37f6","local_time":"20210208181712","is_ascension_mode":false,"campfire_choices":[{"floor":7,"key":"REST"},{"floor":11,"key":"REST"},{"data":"CrushJoints","floor":15,"key":"SMITH"}],"circlet_count":0,"master_deck":["Strike_P","Strike_P","Strike_P","Defend_P","Defend_P","Defend_P","Defend_P","Eruption","Vigilance","Conclude","SandsOfTime","Tantrum","CrushJoints+1","ClearTheMind","Crescendo","Weave","ThirdEye","Establishment","DevaForm","WindmillStrike","Consecrate+1","Bandage Up","Nirvana+1"],"relics":["Velvet Choker","Regal Pillow","PreservedInsect","Vajra","Damaru","VioletLotus"],"acts_visited":["Exordium","TheCity"],"potions_floor_usage":[8,21,21],"damage_taken":[{"damage":0.0,"enemies":"2 Louse","floor":1.0,"turns":3.0},{"damage":0.0,"enemies":"Cultist","floor":2.0,"turns":2.0},{"damage":0.0,"enemies":"Small Slimes","floor":4.0,"turns":3.0},{"damage":20,"enemies":"Lagavulin","floor":6,"turns":6},{"damage":29,"enemies":"3 Sentries","floor":8,"turns":4},{"damage":8,"enemies":"Exordium Wildlife","floor":14,"turns":3},{"damage":33,"enemies":"Hexaghost","floor":16,"turns":8},{"damage":27,"enemies":"Shell Parasite","floor":18,"turns":4},{"damage":5,"enemies":"Chosen","floor":19,"turns":3},{"damage":22,"enemies":"Sentry and Sphere","floor":21,"turns":4},{"damage":15,"enemies":"Centurion and Healer","floor":22,"turns":1}],"seed_played":"-8007051298817579512","potions_obtained":[{"floor":1.0,"key":"Ancient Potion"},{"floor":2.0,"key":"LiquidBronze"},{"floor":14,"key":"BottledMiracle"},{"floor":16,"key":"DistilledChaos"},{"floor":18,"key":"Weak Potion"}],"is_trial":false,"path_per_floor":["M","M","?","M","$","E","R","E","T","?","R","?","$","M","R","B",null,"M","M","?","M","M"],"character_chosen":"WATCHER","items_purchased":["CrushJoints","ClearTheMind","Crescendo","Damaru"],"campfire_rested":2,"item_purchase_floors":[5,5,5,13],"current_hp_per_floor":[72,72,65,65,65,45,72,43,43,32,68,61,61,53,53,20,72,45,40,28,10,0,0],"gold":209,"neow_bonus":"BOSS_RELIC","is_daily":false,"chose_seed":false,"campfire_upgraded":1,"win_rate":0.0,"timestamp":1612804632,"path_taken":["M","M","?","M","$","E","R","E","T","?","R","?","$","?","R","BOSS","M","M","?","M","M"],"items_purchased_type":["Card","Card","Card","Relic"],"build_version":"2020-12-22","purchased_purges":0,"victory":false,"max_hp_per_floor":[72,72,72,72,72,72,72,72,72,72,72,72,72,72,72,72,72,72,72,72,72,72,72],"relic_stats":{"Regal Pillow":21,"counters":[11,41],"PreservedInsect":0,"VioletLotus":[3],"obtain_stats":[{"Regal Pillow":6,"Velvet Choker":0,"Vajra":9,"Damaru":13,"PreservedInsect":8,"VioletLotus":17,"PureWater":0},{"Regal Pillow":4,"Velvet Choker":0,"Vajra":5,"Damaru":5,"PreservedInsect":5,"VioletLotus":7,"PureWater":0},{"Regal Pillow":14,"Velvet Choker":0,"Vajra":18,"Damaru":18,"PreservedInsect":18,"VioletLotus":29,"PureWater":0}]},"card_choices":[{"not_picked":["Collect","FlyingSleeves"],"picked":"Conclude","floor":1.0},{"not_picked":["JustLucky","ClearTheMind"],"picked":"SandsOfTime","floor":2.0},{"not_picked":["Study","Halt"],"picked":"Tantrum","floor":4.0},{"not_picked":["Halt","CrushJoints"],"picked":"Weave","floor":6},{"not_picked":["Crescendo","WreathOfFlame"],"picked":"ThirdEye","floor":8},{"not_picked":["SashWhip","ThirdEye"],"picked":"Establishment","floor":14},{"not_picked":["Omniscience","MasterReality"],"picked":"DevaForm","floor":16},{"not_picked":["ClearTheMind","SashWhip"],"picked":"WindmillStrike","floor":18},{"not_picked":["CrushJoints","Protect"],"picked":"Consecrate+1","floor":19},{"not_picked":["Evaluate","PathToVictory+1"],"picked":"Nirvana+1","floor":21}],"player_experience":179883,"relics_obtained":[{"floor":6,"key":"Regal Pillow"},{"floor":8,"key":"PreservedInsect"},{"floor":9,"key":"Vajra"}],"event_choices":[{"cards_removed":["Strike_P"],"damage_healed":0.0,"max_hp_gain":0.0,"max_hp_loss":0.0,"gold_gain":0.0,"event_name":"Golden Wing","player_choice":"Card Removal","floor":3.0,"gold_loss":0.0,"damage_taken":7.0},{"damage_healed":0,"gold_gain":75,"player_choice":"Gather Gold","damage_taken":11,"max_hp_gain":0,"max_hp_loss":0,"event_name":"World of Goop","floor":10,"gold_loss":0},{"damage_healed":0,"gold_gain":0,"player_choice":"Damaged","damage_taken":7,"max_hp_gain":0,"max_hp_loss":0,"event_name":"Wheel of Change","floor":12,"gold_loss":0},{"damage_healed":0,"gold_gain":0,"player_choice":"CARD ","damage_taken":12,"max_hp_gain":0,"max_hp_loss":0,"event_name":"Knowing Skull","floor":20,"potions_obtained":[],"gold_loss":0,"cards_obtained":["Bandage Up"]}],"is_beta":false,"boss_relics":[{"not_picked":["Tiny House","Empty Cage"],"picked":"VioletLotus"}],"items_purged_floors":[],"is_endless":false,"potions_floor_spawned":[1,2,14,16,18],"killed_by":"Centurion and Healer","ascension_level":0}}