{"host":"Qube","time":1612817035,"event":{"mods":["AchievementEnabler","BaseMod","Colored Map","Colored Powertips","Highlight Path","Minty Spire (QoL Compilation)","Permanent Neow","Quick Restart","Random Character Button","StSLib"],"gold_per_floor":[15,33,52,62,82,109,124,124,124,154,154,154,154,154,154,226,226,238,238,218,257,273,273,273,273],"floor_reached":24,"language":"ENG","playtime":1532,"items_purged":[],"score":466,"play_id":"e01e87d1-da7a-4348-baca-1f4e46592502","local_time":"20210208124355","is_ascension_mode":true,"campfire_choices":[{"data":"FlurryOfBlows","floor":8.0,"key":"SMITH"},{"data":"CarveReality","floor":11.0,"key":"SMITH"},{"data":"Vigilance","floor":13.0,"key":"SMITH"},{"floor":15.0,"key":"REST"},{"data":"Eruption","floor":23,"key":"SMITH"}],"circlet_count":0,"master_deck":["AscendersBane","Strike_P+1","Strike_P+1","Strike_P+1","Strike_P+1","Defend_P+1","Defend_P+1","Defend_P+1","Defend_P+1","Eruption+1","Vigilance+1","CutThroughFate","EmptyBody","DeusExMachina","CarveReality+1","FlurryOfBlows+1","Swivel+1","SandsOfTime","EmptyBody","Wish","Weave","EmptyFist+1"],"relics":["PureWater","Thread and Needle","Ancient Tea Set","Sundial","Blood Vial","The Courier","Philosopher\u0027s Stone"],"acts_visited":["Exordium","TheCity"],"potions_floor_usage":[],"damage_taken":[{"damage":0.0,"enemies":"Cultist","floor":1.0,"turns":2.0},{"damage":0.0,"enemies":"Small Slimes","floor":2.0,"turns":3.0},{"damage":0.0,"enemies":"Jaw Worm","floor":3.0,"turns":4.0},{"damage":5.0,"enemies":"Exordium Wildlife","floor":4.0,"turns":6.0},{"damage":0.0,"enemies":"Gremlin Gang","floor":5.0,"turns":5.0},{"damage":7.0,"enemies":"3 Sentries","floor":6.0,"turns":10.0},{"damage":0.0,"enemies":"3 Louse","floor":7.0,"turns":4.0},{"damage":0.0,"enemies":"Lagavulin","floor":10.0,"turns":5.0},{"damage":6.0,"enemies":"The Guardian","floor":16.0,"turns":11.0},{"damage":9.0,"enemies":"Spheric Guardian","floor":18.0,"turns":6.0},{"damage":0.0,"enemies":"2 Thieves","floor":21.0,"turns":3.0},{"damage":10,"enemies":"Snecko","floor":22,"turns":7},{"damage":15,"enemies":"Book of Stabbing","floor":24,"turns":4}],"seed_played":"-4774885059283067755","potions_obtained":[{"floor":2.0,"key":"FearPotion"},{"floor":4.0,"key":"Fire Potion"},{"floor":6.0,"key":"DuplicationPotion"},{"floor":18.0,"key":"Ancient Potion"},{"floor":20.0,"key":"BlessingOfTheForge"}],"is_trial":false,"path_per_floor":["M","M","M","M","M","E","M","R","T","E","R","T","R","?","R","B",null,"M","?","?","M","M","R","E"],"character_chosen":"WATCHER","items_purchased":[],"campfire_rested":1,"item_purchase_floors":[],"current_hp_per_floor":[61,61,61,56,56,49,49,49,49,49,49,49,49,29,49,45,62,55,55,55,57,49,49,36,36],"gold":273,"neow_bonus":"ONE_RARE_RELIC","is_daily":false,"chose_seed":false,"campfire_upgraded":4,"win_rate":0.0,"timestamp":1612817035,"path_taken":["M","M","M","M","?","E","M","R","T","E","R","?","R","?","R","BOSS","M","?","?","M","?","R","E"],"items_purchased_type":[],"build_version":"2020-12-18","purchased_purges":0,"victory":false,"max_hp_per_floor":[68,68,68,68,68,68,68,68,68,68,68,68,68,68,68,68,68,68,68,68,68,68,68,68,68],"card_choices":[{"not_picked":["EmptyBody","Collect"],"picked":"CutThroughFate","floor":1.0},{"not_picked":["Crescendo","CrushJoints"],"picked":"EmptyBody","floor":2.0},{"not_picked":["EmptyBody","ClearTheMind"],"picked":"DeusExMachina","floor":3.0},{"not_picked":["Protect","Crescendo"],"picked":"CarveReality","floor":4.0},{"not_picked":["CutThroughFate","EmptyFist"],"picked":"FlurryOfBlows","floor":5.0},{"not_picked":["FlyingSleeves","Consecrate"],"picked":"Swivel","floor":6.0},{"not_picked":["Pray","FollowUp"],"picked":"SandsOfTime","floor":7.0},{"not_picked":["CrushJoints","Evaluate"],"picked":"EmptyBody","floor":10.0},{"not_picked":["Brilliance","Alpha"],"picked":"Wish","floor":16.0},{"not_picked":["Nirvana","CrushJoints"],"picked":"Weave","floor":18.0},{"not_picked":["Protect","FlurryOfBlows+1"],"picked":"EmptyFist+1","floor":21.0},{"not_picked":["PathToVictory","Weave","EmptyFist"],"picked":"SKIP","floor":22}],"player_experience":1118150,"relics_obtained":[{"floor":6.0,"key":"Ancient Tea Set"},{"floor":9.0,"key":"Sundial"},{"floor":10.0,"key":"Blood Vial"},{"floor":12.0,"key":"The Courier"}],"event_choices":[{"damage_healed":0.0,"max_hp_gain":0.0,"max_hp_loss":0.0,"gold_gain":0.0,"event_name":"Shining Light","player_choice":"Entered Light","floor":14.0,"gold_loss":0.0,"damage_taken":20.0,"cards_upgraded":["Swivel","Defend_P"]},{"damage_healed":0.0,"max_hp_gain":0.0,"max_hp_loss":0.0,"gold_gain":0.0,"event_name":"Back to Basics","player_choice":"Simplicity","floor":19.0,"gold_loss":0.0,"damage_taken":0.0,"cards_upgraded":["Strike_P","Strike_P","Strike_P","Strike_P","Defend_P","Defend_P","Defend_P"]},{"damage_healed":0.0,"max_hp_gain":0.0,"max_hp_loss":0.0,"gold_gain":0.0,"event_name":"The Woman in Blue","player_choice":"Bought 1 Potion","floor":20.0,"gold_loss":0.0,"damage_taken":0.0}],"is_beta":true,"boss_relics":[{"not_picked":["Empty Cage","Tiny House"],"picked":"Philosopher\u0027s Stone"}],"items_purged_floors":[],"is_endless":false,"potions_floor_spawned":[2,4,6,18,22],"killed_by":"Book of Stabbing","ascension_level":20}}