{"host":"06gxn1c1bsk424jw","time":1612784300,"event":{"mods":["BaseMod","DeckTracker","Minty Spire (QoL Compilation)","SuperFastMode"],"gold_per_floor":[118,131,149,159,176,176,193,20,47,59,79,79,95,105,105,177,177,187,200,125,50,50,50,66,66,119,131,131],"floor_reached":27,"language":"KOR","playtime":1156,"items_purged":["Strike_R"],"score":496,"play_id":"44ac72f0-9824-4478-bac8-fa42108e29b7","local_time":"20210208203820","is_ascension_mode":true,"campfire_choices":[{"data":"Searing Blow","floor":6,"key":"SMITH"},{"floor":12,"key":"REST"},{"data":"Searing Blow+1","floor":15,"key":"SMITH"},{"data":"Searing Blow+2","floor":23,"key":"SMITH"},{"data":"Fiend Fire","floor":25,"key":"SMITH"}],"circlet_count":0,"master_deck":["AscendersBane","Strike_R","Strike_R","Strike_R","Strike_R","Defend_R","Defend_R","Defend_R","Defend_R","Bash","Offering","Searing Blow+3","True Grit","Double Tap","Armaments","Fiend Fire+1","Headbutt"],"relics":["Burning Blood","Red Skull","Bronze Scales","Sozu","MawBank"],"acts_visited":["Exordium","TheCity"],"potions_floor_usage":[5,10,16,16,19],"damage_taken":[{"damage":11,"enemies":"Cultist","floor":1,"turns":4},{"damage":16,"enemies":"Jaw Worm","floor":2,"turns":3},{"damage":3,"enemies":"2 Louse","floor":3,"turns":2},{"damage":14,"enemies":"Looter","floor":4,"turns":3},{"damage":32,"enemies":"Lots of Slimes","floor":5,"turns":7},{"damage":17,"enemies":"2 Fungi Beasts","floor":7,"turns":3},{"damage":3,"enemies":"Large Slime","floor":10,"turns":2},{"damage":9,"enemies":"Looter","floor":11,"turns":2},{"damage":17,"enemies":"2 Fungi Beasts","floor":13,"turns":2},{"damage":10,"enemies":"Exordium Thugs","floor":14,"turns":3},{"damage":11,"enemies":"Slime Boss","floor":16,"turns":4},{"damage":29,"enemies":"Shell Parasite","floor":18,"turns":4},{"damage":0,"enemies":"Spheric Guardian","floor":19,"turns":1},{"damage":15,"enemies":"Centurion and Healer","floor":24,"turns":3},{"damage":35,"enemies":"Book of Stabbing","floor":27,"turns":3}],"seed_played":"6056844028670376109","potions_obtained":[{"floor":2,"key":"FearPotion"},{"floor":4,"key":"SpeedPotion"},{"floor":5,"key":"PowerPotion"},{"floor":7,"key":"AttackPotion"},{"floor":13,"key":"AttackPotion"},{"floor":16,"key":"SteroidPotion"}],"is_trial":false,"path_per_floor":["M","M","M","M","M","R","M","$","T","M","M","R","M","M","R","B",null,"M","M","$","?","?","R","M","R","T","E"],"character_chosen":"IRONCLAD","items_purchased":["Red Skull"],"campfire_rested":1,"item_purchase_floors":[8],"current_hp_per_floor":[63,53,56,48,22,22,11,11,11,14,11,33,22,18,18,13,60,37,43,43,43,43,43,34,34,34,0,0],"gold":131,"neow_bonus":"THREE_RARE_CARDS","is_daily":false,"chose_seed":false,"campfire_upgraded":4,"win_rate":0.0,"timestamp":1612784300,"path_taken":["M","M","M","M","M","R","M","$","T","M","M","R","M","M","R","BOSS","M","M","$","?","?","R","?","R","T","E"],"items_purchased_type":["Relic"],"build_version":"2020-12-22","purchased_purges":1,"victory":false,"max_hp_per_floor":[75,75,75,75,75,75,75,75,75,75,75,75,75,75,75,75,75,75,75,75,75,75,75,75,75,75,75,75],"card_choices":[{"not_picked":["Juggernaut","Exhume"],"picked":"Offering","floor":0},{"not_picked":["Sword Boomerang","Battle Trance"],"picked":"Searing Blow","floor":1},{"not_picked":["Flex","Warcry","Hemokinesis"],"picked":"SKIP","floor":2},{"not_picked":["Sentinel","Flex"],"picked":"True Grit","floor":3},{"not_picked":["Spot Weakness","Anger","Bloodletting"],"picked":"SKIP","floor":4},{"not_picked":["Body Slam","Thunderclap","True Grit"],"picked":"SKIP","floor":5},{"not_picked":["Perfected Strike","Sword Boomerang"],"picked":"Double Tap","floor":7},{"not_picked":["Disarm","Anger"],"picked":"Armaments","floor":10},{"not_picked":["Perfected Strike","Double Tap","Intimidate"],"picked":"SKIP","floor":11},{"not_picked":["Havoc","Uppercut","Cleave"],"picked":"SKIP","floor":13},{"not_picked":["Pommel Strike","Flex","Thunderclap"],"picked":"SKIP","floor":14},{"not_picked":["Brutality","Bludgeon"],"picked":"Fiend Fire","floor":16},{"not_picked":["Heavy Blade","Pommel Strike","Reckless Charge"],"picked":"SKIP","floor":18},{"not_picked":["Perfected Strike","Thunderclap"],"picked":"Headbutt","floor":19},{"not_picked":["Uppercut","Twin Strike","Searing Blow"],"picked":"SKIP","floor":24}],"player_experience":797916,"relics_obtained":[{"floor":9,"key":"Bronze Scales"},{"floor":26,"key":"MawBank"}],"event_choices":[{"cards_removed":["Regret"],"damage_healed":0,"gold_gain":0,"player_choice":"Gave Gold","damage_taken":0,"max_hp_gain":0,"max_hp_loss":0,"event_name":"Beggar","floor":21,"gold_loss":75},{"damage_healed":0,"gold_gain":0,"player_choice":"Ignored","damage_taken":0,"max_hp_gain":0,"max_hp_loss":0,"event_name":"N\u0027loth","floor":22,"gold_loss":0}],"is_beta":false,"boss_relics":[{"not_picked":["Fusion Hammer","Black Star"],"picked":"Sozu"}],"items_purged_floors":[20],"is_endless":false,"potions_floor_spawned":[2,4,5,7,13,16,18,24],"killed_by":"Book of Stabbing","ascension_level":18}}