{"host":"t9zjxed0utvsfjwc","time":1612751385,"event":{"mods":["2.2 Compatiblity","Aspiration","BaseMod","Better Altar","Better Match","Better Note","Better Sensory Stone","Better Skull","Better Third Choice","Block Reminder","Colored Map","Colored Powertips","Custom Start","Downfall","Hermit","Highlight Path","Hubris","Infinite Spire","Marisa????????","Minty Spire (QoL Compilation)","Quick Restart","Rare Cards Sparkle","Reliquary","Replay The Spire","StSLib","The Cursed","The Marked","The Runesmith","Unceasing Turn Reminder","everything is the same but u backflip on backflip"],"gold_per_floor":[99,99,99,99,99,199,199,222,122,32,32,32,42,50,68,169,169,169,186,186,186,26,26,26,26,96,96,124,141,167,187,205,205,205,205],"floor_reached":33,"language":"ENG","playtime":1856,"items_purged":["hubris:Sloth","downfall:Malfunctioning","ReplayTheSpireMod:Doomed"],"score":282,"play_id":"87abef63-1e6d-4be7-8540-d42aaac83087","local_time":"20210208022945","is_ascension_mode":true,"campfire_choices":[{"floor":1,"key":"RECALL"},{"floor":9,"key":"REST"},{"data":"Guardian:Reroute","floor":18,"key":"SMITH"},{"data":"Guardian:SentryBeam","floor":27,"key":"SMITH"}],"circlet_count":0,"master_deck":["Guardian:Strike_Guardian","Guardian:Strike_Guardian","Guardian:Defend_Guardian","Guardian:Defend_Guardian","Guardian:CurlUp","Guardian:TwinSlam","Guardian:Reroute+1","Guardian:SentryBeam","CurseOfTheBell","CurseOfTheBell","Guardian:SentryBeam","Guardian:GatlingBeam","Guardian:TemporalShield","Guardian:TemporalStrike","Guardian:BronzeArmor","Guardian:FastForward","Guardian:DecasProtection+1","Guardian:Gem_Lightblue","Guardian:Repulse+1","Guardian:FloatingOrbs+1","Guardian:ShieldCharger","downfall:Bewildered","Guardian:SentryBeam+1","Guardian:TimeCapacitor"],"relics":["Guardian:ModeShifter","downfall:HeartsMalice","downfall:ExtraCursedBell","Pen Nib","reliquary:PurpleTingedLeaf","Counterbalance","Eternal Feather","downfall:HeartBlessingRed","ReplayTheSpireMod:CursedCoin","Astrolabe","hubris:Icosahedron","reliquary:Stiletto","sneckomod:BabySnecko","Mirror","Nilry\u0027s Codex","hubris:EmptyBottle","Potion Belt","Replay:Rubber Ducky"],"acts_visited":["Exordium","TheCity"],"potions_floor_usage":[14,14,22,22,22,31,31,31,32],"damage_taken":[{"damage":0,"enemies":"2 Louse","floor":2,"turns":1},{"damage":0,"enemies":"Cultist","floor":3,"turns":1},{"damage":0,"enemies":"Jaw Worm","floor":5,"turns":1},{"damage":18,"enemies":"Blue Slaver","floor":8,"turns":5},{"damage":0,"enemies":"downfall:FleeingMerchant","floor":10,"turns":4},{"damage":4,"enemies":"3 Louse","floor":13,"turns":4},{"damage":10,"enemies":"downfall:FleeingMerchant","floor":14,"turns":4},{"damage":17,"enemies":"Exordium Thugs","floor":15,"turns":5},{"damage":32,"enemies":"DF_ARCHETYPE_STREAMLINE","floor":16,"turns":10},{"damage":0,"enemies":"Chosen","floor":19,"turns":6},{"damage":0,"enemies":"downfall:FleeingMerchant","floor":22,"turns":4},{"damage":2,"enemies":"downfall:FleeingMerchant","floor":26,"turns":3},{"damage":19,"enemies":"Book of Stabbing","floor":28,"turns":4},{"damage":10,"enemies":"Spheric Guardian","floor":29,"turns":3},{"damage":19,"enemies":"Gremlin Leader","floor":30,"turns":7},{"damage":7,"enemies":"Snake Plant","floor":31,"turns":5},{"damage":3,"enemies":"Centurion and Healer","floor":32,"turns":5},{"damage":28,"enemies":"SI_MIRROR_ARCHETYPE","floor":33,"turns":4}],"seed_played":"-828825934472547783","potions_obtained":[{"floor":8,"key":"hexamod:SoulburnPotion"},{"floor":13,"key":"Toxic Potion"},{"floor":15,"key":"SteroidPotion"},{"floor":16,"key":"Languid Potion"},{"floor":19,"key":"Venom Potion"},{"floor":28,"key":"sneckomod:MuddlingPotion"},{"floor":29,"key":"Weak Potion"},{"floor":30,"key":"Dexterity Potion"}],"is_trial":false,"path_per_floor":["R","M","M","?","M","?","T","M","R","$","?","?","M","$","M","B",null,"R_BF","M","?","?","$","?","T","?","$","R","E","M","E","M","M","B"],"character_chosen":"GUARDIAN","items_purchased":["ReplayTheSpireMod:CursedCoin","Guardian:TemporalStrike","reliquary:Stiletto","hubris:EmptyBottle"],"campfire_rested":1,"item_purchase_floors":[14,14,22,26],"current_hp_per_floor":[80,80,80,80,80,85,85,68,85,85,85,85,82,73,57,26,85,85,85,85,85,85,85,85,69,68,80,62,52,34,27,25,0,0,0],"gold":205,"neow_bonus":"THREE_ENEMY_KILL","is_daily":false,"chose_seed":false,"campfire_upgraded":2,"win_rate":0.0,"timestamp":1612751385,"path_taken":["R","M","M","?","?","?","T","M","R","$","?","?","?","$","M","BOSS","R_BF","M","?","?","$","?","T","?","?","R","E","?","E","M","M","BOSS"],"items_purchased_type":["Relic","Card","Relic","Relic"],"build_version":"2020-12-22","purchased_purges":3,"victory":false,"max_hp_per_floor":[80,80,80,80,80,85,85,85,85,85,85,85,85,85,85,85,85,85,85,85,85,85,85,85,85,85,85,85,85,85,85,85,85,85,85],"card_choices":[{"not_picked":["Guardian:Gem_Lightblue","Guardian:Harden"],"picked":"Guardian:Reroute","floor":2},{"not_picked":["Guardian:Recover","Guardian:ChargeCore"],"picked":"Guardian:SpikerProtocol","floor":3},{"not_picked":["Guardian:ShieldSpikes","Guardian:PrimingBeam"],"picked":"Guardian:SentryBeam","floor":5},{"not_picked":["Guardian:Gem_White","Guardian:Reroute"],"picked":"Guardian:SentryBeam","floor":8},{"not_picked":["Guardian:PiercingHide","Guardian:Planning"],"picked":"Guardian:GatlingBeam","floor":10},{"not_picked":["Guardian:Gem_Red","Guardian:Gem_Lightblue"],"picked":"Guardian:Suspension","floor":13},{"not_picked":["Guardian:Suspension","Guardian:Gem_Cyan"],"picked":"Guardian:TemporalShield","floor":14},{"not_picked":["Guardian:Reroute","Guardian:Gem_Red"],"picked":"Guardian:BronzeArmor","floor":15},{"not_picked":["Guardian:SphericShield","Guardian:AncientConstruct"],"picked":"Guardian:FastForward","floor":16},{"not_picked":["Guardian:PrimingBeam","Guardian:Repulse+1"],"picked":"Guardian:FloatingOrbs","floor":19},{"not_picked":["Guardian:CrystalBeam","Guardian:RollAttack+1"],"picked":"Guardian:ShieldCharger","floor":22},{"not_picked":["Guardian:AncientConstruct","Guardian:PrismaticBarrier+1"],"picked":"Guardian:SentryBeam","floor":26},{"not_picked":["Guardian:Gem_Cyan","Guardian:Emergency","Guardian:DonusPower"],"picked":"SKIP","floor":28},{"not_picked":["Guardian:BronzeArmor","Guardian:TemporalStrike"],"picked":"Guardian:TimeCapacitor","floor":29},{"not_picked":["Guardian:RollAttack","Guardian:Suspension","Guardian:ChargeCore"],"picked":"SKIP","floor":30},{"not_picked":["Guardian:TimeSifter","Guardian:TemporalStrike","Guardian:Suspension"],"picked":"SKIP","floor":31},{"not_picked":["Guardian:Suspension","Guardian:Gem_Green","Guardian:ShieldSpikes+1"],"picked":"SKIP","floor":32}],"player_experience":520731,"relics_obtained":[{"floor":6,"key":"Pen Nib"},{"floor":6,"key":"reliquary:PurpleTingedLeaf"},{"floor":6,"key":"Counterbalance"},{"floor":7,"key":"Eternal Feather"},{"floor":24,"key":"Mirror"},{"floor":25,"key":"Nilry\u0027s Codex"},{"floor":28,"key":"Potion Belt"},{"floor":30,"key":"Replay:Rubber Ducky"}],"event_choices":[{"cards_removed":["Guardian:SpikerProtocol"],"damage_healed":0,"gold_gain":0,"player_choice":"Offered Uncommon","damage_taken":0,"max_hp_gain":0,"max_hp_loss":0,"event_name":"Bonfire Elementals","floor":4,"gold_loss":0},{"cards_removed":["hubris:Greed"],"damage_healed":0,"gold_gain":0,"player_choice":"Forget","damage_taken":0,"max_hp_gain":0,"max_hp_loss":0,"event_name":"Living Wall","floor":11,"gold_loss":0}],"is_beta":false,"boss_relics":[{"not_picked":["Philosopher\u0027s Stone","SacredBark"],"picked":"Astrolabe"}],"items_purged_floors":[10,14,26],"is_endless":false,"potions_floor_spawned":[8,13,15,16,19,28,29,30],"killed_by":"SI_MIRROR_ARCHETYPE","ascension_level":1}}