{"host":"ywa7jah0kefkv8nt","time":1612802942,"event":{"mods":["ATMod(°¢èªMod)","Act Like it!","Arknights","BaseMod","Better Note","Better Third Choice","Minty Spire (QoL Compilation)","MostiFishMod","Reliquary","Spicy Shops","StSLib","¡¾ÒÅÎï¿¨ÅÆ¡¿REMEMod","²ÐÁôÖ®Îï"],"gold_per_floor":[111,131,149,164,139,173,173,183,183,212,212,57,57,76,76,180,180,190,206,481,501,39,96,96,123,177,177,177,193,210,210,210,310,310,321,333,345,391,440,474,488,142,142,192,-1208,-1193,-1178,-1146,-1146,-1021,-1021,-1021,-1021,-945,-920],"floor_reached":56,"language":"ZHS","playtime":4032,"items_purged":["Regret","ats:Strike S"],"score":1509,"play_id":"aeefbc2b-2805-4903-9eea-157144b11df7","local_time":"20210208104902","is_ascension_mode":false,"campfire_choices":[{"floor":11.0,"key":"REST"},{"floor":13.0,"key":"RECALL"},{"data":"ats:Wolf Pack","floor":15.0,"key":"SMITH"},{"data":"ats:Wolf Pack","floor":24,"key":"SMITH"},{"data":"ats:Emotion Absorption","floor":27,"key":"SMITH"},{"data":"AT_TinkerSharpsword","floor":32,"key":"SMITH"},{"floor":49,"key":"DIG"},{"floor":52,"key":"DIG"}],"circlet_count":0,"master_deck":["ats:Strike C","ats:Strike G","ats:Strike V","ats:Armor Crushing Shot","ats:Defend","ats:Defend","ats:Defend","ats:Emotion Absorption+1","AT_TinkerSharpsword+1","ats:Song Of Battle","ats:Absolute Focus+1","ats:Mental Burst","ats:Wolf Pack+1","ats:Magnetic Hammer","ats:Charging Defense","ats:Wolf Pack+1","ats:Leaping Hammer","ats:Phantom+1","ats:Red Shift","ats:Flexible Camouflage+1","ats:Volcano","ats:Burning Ground+1","Parasite","ats:Guardian Obelisk","ats:Very Hot Blade+1","ats:Volcano","REME_BuildACard"],"relics":["ats:Sanity","AT_ATBox","REME_ComplimentaryCards","DaveBox","TimeFreeze","NeowsBlessing","SynthV:TestCard","betterThird:SlimedRelic","ats:Originium","reliquary:ExpiredCoupon","AT_ForceNature","ats:Bonebreaker","ChiLing","Chi","Ling","reliquary:Craggleroot","Civilization","Tiny Chest","Kunai","reliquary:FeatherDuster","ats:Hidden Killer","BloodWine","Bronze Scales","Shovel","reliquary:Sideboard","ats:Snipe","Meat on the Bone","ats:Emergency Defibrillator","SynthV:MejaisSoulstealer","AT_MibuBalloonWealth","TungstenRod","reliquary:QuartzCube","reliquary:IridiumChain"],"acts_visited":["Exordium","TheCity","TheBeyond","TheEnding"],"potions_floor_usage":[23,23,33,40],"damage_taken":[{"damage":0.0,"enemies":"Cultist","floor":1.0,"turns":1.0},{"damage":0.0,"enemies":"Small Slimes","floor":2.0,"turns":1.0},{"damage":0.0,"enemies":"2 Louse","floor":3.0,"turns":2.0},{"damage":2.0,"enemies":"Blue Slaver","floor":4.0,"turns":3.0},{"damage":16.0,"enemies":"Gremlin Nob","floor":6.0,"turns":4.0},{"damage":16.0,"enemies":"Large Slime","floor":8.0,"turns":5.0},{"damage":17.0,"enemies":"Lagavulin","floor":10.0,"turns":9.0},{"damage":14.0,"enemies":"Red Slaver","floor":14.0,"turns":3.0},{"damage":0.0,"enemies":"Slime Boss","floor":16.0,"turns":5.0},{"damage":0.0,"enemies":"Spheric Guardian","floor":18.0,"turns":1.0},{"damage":0.0,"enemies":"3 Byrds","floor":19.0,"turns":2.0},{"damage":14.0,"enemies":"Centurion and Healer","floor":21.0,"turns":4.0},{"damage":0,"enemies":"Book of Stabbing","floor":23,"turns":7},{"damage":0,"enemies":"Slavers","floor":25,"turns":3},{"damage":0,"enemies":"Sentry and Sphere","floor":29,"turns":2},{"damage":0,"enemies":"Cultist and Chosen","floor":30,"turns":2},{"damage":7,"enemies":"Automaton","floor":33,"turns":5},{"damage":0,"enemies":"Orb Walker","floor":35,"turns":2},{"damage":0,"enemies":"3 Shapes","floor":36,"turns":1},{"damage":0,"enemies":"Writhing Mass","floor":37,"turns":3},{"damage":5,"enemies":"2 Orb Walkers","floor":39,"turns":2},{"damage":0,"enemies":"Reptomancer","floor":40,"turns":2},{"damage":11,"enemies":"Sphere and 2 Shapes","floor":41,"turns":3},{"damage":34,"enemies":"Mind Bloom Boss Battle","floor":44,"turns":3},{"damage":0,"enemies":"Spire Growth","floor":46,"turns":2},{"damage":0,"enemies":"Transient","floor":47,"turns":5},{"damage":1,"enemies":"Giant Head","floor":48,"turns":4},{"damage":24,"enemies":"Awakened One","floor":50,"turns":8},{"damage":0,"enemies":"Shield and Spear","floor":54,"turns":3},{"damage":0,"enemies":"The Heart","floor":55,"turns":4}],"seed_played":"8175389048708086666","potions_obtained":[{"floor":1.0,"key":"ats:Emergency Sanity Potion"},{"floor":6.0,"key":"Fruit Juice"},{"floor":16.0,"key":"REME_GoldPotion"},{"floor":19.0,"key":"Regen Potion"},{"floor":23,"key":"DistilledChaos"},{"floor":29,"key":"Explosive Potion"},{"floor":33,"key":"ats:Flame Arts Potion"},{"floor":35,"key":"FairyPotion"},{"floor":41,"key":"Dexterity Potion"},{"floor":44,"key":"ats:Burn Big Potion"}],"is_trial":false,"path_per_floor":["M","M","M","M","?","E","T","M","T","E","R","$","R","M","R","B",null,"M","M","?","M","$","E","R","E","T","R","?","M","M","?","R","B",null,"M","M","M","T","?","E","M","$","T","?","$","M","M","E","R","B",null,"R","$","E","B",null],"character_chosen":"DOCTOR_CLASS","items_purchased":["ChiLing","Civilization","Tiny Chest","ats:Snipe","REME_BuildACard","SynthV:MejaisSoulstealer"],"campfire_rested":1,"item_purchase_floors":[12,22,22,42,42,45],"current_hp_per_floor":[72,72,72,70,59,43,43,27,27,15,38,38,38,24,24,24,77,77,77,77,63,63,73,73,77,77,77,77,82,87,87,87,85,97,102,107,112,112,112,117,111,111,111,82,82,87,92,96,96,86,152,152,152,157,162],"gold":-920,"neow_bonus":"THREE_ENEMY_KILL","is_daily":false,"chose_seed":false,"campfire_upgraded":4,"win_rate":0.0,"timestamp":1612802942,"path_taken":["M","M","M","?","?","E","?","M","T","E","R","$","R","M","R","BOSS","M","M","?","?","?","E","R","E","T","R","?","M","M","?","R","BOSS","M","?","M","?","?","E","M","$","T","?","$","M","M","E","R","BOSS","R","$","E","BOSS"],"items_purchased_type":["Relic","Relic","Relic","Relic","Card","Relic"],"build_version":"2020-12-22","purchased_purges":2,"victory":true,"max_hp_per_floor":[72,72,72,72,72,72,72,72,72,77,77,77,77,77,77,77,77,77,77,77,77,77,78,78,82,82,82,82,87,92,92,92,97,97,102,107,112,112,117,122,127,127,127,132,132,137,142,147,147,152,152,152,152,157,162],"card_choices":[{"not_picked":["ats:Apocalypse","ats:Cat Scratch"],"picked":"ats:Absolute Focus","floor":1.0},{"not_picked":["ats:Sashimi Platter","ats:Encircling Forest","ats:Guard Mode","ats:Hammer On"],"picked":"ats:Closed Bolt Burst Fire","floor":2.0},{"not_picked":["ats:Explosion Area Strengthen","ats:Hammer On","ats:Sashimi Platter","ats:Collapsing Strike","ats:Thermite Blade"],"picked":"SKIP","floor":3.0},{"not_picked":["ats:Shell Defense","ats:Poison Spread","ats:Consecutive Shot Auto","ats:Blood Oath"],"picked":"ats:Mental Burst","floor":4.0},{"not_picked":["ats:Guard Mode","ats:Red Shift","ats:Charging Defense","ats:Flexible Camouflage"],"picked":"ats:Wolf Pack","floor":6.0},{"not_picked":["ats:Automatic Cover","ats:Very Hot Blade","ats:Blood Oath","ats:Ignite"],"picked":"ats:Magnetic Hammer","floor":8.0},{"not_picked":["ats:LN2 Cannon","ats:Song Of Battle","ats:Phantom","ats:Apocalypse"],"picked":"ats:Steam Pump","floor":10.0},{"not_picked":["ats:Curse Doll","ats:Thermite Blade","ats:Cat Scratch","ats:Apocalypse"],"picked":"ats:Charging Defense","floor":14.0},{"not_picked":["ats:Rat Pack","ats:True Silver Slash","ats:Calcification","ats:Disruption Kick"],"picked":"ats:Wolf Pack","floor":16.0},{"not_picked":["ats:Consecutive Shot Auto","ats:Guardian Obelisk","ats:Hammer On","ats:Revitalization+1"],"picked":"ats:LN2 Cannon+1","floor":18.0},{"not_picked":["ats:Cat Scratch","ats:Flexible Camouflage","ats:Defend Order","ats:Neurotoxin","ats:Rapid Magazine+1"],"picked":"SKIP","floor":19.0},{"not_picked":["ats:Thermite Blade","ats:Very Hot Blade","ats:Closed Bolt Burst Fire","ats:Assault Order"],"picked":"ats:Leaping Hammer","floor":21.0},{"not_picked":["ats:Very Hot Blade","ats:Demon Strength","ats:Revitalization","ats:Wolf Pack"],"picked":"ats:Phantom+1","floor":23},{"not_picked":["ats:Absolute Focus+1","ats:Shell Defense","ats:Steam Pump","ats:Counter Healing Mode"],"picked":"ats:Red Shift","floor":25},{"not_picked":["ats:Sashimi Platter","ats:Ignite","ats:Sword Rain","ats:Neurotoxin","ats:Revitalization"],"picked":"SKIP","floor":29},{"not_picked":["ats:Overload","ats:Ignite","ats:Assault Order","ats:Song Of Battle+1"],"picked":"ats:Flexible Camouflage+1","floor":30},{"not_picked":["ats:Echo Reverb","ats:Rat Pack","ats:Ambush","ats:Wolf Pack"],"picked":"ats:Volcano","floor":33},{"not_picked":["ats:Beaten Up","ats:Poison Spread+1","ats:Shell Defense","ats:Burning Ground","ats:Hammer On+1"],"picked":"SKIP","floor":35},{"not_picked":["ats:Encircling Forest","ats:Collapsing Strike","ats:Flexible Camouflage+1","ats:Curse Doll"],"picked":"ats:Burning Ground+1","floor":36},{"not_picked":["ats:Shell Defense+1","ats:Absolute Focus+1","ats:Demon Strength","ats:Hammer On"],"picked":"ats:Guardian Obelisk","floor":37},{"not_picked":["ats:Explosion Area Strengthen","ats:Revitalization","ats:Healing Drone+1","ats:Guardian Obelisk+1"],"picked":"ats:Very Hot Blade+1","floor":39},{"not_picked":["ats:Roar Of Ursus","ats:Poison Spread","ats:Explosion Area Strengthen+1","ats:Guard Mode+1"],"picked":"ats:Volcano","floor":40},{"not_picked":["ats:Explosion Area Strengthen+1","ats:Cat Scratch","ats:Shell Defense+1","ats:Curse Doll+1"],"picked":"ats:Flexible Camouflage+1","floor":41},{"not_picked":["ats:Assault Order+1","ats:Sunburst","ats:Composite Medical Shells","ats:Revitalization+1"],"picked":"ats:Sashimi Platter","floor":44},{"not_picked":["ats:Neurotoxin","ats:Soul Absorption+1","ats:Flexible Camouflage","ats:Encircling Forest","ats:Shell Defense+1"],"picked":"SKIP","floor":46},{"not_picked":["ats:Encircling Forest","ats:Soul Absorption","ats:Consecutive Shot Auto","ats:Apocalypse+1","ats:Shell Defense"],"picked":"SKIP","floor":47},{"not_picked":["ats:Dogmatic Field","ats:Cat Scratch+1","ats:Sunburst","ats:Mental Burst"],"picked":"ats:Overload+1","floor":48},{"not_picked":["ats:Hammer On","ats:Charging Defense","ats:Consecutive Shot Auto","ats:Guard Mode+1"],"picked":"ats:Absolute Focus","floor":54}],"player_experience":195397,"relics_obtained":[{"floor":1.0,"key":"SynthV:TestCard"},{"floor":6.0,"key":"ats:Originium"},{"floor":6.0,"key":"reliquary:ExpiredCoupon"},{"floor":9.0,"key":"AT_ForceNature"},{"floor":10.0,"key":"ats:Originium"},{"floor":10.0,"key":"ats:Bonebreaker"},{"floor":23,"key":"ats:Originium"},{"floor":23,"key":"Kunai"},{"floor":25,"key":"ats:Originium"},{"floor":25,"key":"reliquary:FeatherDuster"},{"floor":26,"key":"ats:Hidden Killer"},{"floor":38,"key":"Bronze Scales"},{"floor":39,"key":"Shovel"},{"floor":40,"key":"reliquary:Sideboard"},{"floor":43,"key":"Meat on the Bone"},{"floor":44,"key":"ats:Emergency Defibrillator"},{"floor":48,"key":"AT_MibuBalloonWealth"},{"floor":49,"key":"TungstenRod"},{"floor":52,"key":"reliquary:QuartzCube"},{"floor":54,"key":"reliquary:IridiumChain"}],"event_choices":[{"damage_healed":0.0,"max_hp_gain":0.0,"max_hp_loss":0.0,"gold_gain":0.0,"event_name":"betterThird:BetterGoop","player_choice":"Slimed","floor":5.0,"gold_loss":25.0,"damage_taken":11.0},{"damage_healed":0.0,"max_hp_gain":0.0,"max_hp_loss":0.0,"gold_gain":275.0,"event_name":"Golden Shrine","player_choice":"Desecrate","floor":20.0,"gold_loss":0.0,"damage_taken":0.0,"cards_obtained":["Regret"]},{"cards_removed":["ats:Defend"],"damage_healed":0,"gold_gain":0,"player_choice":"Purged","damage_taken":0,"max_hp_gain":0,"max_hp_loss":0,"event_name":"Purifier","floor":28,"gold_loss":0},{"damage_healed":0,"gold_gain":0,"player_choice":"Upgraded","damage_taken":0,"max_hp_gain":0,"max_hp_loss":0,"event_name":"Upgrade Shrine","floor":31,"gold_loss":0,"cards_upgraded":["ats:Absolute Focus"]},{"damage_healed":0,"gold_gain":0,"player_choice":"Fight","damage_taken":0,"max_hp_gain":0,"max_hp_loss":0,"event_name":"Mysterious Sphere","floor":39,"gold_loss":0},{"damage_healed":0,"gold_gain":0,"player_choice":"Fight","damage_taken":0,"max_hp_gain":0,"max_hp_loss":0,"event_name":"MindBloom","floor":44,"gold_loss":0}],"is_beta":false,"boss_relics":[{"not_picked":["JellyFishMachine","Tiny House"],"picked":"reliquary:Craggleroot"},{"not_picked":["REME_LowDesire","Coffee Dripper"],"picked":"BloodWine"}],"items_purged_floors":[22,22],"is_endless":false,"potions_floor_spawned":[1,6,16,19,21,23,29,33,35,41,44,46,47,54],"ascension_level":0}}