{"host":"js2su9tbbk4rmjfl","time":1612804365,"event":{"mods":["AchievementEnabler","BaseMod","Block Reminder","Colored Map","Colored Powertips","Highlight Path","Minty Spire (QoL Compilation)","Relic Stats"],"gold_per_floor":[113,133,133,58,68,68,94,94,94,94,94,114,114,145,145,240,240,195,42,42,42,42,42,42,42,42,42,42,42,42,42,42,42,42,42,42,42,42,42,42,42,42,42,42,42,42,42,42,42,42],"floor_reached":51,"language":"ENG","playtime":3477,"items_purged":["Regret"],"score":729,"play_id":"e51a7892-0172-4c9b-b0bf-44d01dbc3e9e","local_time":"20210208181245","is_ascension_mode":false,"campfire_choices":[{"data":"Blood for Blood","floor":6,"key":"SMITH"},{"data":"Hemokinesis","floor":8,"key":"SMITH"},{"data":"Bash","floor":11,"key":"SMITH"},{"data":"Ghostly Armor","floor":13,"key":"SMITH"},{"data":"Berserk","floor":15,"key":"SMITH"},{"data":"Reaper","floor":23,"key":"SMITH"},{"data":"Bite","floor":25,"key":"SMITH"},{"data":"Bite","floor":27,"key":"SMITH"},{"data":"Bite","floor":30,"key":"SMITH"},{"data":"Bite","floor":32,"key":"SMITH"},{"data":"Bite","floor":40,"key":"SMITH"},{"data":"Spot Weakness","floor":42,"key":"SMITH"},{"data":"Sword Boomerang","floor":44,"key":"SMITH"},{"data":"Defend_R","floor":49,"key":"SMITH"}],"circlet_count":0,"master_deck":["Defend_R","Defend_R+1","Bash+1","Hemokinesis+1","Blood for Blood+1","Ghostly Armor+1","Berserk+1","Reaper+1","Thunderclap+1","Carnage+1","Ghostly Armor+1","Bite+1","Bite+1","Bite+1","Bite+1","Bite+1","Spot Weakness+1","Barricade+1","Sword Boomerang+1","Shrug It Off+1"],"relics":["Black Blood","Bird Faced Urn","Eternal Feather","Magic Flower","Toy Ornithopter","Ectoplasm","Oddly Smooth Stone","Pantograph","Red Mask","TungstenRod","Regal Pillow","Bottled Lightning","Dead Branch"],"acts_visited":["Exordium","TheCity","TheBeyond"],"potions_floor_usage":[14,22,41],"damage_taken":[{"damage":5,"enemies":"Small Slimes","floor":1,"turns":4},{"damage":2,"enemies":"2 Louse","floor":2,"turns":2},{"damage":13,"enemies":"Jaw Worm","floor":5,"turns":2},{"damage":24,"enemies":"3 Sentries","floor":7,"turns":8},{"damage":2,"enemies":"Looter","floor":12,"turns":2},{"damage":13,"enemies":"Gremlin Nob","floor":14,"turns":3},{"damage":44,"enemies":"Hexaghost","floor":16,"turns":8},{"damage":11,"enemies":"2 Thieves","floor":18,"turns":4},{"damage":6,"enemies":"Chosen","floor":21,"turns":4},{"damage":23,"enemies":"3 Cultists","floor":22,"turns":4},{"damage":21,"enemies":"Masked Bandits","floor":28,"turns":3},{"damage":24,"enemies":"Centurion and Healer","floor":29,"turns":4},{"damage":36,"enemies":"Book of Stabbing","floor":31,"turns":4},{"damage":57,"enemies":"Automaton","floor":33,"turns":10},{"damage":12,"enemies":"Orb Walker","floor":35,"turns":4},{"damage":27,"enemies":"3 Darklings","floor":37,"turns":5},{"damage":21,"enemies":"Jaw Worm Horde","floor":38,"turns":4},{"damage":114,"enemies":"Giant Head","floor":41,"turns":9},{"damage":32,"enemies":"Reptomancer","floor":46,"turns":7},{"damage":16,"enemies":"4 Shapes","floor":48,"turns":4},{"damage":115,"enemies":"Awakened One","floor":50,"turns":15}],"seed_played":"8495144839889499289","potions_obtained":[{"floor":1,"key":"BloodPotion"},{"floor":7,"key":"Strength Potion"},{"floor":14,"key":"BloodPotion"},{"floor":18,"key":"SmokeBomb"},{"floor":22,"key":"BloodPotion"},{"floor":46,"key":"Weak Potion"},{"floor":48,"key":"Explosive Potion"}],"is_trial":false,"path_per_floor":["M","M","?","$","M","R","E","R","T","?","R","M","R","E","R","B",null,"M","$","?","M","M","R","?","R","T","R","?","M","R","E","R","B",null,"M","?","M","M","?","R","E","R","T","R","$","E","$","M","R","B",null],"character_chosen":"IRONCLAD","items_purchased":["Oddly Smooth Stone"],"campfire_rested":0,"item_purchase_floors":[19],"current_hp_per_floor":[80,80,80,80,73,73,55,61,61,61,67,74,80,76,80,48,80,80,80,65,68,85,85,59,59,59,59,57,59,59,59,59,57,59,59,59,59,59,59,59,49,59,59,59,59,59,59,59,59,48],"gold":42,"neow_bonus":"REMOVE_CARD","is_daily":false,"chose_seed":false,"campfire_upgraded":14,"win_rate":0.0,"timestamp":1612804365,"path_taken":["M","M","?","$","M","R","E","R","T","?","R","M","R","E","R","BOSS","M","$","?","M","M","R","?","R","T","R","?","M","R","E","R","BOSS","M","?","?","M","?","R","E","R","T","R","$","E","?","M","R","BOSS"],"items_purchased_type":["Relic"],"build_version":"2020-12-22","purchased_purges":1,"victory":true,"max_hp_per_floor":[80,80,80,80,80,80,80,80,80,80,80,80,80,80,80,80,80,80,80,85,85,85,85,59,59,59,59,59,59,59,59,59,59,59,59,59,59,59,59,59,59,59,59,59,59,59,59,59,59,59],"relic_stats":{"Regal Pillow":0,"counters":[21,110],"Bird Faced Urn":[25],"Pantograph":0,"Dead Branch":[4],"Black Blood":144,"Magic Flower":[178],"Eternal Feather":32,"Ectoplasm":382,"obtain_stats":[{"Regal Pillow":41,"Dead Branch":46,"Magic Flower":9,"Oddly Smooth Stone":19,"Black Blood":34,"Eternal Feather":7,"Burning Blood":0,"Bird Faced Urn":3,"Pantograph":26,"Ectoplasm":17,"Red Mask":28,"Bottled Lightning":43,"Toy Ornithopter":14,"TungstenRod":31},{"Regal Pillow":18,"Dead Branch":19,"Magic Flower":4,"Oddly Smooth Stone":8,"Black Blood":14,"Eternal Feather":4,"Burning Blood":0,"Bird Faced Urn":2,"Pantograph":10,"Ectoplasm":7,"Red Mask":11,"Bottled Lightning":18,"Toy Ornithopter":6,"TungstenRod":13},{"Regal Pillow":84,"Dead Branch":91,"Magic Flower":16,"Oddly Smooth Stone":33,"Black Blood":62,"Eternal Feather":16,"Burning Blood":0,"Bird Faced Urn":6,"Pantograph":41,"Ectoplasm":29,"Red Mask":44,"Bottled Lightning":84,"Toy Ornithopter":21,"TungstenRod":52}],"Toy Ornithopter":8,"TungstenRod":55},"card_choices":[{"not_picked":["True Grit","Thunderclap"],"picked":"Hemokinesis","floor":1},{"not_picked":["Sentinel","Headbutt"],"picked":"Blood for Blood","floor":2},{"not_picked":["Armaments","Body Slam","Clothesline"],"picked":"SKIP","floor":5},{"not_picked":["Flex","Dropkick"],"picked":"Ghostly Armor","floor":7},{"not_picked":["Iron Wave","Flex","Fire Breathing"],"picked":"SKIP","floor":12},{"not_picked":["Thunderclap","Blood for Blood"],"picked":"Berserk","floor":14},{"not_picked":["Corruption","Offering"],"picked":"Reaper","floor":16},{"not_picked":["Clash","Sword Boomerang"],"picked":"Thunderclap+1","floor":18},{"not_picked":["Twin Strike","Clash+1"],"picked":"Carnage+1","floor":21},{"not_picked":["Entrench","Sword Boomerang+1"],"picked":"Ghostly Armor+1","floor":22},{"not_picked":["Wild Strike","Flex"],"picked":"Spot Weakness","floor":28},{"not_picked":["Warcry","Burning Pact+1","Brutality"],"picked":"SKIP","floor":29},{"not_picked":["Power Through+1","Bloodletting","Shockwave"],"picked":"SKIP","floor":31},{"not_picked":["Immolate","Offering"],"picked":"Barricade","floor":33},{"not_picked":["Pommel Strike+1","Wild Strike+1"],"picked":"Sword Boomerang","floor":35},{"not_picked":["Perfected Strike","Havoc+1","Exhume"],"picked":"SKIP","floor":37},{"not_picked":["Perfected Strike+1","Headbutt","Carnage"],"picked":"SKIP","floor":38},{"not_picked":["Bludgeon","Headbutt+1"],"picked":"Shrug It Off+1","floor":41},{"not_picked":["Combust","Iron Wave+1","Body Slam"],"picked":"SKIP","floor":46},{"not_picked":["Bloodletting","Armaments+1","Havoc"],"picked":"SKIP","floor":48}],"player_experience":801636,"relics_obtained":[{"floor":7,"key":"Eternal Feather"},{"floor":9,"key":"Magic Flower"},{"floor":14,"key":"Toy Ornithopter"},{"floor":26,"key":"Pantograph"},{"floor":28,"key":"Red Mask"},{"floor":31,"key":"TungstenRod"},{"floor":41,"key":"Regal Pillow"},{"floor":43,"key":"Bottled Lightning"},{"floor":46,"key":"Dead Branch"}],"event_choices":[{"damage_healed":0,"gold_gain":0,"player_choice":"Box","damage_taken":0,"relics_obtained":["Bird Faced Urn"],"max_hp_gain":0,"max_hp_loss":0,"event_name":"Big Fish","floor":3,"gold_loss":0,"cards_obtained":["Regret"]},{"cards_removed":["Defend_R"],"damage_healed":0,"gold_gain":0,"player_choice":"Forget","damage_taken":0,"max_hp_gain":0,"max_hp_loss":0,"event_name":"Living Wall","floor":10,"gold_loss":0},{"damage_healed":0,"gold_gain":0,"player_choice":"Shed Blood","damage_taken":20,"max_hp_gain":5,"max_hp_loss":0,"event_name":"Forgotten Altar","floor":20,"gold_loss":0},{"damage_healed":0,"gold_gain":0,"player_choice":"Became a vampire","damage_taken":0,"max_hp_gain":0,"max_hp_loss":26,"event_name":"Vampires","floor":24,"gold_loss":0,"cards_obtained":["Bite","Bite","Bite","Bite","Bite"]},{"damage_healed":0,"gold_gain":0,"player_choice":"Fought Bandits","damage_taken":0,"max_hp_gain":0,"max_hp_loss":0,"event_name":"Masked Bandits","floor":28,"gold_loss":0},{"damage_healed":0,"gold_gain":0,"player_choice":"Forge","damage_taken":0,"max_hp_gain":0,"max_hp_loss":0,"event_name":"Accursed Blacksmith","floor":36,"gold_loss":0,"cards_upgraded":["Barricade"]},{"damage_healed":0,"gold_gain":0,"player_choice":"Ignored","damage_taken":0,"max_hp_gain":0,"max_hp_loss":0,"event_name":"WeMeetAgain","floor":39,"gold_loss":0}],"is_beta":false,"boss_relics":[{"not_picked":["Mark of Pain","Snecko Eye"],"picked":"Ectoplasm"},{"not_picked":["Velvet Choker","Coffee Dripper"],"picked":"Black Blood"}],"items_purged_floors":[4],"is_endless":false,"potions_floor_spawned":[1,7,14,18,22,29,38,46,48],"ascension_level":0}}