{"host":"kh6fvhxn285ncg0o","time":1612827305,"event":{"mods":["Act Like it!","BaseMod","Colored Map","Friendly Minions","Keyboard Shortcuts","Minty Spire (QoL Compilation)","Quick Restart","Relic Stats","StSLib","SuperFastMode","UnlockEverythingMod"],"gold_per_floor":[111,111,111,129,146,146,173,173,173,189,189,264,279,279,279,279,279],"floor_reached":16,"language":"KOR","playtime":187,"items_purged":[],"score":200,"play_id":"75e2cd91-71a9-4bde-b3cd-9d25e84be75c","local_time":"20210209083505","is_ascension_mode":true,"campfire_choices":[{"data":"Bash","floor":6,"key":"SMITH"},{"data":"Cleave","floor":11,"key":"SMITH"},{"data":"Whirlwind","floor":15,"key":"SMITH"}],"circlet_count":0,"master_deck":["AscendersBane","Strike_R","Strike_R","Strike_R","Defend_R","Defend_R","Defend_R","Defend_R","Bash+1","Burning Pact","Cleave+1","Whirlwind+1"],"relics":["Sozu","Darkstone Periapt","Self Forming Clay"],"acts_visited":["Exordium"],"potions_floor_usage":[],"damage_taken":[{"damage":7,"enemies":"2 Louse","floor":1,"turns":3},{"damage":4,"enemies":"Small Slimes","floor":4,"turns":3},{"damage":0,"enemies":"Cultist","floor":5,"turns":3},{"damage":39,"enemies":"Gremlin Nob","floor":7,"turns":4},{"damage":2,"enemies":"Exordium Wildlife","floor":10,"turns":5},{"damage":6,"enemies":"Looter","floor":13,"turns":2},{"damage":10,"enemies":"Slime Boss","floor":16,"turns":5}],"seed_played":"-2336731825759968005","potions_obtained":[],"is_trial":false,"path_per_floor":["M","?","?","M","M","R","E","?","T","M","R","?","M","?","R","B"],"character_chosen":"IRONCLAD","items_purchased":[],"campfire_rested":0,"item_purchase_floors":[],"current_hp_per_floor":[61,61,75,71,71,71,32,25,25,23,23,12,6,6,6,0,0],"gold":279,"neow_bonus":"BOSS_RELIC","is_daily":false,"chose_seed":false,"campfire_upgraded":3,"win_rate":0.0,"timestamp":1612827305,"path_taken":["M","?","?","?","M","R","E","?","T","M","R","?","M","?","R","BOSS"],"items_purchased_type":[],"build_version":"2020-12-22","purchased_purges":0,"victory":false,"max_hp_per_floor":[75,75,75,75,75,75,75,75,75,75,75,75,75,75,75,75,75],"relic_stats":{"Sozu":3,"Darkstone Periapt":0,"counters":[7,25],"Self Forming Clay":[6],"obtain_stats":[{"Sozu":0,"Darkstone Periapt":7,"Self Forming Clay":9,"Burning Blood":0},{"Sozu":0,"Darkstone Periapt":4,"Self Forming Clay":4,"Burning Blood":0},{"Sozu":0,"Darkstone Periapt":13,"Self Forming Clay":13,"Burning Blood":0}]},"card_choices":[{"not_picked":["Flex","Havoc"],"picked":"Rage","floor":1},{"not_picked":["Seeing Red","Metallicize"],"picked":"Burning Pact","floor":4},{"not_picked":["Combust","Perfected Strike"],"picked":"Cleave","floor":5},{"not_picked":["Iron Wave","Reckless Charge"],"picked":"Whirlwind","floor":13}],"player_experience":1332744,"relics_obtained":[{"floor":7,"key":"Darkstone Periapt"},{"floor":9,"key":"Self Forming Clay"}],"event_choices":[{"cards_removed":["Strike_R"],"damage_healed":0,"gold_gain":0,"player_choice":"Forget","damage_taken":0,"max_hp_gain":0,"max_hp_loss":0,"event_name":"Living Wall","floor":2,"gold_loss":0},{"cards_removed":["Rage"],"damage_healed":14,"gold_gain":0,"player_choice":"Offered Uncommon","damage_taken":0,"max_hp_gain":0,"max_hp_loss":0,"event_name":"Bonfire Elementals","floor":3,"gold_loss":0},{"cards_removed":["Strike_R"],"damage_healed":0,"gold_gain":0,"player_choice":"Card Removal","damage_taken":7,"max_hp_gain":0,"max_hp_loss":0,"event_name":"Golden Wing","floor":8,"gold_loss":0},{"damage_healed":0,"gold_gain":75,"player_choice":"Gather Gold","damage_taken":11,"max_hp_gain":0,"max_hp_loss":0,"event_name":"World of Goop","floor":12,"gold_loss":0},{"damage_healed":0,"gold_gain":0,"player_choice":"Searched \u00271\u0027 times","damage_taken":0,"max_hp_gain":0,"max_hp_loss":0,"event_name":"Dead Adventurer","floor":14,"gold_loss":0}],"is_beta":false,"boss_relics":[],"items_purged_floors":[],"is_endless":false,"potions_floor_spawned":[1,4,10],"killed_by":"Slime Boss","ascension_level":20}}