{"host":"8a3jzv7qxg3y7b6t","time":1612806451,"event":{"mods":["BaseMod","Better Third Choice","Downfall","Hermit","Minty Spire (QoL Compilation)","Relic Stats","StSLib","The Bug Knight","The Cursed"],"gold_per_floor":[114,114,130,149,169,195,205,205,205],"floor_reached":8,"language":"ENG","playtime":411,"items_purged":[],"score":72,"play_id":"2c5ac93c-2673-4efa-87e9-4c0a3bf3186a","local_time":"20210208094731","is_ascension_mode":true,"campfire_choices":[],"circlet_count":0,"master_deck":["Strike_G","Strike_G","Strike_G","Strike_G","Strike_G","Defend_G","Defend_G","Defend_G","Defend_G","Defend_G","Survivor","Neutralize","Blur","Burn","Dodge and Roll","Slice","Slice","Corpse Explosion","Well Laid Plans"],"relics":["Ring of the Snake","NeowsBlessing","Matryoshka"],"acts_visited":["Exordium"],"potions_floor_usage":[8],"damage_taken":[{"damage":0,"enemies":"Small Slimes","floor":1,"turns":1},{"damage":0,"enemies":"Jaw Worm","floor":3,"turns":1},{"damage":0,"enemies":"Cultist","floor":4,"turns":2},{"damage":6,"enemies":"Looter","floor":5,"turns":5},{"damage":51,"enemies":"3 Sentries","floor":6,"turns":13},{"damage":3,"enemies":"Exordium Wildlife","floor":7,"turns":6},{"damage":5,"enemies":"HollowMod:MossKnight","floor":8,"turns":5}],"seed_played":"-4134676904849419735","potions_obtained":[{"floor":3,"key":"SteroidPotion"},{"floor":5,"key":"Poison Potion"},{"floor":6,"key":"LiquidMemories"}],"is_trial":false,"path_per_floor":["M","?","M","M","M","E","M","E"],"character_chosen":"THE_SILENT","items_purchased":[],"campfire_rested":0,"item_purchase_floors":[],"current_hp_per_floor":[70,70,70,70,64,13,10,5,5],"gold":205,"neow_bonus":"THREE_ENEMY_KILL","is_daily":false,"chose_seed":false,"campfire_upgraded":0,"win_rate":0.0,"timestamp":1612806451,"path_taken":["M","?","M","M","M","E","M","E"],"items_purchased_type":[],"build_version":"2020-12-22","purchased_purges":0,"victory":false,"max_hp_per_floor":[70,70,70,70,70,70,70,70,70],"relic_stats":{"counters":[7,33],"obtain_stats":[{"Matryoshka":6,"NeowsBlessing":0,"Ring of the Snake":0},{"Matryoshka":5,"NeowsBlessing":0,"Ring of the Snake":0},{"Matryoshka":22,"NeowsBlessing":0,"Ring of the Snake":0}],"Ring of the Snake":[14]},"card_choices":[{"not_picked":["Quick Slash","Deadly Poison"],"picked":"Blur","floor":1},{"not_picked":["Backflip","Dagger Throw"],"picked":"Dodge and Roll","floor":3},{"not_picked":["Concentrate","Distraction"],"picked":"Slice","floor":4},{"not_picked":["Endless Agony","Dagger Spray"],"picked":"Slice","floor":5},{"not_picked":["Dagger Throw","Footwork"],"picked":"Corpse Explosion","floor":6},{"not_picked":["Accuracy","Flying Knee"],"picked":"Well Laid Plans","floor":7}],"player_experience":670954,"relics_obtained":[{"floor":6,"key":"Matryoshka"}],"event_choices":[{"damage_healed":70,"gold_gain":0,"player_choice":"Embrace Burn","damage_taken":0,"max_hp_gain":0,"max_hp_loss":70,"event_name":"betterThird:BetterShining","floor":2,"gold_loss":0}],"is_beta":false,"boss_relics":[],"items_purged_floors":[],"is_endless":false,"potions_floor_spawned":[3,5,6],"killed_by":"HollowMod:MossKnight","ascension_level":4}}