{"host":"neeznpvpgo0qgfkd","time":1612796513,"event":{"mods":["AchievementEnabler","BaseMod","BetterRewards","Colored Map","Colored Powertips","Exacting","Minty Spire (QoL Compilation)","Permanent Neow","Quick Restart","Shop Mod"],"gold_per_floor":[134,134,152,167,187,222,297,328,328,351,365,400,400,425,425,525,525,540,552,409,439,439,439],"floor_reached":22,"language":"ENG","playtime":1646,"items_purged":[],"score":278,"play_id":"27fba9e1-7310-4588-932d-705f335959e0","local_time":"20210208100153","is_ascension_mode":true,"campfire_choices":[{"floor":13,"key":"REST"},{"floor":15,"key":"REST"}],"circlet_count":0,"master_deck":["Strike_R","Strike_R","Strike_R","Strike_R","Strike_R","Defend_R","Defend_R","Defend_R","Defend_R","Bash","Inflame","Flex+1","Cleave","Dual Wield","Dropkick","Barricade","Rage+1","Reaper","Inflame","Armaments","Demon Form","Thunderclap","Bloodletting+1","Thunderclap"],"relics":["Burning Blood","Unceasing Top","Akabeko","Regal Pillow","Incense Burner","Blood Vial","Singing Bowl","Gremlin Horn","Darkstone Periapt","Potion Belt","Mark of Pain","War Paint","Red Mask"],"acts_visited":["Exordium","TheCity"],"potions_floor_usage":[4,6,8,8,18],"damage_taken":[{"damage":0.0,"enemies":"Small Slimes","floor":1.0,"turns":2.0},{"damage":12,"enemies":"Jaw Worm","floor":3,"turns":2},{"damage":0,"enemies":"2 Louse","floor":4,"turns":2},{"damage":0,"enemies":"2 Fungi Beasts","floor":5,"turns":3},{"damage":28,"enemies":"Gremlin Nob","floor":6,"turns":4},{"damage":21,"enemies":"3 Sentries","floor":8,"turns":6},{"damage":12,"enemies":"Looter","floor":11,"turns":3},{"damage":33,"enemies":"Gremlin Nob","floor":12,"turns":5},{"damage":35,"enemies":"3 Sentries","floor":14,"turns":5},{"damage":52,"enemies":"Slime Boss","floor":16,"turns":12},{"damage":18,"enemies":"3 Byrds","floor":18,"turns":6},{"damage":12,"enemies":"Chosen","floor":19,"turns":3},{"damage":51,"enemies":"Masked Bandits","floor":21,"turns":5},{"damage":51,"enemies":"Snecko","floor":22,"turns":5}],"seed_played":"-6996850620437225489","potions_obtained":[{"floor":1.0,"key":"Explosive Potion"},{"floor":5,"key":"Fire Potion"},{"floor":11,"key":"Dexterity Potion"},{"floor":16,"key":"Block Potion"}],"is_trial":false,"path_per_floor":["M","$","M","M","M","E","?","E","T","T","M","E","R","E","R","B",null,"M","M","$","?","M"],"character_chosen":"IRONCLAD","items_purchased":["Inflame","Akabeko","Flex","Regal Pillow","Cleave","ColorlessPotion","SkillPotion","War Paint"],"campfire_rested":2,"item_purchase_floors":[0,0,0,0,0,0,0,20],"current_hp_per_floor":[78,78,72,78,80,58,47,34,34,34,38,13,52,41,80,60,77,70,78,78,47,0,0],"gold":439,"neow_bonus":"","is_daily":false,"chose_seed":false,"campfire_upgraded":0,"win_rate":0.0,"timestamp":1612796513,"path_taken":["M","$","M","M","M","E","?","E","T","?","M","E","R","E","R","BOSS","M","M","$","?","M"],"items_purchased_type":["Card","Relic","Card","Relic","Card","Potion","Potion","Relic"],"build_version":"2020-12-22","purchased_purges":0,"victory":false,"max_hp_per_floor":[80,80,80,80,80,80,80,80,80,80,82,82,82,82,82,82,82,82,82,82,82,82,82],"card_choices":[{"not_picked":["Second Wind","Anger"],"picked":"Dual Wield","floor":1.0},{"not_picked":["Warcry","Body Slam","Clash"],"picked":"SKIP","floor":3},{"not_picked":["Flex","Havoc"],"picked":"Dropkick","floor":4},{"not_picked":["Carnage","Battle Trance"],"picked":"Barricade","floor":5},{"not_picked":["Battle Trance","Clash"],"picked":"Rage","floor":6},{"not_picked":["Burning Pact","Clash"],"picked":"Reaper","floor":8},{"not_picked":["Seeing Red","Body Slam","Thunderclap"],"picked":"Singing Bowl","floor":11},{"not_picked":["Rampage","Burning Pact"],"picked":"Inflame","floor":12},{"not_picked":["Fiend Fire","Wild Strike"],"picked":"Armaments","floor":14},{"not_picked":["Fiend Fire","Offering"],"picked":"Demon Form","floor":16},{"not_picked":["Clash","Shrug It Off"],"picked":"Thunderclap","floor":18},{"not_picked":["Second Wind","Havoc"],"picked":"Bloodletting+1","floor":19},{"not_picked":["Fire Breathing","Perfected Strike"],"picked":"Thunderclap","floor":21}],"player_experience":1335994,"relics_obtained":[{"floor":1.0,"key":"Incense Burner"},{"floor":6,"key":"Blood Vial"},{"floor":8,"key":"Singing Bowl"},{"floor":9,"key":"Gremlin Horn"},{"floor":12,"key":"Darkstone Periapt"},{"floor":14,"key":"Potion Belt"},{"floor":21,"key":"Red Mask"}],"event_choices":[{"damage_healed":0,"gold_gain":75,"player_choice":"Gather Gold","damage_taken":11,"max_hp_gain":0,"max_hp_loss":0,"event_name":"World of Goop","floor":7,"gold_loss":0},{"damage_healed":0,"gold_gain":0,"player_choice":"Fought Bandits","damage_taken":0,"max_hp_gain":0,"max_hp_loss":0,"event_name":"Masked Bandits","floor":21,"gold_loss":0}],"is_beta":false,"boss_relics":[{"not_picked":["Fusion Hammer","Empty Cage"],"picked":"Mark of Pain"}],"items_purged_floors":[],"is_endless":false,"potions_floor_spawned":[1,3,5,16],"killed_by":"Snecko","ascension_level":6}}