{"host":"j4g6ia6asvpyu2b0","time":1612801407,"event":{"mods":["BaseMod","Colored Map","Minty Spire (QoL Compilation)","Permanent Neow","Quick Restart","Relic Stats","StSLib","Unceasing Turn Reminder"],"gold_per_floor":[125,52,78,262,281,281,319,319,319,342,362,385,425,425,425,425,425],"floor_reached":16,"language":"ENG","playtime":385,"items_purged":[],"score":129,"play_id":"6cd61a10-3dad-4efe-916d-505b0be98151","local_time":"20210208092327","is_ascension_mode":true,"campfire_choices":[{"data":"Discovery","floor":6,"key":"SMITH"},{"data":"Dagger Spray","floor":8,"key":"SMITH"},{"data":"Envenom","floor":15,"key":"SMITH"}],"circlet_count":0,"master_deck":["Strike_G","Strike_G","Strike_G","Strike_G","Strike_G","Defend_G","Defend_G","Defend_G","Defend_G","Defend_G","Survivor","Neutralize","Choke","Discovery+1","Endless Agony","Doubt","Dagger Spray+1","Quick Slash","Poisoned Stab","Dagger Spray","PiercingWail","Envenom+1"],"relics":["Ring of the Snake","CeramicFish","Mango","Meat on the Bone","Boot","Golden Idol"],"acts_visited":["Exordium"],"potions_floor_usage":[13],"damage_taken":[{"damage":5,"enemies":"Jaw Worm","floor":1,"turns":3},{"damage":0,"enemies":"Small Slimes","floor":3,"turns":2},{"damage":0,"enemies":"Cultist","floor":5,"turns":4},{"damage":20,"enemies":"3 Sentries","floor":7,"turns":8},{"damage":19,"enemies":"Lots of Slimes","floor":10,"turns":3},{"damage":19,"enemies":"Looter","floor":11,"turns":3},{"damage":0,"enemies":"3 Louse","floor":12,"turns":2},{"damage":25,"enemies":"Lagavulin","floor":13,"turns":8},{"damage":35,"enemies":"Slime Boss","floor":16,"turns":3}],"seed_played":"7583392765991992264","potions_obtained":[{"floor":3,"key":"Dexterity Potion"},{"floor":5,"key":"Weak Potion"},{"floor":7,"key":"DuplicationPotion"}],"is_trial":false,"path_per_floor":["M","$","M","?","M","R","E","R","T","M","M","M","E","?","R","B"],"character_chosen":"THE_SILENT","items_purchased":["Discovery"],"campfire_rested":0,"item_purchase_floors":[2],"current_hp_per_floor":[65,65,65,65,65,65,59,59,59,52,45,45,32,11,11,0,0],"gold":425,"neow_bonus":"RANDOM_COMMON_RELIC","is_daily":false,"chose_seed":false,"campfire_upgraded":3,"win_rate":0.0,"timestamp":1612801407,"path_taken":["M","$","M","?","M","R","E","R","T","M","M","M","E","?","R","BOSS"],"items_purchased_type":["Card"],"build_version":"2020-12-22","purchased_purges":0,"victory":false,"max_hp_per_floor":[70,70,70,70,70,70,84,84,84,84,84,84,84,84,84,84,84],"relic_stats":{"counters":[9,36],"Golden Idol":0,"CeramicFish":90,"Boot":[10],"obtain_stats":[{"Golden Idol":14,"CeramicFish":0,"Mango":7,"Boot":13,"Ring of the Snake":0,"Meat on the Bone":9},{"Golden Idol":8,"CeramicFish":0,"Mango":4,"Boot":8,"Ring of the Snake":0,"Meat on the Bone":4},{"Golden Idol":33,"CeramicFish":0,"Mango":17,"Boot":33,"Ring of the Snake":0,"Meat on the Bone":17}],"Ring of the Snake":[19],"Meat on the Bone":36},"card_choices":[{"not_picked":["Outmaneuver","Expertise"],"picked":"Choke","floor":1},{"not_picked":["Bane","Acrobatics"],"picked":"Endless Agony","floor":3},{"not_picked":["Poisoned Stab","Calculated Gamble"],"picked":"Dagger Spray","floor":5},{"not_picked":["Deflect","Dodge and Roll"],"picked":"Quick Slash","floor":7},{"not_picked":["Sucker Punch","Skewer"],"picked":"Poisoned Stab","floor":10},{"not_picked":["Flechettes","Heel Hook"],"picked":"Dagger Spray","floor":11},{"not_picked":["Slice","Quick Slash"],"picked":"PiercingWail","floor":12},{"not_picked":["Predator","PiercingWail"],"picked":"Envenom","floor":13}],"player_experience":1190443,"relics_obtained":[{"floor":7,"key":"Mango"},{"floor":9,"key":"Meat on the Bone"},{"floor":13,"key":"Boot"}],"event_choices":[{"damage_healed":0,"gold_gain":175,"player_choice":"AGREE","damage_taken":0,"max_hp_gain":0,"max_hp_loss":0,"event_name":"Liars Game","floor":4,"gold_loss":0,"cards_obtained":["Doubt"]},{"damage_healed":0,"gold_gain":0,"player_choice":"Take Damage","damage_taken":21,"relics_obtained":["Golden Idol"],"max_hp_gain":0,"max_hp_loss":0,"event_name":"Golden Idol","floor":14,"gold_loss":0}],"is_beta":false,"boss_relics":[],"items_purged_floors":[],"is_endless":false,"potions_floor_spawned":[3,5,7,10],"killed_by":"Slime Boss","ascension_level":3}}