{"host":"w01zow3jg16g8jdh","time":1612796724,"event":{"mods":["2.2 Compatiblity","AchievementEnabler","BaseMod","DeckTracker","Hermit","Keyboard Shortcuts","Marisa£¨Ùöéë¡¡Øª×âÞÞ£©","Minty Spire (QoL Compilation)","Permanent Neow","StSLib","SuperFastMode"],"gold_per_floor":[112,112,132,132,9,42,67,111,111,135,33,66,66,82,82,82,82],"floor_reached":16,"language":"KOR","playtime":269,"items_purged":["Strike_MRS","Defend_MRS"],"score":196,"play_id":"844a093f-2a6a-45dc-b18c-5cf553bac006","local_time":"20210209000524","is_ascension_mode":true,"campfire_choices":[{"floor":15,"key":"REST"}],"circlet_count":0,"master_deck":["Strike_MRS","Strike_MRS","Defend_MRS","Defend_MRS","MasterSpark+1","UpSweep","Acceleration","DeepEcoloBomb","Acceleration","OortCloud","MaximisePower"],"relics":["MiniHakkero","Golden Idol","Smiling Mask","Girya","Mercury Hourglass","Omamori"],"acts_visited":["Exordium"],"potions_floor_usage":[12,12,16],"damage_taken":[{"damage":2.0,"enemies":"Jaw Worm","floor":1.0,"turns":3.0},{"damage":4.0,"enemies":"2 Louse","floor":3.0,"turns":2.0},{"damage":20.0,"enemies":"3 Sentries","floor":6.0,"turns":5.0},{"damage":0.0,"enemies":"Small Slimes","floor":7.0,"turns":3.0},{"damage":36.0,"enemies":"Gremlin Nob","floor":8.0,"turns":4.0},{"damage":0.0,"enemies":"3 Louse","floor":10.0,"turns":2.0},{"damage":0,"enemies":"3 Sentries","floor":12,"turns":2},{"damage":0,"enemies":"Red Slaver","floor":14,"turns":1},{"damage":29,"enemies":"Slime Boss","floor":16,"turns":3}],"seed_played":"6369033696291050760","potions_obtained":[{"floor":1.0,"key":"StarNLove"},{"floor":7.0,"key":"PowerPotion"},{"floor":8.0,"key":"GamblersBrew"},{"floor":10.0,"key":"AttackPotion"}],"is_trial":false,"path_per_floor":["M","?","M","?","$","E","M","E","T","M","$","E","?","M","R","B"],"character_chosen":"MARISA","items_purchased":["Explosive Potion","Energy Potion"],"campfire_rested":1,"item_purchase_floors":[5,11],"current_hp_per_floor":[73,69,65,58,58,38,38,2,2,2,2,2,2,2,22,0,0],"gold":82,"neow_bonus":"UPGRADE_CARD","is_daily":false,"chose_seed":false,"campfire_upgraded":0,"win_rate":0.0,"timestamp":1612796724,"path_taken":["M","?","M","?","$","E","M","E","T","M","$","E","?","M","R","BOSS"],"items_purchased_type":["Potion","Potion"],"build_version":"2020-12-22","purchased_purges":2,"victory":false,"max_hp_per_floor":[75,69,69,69,69,69,69,69,69,69,69,69,69,69,69,69,69],"card_choices":[{"not_picked":["Orbital","SuperPerseids","ShootingEcho"],"picked":"SKIP","floor":1.0},{"not_picked":["OneTimeOff","6A"],"picked":"Acceleration","floor":3.0},{"not_picked":["ShootingEcho","FairyDestructionRay"],"picked":"DeepEcoloBomb","floor":6.0},{"not_picked":["SporeBomb","MysteriousBeam"],"picked":"Acceleration","floor":7.0},{"not_picked":["OneTimeOff","ShootingEcho"],"picked":"OortCloud","floor":8.0},{"not_picked":["DeepEcoloBomb","GravityBeat","StarBarrage"],"picked":"SKIP","floor":10.0},{"not_picked":["WitchOfGreed","Robbery"],"picked":"MaximisePower","floor":12},{"not_picked":["SporeBomb","DarkMatter","DoubleSpark"],"picked":"SKIP","floor":14}],"player_experience":375690,"relics_obtained":[{"floor":6.0,"key":"Smiling Mask"},{"floor":8.0,"key":"Girya"},{"floor":9.0,"key":"Mercury Hourglass"},{"floor":12,"key":"Omamori"}],"event_choices":[{"damage_healed":0.0,"max_hp_gain":0.0,"max_hp_loss":6.0,"gold_gain":0.0,"event_name":"Golden Idol","player_choice":"Lose Max HP","floor":2.0,"gold_loss":0.0,"damage_taken":0.0,"relics_obtained":["Golden Idol"]},{"cards_removed":["Defend_MRS"],"damage_healed":0.0,"max_hp_gain":0.0,"max_hp_loss":0.0,"gold_gain":0.0,"event_name":"Golden Wing","player_choice":"Card Removal","floor":4.0,"gold_loss":0.0,"damage_taken":7.0},{"cards_removed":["Strike_MRS"],"damage_healed":0,"gold_gain":0,"player_choice":"Forget","damage_taken":0,"max_hp_gain":0,"max_hp_loss":0,"event_name":"Living Wall","floor":13,"gold_loss":0}],"is_beta":false,"boss_relics":[],"items_purged_floors":[5,11],"is_endless":false,"potions_floor_spawned":[1,7,8,10],"killed_by":"Slime Boss","ascension_level":3}}