{"host":"6h0diz2ap0m56grs","time":1612815605,"event":{"mods":["2.2 Compatiblity","BaseMod","Colored Map","Marisa????????","Minty Spire (QoL Compilation)","Quick Restart","Replay The Spire","Shop Mod","StSLib","The Necromancer","The Servant 0.9.4"],"gold_per_floor":[117,134,134,152,77,104,131,162,186,186,186,218,250,6,6,108,108,122,145,145,145,145,145,180,210,282,282,282,313,41,66,66,166,166,176,33,33,46,101,131,161,189,189,189,46,46,46,73,73,73],"floor_reached":51,"language":"ENG","playtime":1615,"items_purged":[],"score":1297,"play_id":"cc1ef973-c44d-4041-92bb-c207a89d676e","local_time":"20210208142005","daily_mods":["SealedDeck","Heirloom","Time Dilation","Flight"],"is_ascension_mode":true,"campfire_choices":[{"data":"Summon_Undead_Army","floor":10,"key":"SMITH"},{"data":"Summon_Undead_Army","floor":11,"key":"SMITH"},{"data":"Summon_Lich","floor":15,"key":"SMITH"},{"data":"Summon_Lich","floor":23,"key":"SMITH"},{"data":"Stop_Heart","floor":27,"key":"SMITH"},{"data":"Pandemic","floor":28,"key":"SMITH"},{"data":"Summon_Undead_Army","floor":32,"key":"SMITH"},{"data":"Summon_Undead_Army","floor":44,"key":"SMITH"},{"data":"Negative_Energy_Burst","floor":44,"key":"SMITH"},{"floor":47,"key":"DIG"},{"floor":49,"key":"DIG"}],"circlet_count":0,"master_deck":["Negative_Energy_Shield+1","Negative_Energy_Shield","Negative_Energy_Shield","Bone_Armor+1","Negative_Energy_Burst+1","Spectral_Armor","Summon_Lich+1","Pandemic+1","Negative_Energy_Burst","Summon_Undead_Army+1","Summon_Lich+1","Summon_Undead_Army+1","Requiem","Blood_Curse","Stop_Heart+1","Apotheosis","Summon_Undead","Summon_Vampire_Lady","Negative_Energy_Sphere","Bones_to_Steel","Spectral_Armor","Summon_Death_Knight","Summon_Undead_Army+1","Bone_Armor","Summon_Undead_Army+1","Acid_Javelin+1","Summon_Death_Knight","Stop_Heart+1","Bone_Armor+1","Summon_Undead+1"],"relics":["Snecko Eye","Ring of Chaos","replay:Trail_Library","Durian","War Paint","Omamori","ReplayFunnel","Bag of Marbles","Replay:Baseball","StoneCalendar","Abe\u0027s Treasure","PreservedInsect","Oddly Smooth Stone","Replay:Wax Seal","Molten Egg 2","Regal Pillow","Bag of Preparation","ReplayTheSpireMod:Shallot","Cursed Key","Membership Card","Replay:Arrowhead","HornCleat","Replay:Multitool","Replay:Rubber Ducky","Thread and Needle","MealTicket","Centennial Puzzle","Pondfish Scales"],"acts_visited":["Exordium","TheCity","TheBeyond"],"potions_floor_usage":[4,50,50,50],"damage_taken":[{"damage":0,"enemies":"Small Slimes","floor":1,"turns":1},{"damage":0,"enemies":"Cultist","floor":2,"turns":2},{"damage":0,"enemies":"2 Louse","floor":4,"turns":1},{"damage":7,"enemies":"Lagavulin","floor":6,"turns":5},{"damage":0,"enemies":"Gremlin Nob","floor":7,"turns":3},{"damage":0,"enemies":"3 Sentries","floor":8,"turns":2},{"damage":0,"enemies":"Lagavulin","floor":12,"turns":2},{"damage":0,"enemies":"Gremlin Nob","floor":13,"turns":3},{"damage":0,"enemies":"Fading Forest","floor":16,"turns":8},{"damage":0,"enemies":"2 Thieves","floor":18,"turns":2},{"damage":0,"enemies":"Gremlin Leader","floor":24,"turns":3},{"damage":0,"enemies":"Book of Stabbing","floor":25,"turns":3},{"damage":0,"enemies":"Replay:Snechameleon","floor":29,"turns":3},{"damage":0,"enemies":"Slavers","floor":31,"turns":2},{"damage":0,"enemies":"Champ","floor":33,"turns":6},{"damage":0,"enemies":"3 Shapes","floor":35,"turns":1},{"damage":0,"enemies":"Orb Walker","floor":38,"turns":2},{"damage":2,"enemies":"2 Orb Walkers","floor":39,"turns":3},{"damage":0,"enemies":"Giant Head","floor":40,"turns":5},{"damage":0,"enemies":"Nemesis","floor":41,"turns":5},{"damage":0,"enemies":"Giant Head","floor":42,"turns":5},{"damage":0,"enemies":"Nemesis","floor":48,"turns":3},{"damage":0,"enemies":"Replay:Hell Engine","floor":50,"turns":6}],"seed_played":"6756684308783104915","potions_obtained":[{"floor":1,"key":"Elixir"},{"floor":3,"key":"FearPotion"},{"floor":3,"key":"FairyPotion"},{"floor":3,"key":"Fruit Juice"},{"floor":4,"key":"Flashbang"},{"floor":8,"key":"BlessingOfTheForge"},{"floor":12,"key":"Adrenaline Potion"},{"floor":18,"key":"Dexterity Potion"},{"floor":25,"key":"Fire Potion"},{"floor":46,"key":"Reflective Coating"}],"is_trial":true,"path_per_floor":["M","M","?","M","$","E","E","E","T","R","R","E","E","$","R","B",null,"M","T","?","?","?","R","E","E","T","R","R","E","$","E","R","B",null,"M","$","T","M","?","E","E","E","T","R","$","R","R","E","R","B",null],"character_chosen":"NECROMANCER","items_purchased":["Summon_Undead_Army","Apotheosis","Summon_Undead","Bone_Armor","Bag of Preparation","Summon_Undead_Army","Membership Card","Thread and Needle"],"campfire_rested":0,"item_purchase_floors":[5,14,14,30,30,30,36,45],"current_hp_per_floor":[80,80,80,85,85,78,78,78,78,78,78,78,78,78,78,85,85,85,85,69,69,69,69,69,78,78,78,78,84,84,84,84,90,90,90,90,90,90,88,90,90,90,90,90,90,90,90,90,90,90],"gold":73,"neow_bonus":"","is_daily":false,"chose_seed":false,"campfire_upgraded":9,"win_rate":0.0,"timestamp":1612815605,"path_taken":["M","M","?","?","$","E","E","E","T","R","R","E","E","$","R","BOSS","M","?","?","?","?","R","E","E","T","R","R","E","$","E","R","BOSS","M","?","?","M","?","E","E","E","T","R","?","R","R","E","R","BOSS"],"items_purchased_type":["Card","Card","Card","Card","Relic","Card","Relic","Relic"],"build_version":"2020-12-22","purchased_purges":0,"victory":true,"max_hp_per_floor":[80,80,80,85,85,85,85,85,85,85,85,85,85,85,85,85,85,85,85,90,90,90,90,90,90,90,90,90,90,90,90,90,90,90,90,90,90,90,90,90,90,90,90,90,90,90,90,90,90,90],"card_choices":[{"not_picked":["Necrotic_Claws","Negative_Energy_Sphere","Blood_Whip"],"picked":"SKIP","floor":1},{"not_picked":["Plague_Bolt","Bone_Shift"],"picked":"Summon_Lich","floor":2},{"not_picked":["Blood_Whip","Violent_Necrosis","Life_Drain"],"picked":"SKIP","floor":4},{"not_picked":["Summon_Lich","Vampiric_Strike"],"picked":"Requiem","floor":6},{"not_picked":["Blood_for_Blood","Scare","Negative_Energy_Bomb"],"picked":"SKIP","floor":7},{"not_picked":["Life_Tap","Bone_Spikes"],"picked":"Blood_Curse","floor":8},{"not_picked":["Scare","Strike_from_Beyond","Chill_Blood"],"picked":"SKIP","floor":12},{"not_picked":["Bone_Spikes","Vampiric_Strike","Scare"],"picked":"SKIP","floor":13},{"not_picked":["Cloudkill","Detonate_Bones"],"picked":"Summon_Vampire_Lady","floor":16},{"not_picked":["Bone_Shift","Shackles_Of_Pain"],"picked":"Negative_Energy_Sphere","floor":18},{"not_picked":["Blood_for_Blood","Shackles_Of_Pain","Shade_Step"],"picked":"SKIP","floor":24},{"not_picked":["Necrotic_Claws","Blood_Shield","Bones_to_Steel"],"picked":"SKIP","floor":25},{"not_picked":["Life_Drain+1","Thousand_Bone_Knives+1"],"picked":"Summon_Undead_Army","floor":29},{"not_picked":["Deaths_Shadow+1","Uncharnel"],"picked":"Acid_Javelin+1","floor":31},{"not_picked":["Detonate_Bones+1","Blood_Magic"],"picked":"Summon_Death_Knight","floor":33},{"not_picked":["Negative_Energy_Mist","Toxic_Smoke_Screen+1","Death_Coil+1"],"picked":"SKIP","floor":35},{"not_picked":["Summon_Lich","Deaths_Shadow+1"],"picked":"Stop_Heart+1","floor":38},{"not_picked":["Bone_Spikes+1","Negative_Energy_Sphere+1"],"picked":"Bone_Armor+1","floor":39},{"not_picked":["Scare+1","Epidemic+1","Detonate_Bones+1"],"picked":"SKIP","floor":40},{"not_picked":["Negative_Energy_Mist+1","Death_Knell+1"],"picked":"Summon_Undead+1","floor":41},{"not_picked":["Chill_Blood+1","Consume_Illness+1","Blood_Whip+1"],"picked":"SKIP","floor":42},{"not_picked":["Whirlwind_of_Bones+1","Consume_Illness","Negative_Energy_Javelin+1"],"picked":"SKIP","floor":48}],"player_experience":323694,"relics_obtained":[{"floor":6,"key":"War Paint"},{"floor":7,"key":"Omamori"},{"floor":8,"key":"ReplayFunnel"},{"floor":9,"key":"Bag of Marbles"},{"floor":12,"key":"Replay:Baseball"},{"floor":13,"key":"StoneCalendar"},{"floor":19,"key":"PreservedInsect"},{"floor":24,"key":"Oddly Smooth Stone"},{"floor":25,"key":"Replay:Wax Seal"},{"floor":26,"key":"Molten Egg 2"},{"floor":29,"key":"Regal Pillow"},{"floor":31,"key":"ReplayTheSpireMod:Shallot"},{"floor":39,"key":"Replay:Arrowhead"},{"floor":40,"key":"HornCleat"},{"floor":41,"key":"Replay:Multitool"},{"floor":42,"key":"Replay:Rubber Ducky"},{"floor":47,"key":"MealTicket"},{"floor":48,"key":"Centennial Puzzle"},{"floor":49,"key":"Pondfish Scales"}],"event_choices":[{"damage_healed":0,"gold_gain":0,"player_choice":"Got Potions","damage_taken":0,"max_hp_gain":0,"max_hp_loss":0,"event_name":"Lab","floor":3,"gold_loss":0},{"damage_healed":0,"gold_gain":0,"player_choice":"Shed Blood","damage_taken":21,"max_hp_gain":5,"max_hp_loss":0,"event_name":"Forgotten Altar","floor":20,"gold_loss":0},{"damage_healed":0,"gold_gain":0,"player_choice":"Read","damage_taken":0,"max_hp_gain":0,"max_hp_loss":0,"event_name":"The Library","floor":21,"gold_loss":0,"cards_obtained":["Spectral_Armor"]},{"damage_healed":0,"gold_gain":0,"player_choice":"Ignored","damage_taken":0,"max_hp_gain":0,"max_hp_loss":0,"event_name":"The Mausoleum","floor":22,"gold_loss":0},{"damage_healed":0,"gold_gain":0,"player_choice":"Fight","damage_taken":0,"max_hp_gain":0,"max_hp_loss":0,"event_name":"Mysterious Sphere","floor":39,"gold_loss":0}],"is_beta":false,"boss_relics":[{"not_picked":["Replay:Wanted Poster","Astrolabe"],"picked":"Abe\u0027s Treasure"},{"not_picked":["Replay:Drink Me","Runic Pyramid"],"picked":"Cursed Key"}],"items_purged_floors":[],"is_endless":false,"potions_floor_spawned":[1,4,8,12,13,18,25,38,42],"ascension_level":1}}