{"host":"3a5itcmwo6ddh3id","time":1612821950,"event":{"mods":["BaseMod","Colored Map","Colored Powertips","Minty Spire (QoL Compilation)","Relic Stats"],"gold_per_floor":[99,99,99,99,99,99,99,99,99,24,24,24,24,24,24,24,24,24,24,24,24,24],"floor_reached":21,"language":"ENG","playtime":931,"items_purged":[],"score":398,"play_id":"d3588c91-4b36-4c2f-9099-56b6f77d23e3","local_time":"20210208160550","is_ascension_mode":true,"campfire_choices":[{"data":"Uppercut","floor":7,"key":"SMITH"},{"data":"Spot Weakness","floor":15,"key":"SMITH"}],"circlet_count":0,"master_deck":["AscendersBane","Strike_R","Defend_R","Defend_R","Defend_R","Defend_R","Bash","Cleave","Uppercut+1","Power Through","Fire Breathing+1","Burning Pact","Pommel Strike","Inflame","Spot Weakness+1","Brutality","Fiend Fire","Infernal Blade+1","Barricade+1","Rage+1","True Grit","Shrug It Off"],"relics":["Ectoplasm","Nunchaku","Vajra","Centennial Puzzle","MealTicket","Peace Pipe","Astrolabe"],"acts_visited":["Exordium","TheCity"],"potions_floor_usage":[6,13,14,14,21],"damage_taken":[{"damage":3,"enemies":"2 Louse","floor":1,"turns":3},{"damage":0,"enemies":"Small Slimes","floor":3,"turns":2},{"damage":0,"enemies":"Jaw Worm","floor":5,"turns":3},{"damage":12,"enemies":"Gremlin Nob","floor":6,"turns":4},{"damage":15,"enemies":"3 Sentries","floor":8,"turns":4},{"damage":0,"enemies":"Blue Slaver","floor":12,"turns":2},{"damage":0,"enemies":"Gremlin Gang","floor":13,"turns":1},{"damage":1,"enemies":"Lagavulin","floor":14,"turns":6},{"damage":41,"enemies":"The Guardian","floor":16,"turns":11},{"damage":3,"enemies":"Chosen","floor":18,"turns":4},{"damage":32,"enemies":"3 Byrds","floor":20,"turns":5},{"damage":23,"enemies":"Masked Bandits","floor":21,"turns":2}],"seed_played":"5660586168797109664","potions_obtained":[{"floor":3,"key":"AttackPotion"},{"floor":6,"key":"Explosive Potion"},{"floor":12,"key":"AttackPotion"},{"floor":13,"key":"Dexterity Potion"},{"floor":20,"key":"Ancient Potion"}],"is_trial":false,"path_per_floor":["M","?","M","?","M","E","R","E","T","$","?","M","M","E","R","B",null,"M","?","M","?"],"character_chosen":"IRONCLAD","items_purchased":["Inflame"],"campfire_rested":0,"item_purchase_floors":[10],"current_hp_per_floor":[65,60,60,60,60,48,48,33,33,48,48,48,48,47,47,6,58,55,55,23,0,0],"gold":24,"neow_bonus":"BOSS_RELIC","is_daily":false,"chose_seed":false,"campfire_upgraded":2,"win_rate":0.0,"timestamp":1612821950,"path_taken":["M","?","M","?","M","E","R","E","T","$","?","M","M","E","R","BOSS","M","?","?","?"],"items_purchased_type":["Card"],"build_version":"2020-12-22","purchased_purges":0,"victory":false,"max_hp_per_floor":[75,75,75,75,75,75,75,75,75,75,75,75,75,75,75,75,75,75,75,75,75,75],"relic_stats":{"Peace Pipe":0,"Nunchaku":[6],"Centennial Puzzle":[15],"counters":[12,47],"Astrolabe":["Infernal Blade","Barricade","Rage"],"MealTicket":15,"Ectoplasm":296,"obtain_stats":[{"Peace Pipe":14,"Nunchaku":2,"Centennial Puzzle":8,"Astrolabe":17,"Vajra":6,"MealTicket":9,"Ectoplasm":0,"Burning Blood":0},{"Peace Pipe":8,"Nunchaku":1,"Centennial Puzzle":5,"Astrolabe":9,"Vajra":4,"MealTicket":5,"Ectoplasm":0,"Burning Blood":0},{"Peace Pipe":25,"Nunchaku":3,"Centennial Puzzle":16,"Astrolabe":36,"Vajra":12,"MealTicket":16,"Ectoplasm":0,"Burning Blood":0}]},"card_choices":[{"not_picked":["Warcry","Perfected Strike"],"picked":"Cleave","floor":1},{"not_picked":["Metallicize","Armaments"],"picked":"Uppercut","floor":3},{"not_picked":["Whirlwind","Bloodletting"],"picked":"Fire Breathing","floor":5},{"not_picked":["Blood for Blood","Dark Embrace"],"picked":"Burning Pact","floor":6},{"not_picked":["Cleave","Rage"],"picked":"Pommel Strike","floor":8},{"not_picked":["Rage","Dropkick","Anger"],"picked":"SKIP","floor":12},{"not_picked":["Blood for Blood","Entrench"],"picked":"Spot Weakness","floor":13},{"not_picked":["Burning Pact","Pummel"],"picked":"Brutality","floor":14},{"not_picked":["Juggernaut","Brutality"],"picked":"Fiend Fire","floor":16},{"not_picked":["Clash","Body Slam"],"picked":"True Grit","floor":18},{"not_picked":["Perfected Strike","True Grit"],"picked":"Shrug It Off","floor":20}],"player_experience":1123725,"relics_obtained":[{"floor":6,"key":"Vajra"},{"floor":8,"key":"Centennial Puzzle"},{"floor":9,"key":"MealTicket"},{"floor":14,"key":"Peace Pipe"}],"event_choices":[{"damage_healed":0,"gold_gain":0,"player_choice":"Success","damage_taken":5,"relics_obtained":["Nunchaku"],"max_hp_gain":0,"max_hp_loss":0,"event_name":"Scrap Ooze","floor":2,"gold_loss":0},{"damage_healed":0,"gold_gain":0,"cards_transformed":["Strike_R"],"player_choice":"Change","damage_taken":0,"max_hp_gain":0,"max_hp_loss":0,"event_name":"Living Wall","floor":4,"gold_loss":0,"cards_obtained":["Power Through"]},{"damage_healed":0,"gold_gain":0,"player_choice":"Ignored","damage_taken":0,"max_hp_gain":0,"max_hp_loss":0,"event_name":"Liars Game","floor":11,"gold_loss":0},{"damage_healed":0,"gold_gain":0,"player_choice":"Upgraded","damage_taken":0,"max_hp_gain":0,"max_hp_loss":0,"event_name":"Upgrade Shrine","floor":19,"gold_loss":0,"cards_upgraded":["Fire Breathing"]},{"damage_healed":0,"gold_gain":0,"player_choice":"Fought Bandits","damage_taken":0,"max_hp_gain":0,"max_hp_loss":0,"event_name":"Masked Bandits","floor":21,"gold_loss":0}],"is_beta":false,"boss_relics":[{"not_picked":["Coffee Dripper","SacredBark"],"picked":"Astrolabe"}],"items_purged_floors":[],"is_endless":false,"potions_floor_spawned":[3,6,12,13,20],"killed_by":"Masked Bandits","ascension_level":20}}