{"host":"mhzgc0zma59jtmoj","time":1612806046,"event":{"mods":["BaseMod","BetterRewards","Custom Start","Fiend Mod","Glutton Mod","Ironclad Rager","Minty Spire (QoL Compilation)","Replay The Spire","Somnambulant","StSLib","The Cursed","The Hierophant","The Jungle","The Marked","The Necromancer"],"gold_per_floor":[15,15,15,33,33,66,66,96,123,123,155,155,169,196,196,295,295,307,325,325,325],"floor_reached":20,"language":"ENG","playtime":725,"items_purged":[],"score":275,"play_id":"e25f491d-25b0-496e-93ee-77799139d7a5","local_time":"20210208124046","is_ascension_mode":false,"campfire_choices":[{"data":"Poisoned Stab","floor":12,"key":"SMITH"},{"floor":15,"key":"DIG"}],"circlet_count":0,"master_deck":["Survivor","Neutralize+1","Decay","Poisoned Stab+1","Poisoned Stab","Poisoned Stab","Poisoned Stab","Dodge and Roll+1","Dodge and Roll","Dodge and Roll","Dodge and Roll","Dodge and Roll","Leg Sweep+1","Noxious Fumes","Glass Knife+1","Underhanded Strike","Backflip","ReplayTheSpireMod:From All Sides","CurseOfTheBell","Eviscerate","Prepared"],"relics":["Ring of the Snake","Blood Vial","Vajra","Bag of Preparation","ReplayTheSpireMod:Lightbulb","Frozen Egg 2","Toy Ornithopter","Calling Bell","Regal Pillow","Quantum Egg","Calipers"],"acts_visited":["Exordium","TheCity"],"potions_floor_usage":[6,16,16],"damage_taken":[{"damage":2,"enemies":"Small Slimes","floor":1,"turns":2},{"damage":0,"enemies":"2 Louse","floor":4,"turns":3},{"damage":7,"enemies":"Replay:BlueRogue","floor":6,"turns":5},{"damage":10,"enemies":"Lagavulin","floor":8,"turns":5},{"damage":0,"enemies":"Gremlin Nob","floor":11,"turns":4},{"damage":0,"enemies":"Cultist","floor":13,"turns":2},{"damage":10,"enemies":"Replay:BlueRogue","floor":14,"turns":4},{"damage":0,"enemies":"Hexaghost","floor":16,"turns":6},{"damage":23,"enemies":"3 Byrds","floor":18,"turns":4},{"damage":32,"enemies":"2 Thieves","floor":19,"turns":4},{"damage":12,"enemies":"Snake Plant","floor":20,"turns":4}],"seed_played":"7870556883856017759","potions_obtained":[{"floor":1,"key":"Regen Potion"},{"floor":6,"key":"Poison Potion"},{"floor":14,"key":"Venom Potion"}],"is_trial":false,"path_per_floor":["M","?","?","M","?","E","?","E","T","T","E","R","M","E","R","B",null,"M","M","M"],"character_chosen":"THE_SILENT","items_purchased":[],"campfire_rested":0,"item_purchase_floors":[],"current_hp_per_floor":[43,30,30,30,30,38,38,30,30,30,32,32,34,26,26,38,63,40,10,0,0],"gold":325,"neow_bonus":"SILENT_ASSASSIN","is_daily":false,"chose_seed":false,"campfire_upgraded":1,"win_rate":0.0,"timestamp":1612806046,"path_taken":["M","?","?","?","?","E","?","E","T","?","E","R","M","E","R","BOSS","M","M","M"],"items_purchased_type":[],"build_version":"2020-12-22","purchased_purges":0,"victory":false,"max_hp_per_floor":[63,63,63,63,63,63,63,63,63,63,63,63,63,63,63,63,63,63,63,63,63],"card_choices":[{"not_picked":["Poisoned Stab","Deflect"],"picked":"Leg Sweep","floor":1},{"not_picked":["Flechettes","Infinite Blades"],"picked":"Noxious Fumes","floor":4},{"not_picked":["Flying Knee","Slice","Backflip"],"picked":"SKIP","floor":6},{"not_picked":["Slice","Bouncing Flask","Burst"],"picked":"SKIP","floor":8},{"not_picked":["Sucker Punch","Replay:Poison Smokescreen","Caltrops"],"picked":"SKIP","floor":11},{"not_picked":["Hidden Blade","Draining Mist"],"picked":"Underhanded Strike","floor":13},{"not_picked":["Infinite Blades+1","PiercingWail"],"picked":"Backflip","floor":14},{"not_picked":["Malaise","Corpse Explosion"],"picked":"ReplayTheSpireMod:From All Sides","floor":16},{"not_picked":["Poisoned Stab+1","Dodge and Roll+1"],"picked":"Eviscerate","floor":18},{"not_picked":["Underhanded Strike","Bane"],"picked":"Prepared","floor":19}],"player_experience":263459,"relics_obtained":[{"floor":6,"key":"Blood Vial"},{"floor":8,"key":"Vajra"},{"floor":9,"key":"Bag of Preparation"},{"floor":11,"key":"ReplayTheSpireMod:Lightbulb"},{"floor":14,"key":"Frozen Egg 2"},{"floor":15,"key":"Toy Ornithopter"},{"floor":17,"key":"Regal Pillow"},{"floor":17,"key":"Quantum Egg"},{"floor":17,"key":"Calipers"}],"event_choices":[{"damage_healed":0,"gold_gain":0,"player_choice":"Entered Light","damage_taken":13,"max_hp_gain":0,"max_hp_loss":0,"event_name":"Shining Light","floor":2,"gold_loss":0,"cards_upgraded":["Leg Sweep","Neutralize"]},{"damage_healed":0,"gold_gain":0,"player_choice":"Upgraded","damage_taken":0,"max_hp_gain":0,"max_hp_loss":0,"event_name":"Upgrade Shrine","floor":3,"gold_loss":0,"cards_upgraded":["Dodge and Roll"]},{"damage_healed":0,"gold_gain":0,"player_choice":"Fled","damage_taken":0,"max_hp_gain":0,"max_hp_loss":0,"event_name":"Scrap Ooze","floor":5,"gold_loss":0}],"is_beta":false,"boss_relics":[{"not_picked":["Tiny House","Snecko Scales"],"picked":"Calling Bell"}],"items_purged_floors":[],"is_endless":false,"potions_floor_spawned":[1,6,14],"killed_by":"Snake Plant","ascension_level":0}}