{"host":"r4aerl4ckfvw1dw3","time":1612813329,"event":{"mods":["BaseMod","BetterRewards","Minty Spire (QoL Compilation)","Quick Restart","StSLib"],"gold_per_floor":[115,133,150,26,40,65,65,78,103,131,131,143,162,194,194,298,298,318,318,331,65,79,109,125,125,125,125,25,0,28,40,40,144,144,159,172,172,192,192,222,123,123,168,200,213,246,296,46,46,46,46,46,9,41,41],"floor_reached":56,"language":"ENG","playtime":4478,"items_purged":["Strike_G","Strike_G"],"score":1684,"play_id":"719edd45-a520-4363-b8c1-0bfa8b508ba3","local_time":"20210208114209","is_ascension_mode":true,"campfire_choices":[{"data":"Noxious Fumes","floor":7.0,"key":"SMITH"},{"floor":11.0,"key":"REST"},{"data":"After Image","floor":15.0,"key":"SMITH"},{"floor":25.0,"key":"REST"},{"floor":27.0,"key":"REST"},{"data":"Noxious Fumes","floor":32.0,"key":"SMITH"},{"floor":42.0,"key":"RECALL"},{"floor":49.0,"key":"REST"},{"floor":52.0,"key":"REST"}],"circlet_count":0,"master_deck":["Defend_G","Defend_G+1","Defend_G","Defend_G+1","Defend_G","Survivor","Neutralize","Footwork","Noxious Fumes+1","Deadly Poison","Underhanded Strike","Blade Dance","PiercingWail","After Image+1","Leg Sweep","A Thousand Cuts","Dash+1","Dagger Spray+1","PiercingWail+1","PiercingWail","Dagger Throw","Dodge and Roll","Bane","A Thousand Cuts","Backstab","Noxious Fumes+1","Crippling Poison","Prepared+1","Envenom","Cloak And Dagger+1","Finesse","Footwork","Acrobatics","Sucker Punch","Catalyst","Calculated Gamble+1","Backflip+1","Caltrops","Backflip+1"],"relics":["Ring of the Snake","InkBottle","Happy Flower","War Paint","Snake Skull","Astrolabe","ClockworkSouvenir","Mummified Hand","Singing Bowl","Shuriken","Busted Crown","Sundial","Smiling Mask","The Specimen","Bird Faced Urn","TwistedFunnel","White Beast Statue"],"acts_visited":["Exordium","TheCity","TheBeyond","TheEnding"],"potions_floor_usage":[54],"damage_taken":[{"damage":4.0,"enemies":"Small Slimes","floor":1.0,"turns":3.0},{"damage":7.0,"enemies":"Cultist","floor":2.0,"turns":5.0},{"damage":0.0,"enemies":"Jaw Worm","floor":3.0,"turns":4.0},{"damage":0.0,"enemies":"Large Slime","floor":5.0,"turns":6.0},{"damage":9.0,"enemies":"3 Sentries","floor":6.0,"turns":8.0},{"damage":9.0,"enemies":"Exordium Wildlife","floor":8.0,"turns":5.0},{"damage":15.0,"enemies":"Lagavulin","floor":10.0,"turns":6.0},{"damage":2.0,"enemies":"3 Louse","floor":12.0,"turns":3.0},{"damage":2.0,"enemies":"Looter","floor":13.0,"turns":4.0},{"damage":23.0,"enemies":"3 Sentries","floor":14.0,"turns":8.0},{"damage":2.0,"enemies":"Hexaghost","floor":16.0,"turns":9.0},{"damage":5.0,"enemies":"2 Thieves","floor":18.0,"turns":5.0},{"damage":1.0,"enemies":"Shell Parasite","floor":20.0,"turns":6.0},{"damage":8.0,"enemies":"Snake Plant","floor":22.0,"turns":5.0},{"damage":40.0,"enemies":"Book of Stabbing","floor":23.0,"turns":9.0},{"damage":0.0,"enemies":"Shelled Parasite and Fungi","floor":24.0,"turns":6.0},{"damage":8.0,"enemies":"Gremlin Leader","floor":30.0,"turns":7.0},{"damage":0.0,"enemies":"Snecko","floor":31.0,"turns":6.0},{"damage":21.0,"enemies":"Collector","floor":33.0,"turns":8.0},{"damage":0.0,"enemies":"Orb Walker","floor":35.0,"turns":4.0},{"damage":1.0,"enemies":"3 Darklings","floor":36.0,"turns":4.0},{"damage":1.0,"enemies":"Writhing Mass","floor":38.0,"turns":6.0},{"damage":11.0,"enemies":"Giant Head","floor":40.0,"turns":10.0},{"damage":11.0,"enemies":"Reptomancer","floor":44.0,"turns":6.0},{"damage":1.0,"enemies":"Spire Growth","floor":45.0,"turns":5.0},{"damage":13.0,"enemies":"Nemesis","floor":46.0,"turns":5.0},{"damage":0.0,"enemies":"Mind Bloom Boss Battle","floor":47.0,"turns":6.0},{"damage":34.0,"enemies":"Awakened One","floor":50.0,"turns":15.0},{"damage":34,"enemies":"Shield and Spear","floor":54,"turns":7},{"damage":54,"enemies":"The Heart","floor":55,"turns":10}],"seed_played":"4790173724722478042","potions_obtained":[{"floor":0.0,"key":"Explosive Potion"},{"floor":0.0,"key":"Regen Potion"},{"floor":0.0,"key":"Fire Potion"},{"floor":12.0,"key":"Regen Potion"},{"floor":14.0,"key":"PowerPotion"},{"floor":16.0,"key":"BlessingOfTheForge"},{"floor":30.0,"key":"EntropicBrew"},{"floor":38.0,"key":"Regen Potion"},{"floor":40.0,"key":"CunningPotion"},{"floor":44.0,"key":"Block Potion"}],"is_trial":false,"path_per_floor":["M","M","M","$","M","E","R","M","T","E","R","M","M","E","R","B",null,"M","?","M","$","M","E","M","R","T","R","$","?","E","M","R","B",null,"M","M","?","M","?","E","$","R","T","E","M","E","?","$","R","B",null,"R","$","E","B",null],"character_chosen":"THE_SILENT","items_purchased":["Deadly Poison","ClockworkSouvenir","Bane","EntropicBrew","Acrobatics","Sucker Punch","TwistedFunnel","EntropicBrew","Caltrops"],"campfire_rested":5,"item_purchase_floors":[4,21,21,28,41,41,48,48,53],"current_hp_per_floor":[59,52,52,52,52,43,43,34,34,19,40,38,36,45,45,43,63,58,58,57,57,49,9,9,30,30,51,51,51,48,48,48,27,63,63,64,64,65,62,51,51,51,51,52,51,38,40,40,64,61,78,83,83,52,14],"gold":41,"neow_bonus":"THREE_SMALL_POTIONS","is_daily":false,"chose_seed":false,"campfire_upgraded":3,"win_rate":0.0,"timestamp":1612813329,"path_taken":["M","M","M","$","M","E","R","M","T","E","R","M","M","E","R","BOSS","M","?","M","?","M","E","M","R","T","R","$","?","E","M","R","BOSS","M","M","?","M","?","E","?","R","T","E","M","E","?","$","R","BOSS","R","$","E","BOSS"],"items_purchased_type":["Card","Relic","Card","Potion","Card","Card","Relic","Potion","Card"],"build_version":"2020-12-22","purchased_purges":2,"victory":true,"max_hp_per_floor":[70,70,70,70,70,70,70,70,70,70,70,70,70,70,70,70,70,70,70,70,70,70,70,70,70,70,70,70,70,75,75,75,75,75,75,77,77,79,81,81,81,81,81,81,81,81,83,83,83,83,83,83,83,83,83],"card_choices":[{"not_picked":["Prepared","Slice"],"picked":"Footwork","floor":1.0},{"not_picked":["Slice","Deflect"],"picked":"Dagger Throw","floor":2.0},{"not_picked":["Accuracy","Backflip"],"picked":"Noxious Fumes","floor":3.0},{"not_picked":["Grand Finale","Blade Dance"],"picked":"Underhanded Strike","floor":5.0},{"not_picked":["Outmaneuver","Flying Knee","Well Laid Plans"],"picked":"SKIP","floor":6.0},{"not_picked":["Infinite Blades","Calculated Gamble"],"picked":"Blade Dance","floor":8.0},{"not_picked":["Bane","Dagger Throw"],"picked":"PiercingWail","floor":10.0},{"not_picked":["Blade Dance","Skewer"],"picked":"After Image","floor":12.0},{"not_picked":["Slice","Flying Knee","Poisoned Stab"],"picked":"SKIP","floor":13.0},{"not_picked":["Underhanded Strike","Prepared"],"picked":"Leg Sweep","floor":14.0},{"not_picked":["Burst","Unload"],"picked":"A Thousand Cuts","floor":16.0},{"not_picked":["Quick Slash","Dagger Spray"],"picked":"PiercingWail","floor":18.0},{"not_picked":["Underhanded Strike","Quick Slash+1"],"picked":"Dodge and Roll","floor":20.0},{"not_picked":["Underhanded Strike","Slice"],"picked":"A Thousand Cuts","floor":22.0},{"not_picked":["Flechettes","Dagger Spray"],"picked":"Backstab","floor":23.0},{"not_picked":["Underhanded Strike","Dagger Throw"],"picked":"Noxious Fumes","floor":24.0},{"not_picked":["Blade Dance","All Out Attack"],"picked":"Crippling Poison","floor":30.0},{"not_picked":["Underhanded Strike","Finisher"],"picked":"Prepared+1","floor":31.0},{"not_picked":["Unload","Phantasmal Killer"],"picked":"Envenom","floor":33.0},{"not_picked":[],"picked":"Cloak And Dagger+1","floor":35.0},{"not_picked":["Outmaneuver+1"],"picked":"Singing Bowl","floor":36.0},{"not_picked":["Poisoned Stab"],"picked":"Singing Bowl","floor":38.0},{"not_picked":[],"picked":"Finesse","floor":39.0},{"not_picked":["Jack Of All Trades"],"picked":"Singing Bowl","floor":39.0},{"not_picked":[],"picked":"Footwork","floor":40.0},{"not_picked":[],"picked":"Catalyst","floor":44.0},{"not_picked":[],"picked":"Calculated Gamble+1","floor":45.0},{"not_picked":[],"picked":"Backflip+1","floor":46.0},{"not_picked":["Slice"],"picked":"Singing Bowl","floor":47.0},{"not_picked":[],"picked":"Backflip+1","floor":54}],"player_experience":522129,"relics_obtained":[{"floor":6.0,"key":"InkBottle"},{"floor":9.0,"key":"Happy Flower"},{"floor":10.0,"key":"War Paint"},{"floor":14.0,"key":"Snake Skull"},{"floor":23.0,"key":"Mummified Hand"},{"floor":26.0,"key":"Singing Bowl"},{"floor":30.0,"key":"Shuriken"},{"floor":40.0,"key":"Sundial"},{"floor":44.0,"key":"Smiling Mask"},{"floor":46.0,"key":"The Specimen"},{"floor":47.0,"key":"Bird Faced Urn"},{"floor":54,"key":"White Beast Statue"}],"event_choices":[{"damage_healed":0.0,"max_hp_gain":0.0,"max_hp_loss":0.0,"gold_gain":0.0,"event_name":"Match and Keep!","player_choice":"1 cards matched","floor":19.0,"gold_loss":0.0,"damage_taken":0.0,"cards_obtained":["Dagger Throw"]},{"damage_healed":0.0,"max_hp_gain":0.0,"max_hp_loss":0.0,"gold_gain":0.0,"event_name":"Masked Bandits","player_choice":"Paid Fearfully","floor":29.0,"gold_loss":25.0,"damage_taken":0.0},{"cards_removed":["Dagger Throw"],"damage_healed":0.0,"max_hp_gain":0.0,"max_hp_loss":0.0,"gold_gain":0.0,"event_name":"Falling","player_choice":"Removed Attack","floor":37.0,"gold_loss":0.0,"damage_taken":0.0},{"damage_healed":0.0,"max_hp_gain":0.0,"max_hp_loss":0.0,"gold_gain":0.0,"event_name":"SensoryStone","player_choice":"Memory 2","floor":39.0,"gold_loss":0.0,"damage_taken":5.0},{"damage_healed":0.0,"max_hp_gain":0.0,"max_hp_loss":0.0,"gold_gain":0.0,"event_name":"MindBloom","player_choice":"Fight","floor":47.0,"gold_loss":0.0,"damage_taken":0.0}],"is_beta":false,"boss_relics":[{"not_picked":["Pandora\u0027s Box","Philosopher\u0027s Stone"],"picked":"Astrolabe"},{"not_picked":["Sozu","Calling Bell"],"picked":"Busted Crown"}],"items_purged_floors":[4,21],"is_endless":false,"potions_floor_spawned":[1,2,12,14,16,30,38,40,44],"ascension_level":9}}