{"host":"9mz6x6ekz95y53i5","time":1612797135,"event":{"mods":["AchievementEnabler","BaseMod","Colored Map","Colored Powertips","Downfall","Energized Spire","Minty Spire (QoL Compilation)","Quick Restart","Reliquary","Replay The Spire","SIMod","Spicy Shops","StSLib","The Bug Knight","UnlockEverythingMod","Warlord Emblem","¡¾ÒÅÎï¿¨ÅÆ¡¿REMEMod"],"gold_per_floor":[115,115,40,40,90,90,116,116,116,136,136,171,30,42,60,72,72,229,229,240,17,17,30,30,30,30,8,56,56,56],"floor_reached":29,"language":"ZHS","playtime":1204,"items_purged":["Strike_B","Regret","Sickly","Defend_B"],"score":558,"play_id":"026a7503-600a-4fe0-a306-a86b55f0c94e","local_time":"20210208231215","is_ascension_mode":true,"campfire_choices":[{"data":"Apotheosis","floor":6,"key":"SMITH"},{"floor":17,"key":"REST"},{"floor":25,"key":"DIG"},{"floor":26,"key":"DIG"}],"circlet_count":0,"master_deck":["AscendersBane","Strike_B","Strike_B","Strike_B","Defend_B","Defend_B","Defend_B","Zap","Dualcast","Apotheosis+1","Self Repair","Turbo","White Noise","Streamline","Coolheaded","Doom and Gloom","Go for the Eyes","Loop","ReplayTheSpireMod:Faulty Equipment","Seek","Ball Lightning","downfall:Bewildered","Rip and Tear","Shame","FTL"],"relics":["Cracked Core","REME_ComplimentaryCards","NeowsBlessing","Pyrelight","Replay:Accelerometer","ReplayTheSpireMod:Ring of Collecting","Ring of Greed","Membership Card","The Courier","reliquary:BallBearing","Counterbalance","ReplayTheSpireMod:Ring of Addiction","Toy Ornithopter","SacredBark","WingedGreaves","reliquary:WeakTea","reliquary:Craggleroot","Replay:Multitool","Eternal Feather","sneckomod:BabySnecko","Gambling Chip","Dream Catcher","reliquary:TridentHead","Orichalcum","ReplayTheSpireMod:Ring of Challenge"],"acts_visited":["Exordium","TheCity"],"potions_floor_usage":[12,12,18,18],"damage_taken":[{"damage":0,"enemies":"Jaw Worm","floor":1,"turns":1},{"damage":0,"enemies":"Lagavulin","floor":7,"turns":1},{"damage":0,"enemies":"Small Slimes","floor":10,"turns":1},{"damage":27,"enemies":"3 Sentries","floor":12,"turns":9},{"damage":6,"enemies":"2 Louse","floor":14,"turns":2},{"damage":28,"enemies":"Exordium Wildlife","floor":15,"turns":5},{"damage":8,"enemies":"Blue Slaver","floor":16,"turns":3},{"damage":30,"enemies":"Fading Forest","floor":18,"turns":13},{"damage":27,"enemies":"3 Byrds","floor":20,"turns":4},{"damage":23,"enemies":"Shell Parasite","floor":23,"turns":3},{"damage":58,"enemies":"Book of Stabbing","floor":29,"turns":4}],"seed_played":"6586546159608750266","potions_obtained":[{"floor":7,"key":"DistilledChaos"},{"floor":11,"key":"Adrenaline Potion"},{"floor":11,"key":"SkillPotion"},{"floor":15,"key":"FocusPotion"},{"floor":16,"key":"Elixir"},{"floor":20,"key":"SteroidPotion"}],"is_trial":false,"path_per_floor":["M","?","$","?","?","R","E","PTL","PTL","M","T","E","$","M","M","M","R","B",null,"M","$","?","M","?","R","R","$","T","E"],"character_chosen":"DEFECT","items_purchased":["Coolheaded","reliquary:WeakTea","Replay:Multitool","Eternal Feather","FTL"],"campfire_rested":1,"item_purchase_floors":[13,13,21,21,27],"current_hp_per_floor":[64,64,64,64,64,64,71,71,71,71,71,54,54,55,27,26,46,41,62,45,45,45,32,32,44,56,56,56,0,0],"gold":56,"neow_bonus":"THREE_ENEMY_KILL","is_daily":false,"chose_seed":false,"campfire_upgraded":1,"win_rate":0.0,"timestamp":1612797135,"path_taken":["M","?","$","?","?","R","E","PTL","PTL","M","T","E","$","M","M","M","R","BOSS","M","$","?","M","?","R","R","?","T","E"],"items_purchased_type":["Card","Relic","Relic","Relic","Card"],"build_version":"2020-12-22","purchased_purges":4,"victory":false,"max_hp_per_floor":[71,71,71,71,71,71,71,71,71,71,71,71,71,71,71,69,69,69,69,69,69,67,67,67,65,65,65,63,63,63],"card_choices":[{"not_picked":["Lockon","Leap"],"picked":"Self Repair","floor":1},{"not_picked":["Double Energy","Conserve Battery"],"picked":"Turbo","floor":7},{"not_picked":["Consume","Recycle"],"picked":"White Noise","floor":10},{"not_picked":["Amplify","Hologram"],"picked":"Streamline","floor":12},{"not_picked":["Ball Lightning","REME_Whirling"],"picked":"Doom and Gloom","floor":14},{"not_picked":["Darkness","Reprogram"],"picked":"Go for the Eyes","floor":15},{"not_picked":["REME_SelfUpgrade","Coolheaded"],"picked":"Loop","floor":16},{"not_picked":["Fission","Mirror Shield"],"picked":"Seek","floor":18},{"not_picked":["Beam Cell","Go for the Eyes"],"picked":"Ball Lightning","floor":20},{"not_picked":["REME_DataAnalysis","Steam"],"picked":"Rip and Tear","floor":23}],"player_experience":272842,"relics_obtained":[{"floor":5,"key":"ReplayTheSpireMod:Ring of Collecting"},{"floor":5,"key":"Ring of Greed"},{"floor":5,"key":"Membership Card"},{"floor":5,"key":"The Courier"},{"floor":7,"key":"reliquary:BallBearing"},{"floor":11,"key":"Counterbalance"},{"floor":11,"key":"ReplayTheSpireMod:Ring of Addiction"},{"floor":11,"key":"Toy Ornithopter"},{"floor":11,"key":"SacredBark"},{"floor":12,"key":"WingedGreaves"},{"floor":25,"key":"Dream Catcher"},{"floor":26,"key":"reliquary:TridentHead"},{"floor":28,"key":"Orichalcum"},{"floor":28,"key":"ReplayTheSpireMod:Ring of Challenge"}],"event_choices":[{"damage_healed":0,"gold_gain":0,"player_choice":"Box","damage_taken":0,"relics_obtained":["Replay:Accelerometer"],"max_hp_gain":0,"max_hp_loss":0,"event_name":"Big Fish","floor":4,"gold_loss":0,"cards_obtained":["Regret"]},{"damage_healed":0,"gold_gain":0,"player_choice":"Stole Relic","damage_taken":0,"relics_obtained":["Gambling Chip"],"max_hp_gain":0,"max_hp_loss":0,"event_name":"Addict","floor":24,"gold_loss":0,"cards_obtained":["Shame"]}],"is_beta":false,"boss_relics":[{"not_picked":["energizedSpire:CursedPentagram","Replay:Bronze Core"],"picked":"reliquary:Craggleroot"}],"items_purged_floors":[3,13,21,21],"is_endless":false,"potions_floor_spawned":[7,15,16,20],"killed_by":"Book of Stabbing","ascension_level":20}}