{"host":"hf83sijwe64ts2lm","time":1612747272,"event":{"mods":["2.2 Compatiblity","BaseMod","Better Altar","Better Match","Better Note","Better Sensory Stone","Better Skull","Better Third Choice","Colored Map","Colored Powertips","Highlight Path","Hubris","Infinite Spire","Minty Spire (QoL Compilation)","Quick Restart","Rare Cards Sparkle","Relic Stats","Reliquary","Replay The Spire","Shop Mod","Spicy Shops","Spire Arcade","StSLib","Thieving Mod"],"gold_per_floor":[111,111,111,111,130,162,162,187,187,219,235,255,273,302,302,407,407,397,417,417,417],"floor_reached":20,"language":"ENG","playtime":599,"items_purged":[],"score":255,"play_id":"25927ad5-eed0-43f3-b0ac-eb8d63fc2485","local_time":"20210207202112","is_ascension_mode":true,"campfire_choices":[{"floor":7.0,"key":"REST"},{"floor":15,"key":"REST"}],"circlet_count":0,"master_deck":["Strike_R","Strike_R","Strike_R+1","Strike_R","Strike_R","Defend_R","Defend_R","Defend_R","Defend_R+1","Bash","Thunderclap","Replay:Undeath\u0027s Touch+1","infinitespire:FutureSight","Uppercut","ReplayTheSpireMod:Muscle Training","Rage","ReplayReversal","Clothesline","Whirlwind","Inflame","Shockwave","Limit Break","Perfected Strike+1","Inflame"],"relics":["Burning Blood","Quantum Egg","Strawberry","Bottled Flame","reliquary:Crutches","reliquary:PorcupineQuills","SlaversCollar"],"acts_visited":["Exordium","TheCity"],"potions_floor_usage":[14,16],"damage_taken":[{"damage":7.0,"enemies":"Small Slimes","floor":1.0,"turns":3.0},{"damage":7.0,"enemies":"Jaw Worm","floor":5.0,"turns":3.0},{"damage":31.0,"enemies":"Gremlin Nob","floor":6.0,"turns":4.0},{"damage":27.0,"enemies":"3 Sentries","floor":8.0,"turns":6.0},{"damage":18.0,"enemies":"Lagavulin","floor":10.0,"turns":4.0},{"damage":0.0,"enemies":"2 Louse","floor":11.0,"turns":2.0},{"damage":22,"enemies":"Large Slime","floor":12,"turns":4},{"damage":8,"enemies":"Blue Slaver","floor":13,"turns":3},{"damage":14,"enemies":"Gremlin Nob","floor":14,"turns":3},{"damage":22,"enemies":"Hexaghost","floor":16,"turns":10},{"damage":44,"enemies":"2 Thieves","floor":18,"turns":4},{"damage":4,"enemies":"3 Byrds","floor":19,"turns":5},{"damage":36,"enemies":"Shelled Parasite and Fungi","floor":20,"turns":4}],"seed_played":"-6004030315304117087","potions_obtained":[{"floor":1.0,"key":"Venom Potion"},{"floor":6.0,"key":"BlessingOfTheForge"},{"floor":8.0,"key":"Regen Potion"},{"floor":13,"key":"FearPotion"},{"floor":14,"key":"DistilledChaos"}],"is_trial":false,"path_per_floor":["M","?","?","?","M","E","R","E","T","E","M","M","M","E","R","B",null,"M","M","M"],"character_chosen":"IRONCLAD","items_purchased":[],"campfire_rested":2,"item_purchase_floors":[],"current_hp_per_floor":[79,63,63,43,42,17,41,27,27,27,33,17,15,7,33,17,70,32,34,0,0],"gold":417,"neow_bonus":"THREE_CARDS","is_daily":false,"chose_seed":false,"campfire_upgraded":0,"win_rate":0.0,"timestamp":1612747272,"path_taken":["M","?","?","?","M","E","R","E","T","E","M","M","M","E","R","BOSS","M","M","M"],"items_purchased_type":[],"build_version":"2020-12-22","purchased_purges":0,"victory":false,"max_hp_per_floor":[80,80,80,80,80,80,80,87,87,87,87,87,87,87,87,87,87,87,87,87,87],"relic_stats":{"counters":[13,55],"obtain_stats":[{"reliquary:Crutches":10,"SlaversCollar":17,"Bottled Flame":9,"reliquary:PorcupineQuills":14,"Quantum Egg":6,"Strawberry":8,"Burning Blood":0},{"reliquary:Crutches":5,"SlaversCollar":10,"Bottled Flame":4,"reliquary:PorcupineQuills":9,"Quantum Egg":3,"Strawberry":4,"Burning Blood":0},{"reliquary:Crutches":20,"SlaversCollar":42,"Bottled Flame":16,"reliquary:PorcupineQuills":32,"Quantum Egg":10,"Strawberry":16,"Burning Blood":0}],"Burning Blood":72},"card_choices":[{"not_picked":["Dropkick","Shrug It Off"],"picked":"Thunderclap","floor":0.0},{"not_picked":["Warcry","Massacre"],"picked":"Replay:Undeath\u0027s Touch","floor":1.0},{"not_picked":["infinitespire:NeuralNetwork","infinitespire:Execution"],"picked":"infinitespire:FutureSight","floor":4.0},{"not_picked":["Heavy Blade","Pommel Strike"],"picked":"Uppercut","floor":5.0},{"not_picked":["Dual Wield","Warcry"],"picked":"ReplayTheSpireMod:Muscle Training","floor":6.0},{"not_picked":["Double Tap","Perfected Strike"],"picked":"Rage","floor":8.0},{"not_picked":["Entrench","Warcry"],"picked":"ReplayReversal","floor":10.0},{"not_picked":["hubris:ReadiedAction","Warcry"],"picked":"Clothesline","floor":11.0},{"not_picked":["Perfected Strike","Armaments"],"picked":"Whirlwind","floor":12},{"not_picked":["Pummel","Havoc"],"picked":"Inflame","floor":13},{"not_picked":["Run Through","Twin Strike"],"picked":"Shockwave","floor":14},{"not_picked":["Offering","Feed"],"picked":"Limit Break","floor":16},{"not_picked":["Replay:Undeath\u0027s Touch","Heavy Blade"],"picked":"Perfected Strike+1","floor":18},{"not_picked":["Headbutt","Ghostly Armor"],"picked":"Inflame","floor":19}],"player_experience":156873,"relics_obtained":[{"floor":6.0,"key":"Quantum Egg"},{"floor":8.0,"key":"Strawberry"},{"floor":9.0,"key":"Bottled Flame"},{"floor":10.0,"key":"reliquary:Crutches"},{"floor":14,"key":"reliquary:PorcupineQuills"}],"event_choices":[{"damage_healed":79.0,"max_hp_gain":0.0,"max_hp_loss":80.0,"gold_gain":0.0,"event_name":"betterThird:BetterShining","player_choice":"Upgrade","floor":2.0,"gold_loss":0.0,"damage_taken":16.0,"cards_upgraded":["Replay:Undeath\u0027s Touch","Strike_R"]}],"is_beta":false,"boss_relics":[{"not_picked":["reliquary:Ember","hubris:CrackedHourglass"],"picked":"SlaversCollar"}],"items_purged_floors":[],"is_endless":false,"potions_floor_spawned":[1,6,8,13,14],"killed_by":"Shelled Parasite and Fungi","ascension_level":5}}