{"host":"5kirneupyg4uzd3w","time":1612768932,"event":{"mods":["BaseMod","Colored Map","Custom Start","Minty Spire (QoL Compilation)","StSLib","SuperFastMode"],"gold_per_floor":[138,138,176,226,285,285,317,85,165,198,235,287,304,364,364,462,462,481,481,99,149,160,195,195,226,226,255,98,134,134,154,154,154,154],"floor_reached":33,"language":"KOR","playtime":2089,"items_purged":["Strike_R"],"score":657,"play_id":"61afdde3-16c4-4912-8dcf-f7140194c0e6","local_time":"20210208162212","is_ascension_mode":true,"campfire_choices":[{"data":"Whirlwind","floor":6.0,"key":"SMITH"},{"data":"Bloodletting","floor":15.0,"key":"SMITH"},{"data":"Limit Break","floor":24.0,"key":"SMITH"},{"floor":30.0,"key":"REST"},{"data":"Evolve","floor":32.0,"key":"SMITH"}],"circlet_count":0,"master_deck":["AscendersBane","Strike_R","Strike_R","Strike_R","Defend_R","Defend_R","Defend_R","Defend_R","Bash","HandOfGreed","Dual Wield","Power Through","Whirlwind+1","Seeing Red","Bloodletting+1","Rupture","Feed","Limit Break+1","Secret Technique","Shrug It Off","Evolve+1"],"relics":["Burning Blood","Red Skull","Paper Frog","Mango","MealTicket","Busted Crown","Akabeko","StoneCalendar","Sundial","Blood Vial","Lantern"],"acts_visited":["Exordium","TheCity"],"potions_floor_usage":[33],"damage_taken":[{"damage":4.0,"enemies":"Jaw Worm","floor":1.0,"turns":4.0},{"damage":1.0,"enemies":"Cultist","floor":3.0,"turns":3.0},{"damage":0.0,"enemies":"Small Slimes","floor":4.0,"turns":4.0},{"damage":0.0,"enemies":"2 Fungi Beasts","floor":5.0,"turns":3.0},{"damage":16.0,"enemies":"Gremlin Gang","floor":7.0,"turns":4.0},{"damage":0.0,"enemies":"Red Slaver","floor":10.0,"turns":3.0},{"damage":10.0,"enemies":"3 Louse","floor":11.0,"turns":2.0},{"damage":28.0,"enemies":"Gremlin Nob","floor":12.0,"turns":4.0},{"damage":11.0,"enemies":"Blue Slaver","floor":13.0,"turns":4.0},{"damage":11.0,"enemies":"Gremlin Nob","floor":14.0,"turns":3.0},{"damage":35.0,"enemies":"The Guardian","floor":16.0,"turns":9.0},{"damage":38.0,"enemies":"Chosen","floor":18.0,"turns":4.0},{"damage":16.0,"enemies":"Spheric Guardian","floor":22.0,"turns":4.0},{"damage":3.0,"enemies":"Gremlin Leader","floor":23.0,"turns":3.0},{"damage":18.0,"enemies":"Centurion and Healer","floor":25.0,"turns":4.0},{"damage":12.0,"enemies":"Slavers","floor":27.0,"turns":4.0},{"damage":43.0,"enemies":"Chosen and Byrds","floor":29.0,"turns":5.0},{"damage":21.0,"enemies":"Snake Plant","floor":31.0,"turns":4.0},{"damage":60,"enemies":"Collector","floor":33,"turns":5}],"seed_played":"8513805268129560360","potions_obtained":[{"floor":1.0,"key":"DuplicationPotion"},{"floor":4.0,"key":"DistilledChaos"},{"floor":5.0,"key":"BlessingOfTheForge"},{"floor":10.0,"key":"AttackPotion"},{"floor":14.0,"key":"Ancient Potion"},{"floor":16.0,"key":"Fruit Juice"},{"floor":25.0,"key":"DistilledChaos"},{"floor":31.0,"key":"ColorlessPotion"}],"is_trial":false,"path_per_floor":["M","?","M","M","M","R","M","$","T","M","M","E","M","?","R","B",null,"M","?","$","?","M","E","R","M","T","E","$","M","R","M","R","B"],"character_chosen":"IRONCLAD","items_purchased":["Red Skull","Akabeko","Secret Technique","Lantern"],"campfire_rested":1,"item_purchase_floors":[8,20,20,28],"current_hp_per_floor":[52,52,57,63,69,69,59,59,59,65,61,53,51,46,46,17,73,41,41,56,56,46,52,52,48,48,42,57,22,52,39,39,0,0],"gold":154,"neow_bonus":"RANDOM_COLORLESS_2","is_daily":false,"chose_seed":false,"campfire_upgraded":4,"win_rate":0.0,"timestamp":1612768932,"path_taken":["M","?","M","?","M","R","M","$","T","M","M","E","M","?","R","BOSS","M","?","$","?","?","E","R","M","T","E","$","M","R","M","R","BOSS"],"items_purchased_type":["Relic","Relic","Card","Relic"],"build_version":"2020-12-22","purchased_purges":1,"victory":false,"max_hp_per_floor":[75,75,75,75,75,75,75,75,75,75,75,89,92,92,92,92,92,92,92,92,92,92,95,95,103,103,103,103,103,103,103,103,103,103],"card_choices":[{"not_picked":["Thinking Ahead","Secret Technique"],"picked":"HandOfGreed","floor":0.0},{"not_picked":["Clothesline","True Grit"],"picked":"Dual Wield","floor":1.0},{"not_picked":["Perfected Strike","Heavy Blade"],"picked":"Power Through","floor":3.0},{"not_picked":["Searing Blow","Body Slam"],"picked":"Whirlwind","floor":4.0},{"not_picked":["Cleave","Twin Strike"],"picked":"Seeing Red","floor":5.0},{"not_picked":["True Grit","Combust"],"picked":"Bloodletting","floor":7.0},{"not_picked":["Flex","Sword Boomerang"],"picked":"Rupture","floor":10.0},{"not_picked":["Flex","Thunderclap"],"picked":"Feed","floor":11.0},{"not_picked":["Thunderclap","Juggernaut","Havoc"],"picked":"SKIP","floor":12.0},{"not_picked":["Clash","Iron Wave","Feel No Pain"],"picked":"SKIP","floor":13.0},{"not_picked":["Immolate","Juggernaut"],"picked":"Limit Break","floor":16.0},{"not_picked":["Feel No Pain+1"],"picked":"SKIP","floor":18.0},{"not_picked":["Iron Wave"],"picked":"SKIP","floor":22.0},{"not_picked":[],"picked":"Shrug It Off","floor":23.0},{"not_picked":[],"picked":"Evolve","floor":25.0},{"not_picked":["Ghostly Armor+1"],"picked":"SKIP","floor":27.0},{"not_picked":["Armaments"],"picked":"SKIP","floor":29.0},{"not_picked":["True Grit+1"],"picked":"SKIP","floor":31.0}],"player_experience":305580,"relics_obtained":[{"floor":9.0,"key":"Paper Frog"},{"floor":12.0,"key":"Mango"},{"floor":14.0,"key":"MealTicket"},{"floor":23.0,"key":"StoneCalendar"},{"floor":26.0,"key":"Sundial"},{"floor":27.0,"key":"Blood Vial"}],"event_choices":[{"cards_removed":["Strike_R"],"damage_healed":0.0,"max_hp_gain":0.0,"max_hp_loss":0.0,"gold_gain":0.0,"event_name":"Purifier","player_choice":"Purged","floor":2.0,"gold_loss":0.0,"damage_taken":0.0},{"damage_healed":0.0,"max_hp_gain":0.0,"max_hp_loss":0.0,"gold_gain":30.0,"event_name":"Dead Adventurer","player_choice":"Searched \u00272\u0027 times","floor":14.0,"gold_loss":0.0,"damage_taken":0.0},{"damage_healed":0.0,"max_hp_gain":0.0,"max_hp_loss":0.0,"gold_gain":0.0,"event_name":"Ghosts","player_choice":"Ignored","floor":19.0,"gold_loss":0.0,"damage_taken":0.0},{"damage_healed":0.0,"max_hp_gain":0.0,"max_hp_loss":0.0,"gold_gain":50.0,"event_name":"Golden Shrine","player_choice":"Pray","floor":21.0,"gold_loss":0.0,"damage_taken":0.0}],"is_beta":false,"boss_relics":[{"not_picked":["Calling Bell","Black Blood"],"picked":"Busted Crown"}],"items_purged_floors":[8],"is_endless":false,"potions_floor_spawned":[1,4,5,10,14,16,25,31],"killed_by":"Collector","ascension_level":20}}