{"host":"4eao2pkwlmv012cz","time":1612766784,"event":{"mods":["BaseMod","Colored Powertips","Minty Spire (QoL Compilation)","Permanent Neow","Quick Restart","Random Character Button","StSLib"],"gold_per_floor":[115,14,86,99,79,79,92,122,122,122,122,141,141,141],"floor_reached":13,"language":"ENG","playtime":353,"items_purged":[],"score":170,"play_id":"c4522a71-7ff8-4f1a-8ff2-92c8220f887f","local_time":"20210208014624","is_ascension_mode":true,"campfire_choices":[{"data":"Combust","floor":6.0,"key":"SMITH"},{"data":"Flex","floor":11,"key":"SMITH"}],"circlet_count":0,"master_deck":["AscendersBane","Strike_R","Strike_R","Strike_R","Strike_R","Strike_R","Defend_R","Defend_R","Defend_R","Defend_R","Bash+1","Thunderclap","Perfected Strike","Flex+1","Combust+1","Clothesline","Reaper","Heavy Blade"],"relics":["Burning Blood","Pear","Bottled Lightning"],"acts_visited":["Exordium"],"potions_floor_usage":[10,13],"damage_taken":[{"damage":6.0,"enemies":"Cultist","floor":1.0,"turns":3.0},{"damage":19.0,"enemies":"Small Slimes","floor":4.0,"turns":3.0},{"damage":6.0,"enemies":"2 Louse","floor":7.0,"turns":2.0},{"damage":25.0,"enemies":"3 Sentries","floor":8.0,"turns":4.0},{"damage":0,"enemies":"Red Slaver","floor":10,"turns":1},{"damage":57,"enemies":"Exordium Thugs","floor":12,"turns":5},{"damage":50,"enemies":"Gremlin Nob","floor":13,"turns":4}],"seed_played":"-6332187279957384280","potions_obtained":[{"floor":4.0,"key":"ColorlessPotion"},{"floor":5.0,"key":"SmokeBomb"},{"floor":8.0,"key":"Regen Potion"}],"is_trial":false,"path_per_floor":["M","$","?","M","?","R","M","E","T","M","R","M","E"],"character_chosen":"IRONCLAD","items_purchased":["Perfected Strike","Flex"],"campfire_rested":0,"item_purchase_floors":[2,2],"current_hp_per_floor":[68,68,68,55,55,55,55,46,46,61,61,26,0,0],"gold":141,"neow_bonus":"UPGRADE_CARD","is_daily":false,"chose_seed":false,"campfire_upgraded":2,"win_rate":0.0,"timestamp":1612766784,"path_taken":["M","$","?","M","?","R","M","E","T","M","R","M","E"],"items_purchased_type":["Card","Card"],"build_version":"2020-12-22","purchased_purges":0,"victory":false,"max_hp_per_floor":[75,75,75,75,75,75,75,85,85,85,85,85,85,85],"card_choices":[{"not_picked":["Warcry","Entrench"],"picked":"Thunderclap","floor":1.0},{"not_picked":["Wild Strike","Second Wind"],"picked":"Combust","floor":4.0},{"not_picked":["Sword Boomerang","Clash"],"picked":"Clothesline","floor":7.0},{"not_picked":["Fire Breathing","Anger"],"picked":"Reaper","floor":8.0},{"not_picked":["Havoc","Wild Strike"],"picked":"Heavy Blade","floor":12}],"player_experience":2906991,"relics_obtained":[{"floor":8.0,"key":"Pear"},{"floor":9.0,"key":"Bottled Lightning"}],"event_choices":[{"damage_healed":0.0,"max_hp_gain":0.0,"max_hp_loss":0.0,"gold_gain":72.0,"event_name":"Golden Wing","player_choice":"Gained Gold","floor":3.0,"gold_loss":0.0,"damage_taken":0.0},{"damage_healed":0.0,"max_hp_gain":0.0,"max_hp_loss":0.0,"gold_gain":0.0,"event_name":"The Woman in Blue","player_choice":"Bought 1 Potion","floor":5.0,"gold_loss":0.0,"damage_taken":0.0}],"is_beta":false,"boss_relics":[],"items_purged_floors":[],"is_endless":false,"potions_floor_spawned":[4,8],"killed_by":"Gremlin Nob","ascension_level":20}}