{"host":"bg8va46pgqgvtzim","time":1612755898,"event":{"mods":["BaseMod","Minty Spire (QoL Compilation)","Quick Restart","StSLib","SuperFastMode"],"gold_per_floor":[150,184,234,114,172,203,203,288,388,388,440,463,525,586,596,696,696,731,731,731],"floor_reached":19,"language":"ZHS","playtime":550,"items_purged":["Strike_G"],"score":150,"play_id":"6ad3da8d-40d7-47d5-94b4-fd7fcb1d4b10","local_time":"20210208114458","is_ascension_mode":true,"campfire_choices":[{"data":"HandOfGreed","floor":10.0,"key":"SMITH"},{"data":"Prepared","floor":17.0,"key":"SMITH"}],"circlet_count":0,"master_deck":["Strike_G","Strike_G","Strike_G","Strike_G","Defend_G","Defend_G","Defend_G","Defend_G","Defend_G","Survivor","Neutralize","HandOfGreed+1","Dash","Blade Dance","Eviscerate","Acrobatics","After Image","Reflex","Prepared+1","After Image"],"relics":["Ring of the Snake","Snake Skull","Anchor","Omamori"],"acts_visited":["Exordium"],"potions_floor_usage":[],"damage_taken":[{"damage":2.0,"enemies":"Small Slimes","floor":1.0,"turns":4.0},{"damage":0.0,"enemies":"Cultist","floor":2.0,"turns":4.0},{"damage":4.0,"enemies":"2 Louse","floor":3.0,"turns":7.0},{"damage":0.0,"enemies":"2 Fungi Beasts","floor":5.0,"turns":5.0},{"damage":0.0,"enemies":"Looter","floor":6.0,"turns":5.0},{"damage":25.0,"enemies":"3 Sentries","floor":8.0,"turns":20.0},{"damage":19.0,"enemies":"Lagavulin","floor":11.0,"turns":9.0},{"damage":11.0,"enemies":"Exordium Wildlife","floor":13.0,"turns":7.0},{"damage":2.0,"enemies":"3 Louse","floor":14.0,"turns":7.0},{"damage":0.0,"enemies":"Red Slaver","floor":15.0,"turns":2.0},{"damage":1.0,"enemies":"3 Sentries","floor":16.0,"turns":14.0},{"damage":0.0,"enemies":"Large Slime","floor":18.0,"turns":5.0},{"damage":7,"enemies":"Gremlin Nob","floor":19,"turns":2}],"seed_played":"-2762708676563585689","potions_obtained":[{"floor":1.0,"key":"GamblersBrew"},{"floor":3.0,"key":"SkillPotion"},{"floor":6.0,"key":"Weak Potion"},{"floor":16.0,"key":"SpeedPotion"}],"is_trial":false,"path_per_floor":["M","M","M","$","M","M","?","E","?","R","E","T","M","M","M","E","R","M","E"],"character_chosen":"THE_SILENT","items_purchased":["Acrobatics"],"campfire_rested":0,"item_purchase_floors":[4],"current_hp_per_floor":[61,61,57,57,57,57,62,37,37,37,18,18,7,5,5,4,4,4,0,0],"gold":731,"neow_bonus":"RANDOM_COLORLESS_2","is_daily":false,"chose_seed":false,"campfire_upgraded":2,"win_rate":0.0,"timestamp":1612755898,"path_taken":["M","M","M","$","M","M","?","E","?","R","E","T","M","?","M","E","R","M","E"],"items_purchased_type":["Card"],"build_version":"2020-12-22","purchased_purges":1,"victory":false,"max_hp_per_floor":[63,63,63,63,63,63,68,68,68,68,68,68,68,68,68,68,68,68,68,68],"card_choices":[{"not_picked":["Chrysalis","Magnetism"],"picked":"HandOfGreed","floor":0.0},{"not_picked":["Skewer","Infinite Blades"],"picked":"Dash","floor":1.0},{"not_picked":["Blur","Bane"],"picked":"Blade Dance","floor":2.0},{"not_picked":["Backstab","Deflect"],"picked":"Eviscerate","floor":3.0},{"not_picked":["Dagger Spray","Flying Knee"],"picked":"After Image","floor":5.0},{"not_picked":["Underhanded Strike","Slice","Poisoned Stab"],"picked":"SKIP","floor":6.0},{"not_picked":["Backflip","Infinite Blades","Deadly Poison"],"picked":"SKIP","floor":8.0},{"not_picked":["Flechettes","Poisoned Stab","Sucker Punch"],"picked":"SKIP","floor":11.0},{"not_picked":["Distraction","Night Terror","Cloak And Dagger"],"picked":"SKIP","floor":13.0},{"not_picked":["PiercingWail","Sucker Punch"],"picked":"Reflex","floor":14.0},{"not_picked":["Acrobatics","Finisher"],"picked":"Prepared","floor":15.0},{"not_picked":["Blade Dance","Poisoned Stab","Dagger Spray"],"picked":"SKIP","floor":16.0},{"not_picked":["Quick Slash","Poisoned Stab"],"picked":"After Image","floor":18.0}],"player_experience":2428557,"relics_obtained":[{"floor":8.0,"key":"Snake Skull"},{"floor":11.0,"key":"Anchor"},{"floor":16.0,"key":"Omamori"}],"event_choices":[{"damage_healed":0.0,"max_hp_gain":5.0,"max_hp_loss":0.0,"gold_gain":0.0,"event_name":"Big Fish","player_choice":"Donut","floor":7.0,"gold_loss":0.0,"damage_taken":0.0},{"damage_healed":0.0,"max_hp_gain":0.0,"max_hp_loss":0.0,"gold_gain":100.0,"event_name":"Golden Shrine","player_choice":"Pray","floor":9.0,"gold_loss":0.0,"damage_taken":0.0}],"is_beta":false,"boss_relics":[],"items_purged_floors":[4],"is_endless":false,"potions_floor_spawned":[1,3,6,11,13,16],"killed_by":"Gremlin Nob","ascension_level":1}}