{"host":"cjhtzh7tp54jdfyv","time":1612752689,"event":{"mods":["AchievementEnabler","BaseMod","Colored Map","Colored Powertips","Curses Come First","DeckTracker","Minty Spire (QoL Compilation)","RNG Fix","Relic Sorter","Relic Stats","StSLib","UnlockEverythingMod","ojb\u0027s Better Paths Mod","ojb\u0027s Info Mod"],"gold_per_floor":[112,131,145,163,213,213,248,265,265,265,265,296,53,53,53,130,130,143,161,161,178,192,192,224,242,268,294,294,2,33,47,47,119,119,129,146,201,101,323,353,353,385,433,460,473,485,485,499,499,499,499,499,499,36,69,69],"floor_reached":57,"language":"ENG","playtime":6223,"items_purged":["Strike_G","Strike_G+1","Strike_G+1"],"score":3059,"play_id":"4083f61b-755a-4971-bd16-ce3806eb7e89","local_time":"20210207215129","is_ascension_mode":true,"campfire_choices":[{"data":"Cloak And Dagger","floor":6.0,"key":"SMITH"},{"floor":10.0,"key":"REST"},{"data":"Catalyst","floor":15.0,"key":"SMITH"},{"data":"Wraith Form v2","floor":23.0,"key":"SMITH"},{"data":"Corpse Explosion","floor":28.0,"key":"SMITH"},{"data":"Strike_G","floor":32.0,"key":"PURGE"},{"floor":41,"key":"RECALL"},{"data":"Wraith Form v2","floor":49,"key":"SMITH"},{"data":"Calculated Gamble","floor":53,"key":"SMITH"}],"circlet_count":0,"master_deck":["AscendersBane","Defend_G+1","Defend_G","Defend_G","Defend_G+1","Defend_G","Survivor","Neutralize","Panache","Cloak And Dagger+1","Poisoned Stab","Venomology","Corpse Explosion+1","Bullet Time","Wraith Form v2+1","Catalyst+1","Adrenaline","Predator+1","Acrobatics","Calculated Gamble+1","Venomology","Underhanded Strike+1","Acrobatics","Wraith Form v2+1","Acrobatics+1","Crippling Poison+1","Bouncing Flask","Tactician","Tactician","Madness","Madness","Footwork+1","Apotheosis","PiercingWail","Caltrops"],"relics":["Ring of the Snake","Potion Belt","Art of War","TwistedFunnel","Lantern","Coffee Dripper","Nloth\u0027s Gift","Whetstone","PreservedInsect","Red Mask","War Paint","Peace Pipe","Runic Pyramid","Du-Vu Doll","Mango","Toy Ornithopter","Smiling Mask","Lee\u0027s Waffle","Akabeko"],"acts_visited":["Exordium","TheCity","TheBeyond","TheEnding"],"potions_floor_usage":[35,36,37,37,40,40,42,42,44,44,45,45,46,46,48,48,50,50,50,51,55,55,56,56,56],"damage_taken":[{"damage":0.0,"enemies":"2 Louse","floor":1.0,"turns":6.0},{"damage":0.0,"enemies":"Cultist","floor":2.0,"turns":4.0},{"damage":9.0,"enemies":"Jaw Worm","floor":3.0,"turns":7.0},{"damage":1.0,"enemies":"2 Fungi Beasts","floor":4.0,"turns":5.0},{"damage":22.0,"enemies":"Lagavulin","floor":7.0,"turns":9.0},{"damage":9.0,"enemies":"Large Slime","floor":8.0,"turns":8.0},{"damage":14.0,"enemies":"3 Sentries","floor":12.0,"turns":3.0},{"damage":7.0,"enemies":"Hexaghost","floor":16.0,"turns":6.0},{"damage":1.0,"enemies":"3 Byrds","floor":18.0,"turns":2.0},{"damage":7.0,"enemies":"2 Thieves","floor":19.0,"turns":3.0},{"damage":24.0,"enemies":"Cultist and Chosen","floor":21.0,"turns":4.0},{"damage":1.0,"enemies":"Chosen and Byrds","floor":22.0,"turns":3.0},{"damage":3.0,"enemies":"Slavers","floor":24.0,"turns":4.0},{"damage":0.0,"enemies":"3 Cultists","floor":25.0,"turns":2.0},{"damage":0.0,"enemies":"Masked Bandits","floor":27.0,"turns":2.0},{"damage":0.0,"enemies":"Book of Stabbing","floor":30.0,"turns":4.0},{"damage":0.0,"enemies":"Snecko","floor":31.0,"turns":4.0},{"damage":7.0,"enemies":"Automaton","floor":33.0,"turns":10.0},{"damage":0,"enemies":"3 Darklings","floor":35,"turns":2},{"damage":0,"enemies":"3 Shapes","floor":36,"turns":5},{"damage":0,"enemies":"2 Orb Walkers","floor":37,"turns":4},{"damage":0,"enemies":"Nemesis","floor":40,"turns":5},{"damage":0,"enemies":"Giant Head","floor":42,"turns":5},{"damage":0,"enemies":"Reptomancer","floor":44,"turns":6},{"damage":0,"enemies":"3 Darklings","floor":45,"turns":2},{"damage":0,"enemies":"Jaw Worm Horde","floor":46,"turns":3},{"damage":0,"enemies":"Spire Growth","floor":48,"turns":4},{"damage":57,"enemies":"Awakened One","floor":50,"turns":15},{"damage":7,"enemies":"Time Eater","floor":51,"turns":7},{"damage":0,"enemies":"Shield and Spear","floor":55,"turns":4},{"damage":9,"enemies":"The Heart","floor":56,"turns":5}],"seed_played":"-4131279435715398330","potions_obtained":[{"floor":1.0,"key":"Strength Potion"},{"floor":3.0,"key":"SkillPotion"},{"floor":16.0,"key":"EssenceOfSteel"},{"floor":19.0,"key":"FearPotion"},{"floor":24.0,"key":"Energy Potion"},{"floor":27.0,"key":"SneckoOil"},{"floor":30.0,"key":"Explosive Potion"},{"floor":35,"key":"Regen Potion"},{"floor":36,"key":"Energy Potion"},{"floor":42,"key":"Fruit Juice"},{"floor":46,"key":"SteroidPotion"},{"floor":55,"key":"GhostInAJar"}],"is_trial":false,"path_per_floor":["M","M","M","M","?","R","E","M","T","R","?","E","$","?","R","B",null,"M","M","?","M","M","R","E","M","T","?","R","$","E","M","R","B",null,"M","M","?","$","?","E","R","E","T","E","M","M","?","M","R","B","B",null,"R","$","E","B",null],"character_chosen":"THE_SILENT","items_purchased":["Catalyst","TwistedFunnel","War Paint","Acrobatics","Apotheosis","PiercingWail","Lee\u0027s Waffle"],"campfire_rested":1,"item_purchase_floors":[13,13,29,29,54,54,54],"current_hp_per_floor":[59,59,50,49,43,43,21,12,12,30,30,16,16,16,16,9,47,46,39,39,15,14,14,11,11,11,11,11,11,11,11,11,4,46,46,60,60,60,60,74,74,74,74,79,79,79,65,75,75,32,30,67,67,86,86,86],"gold":69,"neow_bonus":"RANDOM_COLORLESS_2","is_daily":false,"chose_seed":false,"campfire_upgraded":6,"win_rate":0.0,"timestamp":1612752689,"path_taken":["M","M","M","M","?","R","E","M","T","R","?","E","$","?","R","BOSS","M","M","?","M","?","R","E","M","T","?","R","?","E","?","R","BOSS","M","M","?","$","?","E","R","E","T","E","?","M","?","M","R","BOSS","BOSS","R","$","E","BOSS"],"items_purchased_type":["Card","Relic","Relic","Card","Card","Card","Relic"],"build_version":"2020-12-22","purchased_purges":3,"victory":true,"max_hp_per_floor":[60,60,60,60,60,60,60,60,60,60,60,60,60,60,60,60,60,60,60,60,60,60,60,60,60,60,60,60,60,60,60,60,60,60,60,60,60,60,60,74,74,74,74,79,79,79,79,79,79,79,79,79,79,86,86,86],"relic_stats":{"Peace Pipe":2,"Lee\u0027s Waffle":19,"counters":[31,153],"PreservedInsect":373,"Art of War":[20],"Nloth\u0027s Gift":3,"Whetstone":["Strike_G","Strike_G"],"War Paint":["Defend_G","Defend_G"],"Smiling Mask":75,"obtain_stats":[{"Potion Belt":7,"TwistedFunnel":13,"Lantern":14,"Lee\u0027s Waffle":54,"Mango":40,"PreservedInsect":26,"Whetstone":24,"War Paint":29,"Smiling Mask":44,"Akabeko":55,"Peace Pipe":30,"Du-Vu Doll":37,"Centennial Puzzle":12,"Art of War":9,"Coffee Dripper":17,"Nloth\u0027s Gift":20,"Red Mask":27,"Toy Ornithopter":42,"Ring of the Snake":0,"Runic Pyramid":34},{"Potion Belt":5,"TwistedFunnel":7,"Lantern":7,"Lee\u0027s Waffle":29,"Mango":22,"PreservedInsect":14,"Whetstone":13,"War Paint":15,"Smiling Mask":24,"Akabeko":30,"Peace Pipe":16,"Du-Vu Doll":21,"Centennial Puzzle":7,"Art of War":6,"Coffee Dripper":8,"Nloth\u0027s Gift":10,"Red Mask":15,"Toy Ornithopter":23,"Ring of the Snake":0,"Runic Pyramid":18},{"Potion Belt":31,"TwistedFunnel":42,"Lantern":42,"Lee\u0027s Waffle":144,"Mango":102,"PreservedInsect":66,"Whetstone":64,"War Paint":68,"Smiling Mask":113,"Akabeko":148,"Peace Pipe":72,"Du-Vu Doll":97,"Centennial Puzzle":42,"Art of War":39,"Coffee Dripper":48,"Nloth\u0027s Gift":53,"Red Mask":68,"Toy Ornithopter":107,"Ring of the Snake":0,"Runic Pyramid":86}],"Toy Ornithopter":38,"Ring of the Snake":[62]},"card_choices":[{"not_picked":["Secret Weapon","Sadistic Nature"],"picked":"Panache","floor":0.0},{"not_picked":["Prepared","Dagger Spray"],"picked":"Cloak And Dagger","floor":1.0},{"not_picked":["Outmaneuver","Distraction","PiercingWail"],"picked":"SKIP","floor":2.0},{"not_picked":["Flechettes","Underhanded Strike"],"picked":"Poisoned Stab","floor":3.0},{"not_picked":["Acrobatics","Backflip"],"picked":"Venomology","floor":4.0},{"not_picked":["Poisoned Stab","Skewer","Caltrops"],"picked":"SKIP","floor":7.0},{"not_picked":["Deflect","Prepared"],"picked":"Corpse Explosion","floor":8.0},{"not_picked":["Underhanded Strike","Dagger Spray"],"picked":"Wraith Form v2","floor":12.0},{"not_picked":["Unload","A Thousand Cuts"],"picked":"Adrenaline","floor":16.0},{"not_picked":["Flying Knee","Sucker Punch","Dagger Spray"],"picked":"SKIP","floor":18.0},{"not_picked":["Outmaneuver","All Out Attack"],"picked":"Predator+1","floor":19.0},{"not_picked":["Flechettes","Blade Dance"],"picked":"Acrobatics","floor":21.0},{"not_picked":["Glass Knife","Setup"],"picked":"Calculated Gamble","floor":22.0},{"not_picked":["Outmaneuver","Slice"],"picked":"Venomology","floor":24.0},{"not_picked":["Cloak And Dagger","Dagger Spray"],"picked":"Underhanded Strike+1","floor":25.0},{"not_picked":["Finisher","Flechettes","Bullet Time"],"picked":"SKIP","floor":30.0},{"not_picked":["Deadly Poison","PiercingWail","Dagger Spray"],"picked":"SKIP","floor":31.0},{"not_picked":["Tools of the Trade","Glass Knife"],"picked":"Wraith Form v2","floor":33.0},{"not_picked":["Dagger Spray","Acrobatics","Flechettes"],"picked":"SKIP","floor":35},{"not_picked":["Crippling Poison","Caltrops+1"],"picked":"Acrobatics+1","floor":36},{"not_picked":["Infinite Blades+1","Slice"],"picked":"Crippling Poison+1","floor":40},{"not_picked":["Tactician","Dagger Spray+1"],"picked":"Bouncing Flask","floor":42},{"not_picked":["Masterful Stab","Outmaneuver"],"picked":"Tactician","floor":44},{"not_picked":["Footwork","Setup","Acrobatics"],"picked":"SKIP","floor":45},{"not_picked":["Predator","Heel Hook"],"picked":"Tactician","floor":46},{"not_picked":["Backflip","Envenom"],"picked":"Footwork+1","floor":48},{"not_picked":["Underhanded Strike","Dodge and Roll"],"picked":"Caltrops","floor":55}],"player_experience":4779551,"relics_obtained":[{"floor":7.0,"key":"Potion Belt"},{"floor":9.0,"key":"Art of War"},{"floor":12.0,"key":"Centennial Puzzle"},{"floor":24.0,"key":"Whetstone"},{"floor":26.0,"key":"PreservedInsect"},{"floor":27.0,"key":"Red Mask"},{"floor":30.0,"key":"Peace Pipe"},{"floor":37,"key":"Du-Vu Doll"},{"floor":40,"key":"Mango"},{"floor":42,"key":"Toy Ornithopter"},{"floor":44,"key":"Smiling Mask"},{"floor":55,"key":"Akabeko"}],"event_choices":[{"damage_healed":0.0,"max_hp_gain":0.0,"max_hp_loss":0.0,"gold_gain":50.0,"event_name":"FaceTrader","player_choice":"Touch","floor":5.0,"gold_loss":0.0,"damage_taken":6.0},{"damage_healed":0.0,"max_hp_gain":0.0,"max_hp_loss":0.0,"gold_gain":0.0,"cards_transformed":["Strike_G"],"event_name":"Living Wall","player_choice":"Change","floor":11.0,"gold_loss":0.0,"damage_taken":0.0,"cards_obtained":["Bullet Time"]},{"damage_healed":0.0,"max_hp_gain":0.0,"max_hp_loss":0.0,"gold_gain":0.0,"event_name":"Dead Adventurer","player_choice":"Searched \u00271\u0027 times","floor":14.0,"gold_loss":0.0,"damage_taken":0.0,"relics_obtained":["Lantern"]},{"damage_healed":0.0,"max_hp_gain":0.0,"max_hp_loss":0.0,"gold_gain":0.0,"event_name":"N\u0027loth","player_choice":"Traded Relic","floor":20.0,"relics_lost":["Centennial Puzzle"],"gold_loss":0.0,"damage_taken":0.0,"relics_obtained":["Nloth\u0027s Gift"]},{"damage_healed":0.0,"max_hp_gain":0.0,"max_hp_loss":0.0,"gold_gain":0.0,"event_name":"Masked Bandits","player_choice":"Fought Bandits","floor":27.0,"gold_loss":0.0,"damage_taken":0.0},{"damage_healed":0,"gold_gain":0,"player_choice":"Fight","damage_taken":0,"max_hp_gain":0,"max_hp_loss":0,"event_name":"Mysterious Sphere","floor":37,"gold_loss":0},{"damage_healed":0,"gold_gain":222,"player_choice":"Wore Mask","damage_taken":0,"max_hp_gain":0,"max_hp_loss":0,"event_name":"Tomb of Lord Red Mask","floor":39,"gold_loss":0},{"damage_healed":0,"gold_gain":0,"player_choice":"Embrace Madness","damage_taken":14,"max_hp_gain":0,"max_hp_loss":0,"event_name":"Winding Halls","floor":47,"gold_loss":0,"cards_obtained":["Madness","Madness"]}],"is_beta":false,"boss_relics":[{"not_picked":["Cursed Key","Calling Bell"],"picked":"Coffee Dripper"},{"not_picked":["Ring of the Serpent","Runic Dome"],"picked":"Runic Pyramid"}],"items_purged_floors":[29,38,54],"is_endless":false,"potions_floor_spawned":[1,3,16,19,24,27,30,35,36,42,46,55],"ascension_level":20}}