{"host":"aduepa6pof7ckcrz","time":1612807680,"event":{"mods":["Act Like it!","Arknights","Aspiration","BaseMod","CapriCore","Colored Map","Colored Powertips","Downfall","Hallownest","Hermit","Hubris","Minty Spire (QoL Compilation)","Quick Restart","Replay The Spire","Robot Space Explorer","Shop Mod","StSLib","The Bug Knight","The Marked"],"gold_per_floor":[119,119,133,133,152,152,164,193,193,193,209,134,147,69,69,69,69],"floor_reached":16,"language":"FRA","playtime":674,"items_purged":["ats:Strike C"],"score":102,"play_id":"c0f3b8d8-de66-4da8-81ae-ff1ee119dff8","local_time":"20210208190800","is_ascension_mode":false,"campfire_choices":[{"data":"ats:Neurotoxin","floor":6,"key":"SMITH"},{"data":"ats:Neurotoxin","floor":10,"key":"SMITH"},{"floor":15,"key":"REST"}],"circlet_count":0,"master_deck":["ats:Strike S","ats:Armor Crushing Shot","ats:Defend","ats:Defend","ats:Defend","ats:Defend","ats:Emotion Absorption","ats:Poison Spread","ats:Explosion Area Strengthen","ats:Neurotoxin+1","ats:Hook Shot","ats:Guard Mode","ats:Neurotoxin+1","ats:Apocalypse"],"relics":["ats:Sanity","hubris:Towel","ats:Originium","Simple Rune","Golden Egg"],"acts_visited":["Hallownest:Greenpath"],"potions_floor_usage":[11,16],"damage_taken":[{"damage":3,"enemies":"Hallownest:2_Tiktiks_and_1_Crawlid","floor":1,"turns":4},{"damage":11,"enemies":"2_ Uuma","floor":3,"turns":5},{"damage":0,"enemies":"Hallownest:monsterHuskWarrior","floor":5,"turns":3},{"damage":13,"enemies":"Hallownest:monsterFoolEater","floor":7,"turns":3},{"damage":1,"enemies":"Hallownest:eliteVengeflyKing","floor":8,"turns":6},{"damage":11,"enemies":"Hallownest:Guard_and_Warrior","floor":11,"turns":4},{"damage":21,"enemies":"Hallownest:2_Tiktiks_1_Baldur_1_Crawlid","floor":13,"turns":4},{"damage":52,"enemies":"Hallownest:BossHornet","floor":16,"turns":5}],"seed_played":"8052684964565046313","potions_obtained":[{"floor":8,"key":"ColorlessPotion"},{"floor":11,"key":"Strength Potion"},{"floor":13,"key":"champ:CounterPotion"}],"is_trial":false,"path_per_floor":["M","?","M","?","M","R","M","E","T","R","M","$","M","$","R","B"],"character_chosen":"DOCTOR_CLASS","items_purchased":["LiquidMemories"],"campfire_rested":1,"item_purchase_floors":[14],"current_hp_per_floor":[69,69,58,58,58,58,45,44,44,44,33,33,20,20,39,0,0],"gold":69,"neow_bonus":"THREE_CARDS","is_daily":false,"chose_seed":false,"campfire_upgraded":2,"win_rate":0.0,"timestamp":1612807680,"path_taken":["M","?","M","?","?","R","?","E","T","R","M","$","M","$","R","BOSS"],"items_purchased_type":["Potion"],"build_version":"2020-12-22","purchased_purges":1,"victory":false,"max_hp_per_floor":[72,72,72,65,65,65,65,65,65,65,65,65,65,65,65,65,65],"card_choices":[{"not_picked":["ats:Explosion Area Strengthen","ats:Leaping Hammer"],"picked":"ats:Poison Spread","floor":0},{"not_picked":["ats:Cat Scratch","ats:Encircling Forest"],"picked":"ats:Explosion Area Strengthen","floor":1},{"not_picked":["ats:Sunburst","ats:Directed Diagnosis"],"picked":"ats:Neurotoxin","floor":3},{"not_picked":["ats:Support Order","ats:Leaping Hammer"],"picked":"ats:Hook Shot","floor":5},{"not_picked":["ats:Encircling Forest","ats:Chain Hook"],"picked":"ats:Guard Mode","floor":7},{"not_picked":["ats:Sword Rain","ats:Support Order"],"picked":"ats:Neurotoxin","floor":8},{"not_picked":["ats:Sword Rain","ats:Flexible Camouflage"],"picked":"ats:Apocalypse","floor":11},{"not_picked":["ats:Mental Burst","ats:Roar Of Ursus","ats:Flexible Camouflage"],"picked":"SKIP","floor":13}],"player_experience":1032068,"relics_obtained":[{"floor":8,"key":"ats:Originium"},{"floor":8,"key":"Simple Rune"},{"floor":9,"key":"Golden Egg"}],"event_choices":[],"is_beta":false,"boss_relics":[],"items_purged_floors":[12],"is_endless":false,"potions_floor_spawned":[8,11,13],"killed_by":"Hallownest:BossHornet","ascension_level":0}}