{"host":"bx54wbx1b8s5cm4v","time":1612821296,"event":{"mods":["BaseMod","Beaked The Cultist","GifTheSpireLib","Hubris","Marisa????????","Minty Spire (QoL Compilation)","StSLib","The Blackbeard","The Bladedancer","The Cursed","The Disciple","The Druid","The Forsaken","The Necromancer","The Runesmith","The Servant 0.9.4","TheBandit"],"gold_per_floor":[114,131,147,147,147,175,175,205,255,314,314,339,351,381,381,485,535,550,550,562,575,575,575,575],"floor_reached":23,"language":"ENG","playtime":1075,"items_purged":[],"score":252,"play_id":"22946f2d-5e85-48fd-b649-2e91cf74fa22","local_time":"20210208185456","is_ascension_mode":true,"campfire_choices":[{"data":"Flame Barrier","floor":7.0,"key":"SMITH"},{"floor":15.0,"key":"REST"}],"circlet_count":0,"master_deck":["Strike_R","Strike_R","Strike_R","Strike_R+1","Defend_R","Defend_R","Defend_R+1","Defend_R","Bash+1","Bloodletting","Twin Strike","Thunderclap","Flame Barrier+1","Rage","hubris:CleavingFinish","Headbutt","Intimidate","Armaments","hubris:StunningStrike","Carnage","Decay","Iron Wave+1","Double Tap"],"relics":["Burning Blood","hubris:Towel","hubris:CrystalStatue","Lizard Tail","hubris:SlimyHat","Regal Pillow","Runesmith:AutoHammer","hubris:SphereOfDissonance","Darkstone Periapt","Tiny House","Incense Burner"],"acts_visited":["Exordium","TheCity"],"potions_floor_usage":[],"damage_taken":[{"damage":7.0,"enemies":"Small Slimes","floor":1.0,"turns":4.0},{"damage":9.0,"enemies":"Jaw Worm","floor":2.0,"turns":4.0},{"damage":2.0,"enemies":"2 Louse","floor":3.0,"turns":3.0},{"damage":35.0,"enemies":"3 Sentries","floor":6.0,"turns":9.0},{"damage":10.0,"enemies":"Gremlin Nob","floor":8.0,"turns":4.0},{"damage":39.0,"enemies":"Gremlin Nob","floor":10.0,"turns":5.0},{"damage":21.0,"enemies":"3 Sentries","floor":12.0,"turns":6.0},{"damage":6.0,"enemies":"Exordium Thugs","floor":13.0,"turns":4.0},{"damage":15.0,"enemies":"Lagavulin","floor":14.0,"turns":6.0},{"damage":24.0,"enemies":"Hexaghost","floor":16.0,"turns":9.0},{"damage":10,"enemies":"3 Byrds","floor":18,"turns":6},{"damage":33,"enemies":"Spheric Guardian","floor":20,"turns":7},{"damage":25,"enemies":"Cultist and Chosen","floor":21,"turns":7},{"damage":46,"enemies":"Book of Stabbing","floor":23,"turns":5}],"seed_played":"-2442063535013000775","potions_obtained":[{"floor":1.0,"key":"PowerPotion"},{"floor":8.0,"key":"SteroidPotion"},{"floor":12.0,"key":"Block Potion"},{"floor":14.0,"key":"Fire Potion"},{"floor":17,"key":"SmokeBomb"},{"floor":20,"key":"Dexterity Potion"}],"is_trial":false,"path_per_floor":["M","M","M","?","?","E","R","E","T","?","?","E","M","E","R","B",null,"M","?","M","M","T","E"],"character_chosen":"IRONCLAD","items_purchased":[],"campfire_rested":1,"item_purchase_floors":[],"current_hp_per_floor":[79,76,80,64,64,35,35,31,31,46,39,24,24,15,54,36,85,81,87,60,41,41,0,0],"gold":575,"neow_bonus":"REMOVE_CARD","is_daily":false,"chose_seed":false,"campfire_upgraded":1,"win_rate":0.0,"timestamp":1612821296,"path_taken":["M","M","M","?","?","E","R","E","T","?","?","E","M","E","R","BOSS","M","?","M","M","?","E"],"items_purchased_type":[],"build_version":"2020-12-22","purchased_purges":0,"victory":false,"max_hp_per_floor":[80,80,80,80,80,80,80,80,80,80,80,80,80,80,80,80,85,85,91,91,91,91,91,91],"card_choices":[{"not_picked":["Anger","Clothesline"],"picked":"Bloodletting","floor":1.0},{"not_picked":["Fire Breathing","Searing Blow"],"picked":"Twin Strike","floor":2.0},{"not_picked":["Perfected Strike","Iron Wave"],"picked":"Thunderclap","floor":3.0},{"not_picked":["Pommel Strike","Perfected Strike"],"picked":"Flame Barrier","floor":6.0},{"not_picked":["Twin Strike","Hemokinesis"],"picked":"Rage","floor":8.0},{"not_picked":["Feel No Pain","Sword Boomerang"],"picked":"hubris:CleavingFinish","floor":10.0},{"not_picked":["Bloodletting","Twin Strike"],"picked":"Headbutt","floor":12.0},{"not_picked":["Dark Embrace","Perfected Strike"],"picked":"Intimidate","floor":13.0},{"not_picked":["True Grit","Sword Boomerang"],"picked":"Armaments","floor":14.0},{"not_picked":["Limit Break","Juggernaut"],"picked":"hubris:StunningStrike","floor":16.0},{"not_picked":["Blood for Blood","Body Slam"],"picked":"Carnage","floor":17},{"not_picked":["Combust","Thunderclap","Burning Pact"],"picked":"SKIP","floor":18},{"not_picked":["hubris:SharpeningStone","Warcry"],"picked":"Iron Wave+1","floor":20},{"not_picked":["Warcry","Sword Boomerang+1"],"picked":"Double Tap","floor":21}],"player_experience":32458,"relics_obtained":[{"floor":6.0,"key":"hubris:CrystalStatue"},{"floor":8.0,"key":"Lizard Tail"},{"floor":9.0,"key":"hubris:SlimyHat"},{"floor":10.0,"key":"Regal Pillow"},{"floor":12.0,"key":"hubris:SphereOfDissonance"},{"floor":14.0,"key":"Darkstone Periapt"},{"floor":22,"key":"Incense Burner"}],"event_choices":[{"damage_healed":0.0,"max_hp_gain":0.0,"max_hp_loss":0.0,"gold_gain":0.0,"event_name":"Shining Light","player_choice":"Entered Light","floor":4.0,"gold_loss":0.0,"damage_taken":16.0,"cards_upgraded":["Strike_R","Defend_R"]},{"damage_healed":0.0,"max_hp_gain":0.0,"max_hp_loss":0.0,"gold_gain":0.0,"event_name":"Dead Adventurer","player_choice":"Searched \u00271\u0027 times","floor":10.0,"gold_loss":0.0,"damage_taken":0.0},{"damage_healed":0.0,"max_hp_gain":0.0,"max_hp_loss":0.0,"gold_gain":0.0,"event_name":"Scrap Ooze","player_choice":"Success","floor":11.0,"gold_loss":0.0,"damage_taken":7.0,"relics_obtained":["Runesmith:AutoHammer"]},{"damage_healed":0,"gold_gain":0,"player_choice":"Smashed Altar","damage_taken":0,"max_hp_gain":0,"max_hp_loss":0,"event_name":"Forgotten Altar","floor":19,"gold_loss":0,"cards_obtained":["Decay"]}],"is_beta":false,"boss_relics":[{"not_picked":["SacredBark","Coffee Dripper"],"picked":"Tiny House"}],"items_purged_floors":[],"is_endless":false,"potions_floor_spawned":[1,6,8,12,14,20],"killed_by":"Book of Stabbing","ascension_level":3}}