{"host":"\u003cno name\u003e","time":1612768541,"event":{"mods":["BaseMod","Colored Powertips","Downfall","Googly Eyes","Minty Spire (QoL Compilation)","StSLib","SuperFastMode"],"gold_per_floor":[99,113,213,232,250,150,150,163,163,183,203,233,249,276,295,295,295,295],"floor_reached":16,"language":"ZHS","playtime":1108,"items_purged":[],"score":114,"play_id":"29355270-2df4-48cd-85f9-b34b27f86b48","local_time":"20210208151541","is_ascension_mode":false,"campfire_choices":[{"floor":1,"key":"RECALL"},{"data":"hexamod:Sear","floor":6,"key":"SMITH"},{"data":"hexamod:AdvancingGuard","floor":9,"key":"SMITH"}],"circlet_count":0,"master_deck":["hexamod:Strike","hexamod:Strike","hexamod:Strike","hexamod:Strike","hexamod:Defend","hexamod:Defend","hexamod:Defend","hexamod:Defend","hexamod:Sear+1","hexamod:Float","hexamod:InspiringFlames","hexamod:FourthSeal","hexamod:GhostLash","hexamod:AdvancingGuard+1","hexamod:Firestarter","hexamod:NightmareStrike","hexamod:GhostShield","hexamod:GhostflameInferno","hexamod:GhostShield"],"relics":["hexamod:SpiritBrand","downfall:HeartBlessingRed","Odd Mushroom","Shuriken","Bottled Tornado"],"acts_visited":["Exordium"],"potions_floor_usage":[12,12,14,16,16],"damage_taken":[{"damage":0,"enemies":"Small Slimes","floor":2,"turns":3},{"damage":0,"enemies":"Cultist","floor":4,"turns":4},{"damage":0,"enemies":"2 Louse","floor":5,"turns":3},{"damage":9,"enemies":"Blue Slaver","floor":8,"turns":5},{"damage":4,"enemies":"2 Fungi Beasts","floor":10,"turns":4},{"damage":17,"enemies":"The Mushroom Lair","floor":11,"turns":5},{"damage":5,"enemies":"Gremlin Nob","floor":12,"turns":4},{"damage":6,"enemies":"Large Slime","floor":13,"turns":7},{"damage":8,"enemies":"Lagavulin","floor":14,"turns":6},{"damage":0,"enemies":"3 Louse","floor":15,"turns":3},{"damage":65,"enemies":"WA_ARCHETYPE_RETAIN","floor":16,"turns":16}],"seed_played":"-348693430296878658","potions_obtained":[{"floor":5,"key":"Block Potion"},{"floor":8,"key":"SneckoOil"},{"floor":8,"key":"ColorlessPotion"},{"floor":10,"key":"DistilledChaos"},{"floor":12,"key":"BlessingOfTheForge"},{"floor":12,"key":"Fire Potion"},{"floor":14,"key":"FairyPotion"},{"floor":14,"key":"SkillPotion"}],"is_trial":false,"path_per_floor":["R","M","?","M","M","R","T","M","R","M","?","E","M","E","M","B"],"character_chosen":"THE_SPIRIT","items_purchased":[],"campfire_rested":0,"item_purchase_floors":[],"current_hp_per_floor":[77,77,77,77,77,77,77,68,68,64,47,42,36,28,28,0,0,0],"gold":295,"neow_bonus":"TEN_PERCENT_HP_BONUS","is_daily":false,"chose_seed":false,"campfire_upgraded":2,"win_rate":0.0,"timestamp":1612768541,"path_taken":["R","M","?","M","M","R","T","?","R","?","?","E","M","E","M","BOSS"],"items_purchased_type":[],"build_version":"2020-12-18","purchased_purges":0,"victory":false,"max_hp_per_floor":[77,77,77,77,77,77,77,77,77,77,77,77,77,77,77,77,77,77],"card_choices":[{"not_picked":["hexamod:CatchUp","hexamod:BurningTouch"],"picked":"hexamod:InspiringFlames","floor":2},{"not_picked":["hexamod:Rewind","hexamod:NightmareGuise"],"picked":"hexamod:FourthSeal","floor":4},{"not_picked":["hexamod:Haunt","hexamod:RainOfEmbers"],"picked":"hexamod:GhostLash","floor":5},{"not_picked":["hexamod:HauntingEcho","hexamod:InspiringFlames"],"picked":"hexamod:AdvancingGuard","floor":8},{"not_picked":["hexamod:GhostLash","hexamod:AdvancingGuard","hexamod:FastForward"],"picked":"SKIP","floor":10},{"not_picked":["hexamod:Rewind","hexamod:SwordOfDarkness"],"picked":"hexamod:Firestarter","floor":11},{"not_picked":["hexamod:BacktrackSmack","hexamod:Firestarter"],"picked":"hexamod:NightmareStrike","floor":12},{"not_picked":["hexamod:BacktrackSmack","hexamod:ShieldOfDarkness"],"picked":"hexamod:GhostShield","floor":13},{"not_picked":["hexamod:Firestarter","hexamod:GhostLash"],"picked":"hexamod:GhostflameInferno","floor":14},{"not_picked":["hexamod:SoulSteal","hexamod:Haunt"],"picked":"hexamod:GhostShield","floor":15}],"player_experience":23375,"relics_obtained":[{"floor":11,"key":"Odd Mushroom"},{"floor":12,"key":"Shuriken"},{"floor":14,"key":"Bottled Tornado"}],"event_choices":[{"damage_healed":0,"gold_gain":0,"player_choice":"Fought Mushrooms","damage_taken":0,"max_hp_gain":0,"max_hp_loss":0,"event_name":"Mushrooms","floor":11,"gold_loss":0}],"is_beta":true,"boss_relics":[],"items_purged_floors":[],"is_endless":false,"potions_floor_spawned":[8,12,13,14,15],"killed_by":"WA_ARCHETYPE_RETAIN","ascension_level":0}}