{"host":"snczp9esof91ppiq","time":1612758091,"event":{"mods":["AchievementEnabler","BaseMod","Better Match","Better Note","Better Sensory Stone","Better Skull","Colored Map","Colored Powertips","Hermit","Minty Spire (QoL Compilation)","Relic Stats","StSLib"],"gold_per_floor":[109,284,284,284,307,307,342,342,392,410,435,510,510,103,103,199,199,199,199],"floor_reached":18,"language":"ENG","playtime":839,"items_purged":["Doubt"],"score":261,"play_id":"bfdf81b2-8259-4151-916c-cb1312c5e135","local_time":"20210207222131","is_ascension_mode":true,"campfire_choices":[{"data":"Bash","floor":6.0,"key":"SMITH"},{"floor":8.0,"key":"REST"},{"floor":13,"key":"REST"},{"data":"Fire Breathing","floor":15,"key":"SMITH"}],"circlet_count":0,"master_deck":["AscendersBane","Strike_R","Strike_R","Strike_R","Strike_R","Strike_R","Defend_R","Defend_R","Defend_R","Defend_R","Bash+1","Iron Wave","Headbutt","Fire Breathing+1","Dual Wield","Pommel Strike","Entrench","Trip","Iron Wave","Impervious"],"relics":["Burning Blood","Golden Idol","Strawberry","Juzu Bracelet","Strange Spoon","Snecko Eye"],"acts_visited":["Exordium","TheCity"],"potions_floor_usage":[11],"damage_taken":[{"damage":2.0,"enemies":"Small Slimes","floor":1.0,"turns":4.0},{"damage":16.0,"enemies":"Jaw Worm","floor":5.0,"turns":5.0},{"damage":67.0,"enemies":"Lagavulin","floor":7.0,"turns":9.0},{"damage":7.0,"enemies":"2 Louse","floor":10.0,"turns":3.0},{"damage":15,"enemies":"Large Slime","floor":11,"turns":5},{"damage":51,"enemies":"Slime Boss","floor":16,"turns":9},{"damage":72,"enemies":"3 Byrds","floor":18,"turns":8}],"seed_played":"5794886324032367691","potions_obtained":[{"floor":10.0,"key":"Swift Potion"},{"floor":16,"key":"SneckoOil"}],"is_trial":false,"path_per_floor":["M","?","?","?","M","R","E","R","T","M","M","?","R","$","R","B",null,"M"],"character_chosen":"IRONCLAD","items_purchased":["Entrench","Trip","Iron Wave","Strange Spoon"],"campfire_rested":2,"item_purchase_floors":[14,14,14,14],"current_hp_per_floor":[84,84,81,86,76,76,22,49,49,48,39,28,55,55,55,10,72,0,0],"gold":199,"neow_bonus":"TEN_PERCENT_HP_BONUS","is_daily":false,"chose_seed":false,"campfire_upgraded":2,"win_rate":0.0,"timestamp":1612758091,"path_taken":["M","?","?","?","M","R","E","R","T","M","M","?","R","$","R","BOSS","M"],"items_purchased_type":["Card","Card","Card","Relic"],"build_version":"2020-12-22","purchased_purges":1,"victory":false,"max_hp_per_floor":[88,88,81,86,86,86,93,93,93,93,93,93,93,93,93,93,93,93,93],"relic_stats":{"Strange Spoon":[0],"counters":[7,43],"Golden Idol":40,"Snecko Eye":[9,10,16,21],"Juzu Bracelet":0,"obtain_stats":[{"Strange Spoon":14,"Golden Idol":3,"Strawberry":7,"Snecko Eye":17,"Juzu Bracelet":9,"Burning Blood":0},{"Strange Spoon":5,"Golden Idol":1,"Strawberry":3,"Snecko Eye":6,"Juzu Bracelet":3,"Burning Blood":0},{"Strange Spoon":26,"Golden Idol":4,"Strawberry":18,"Snecko Eye":35,"Juzu Bracelet":18,"Burning Blood":0}],"Burning Blood":36},"card_choices":[{"not_picked":["Flex","Bloodletting"],"picked":"Iron Wave","floor":1.0},{"not_picked":["Bloodletting","Warcry"],"picked":"Headbutt","floor":5.0},{"not_picked":["Warcry","Evolve"],"picked":"Fire Breathing","floor":7.0},{"not_picked":["Evolve","Headbutt"],"picked":"Dual Wield","floor":10.0},{"not_picked":["Thunderclap","Warcry"],"picked":"Pommel Strike","floor":11},{"not_picked":["Offering","Double Tap"],"picked":"Impervious","floor":16}],"player_experience":901821,"relics_obtained":[{"floor":7.0,"key":"Strawberry"},{"floor":9.0,"key":"Juzu Bracelet"}],"event_choices":[{"damage_healed":0.0,"max_hp_gain":0.0,"max_hp_loss":0.0,"gold_gain":175.0,"event_name":"Liars Game","player_choice":"AGREE","floor":2.0,"gold_loss":0.0,"damage_taken":0.0,"cards_obtained":["Doubt"]},{"damage_healed":0.0,"max_hp_gain":0.0,"max_hp_loss":7.0,"gold_gain":0.0,"event_name":"Golden Idol","player_choice":"Lose Max HP","floor":3.0,"gold_loss":0.0,"damage_taken":0.0,"relics_obtained":["Golden Idol"]},{"damage_healed":0.0,"max_hp_gain":5.0,"max_hp_loss":0.0,"gold_gain":0.0,"event_name":"Big Fish","player_choice":"Donut","floor":4.0,"gold_loss":0.0,"damage_taken":0.0},{"damage_healed":0,"gold_gain":75,"player_choice":"Gather Gold","damage_taken":11,"max_hp_gain":0,"max_hp_loss":0,"event_name":"World of Goop","floor":12,"gold_loss":0}],"is_beta":false,"boss_relics":[{"not_picked":["Velvet Choker","Philosopher\u0027s Stone"],"picked":"Snecko Eye"}],"items_purged_floors":[14],"is_endless":false,"potions_floor_spawned":[10,16],"killed_by":"3 Byrds","ascension_level":13}}