{"host":"oopoa2qluour3scl","time":1612782311,"event":{"mods":["2.2 Compatiblity","AchievementEnabler","AlwaysNeverKeys","BaseMod","Better Match","Better Note","Better Sensory Stone","Better Synergies","Better Third Choice","Better Vampires","BetterRewards","Bossed Relics","Colored Powertips","Communication Mod","Minty Spire (QoL Compilation)","Practice Mode","Random Character Button","Relic Filter Mod","Relic Stats","Smile Girya","StS++","StSLib","SuperFastMode","Swap Starting Deck Mod","Weighted Paths"],"gold_per_floor":[115,37,37,57,57,85,85,85,108,150,159,9,9,9,9,146,146,160,210,233,242,56,109,109,118,144,74,74,117,117,146,146,279,279,311,338,338,42,107,155,180,180,180,180,180,180],"floor_reached":45,"language":"ENG","playtime":2063,"items_purged":[],"score":606,"play_id":"36bd68c2-3dc1-4c2c-a1aa-44411497f04d","local_time":"20210208120511","is_ascension_mode":false,"campfire_choices":[{"data":"Tools of the Trade","floor":7.0,"key":"SMITH"},{"data":"Infinite Blades","floor":13.0,"key":"SMITH"},{"floor":15.0,"key":"REST"},{"data":"Enlightenment","floor":24.0,"key":"SMITH"},{"data":"Reflex","floor":30.0,"key":"SMITH"},{"data":"After Image","floor":32.0,"key":"SMITH"},{"data":"StSpp:Dive","floor":44,"key":"SMITH"}],"circlet_count":0,"master_deck":["Underhanded Strike","Underhanded Strike+1","Underhanded Strike","Eviscerate","Acrobatics","Backflip","Backflip","Backflip+1","Prepared","Outmaneuver","Masterful Stab","Acrobatics","Tools of the Trade+1","StSpp:TimeParadox","Infinite Blades+1","Enlightenment+1","A Thousand Cuts","Blade Dance","Eviscerate","Madness","Expertise+1","Reprogram+1","Escape Plan","Reflex+1","After Image+1","Storm of Steel","Accuracy+1","Accuracy+1","StSpp:Dive+1","Prepared+1","StSpp:Lure+1","Calculated Gamble"],"relics":["Ring of the Snake","swapstartingdeckmod:Bellows","Omamori","Juzu Bracelet","Toy Ornithopter","CeramicFish","Golden Idol","Coffee Dripper","Pen Nib","Regal Pillow","betterThird:NestCultRelic","Happy Flower","WristBlade","Shuriken","Pocketwatch","Orichalcum","Ninja Scroll"],"acts_visited":["Exordium","TheCity","TheBeyond"],"potions_floor_usage":[39,39,40],"damage_taken":[{"damage":0.0,"enemies":"Cultist","floor":1.0,"turns":1.0},{"damage":0.0,"enemies":"2 Louse","floor":4.0,"turns":1.0},{"damage":9.0,"enemies":"3 Sentries","floor":6.0,"turns":2.0},{"damage":0.0,"enemies":"Gremlin Nob","floor":10.0,"turns":2.0},{"damage":19.0,"enemies":"The Guardian","floor":16.0,"turns":4.0},{"damage":0.0,"enemies":"2 Thieves","floor":18.0,"turns":2.0},{"damage":0.0,"enemies":"Spheric Guardian","floor":20.0,"turns":1.0},{"damage":0.0,"enemies":"Gremlin Leader","floor":23.0,"turns":4.0},{"damage":29.0,"enemies":"Slavers","floor":29.0,"turns":5.0},{"damage":10.0,"enemies":"Shelled Parasite and Fungi","floor":31.0,"turns":3.0},{"damage":0.0,"enemies":"Automaton","floor":33.0,"turns":4.0},{"damage":27.0,"enemies":"3 Darklings","floor":35.0,"turns":2.0},{"damage":9.0,"enemies":"3 Shapes","floor":36.0,"turns":4.0},{"damage":14,"enemies":"2 Orb Walkers","floor":39,"turns":3},{"damage":39,"enemies":"Nemesis","floor":40,"turns":5},{"damage":22,"enemies":"3 Darklings","floor":41,"turns":3},{"damage":36,"enemies":"Reptomancer","floor":45,"turns":2}],"seed_played":"-5147920368597095705","potions_obtained":[{"floor":4.0,"key":"Block Potion"},{"floor":10.0,"key":"ColorlessPotion"},{"floor":16.0,"key":"AttackPotion"},{"floor":18.0,"key":"StSpp:ScatteredWeakPotion"},{"floor":29.0,"key":"GhostInAJar"},{"floor":31.0,"key":"ColorlessPotion"},{"floor":35.0,"key":"EssenceOfSteel"},{"floor":37,"key":"Fruit Juice"},{"floor":39,"key":"Block Potion"}],"is_trial":false,"path_per_floor":["M","$","?","M","?","E","R","?","T","E","?","?","R","?","R","B",null,"M","?","M","?","$","E","R","?","T","$","?","E","R","M","R","B",null,"M","M","?","$","?","E","M","?","T","R","E"],"character_chosen":"THE_SILENT","items_purchased":["Masterful Stab","FairyPotion","Madness","Escape Plan","Shuriken","StSpp:Dive"],"campfire_rested":1,"item_purchase_floors":[2,22,22,27,38,38],"current_hp_per_floor":[70,70,45,45,68,59,59,45,45,45,45,51,51,32,54,45,76,76,76,76,76,76,76,76,76,76,76,76,52,52,47,47,47,76,49,40,40,40,41,7,14,34,34,34,0,0],"gold":180,"neow_bonus":"","is_daily":false,"chose_seed":false,"campfire_upgraded":6,"win_rate":0.0,"timestamp":1612782311,"path_taken":["M","?","?","M","?","E","R","?","T","E","?","?","R","?","R","BOSS","M","?","M","?","?","E","R","?","T","$","?","E","R","M","R","BOSS","M","M","?","$","?","E","M","?","T","R","E"],"items_purchased_type":["Card","Potion","Card","Card","Relic","Card"],"build_version":"2020-12-22","purchased_purges":0,"victory":false,"max_hp_per_floor":[70,70,70,70,70,70,70,70,70,70,70,76,76,76,76,76,76,76,76,76,76,76,76,76,76,76,76,76,76,76,76,76,76,76,76,76,76,76,81,81,81,81,81,81,81,81],"relic_stats":{"Regal Pillow":0,"Happy Flower":[8],"counters":[17,48],"Golden Idol":108,"CeramicFish":171,"Pen Nib":[9],"Juzu Bracelet":4,"Orichalcum":[0],"Shuriken":[10],"obtain_stats":[{"Regal Pillow":26,"Happy Flower":29,"Golden Idol":14,"CeramicFish":10,"swapstartingdeckmod:Bellows":0,"Pen Nib":23,"betterThird:NestCultRelic":28,"Omamori":3,"Juzu Bracelet":6,"Orichalcum":40,"WristBlade":34,"Shuriken":38,"Ninja Scroll":43,"Coffee Dripper":17,"Toy Ornithopter":9,"Ring of the Snake":0,"Pocketwatch":39},{"Regal Pillow":8,"Happy Flower":9,"Golden Idol":4,"CeramicFish":4,"swapstartingdeckmod:Bellows":0,"Pen Nib":8,"betterThird:NestCultRelic":8,"Omamori":1,"Juzu Bracelet":3,"Orichalcum":15,"WristBlade":11,"Shuriken":13,"Ninja Scroll":16,"Coffee Dripper":5,"Toy Ornithopter":3,"Ring of the Snake":0,"Pocketwatch":14},{"Regal Pillow":17,"Happy Flower":22,"Golden Idol":6,"CeramicFish":6,"swapstartingdeckmod:Bellows":0,"Pen Nib":17,"betterThird:NestCultRelic":17,"Omamori":1,"Juzu Bracelet":4,"Orichalcum":43,"WristBlade":29,"Shuriken":35,"Ninja Scroll":46,"Coffee Dripper":10,"Toy Ornithopter":4,"Ring of the Snake":0,"Pocketwatch":38}],"Toy Ornithopter":35,"Ring of the Snake":[34],"Pocketwatch":[3]},"card_choices":[{"not_picked":["Slice","Acrobatics"],"picked":"Outmaneuver","floor":1.0},{"not_picked":["Dodge and Roll","Dagger Spray"],"picked":"Acrobatics","floor":4.0},{"not_picked":["Terror","Infinite Blades"],"picked":"Tools of the Trade","floor":6.0},{"not_picked":["StSpp:CorrosivePoison","Sucker Punch"],"picked":"StSpp:TimeParadox","floor":10.0},{"not_picked":["Corpse Explosion","Envenom"],"picked":"A Thousand Cuts","floor":16.0},{"not_picked":["Prepared","Catalyst","Deflect"],"picked":"SKIP","floor":18.0},{"not_picked":["Deflect","PiercingWail"],"picked":"Blade Dance","floor":20.0},{"not_picked":["StSpp:TimeParadox+1","StSpp:SwitchWeapon"],"picked":"Expertise+1","floor":23.0},{"not_picked":["Finisher","Predator+1"],"picked":"Reflex","floor":29.0},{"not_picked":["Endless Agony+1","Adrenaline"],"picked":"After Image","floor":31.0},{"not_picked":["After Image","Burst"],"picked":"Storm of Steel","floor":33.0},{"not_picked":["Quick Slash","Expertise+1"],"picked":"Accuracy+1","floor":35.0},{"not_picked":["Cloak And Dagger","Corpse Explosion"],"picked":"Accuracy+1","floor":36.0},{"not_picked":["StSpp:PoisonousPunch","Backflip"],"picked":"Prepared+1","floor":39},{"not_picked":["Choke","Bouncing Flask"],"picked":"StSpp:Lure+1","floor":40},{"not_picked":["Deadly Poison","StSpp:Landslide"],"picked":"Calculated Gamble","floor":41}],"player_experience":491874,"relics_obtained":[{"floor":6.0,"key":"Juzu Bracelet"},{"floor":9.0,"key":"Toy Ornithopter"},{"floor":10.0,"key":"CeramicFish"},{"floor":23.0,"key":"Pen Nib"},{"floor":26.0,"key":"Regal Pillow"},{"floor":29.0,"key":"Happy Flower"},{"floor":39,"key":"Pocketwatch"},{"floor":40,"key":"Orichalcum"},{"floor":43,"key":"Ninja Scroll"}],"event_choices":[{"damage_healed":0.0,"max_hp_gain":0.0,"max_hp_loss":0.0,"gold_gain":0.0,"event_name":"betterThird:BetterScrap","player_choice":"Relic ","floor":3.0,"gold_loss":0.0,"damage_taken":25.0,"cards_obtained":["Establishment"]},{"damage_healed":23.0,"max_hp_gain":0.0,"max_hp_loss":0.0,"gold_gain":0.0,"event_name":"Big Fish","player_choice":"Banana","floor":5.0,"gold_loss":0.0,"damage_taken":0.0},{"damage_healed":59.0,"max_hp_gain":0.0,"max_hp_loss":70.0,"gold_gain":0.0,"event_name":"betterThird:BetterShining","player_choice":"Upgrade","floor":8.0,"gold_loss":0.0,"damage_taken":14.0,"cards_upgraded":["Backflip","Underhanded Strike"]},{"damage_healed":0.0,"max_hp_gain":0.0,"max_hp_loss":0.0,"gold_gain":0.0,"cards_transformed":["Backflip"],"event_name":"Transmorgrifier","player_choice":"Transformed","floor":11.0,"gold_loss":0.0,"damage_taken":0.0,"cards_obtained":["Infinite Blades"]},{"damage_healed":0.0,"max_hp_gain":0.0,"max_hp_loss":0.0,"gold_gain":0.0,"event_name":"betterThird:BetterSerpent","player_choice":"RENOUNCE","floor":12.0,"gold_loss":159.0,"damage_taken":159.0,"cards_obtained":["Enlightenment"]},{"damage_healed":0.0,"max_hp_gain":0.0,"max_hp_loss":0.0,"gold_gain":0.0,"event_name":"Golden Idol","player_choice":"Take Damage","floor":14.0,"gold_loss":0.0,"damage_taken":19.0,"relics_obtained":["Golden Idol"]},{"damage_healed":0.0,"max_hp_gain":0.0,"max_hp_loss":0.0,"gold_gain":100.0,"event_name":"The Joust","player_choice":"Bet on Murderer","floor":19.0,"gold_loss":50.0,"damage_taken":0.0},{"damage_healed":0.0,"max_hp_gain":0.0,"max_hp_loss":0.0,"gold_gain":0.0,"event_name":"Duplicator","player_choice":"Copied","floor":21.0,"gold_loss":0.0,"damage_taken":0.0,"cards_obtained":["Eviscerate"]},{"cards_removed":["Enlightenment"],"damage_healed":0.0,"max_hp_gain":0.0,"max_hp_loss":0.0,"gold_gain":0.0,"event_name":"betterNote:BetterNote","player_choice":"Take \u0026 Give","floor":25.0,"gold_loss":0.0,"damage_taken":0.0,"cards_obtained":["Reprogram"]},{"damage_healed":0.0,"max_hp_gain":0.0,"max_hp_loss":0.0,"gold_gain":0.0,"event_name":"betterThird:BetterNest","player_choice":"Madness","floor":28.0,"gold_loss":0.0,"damage_taken":0.0,"relics_obtained":["betterThird:NestCultRelic"]},{"damage_healed":0,"gold_gain":0,"player_choice":"Got Potions","damage_taken":0,"max_hp_gain":0,"max_hp_loss":0,"event_name":"Lab","floor":37,"gold_loss":0},{"damage_healed":0,"gold_gain":0,"player_choice":"Fight","damage_taken":0,"max_hp_gain":0,"max_hp_loss":0,"event_name":"Mysterious Sphere","floor":39,"gold_loss":0},{"damage_healed":20,"gold_gain":0,"player_choice":"Writhe","damage_taken":0,"max_hp_gain":0,"max_hp_loss":0,"event_name":"Winding Halls","floor":42,"gold_loss":0,"cards_obtained":["Writhe"]}],"is_beta":false,"boss_relics":[{"not_picked":["Runic Dome","Cursed Key"],"picked":"Coffee Dripper"},{"not_picked":["StSpp:FireArrow","StSpp:CrystalBall"],"picked":"WristBlade"}],"items_purged_floors":[],"is_endless":false,"potions_floor_spawned":[4,10,16,18,23,29,31,35,39],"killed_by":"Reptomancer","ascension_level":0}}