{"host":"pi8b3ffzwvxqztac","time":1612801842,"event":{"mods":["BaseMod","Colored Map","Custom Start","Downfall","Minty Spire (QoL Compilation)","StSLib"],"gold_per_floor":[99,109,122,122,132,149,149,177,47,47,66,86,86,42,62,141,141,41,51,69,69,79,79,156,56,87,107,120,20,20,54,54,54,54],"floor_reached":32,"language":"ENG","playtime":1763,"items_purged":["downfall:Malfunctioning"],"score":554,"play_id":"819bccfe-b4a6-4a16-922b-1522dc2d01e5","local_time":"20210209053042","is_ascension_mode":true,"campfire_choices":[{"floor":1.0,"key":"RECALL"},{"data":"Slimebound:Equalize","floor":10.0,"key":"SMITH"},{"data":"Slimebound:TagTeam","floor":13.0,"key":"SMITH"},{"data":"Slimebound:RallyTheTroops","floor":18.0,"key":"SMITH"},{"floor":23.0,"key":"REST"},{"floor":25.0,"key":"REST"},{"data":"Slimebound:GoopSpray","floor":29.0,"key":"SMITH"}],"circlet_count":0,"master_deck":["AscendersBane","Slimebound:Strike_Slimebound","Slimebound:Strike_Slimebound","Slimebound:Strike_Slimebound","Slimebound:Tackle","Slimebound:Defend_Slimebound","Slimebound:Defend_Slimebound","Slimebound:Defend_Slimebound","Slimebound:Defend_Slimebound","Slimebound:Split+1","Slimebound:CorrosiveSpit+1","Slimebound:GoopSpray+1","Slimebound:Equalize+1","Slimebound:SplitLeeching+1","Slimebound:HauntingLick+1","Slimebound:LevelUp","Slimebound:LevelUp","Slimebound:TagTeam+1","Slimebound:LeadByExample","Slimebound:SplitBruiser+1","Slimebound:ServeAndProtect+1","Slimebound:RallyTheTroops+1","Slimebound:Repurpose+1","Slimebound:RainOfGoop+1","Slimebound:Recollect+1","Slimebound:Recollect+1","Slimebound:LivingWall+1"],"relics":["Slimebound:AbsorbEndCombat","Toxic Egg 2","Philosopher\u0027s Stone","downfall:HeartBlessingGreen","downfall:HeartBlessingBlue","StoneCalendar","downfall:HeartBlessingRed","downfall:RedIOU","Bag of Marbles"],"acts_visited":["Exordium","TheCity"],"potions_floor_usage":[],"damage_taken":[{"damage":12.0,"enemies":"2 Louse","floor":2.0,"turns":4.0},{"damage":0.0,"enemies":"Cultist","floor":3.0,"turns":4.0},{"damage":1.0,"enemies":"Small Slimes","floor":5.0,"turns":3.0},{"damage":22.0,"enemies":"Exordium Thugs","floor":6.0,"turns":7.0},{"damage":28.0,"enemies":"Lagavulin","floor":8.0,"turns":7.0},{"damage":5.0,"enemies":"downfall:FleeingMerchant","floor":9.0,"turns":4.0},{"damage":3.0,"enemies":"2 Fungi Beasts","floor":11.0,"turns":3.0},{"damage":10.0,"enemies":"Lots of Slimes","floor":12.0,"turns":5.0},{"damage":12.0,"enemies":"downfall:FleeingMerchant","floor":14.0,"turns":4.0},{"damage":0.0,"enemies":"3 Louse","floor":15.0,"turns":2.0},{"damage":16.0,"enemies":"IC_STATUS_ARCHETYPE","floor":16.0,"turns":8.0},{"damage":20.0,"enemies":"Shell Parasite","floor":19.0,"turns":3.0},{"damage":27.0,"enemies":"Snecko","floor":20.0,"turns":5.0},{"damage":39.0,"enemies":"Snake Plant","floor":22.0,"turns":3.0},{"damage":15.0,"enemies":"Slavers","floor":26.0,"turns":5.0},{"damage":10.0,"enemies":"Centurion and Healer","floor":27.0,"turns":5.0},{"damage":37.0,"enemies":"3 Cultists","floor":28.0,"turns":5.0},{"damage":65.0,"enemies":"Book of Stabbing","floor":31.0,"turns":5.0},{"damage":15,"enemies":"Snake Plant","floor":32,"turns":2}],"seed_played":"1654098567069250447","potions_obtained":[{"floor":6.0,"key":"Block Potion"},{"floor":8.0,"key":"ColorlessPotion"},{"floor":12.0,"key":"AttackPotion"},{"floor":15.0,"key":"FairyPotion"},{"floor":20.0,"key":"ColorlessPotion"},{"floor":22.0,"key":"Swift Potion"},{"floor":28.0,"key":"LiquidMemories"}],"is_trial":false,"path_per_floor":["R","M","M","?","M","M","T","E","$","R","M","M","R","$","M","B",null,"R","M","M","?","M","R","T","R","E","M","M","R","?","E","M"],"character_chosen":"SLIMEBOUND","items_purchased":["Slimebound:LevelUp","Slimebound:SplitBruiser+1"],"campfire_rested":2,"item_purchase_floors":[9,14],"current_hp_per_floor":[48,42,48,48,49,43,43,31,40,40,41,45,45,51,55,59,67,67,53,42,42,13,33,33,66,71,71,44,44,44,7,0,0,0],"gold":54,"neow_bonus":"TWENTY_PERCENT_HP_BONUS","is_daily":false,"chose_seed":false,"campfire_upgraded":4,"win_rate":0.0,"timestamp":1612801842,"path_taken":["R","M","M","?","M","M","T","E","$","R","M","M","R","?","M","BOSS","R","M","M","?","M","R","T","R","E","M","M","R","?","E","M"],"items_purchased_type":["Card","Card"],"build_version":"2020-12-22","purchased_purges":1,"victory":false,"max_hp_per_floor":[69,69,69,69,69,69,69,69,69,69,69,69,69,69,69,69,69,69,69,69,69,69,69,69,79,79,79,79,79,79,79,79,79,79],"card_choices":[{"not_picked":["Slimebound:SplitLeeching","Slimebound:TongueLash"],"picked":"Slimebound:GoopSpray","floor":2.0},{"not_picked":["Slimebound:LeechEnergy","Slimebound:ForwardTackle","Slimebound:Schlurp"],"picked":"SKIP","floor":3.0},{"not_picked":["Slimebound:SpikyOuterGoop","Slimebound:Schlurp"],"picked":"Slimebound:Equalize","floor":5.0},{"not_picked":["Slimebound:Repurpose","Slimebound:Replication","Slimebound:ViciousTackle"],"picked":"SKIP","floor":6.0},{"not_picked":["Slimebound:ViciousTackle","Slimebound:Replication+1"],"picked":"Slimebound:SplitLeeching+1","floor":8.0},{"not_picked":["Slimebound:TongueLash","Slimebound:FormOfPuddle+1"],"picked":"Slimebound:HauntingLick+1","floor":9.0},{"not_picked":["Slimebound:BestDefense","Slimebound:LeadByExample"],"picked":"Slimebound:LevelUp","floor":11.0},{"not_picked":["Slimebound:Equalize","Slimebound:SamplingLick+1"],"picked":"Slimebound:TagTeam","floor":12.0},{"not_picked":["Slimebound:PressTheAttack","Slimebound:Nibble"],"picked":"Slimebound:LeadByExample","floor":14.0},{"not_picked":["Slimebound:FinishingTackle","Slimebound:PressTheAttack"],"picked":"Slimebound:ServeAndProtect+1","floor":15.0},{"not_picked":["Slimebound:WasteNot+1","Slimebound:LeechLife"],"picked":"Slimebound:RallyTheTroops","floor":16.0},{"not_picked":["Slimebound:ForwardTackle+1","Slimebound:LeechEnergy"],"picked":"Slimebound:Repurpose+1","floor":19.0},{"not_picked":["Slimebound:RollThrough","Slimebound:SpikyOuterGoop"],"picked":"Slimebound:RainOfGoop+1","floor":20.0},{"not_picked":["Slimebound:SplitBruiser+1","Slimebound:SlimeBarrage"],"picked":"Slimebound:Recollect+1","floor":22.0},{"not_picked":["Slimebound:LivingWall+1","Slimebound:GoopSpray+1"],"picked":"Slimebound:Recollect+1","floor":26.0},{"not_picked":["Slimebound:RejuvenatingLick+1","Slimebound:SpikyOuterGoop+1","Slimebound:Gluttony"],"picked":"SKIP","floor":27.0},{"not_picked":["Slimebound:FinishingTackle","Slimebound:SplitLeeching+1"],"picked":"Slimebound:LivingWall+1","floor":28.0},{"not_picked":["Slimebound:LevelUp","Slimebound:Schlurp+1","Slimebound:TongueLash+1"],"picked":"SKIP","floor":31.0}],"player_experience":727319,"relics_obtained":[{"floor":8.0,"key":"Toxic Egg 2"},{"floor":24.0,"key":"Blue Candle"},{"floor":26.0,"key":"StoneCalendar"},{"floor":31.0,"key":"Bag of Marbles"}],"event_choices":[],"is_beta":false,"boss_relics":[{"not_picked":["Snecko Eye","Velvet Choker"],"picked":"Philosopher\u0027s Stone"}],"items_purged_floors":[9],"is_endless":false,"potions_floor_spawned":[6,8,12,15,20,22,27,28],"killed_by":"Snake Plant","ascension_level":19}}