{"host":"y3h3n3f7seyagppx","time":1612743793,"event":{"mods":["AlwaysNeverKeys","BaseMod","Better Vampires","Colored Powertips","DeckTracker","Emptier Cage","Minty Spire (QoL Compilation)","Permanent Neow","Quick Restart","Rare Cards Sparkle","Relic Sorter","Relic Stats","StSLib","Transform Curses"],"gold_per_floor":[117,131,146,157,172,200,216,216,216,291,326,342,371,137,137,216,216,227,227,19,19,33,33,58,68,144,176,190,210,45,74,74,151,151,165,2,38,393,393,393,449,489,489,533,588,666,723,770,770,800,800,800,800,252,280,280],"floor_reached":57,"language":"ENG","playtime":13516,"items_purged":["Strike_P","Defend_P"],"score":3248,"play_id":"c08b9c02-c981-4fc3-acc0-30d79977ed67","local_time":"20210207192313","is_ascension_mode":true,"campfire_choices":[{"floor":8.0,"key":"REST"},{"data":"Eruption","floor":15.0,"key":"SMITH"},{"floor":23.0,"key":"REST"},{"floor":32.0,"key":"REST"},{"floor":40.0,"key":"REST"},{"data":"LessonLearned+1","floor":49,"key":"PURGE"},{"data":"Prostrate+1","floor":53,"key":"PURGE"}],"circlet_count":0,"master_deck":["AscendersBane","Eruption+1","Vigilance+1","Wallop+1","EmptyFist+1","EmptyBody+1","Wireheading+1","Vengeance+1","Ragnarok+1","CrushJoints+1","FlurryOfBlows+1","TalkToTheHand+1","TalkToTheHand+1","TalkToTheHand+1","Bite+1","Bite+1","TalkToTheHand+1","InnerPeace","Wish+1","Perseverance+1","CarveReality+1","ThirdEye+1","CrushJoints+1","Flash of Steel","Flash of Steel","Fasting2+1","JustLucky+1","EmptyMind+1","CutThroughFate+1","Secret Technique","PanicButton","Weave","SashWhip"],"relics":["Empty Cage","Mercury Hourglass","Pen Nib","Happy Flower","Centennial Puzzle","Membership Card","Fusion Hammer","Whetstone","DollysMirror","HornCleat","Eternal Feather","Ice Cream","CloakClasp","TeardropLocket","Astrolabe","Incense Burner","Old Coin","Meat on the Bone","Letter Opener","PreservedInsect","Peace Pipe","Bag of Preparation","OrangePellets","TungstenRod","InkBottle","Boot"],"acts_visited":["Exordium","TheCity","TheBeyond","TheEnding"],"potions_floor_usage":[55],"damage_taken":[{"damage":7.0,"enemies":"2 Louse","floor":1.0,"turns":3.0},{"damage":0.0,"enemies":"Jaw Worm","floor":2.0,"turns":2.0},{"damage":0.0,"enemies":"Cultist","floor":3.0,"turns":3.0},{"damage":10.0,"enemies":"Exordium Wildlife","floor":4.0,"turns":7.0},{"damage":5.0,"enemies":"2 Fungi Beasts","floor":5.0,"turns":2.0},{"damage":9.0,"enemies":"Gremlin Nob","floor":6.0,"turns":4.0},{"damage":15.0,"enemies":"Large Slime","floor":7.0,"turns":5.0},{"damage":9.0,"enemies":"Lagavulin","floor":11.0,"turns":6.0},{"damage":1.0,"enemies":"Blue Slaver","floor":12.0,"turns":3.0},{"damage":0.0,"enemies":"Gremlin Nob","floor":13.0,"turns":2.0},{"damage":8.0,"enemies":"The Guardian","floor":16.0,"turns":9.0},{"damage":7.0,"enemies":"3 Byrds","floor":18.0,"turns":2.0},{"damage":0.0,"enemies":"Chosen","floor":22.0,"turns":3.0},{"damage":18.0,"enemies":"Slavers","floor":24.0,"turns":3.0},{"damage":3.0,"enemies":"Snecko","floor":25.0,"turns":5.0},{"damage":0.0,"enemies":"Gremlin Leader","floor":27.0,"turns":4.0},{"damage":1.0,"enemies":"3 Cultists","floor":28.0,"turns":4.0},{"damage":14.0,"enemies":"Snake Plant","floor":29.0,"turns":3.0},{"damage":14.0,"enemies":"Slavers","floor":31.0,"turns":4.0},{"damage":4.0,"enemies":"Champ","floor":33.0,"turns":5.0},{"damage":0.0,"enemies":"3 Darklings","floor":35.0,"turns":3.0},{"damage":13.0,"enemies":"Orb Walker","floor":37.0,"turns":4.0},{"damage":0.0,"enemies":"Mind Bloom Boss Battle","floor":38.0,"turns":5.0},{"damage":0.0,"enemies":"Giant Head","floor":41.0,"turns":4.0},{"damage":0.0,"enemies":"Jaw Worm Horde","floor":42.0,"turns":5.0},{"damage":11.0,"enemies":"Maw","floor":44.0,"turns":5.0},{"damage":0,"enemies":"Nemesis","floor":45,"turns":7},{"damage":18,"enemies":"2 Orb Walkers","floor":46,"turns":4},{"damage":4,"enemies":"Reptomancer","floor":47,"turns":3},{"damage":0,"enemies":"Spire Growth","floor":48,"turns":3},{"damage":46,"enemies":"Time Eater","floor":50,"turns":8},{"damage":14,"enemies":"Awakened One","floor":51,"turns":10},{"damage":0,"enemies":"Shield and Spear","floor":55,"turns":6},{"damage":0,"enemies":"The Heart","floor":56,"turns":8}],"seed_played":"6607891236904765373","potions_obtained":[{"floor":1.0,"key":"SteroidPotion"},{"floor":5.0,"key":"Block Potion"},{"floor":7.0,"key":"EssenceOfSteel"},{"floor":11.0,"key":"BottledMiracle"},{"floor":13.0,"key":"SneckoOil"},{"floor":18.0,"key":"SkillPotion"},{"floor":24.0,"key":"LiquidBronze"},{"floor":27.0,"key":"FearPotion"},{"floor":38.0,"key":"Explosive Potion"},{"floor":45,"key":"LiquidMemories"},{"floor":47,"key":"Block Potion"},{"floor":55,"key":"ColorlessPotion"}],"is_trial":false,"path_per_floor":["M","M","M","M","M","E","M","R","T","?","E","M","E","$","R","B",null,"M","?","$","?","M","R","E","M","T","E","M","M","$","E","R","B",null,"M","$","M","?","?","R","E","M","T","M","E","?","E","M","R","B","B",null,"R","$","E","B",null],"character_chosen":"WATCHER","items_purchased":["Membership Card","FlurryOfBlows","Whetstone","DollysMirror","CloakClasp","Incense Burner","OrangePellets","TungstenRod","InkBottle","Secret Technique","PanicButton","Weave"],"campfire_rested":4,"item_purchase_floors":[14,14,20,20,30,36,54,54,54,54,54,54],"current_hp_per_floor":[54,54,54,44,39,30,15,35,35,24,15,14,14,14,14,6,53,46,46,46,46,48,59,41,46,46,49,54,46,46,38,59,58,59,59,59,46,52,42,59,59,59,59,57,59,41,43,49,59,28,35,53,59,59,59,59],"gold":280,"neow_bonus":"BOSS_RELIC","is_daily":false,"chose_seed":false,"campfire_upgraded":1,"win_rate":0.0,"timestamp":1612743793,"path_taken":["M","M","M","M","M","E","M","R","T","?","E","M","E","$","R","BOSS","M","?","$","?","M","R","E","M","T","E","M","M","?","E","R","BOSS","M","$","M","?","?","R","E","M","T","M","E","?","E","M","R","BOSS","BOSS","R","$","E","BOSS"],"items_purchased_type":["Relic","Card","Relic","Relic","Relic","Relic","Relic","Relic","Relic","Card","Card","Card"],"build_version":"2020-12-22","purchased_purges":2,"victory":true,"max_hp_per_floor":[68,68,68,68,68,68,68,68,68,68,68,68,68,68,68,68,68,68,68,68,59,59,59,59,59,59,59,59,59,59,59,59,59,59,59,59,59,59,59,59,59,59,59,59,59,59,59,59,59,59,59,59,59,59,59,59],"relic_stats":{"Happy Flower":[40],"counters":[34,151],"Astrolabe":["Perseverance","CarveReality","Prostrate"],"Eternal Feather":43,"Pen Nib":[40],"PreservedInsect":138,"CloakClasp":[203],"Bag of Preparation":[10],"Whetstone":["EmptyFist","CrushJoints"],"Letter Opener":[46],"Boot":[2],"Mercury Hourglass":[466],"Peace Pipe":2,"OrangePellets":[4],"Centennial Puzzle":[42],"obtain_stats":[{"Ice Cream":27,"CloakClasp":30,"Incense Burner":36,"Bag of Preparation":47,"Whetstone":20,"TeardropLocket":31,"Empty Cage":0,"Boot":55,"Old Coin":38,"Centennial Puzzle":13,"HornCleat":24,"DollysMirror":20,"Fusion Hammer":17,"InkBottle":54,"Happy Flower":11,"Astrolabe":34,"Eternal Feather":26,"Pen Nib":9,"PreservedInsect":45,"Letter Opener":43,"Mercury Hourglass":6,"Peace Pipe":46,"OrangePellets":54,"Membership Card":14,"PureWater":0,"TungstenRod":54,"Meat on the Bone":41},{"Ice Cream":16,"CloakClasp":18,"Incense Burner":21,"Bag of Preparation":29,"Whetstone":12,"TeardropLocket":19,"Empty Cage":0,"Boot":33,"Old Coin":23,"Centennial Puzzle":10,"HornCleat":14,"DollysMirror":12,"Fusion Hammer":11,"InkBottle":32,"Happy Flower":8,"Astrolabe":20,"Eternal Feather":15,"Pen Nib":7,"PreservedInsect":27,"Letter Opener":25,"Mercury Hourglass":6,"Peace Pipe":28,"OrangePellets":32,"Membership Card":10,"PureWater":0,"TungstenRod":32,"Meat on the Bone":24},{"Ice Cream":61,"CloakClasp":68,"Incense Burner":80,"Bag of Preparation":117,"Whetstone":47,"TeardropLocket":72,"Empty Cage":0,"Boot":143,"Old Coin":89,"Centennial Puzzle":36,"HornCleat":52,"DollysMirror":47,"Fusion Hammer":45,"InkBottle":138,"Happy Flower":31,"Astrolabe":77,"Eternal Feather":57,"Pen Nib":25,"PreservedInsect":110,"Letter Opener":98,"Mercury Hourglass":21,"Peace Pipe":114,"OrangePellets":138,"Membership Card":36,"PureWater":0,"TungstenRod":138,"Meat on the Bone":93}],"TungstenRod":1,"InkBottle":[7],"Meat on the Bone":12},"card_choices":[{"not_picked":["SandsOfTime","Halt"],"picked":"Wallop","floor":1.0},{"not_picked":["FlyingSleeves","PathToVictory"],"picked":"EmptyFist","floor":2.0},{"not_picked":["ForeignInfluence","WaveOfTheHand"],"picked":"EmptyBody","floor":3.0},{"not_picked":["FlyingSleeves","Conclude"],"picked":"Consecrate","floor":4.0},{"not_picked":["CutThroughFate","Nirvana"],"picked":"Wireheading","floor":5.0},{"not_picked":["EmptyBody","LikeWater"],"picked":"Vengeance","floor":6.0},{"not_picked":["FlurryOfBlows","WaveOfTheHand"],"picked":"Ragnarok","floor":7.0},{"not_picked":["WaveOfTheHand","EmptyFist","Prostrate"],"picked":"SKIP","floor":11.0},{"not_picked":["FlyingSleeves","CutThroughFate","CrushJoints"],"picked":"SKIP","floor":12.0},{"not_picked":["FlyingSleeves","CutThroughFate"],"picked":"CrushJoints","floor":12.0},{"not_picked":["Protect","WheelKick","BowlingBash"],"picked":"SKIP","floor":13.0},{"not_picked":["Judgement","DeusExMachina"],"picked":"LessonLearned","floor":16.0},{"not_picked":["JustLucky+1","Conclude"],"picked":"TalkToTheHand","floor":18.0},{"not_picked":["SashWhip","Sanctity"],"picked":"TalkToTheHand","floor":22.0},{"not_picked":["Vengeance","SashWhip"],"picked":"LessonLearned","floor":24.0},{"not_picked":["FlyingSleeves","Protect","EmptyBody"],"picked":"SKIP","floor":25.0},{"not_picked":["EmptyFist","Wireheading","Perseverance"],"picked":"SKIP","floor":27.0},{"not_picked":["Consecrate","Crescendo","Evaluate"],"picked":"SKIP","floor":28.0},{"not_picked":["Consecrate","Conclude+1","FollowUp"],"picked":"SKIP","floor":29.0},{"not_picked":["Halt","EmptyBody"],"picked":"InnerPeace","floor":31.0},{"not_picked":["SpiritShield","Alpha"],"picked":"Wish","floor":33.0},{"not_picked":["PathToVictory","CrushJoints+1"],"picked":"ThirdEye+1","floor":35.0},{"not_picked":["Consecrate","PathToVictory+1"],"picked":"CrushJoints+1","floor":37.0},{"not_picked":["Panache","Impatience"],"picked":"Flash of Steel","floor":39.0},{"not_picked":["Panache","Dramatic Entrance"],"picked":"Flash of Steel","floor":39.0},{"not_picked":["Prostrate","Meditate"],"picked":"Fasting2","floor":41.0},{"not_picked":["SignatureMove+1","PathToVictory","ForeignInfluence"],"picked":"SKIP","floor":42.0},{"not_picked":["Conclude","Crescendo"],"picked":"JustLucky+1","floor":44.0},{"not_picked":["Vengeance","EmptyBody+1","CrushJoints+1"],"picked":"SKIP","floor":45},{"not_picked":["JustLucky","Sanctity+1"],"picked":"EmptyMind+1","floor":46},{"not_picked":["BowlingBash+1","EmptyFist","SandsOfTime"],"picked":"SKIP","floor":47},{"not_picked":["FollowUp","EmptyFist"],"picked":"CutThroughFate+1","floor":48},{"not_picked":["Consecrate","Indignation"],"picked":"SashWhip","floor":55}],"player_experience":21940830,"relics_obtained":[{"floor":6.0,"key":"Mercury Hourglass"},{"floor":9.0,"key":"Pen Nib"},{"floor":11.0,"key":"Happy Flower"},{"floor":13.0,"key":"Centennial Puzzle"},{"floor":24.0,"key":"HornCleat"},{"floor":26.0,"key":"Eternal Feather"},{"floor":27.0,"key":"Ice Cream"},{"floor":31.0,"key":"TeardropLocket"},{"floor":38.0,"key":"Old Coin"},{"floor":41.0,"key":"Meat on the Bone"},{"floor":43.0,"key":"Letter Opener"},{"floor":45,"key":"PreservedInsect"},{"floor":46,"key":"Peace Pipe"},{"floor":47,"key":"Bag of Preparation"},{"floor":55,"key":"Boot"}],"event_choices":[{"damage_healed":0.0,"max_hp_gain":0.0,"max_hp_loss":0.0,"gold_gain":75.0,"event_name":"World of Goop","player_choice":"Gather Gold","floor":10.0,"gold_loss":0.0,"damage_taken":11.0},{"damage_healed":0.0,"max_hp_gain":0.0,"max_hp_loss":0.0,"gold_gain":0.0,"event_name":"The Library","player_choice":"Read","floor":19.0,"gold_loss":0.0,"damage_taken":0.0,"cards_obtained":["TalkToTheHand"]},{"damage_healed":0.0,"max_hp_gain":0.0,"max_hp_loss":9.0,"gold_gain":0.0,"event_name":"Vampires","player_choice":"Became a vampire","floor":21.0,"gold_loss":0.0,"damage_taken":0.0,"cards_obtained":["Bite","Bite"]},{"damage_healed":0.0,"max_hp_gain":0.0,"max_hp_loss":0.0,"gold_gain":0.0,"event_name":"MindBloom","player_choice":"Fight","floor":38.0,"gold_loss":0.0,"damage_taken":0.0},{"damage_healed":0.0,"max_hp_gain":0.0,"max_hp_loss":0.0,"gold_gain":0.0,"event_name":"SensoryStone","player_choice":"Memory 3","floor":39.0,"gold_loss":0.0,"damage_taken":10.0},{"damage_healed":0,"gold_gain":0,"player_choice":"Fight","damage_taken":0,"max_hp_gain":0,"max_hp_loss":0,"event_name":"Mysterious Sphere","floor":46,"gold_loss":0}],"is_beta":false,"boss_relics":[{"not_picked":["Philosopher\u0027s Stone","Cursed Key"],"picked":"Fusion Hammer"},{"not_picked":["Calling Bell","Runic Dome"],"picked":"Astrolabe"}],"items_purged_floors":[14,20],"is_endless":false,"potions_floor_spawned":[1,5,7,11,13,18,24,27,38,45,46,47,55],"ascension_level":20}}