{"host":"Vegetablebread","time":1612814707,"event":{"mods":["BaseMod","Bestiary","Minty Spire (QoL Compilation)","Relic Stats","Slay the Relics Exporter"],"gold_per_floor":[112,126,143,143,143,178,178,214,214,214,245,264,305,9,9,104,104,119,119,139,7,32,32,75,75,75,96,109,145,168,128,128,222,222,237,256,271,118,131,131,144,185,211,211,211,242,280,304,304,304,304,304,304,20,64,64,64],"floor_reached":56,"language":"ENG","playtime":13130,"items_purged":["Strike_R","Strike_R","Strike_R"],"score":2004,"play_id":"882e026b-8b4a-452d-b6a0-d0a4f2152db7","local_time":"20210208120507","is_ascension_mode":true,"campfire_choices":[{"data":"Carnage","floor":7,"key":"SMITH"},{"floor":10,"key":"REST"},{"data":"Rupture","floor":15,"key":"SMITH"},{"floor":23,"key":"REST"},{"floor":25,"key":"REST"},{"floor":32,"key":"REST"},{"floor":40,"key":"RECALL"},{"floor":45,"key":"REST"},{"floor":49,"key":"REST"},{"floor":53,"key":"DIG"}],"circlet_count":0,"master_deck":["AscendersBane","Strike_R","Strike_R","Defend_R","Defend_R","Defend_R","Defend_R","Bash","Carnage+1","Wild Strike","Fire Breathing","Pain","Clothesline","Disarm","Uppercut","Rupture+1","Hemokinesis","Shockwave","Feel No Pain","Bludgeon","Feed","Shockwave","Spot Weakness","Sever Soul+1","True Grit","Rupture","Impervious","Barricade","CurseOfTheBell","True Grit+1","Sword Boomerang","True Grit+1","Pummel","Flame Barrier"],"relics":["Burning Blood","Golden Idol","WarpedTongs","PreservedInsect","Unceasing Top","Gremlin Horn","Pocketwatch","Paper Frog","Orrery","Philosopher\u0027s Stone","Enchiridion","Tiny Chest","Lantern","MealTicket","Calling Bell","Bag of Preparation","Matryoshka","Shovel","Peace Pipe","Nunchaku","Ice Cream","Darkstone Periapt","Self Forming Clay","Bottled Lightning"],"acts_visited":["Exordium","TheCity","TheBeyond","TheEnding"],"potions_floor_usage":[3,6,8,16,22,27,28,33,33,37,39,51,51,56,56],"damage_taken":[{"damage":15,"enemies":"Small Slimes","floor":1,"turns":6},{"damage":7,"enemies":"Cultist","floor":2,"turns":4},{"damage":0,"enemies":"Jaw Worm","floor":3,"turns":1},{"damage":10,"enemies":"Gremlin Nob","floor":6,"turns":3},{"damage":26,"enemies":"3 Sentries","floor":8,"turns":5},{"damage":14,"enemies":"Lagavulin","floor":11,"turns":5},{"damage":6,"enemies":"Exordium Thugs","floor":12,"turns":3},{"damage":13,"enemies":"3 Sentries","floor":13,"turns":4},{"damage":21,"enemies":"Slime Boss","floor":16,"turns":6},{"damage":21,"enemies":"2 Thieves","floor":18,"turns":2},{"damage":25,"enemies":"3 Byrds","floor":20,"turns":5},{"damage":7,"enemies":"Centurion and Healer","floor":22,"turns":4},{"damage":29,"enemies":"Slavers","floor":24,"turns":4},{"damage":31,"enemies":"Shelled Parasite and Fungi","floor":27,"turns":6},{"damage":9,"enemies":"Chosen and Byrds","floor":28,"turns":3},{"damage":32,"enemies":"Gremlin Leader","floor":29,"turns":6},{"damage":2,"enemies":"Snake Plant","floor":30,"turns":4},{"damage":51,"enemies":"Automaton","floor":33,"turns":9},{"damage":4,"enemies":"3 Shapes","floor":35,"turns":5},{"damage":11,"enemies":"Orb Walker","floor":36,"turns":3},{"damage":5,"enemies":"3 Darklings","floor":37,"turns":4},{"damage":21,"enemies":"Transient","floor":39,"turns":6},{"damage":21,"enemies":"Maw","floor":41,"turns":8},{"damage":66,"enemies":"Giant Head","floor":42,"turns":6},{"damage":30,"enemies":"Mind Bloom Boss Battle","floor":46,"turns":10},{"damage":43,"enemies":"Nemesis","floor":47,"turns":7},{"damage":21,"enemies":"Jaw Worm Horde","floor":48,"turns":3},{"damage":41,"enemies":"Time Eater","floor":50,"turns":5},{"damage":31,"enemies":"Donu and Deca","floor":51,"turns":8},{"damage":86,"enemies":"Shield and Spear","floor":55,"turns":6},{"damage":51,"enemies":"The Heart","floor":56,"turns":5}],"seed_played":"3337904033254851203","potions_obtained":[{"floor":1,"key":"Block Potion"},{"floor":2,"key":"FearPotion"},{"floor":6,"key":"Weak Potion"},{"floor":13,"key":"Regen Potion"},{"floor":24,"key":"ColorlessPotion"},{"floor":27,"key":"PowerPotion"},{"floor":29,"key":"Weak Potion"},{"floor":30,"key":"HeartOfIron"},{"floor":35,"key":"Energy Potion"},{"floor":36,"key":"FairyPotion"},{"floor":42,"key":"DuplicationPotion"},{"floor":47,"key":"SkillPotion"},{"floor":55,"key":"Fire Potion"}],"is_trial":false,"path_per_floor":["M","M","M","?","?","E","R","E","T","R","E","M","E","$","R","B",null,"M","?","M","$","M","R","E","R","T","M","M","E","M","?","R","B",null,"M","M","M","$","M","R","M","E","T","?","R","?","E","M","R","B","B",null,"R","$","E","B"],"character_chosen":"IRONCLAD","items_purchased":["Orrery","BloodPotion","Spot Weakness","Block Potion","FearPotion","Pummel","Regen Potion"],"campfire_rested":6,"item_purchase_floors":[14,14,21,21,38,54,54],"current_hp_per_floor":[66,65,71,71,71,67,67,47,47,69,61,61,54,54,54,54,69,57,36,20,20,22,46,27,53,53,49,50,27,35,35,65,24,85,91,89,93,108,93,93,78,22,22,22,57,36,45,33,71,36,14,102,102,117,37,0,0],"gold":64,"neow_bonus":"TEN_PERCENT_HP_BONUS","is_daily":false,"chose_seed":false,"campfire_upgraded":2,"win_rate":0.0,"timestamp":1612814707,"path_taken":["M","M","M","?","?","E","R","E","T","R","E","?","E","?","R","BOSS","M","?","M","?","?","R","E","R","T","M","M","E","M","?","R","BOSS","M","M","M","$","M","R","M","E","T","?","R","?","E","M","R","BOSS","BOSS","R","$","E","BOSS"],"items_purchased_type":["Relic","Potion","Card","Potion","Potion","Card","Potion"],"build_version":"2020-12-18","purchased_purges":3,"victory":false,"max_hp_per_floor":[82,82,82,74,74,74,74,74,74,74,74,74,74,74,74,74,74,77,77,80,80,83,83,87,87,87,90,94,97,101,101,101,105,105,109,112,115,115,115,115,115,119,119,119,119,122,125,128,128,128,131,131,131,131,131,131,131],"relic_stats":{"Darkstone Periapt":0,"Gremlin Horn":[26,26],"counters":[31,156],"Golden Idol":201,"Self Forming Clay":[87],"PreservedInsect":444,"Bag of Preparation":[26],"Burning Blood":180,"WarpedTongs":[145],"Peace Pipe":0,"Nunchaku":[4],"Shovel":1,"Tiny Chest":0,"MealTicket":30,"obtain_stats":[{"Ice Cream":46,"Darkstone Periapt":47,"Lantern":26,"Gremlin Horn":9,"Golden Idol":4,"Self Forming Clay":53,"Enchiridion":19,"PreservedInsect":6,"Bag of Preparation":34,"Burning Blood":0,"WarpedTongs":5,"Calling Bell":34,"Peace Pipe":42,"Nunchaku":43,"Matryoshka":34,"Shovel":34,"Orrery":14,"Philosopher\u0027s Stone":17,"Tiny Chest":24,"MealTicket":29,"Bottled Lightning":55,"Unceasing Top":8,"Pocketwatch":11,"Paper Frog":13},{"Ice Cream":25,"Darkstone Periapt":26,"Lantern":13,"Gremlin Horn":5,"Golden Idol":3,"Self Forming Clay":29,"Enchiridion":10,"PreservedInsect":4,"Bag of Preparation":18,"Burning Blood":0,"WarpedTongs":3,"Calling Bell":18,"Peace Pipe":24,"Nunchaku":24,"Matryoshka":18,"Shovel":18,"Orrery":8,"Philosopher\u0027s Stone":9,"Tiny Chest":13,"MealTicket":16,"Bottled Lightning":30,"Unceasing Top":5,"Pocketwatch":6,"Paper Frog":8},{"Ice Cream":122,"Darkstone Periapt":129,"Lantern":52,"Gremlin Horn":19,"Golden Idol":11,"Self Forming Clay":145,"Enchiridion":39,"PreservedInsect":14,"Bag of Preparation":80,"Burning Blood":0,"WarpedTongs":11,"Calling Bell":80,"Peace Pipe":112,"Nunchaku":112,"Matryoshka":80,"Shovel":80,"Orrery":31,"Philosopher\u0027s Stone":37,"Tiny Chest":52,"MealTicket":67,"Bottled Lightning":151,"Unceasing Top":19,"Pocketwatch":24,"Paper Frog":31}],"Unceasing Top":[2],"Pocketwatch":[297]},"card_choices":[{"not_picked":["Evolve","Feel No Pain"],"picked":"Carnage","floor":1},{"not_picked":["Dark Embrace","Anger"],"picked":"Wild Strike","floor":2},{"not_picked":["Infernal Blade","Shrug It Off"],"picked":"Fire Breathing","floor":3},{"not_picked":["Ghostly Armor","Heavy Blade"],"picked":"Clothesline","floor":6},{"not_picked":["Cleave","Sentinel"],"picked":"Disarm","floor":8},{"not_picked":["Power Through","Limit Break"],"picked":"Uppercut","floor":11},{"not_picked":["Fire Breathing","Clothesline"],"picked":"Rupture","floor":12},{"not_picked":["Sever Soul","Bloodletting"],"picked":"Hemokinesis","floor":13},{"not_picked":["Clash","Iron Wave"],"picked":"Shockwave","floor":14},{"not_picked":["Sever Soul","Twin Strike"],"picked":"Feel No Pain","floor":14},{"not_picked":["Thunderclap","Wild Strike"],"picked":"Bludgeon","floor":14},{"not_picked":["Brutality","Double Tap"],"picked":"Feed","floor":16},{"not_picked":["Iron Wave","Havoc","Body Slam"],"picked":"SKIP","floor":18},{"not_picked":["Rage+1","Evolve"],"picked":"Shockwave","floor":20},{"not_picked":["Body Slam","Heavy Blade"],"picked":"Sever Soul+1","floor":22},{"not_picked":["Whirlwind","Reckless Charge"],"picked":"True Grit","floor":24},{"not_picked":["Pummel","Seeing Red+1"],"picked":"Rupture","floor":27},{"not_picked":["Warcry","Clash","Entrench"],"picked":"SKIP","floor":28},{"not_picked":["Twin Strike","Headbutt"],"picked":"Impervious","floor":29},{"not_picked":["Iron Wave","Bloodletting","Anger"],"picked":"SKIP","floor":30},{"not_picked":["Demon Form","Brutality"],"picked":"Barricade","floor":33},{"not_picked":["Perfected Strike+1","Anger","Dark Embrace+1"],"picked":"SKIP","floor":35},{"not_picked":["Dark Embrace","True Grit","Rupture"],"picked":"SKIP","floor":36},{"not_picked":["Warcry","Headbutt","Fire Breathing+1"],"picked":"SKIP","floor":37},{"not_picked":["Carnage","Wild Strike"],"picked":"True Grit+1","floor":39},{"not_picked":["Inflame","Searing Blow","Sword Boomerang"],"picked":"SKIP","floor":41},{"not_picked":["Barricade","Searing Blow+1","Shrug It Off"],"picked":"SKIP","floor":42},{"not_picked":["Sever Soul","Thunderclap+1"],"picked":"Sword Boomerang","floor":47},{"not_picked":["Metallicize","Iron Wave"],"picked":"True Grit+1","floor":48},{"not_picked":["Searing Blow+1","Twin Strike"],"picked":"Flame Barrier","floor":55}],"player_experience":10456689,"relics_obtained":[{"floor":6,"key":"PreservedInsect"},{"floor":8,"key":"Unceasing Top"},{"floor":9,"key":"Gremlin Horn"},{"floor":11,"key":"Pocketwatch"},{"floor":13,"key":"Paper Frog"},{"floor":19,"key":"Enchiridion"},{"floor":24,"key":"Tiny Chest"},{"floor":26,"key":"Lantern"},{"floor":29,"key":"MealTicket"},{"floor":34,"key":"Bag of Preparation"},{"floor":34,"key":"Matryoshka"},{"floor":34,"key":"Shovel"},{"floor":42,"key":"Peace Pipe"},{"floor":43,"key":"Nunchaku"},{"floor":46,"key":"Ice Cream"},{"floor":47,"key":"Darkstone Periapt"},{"floor":53,"key":"Self Forming Clay"},{"floor":55,"key":"Bottled Lightning"}],"event_choices":[{"damage_healed":0,"gold_gain":0,"player_choice":"Lose Max HP","damage_taken":0,"relics_obtained":["Golden Idol"],"max_hp_gain":0,"max_hp_loss":8,"event_name":"Golden Idol","floor":4,"gold_loss":0},{"damage_healed":0,"gold_gain":0,"player_choice":"Rummage","damage_taken":0,"relics_obtained":["WarpedTongs"],"max_hp_gain":0,"max_hp_loss":0,"event_name":"Accursed Blacksmith","floor":5,"gold_loss":0,"cards_obtained":["Pain"]},{"damage_healed":0,"gold_gain":0,"player_choice":"Obtained Book","damage_taken":21,"max_hp_gain":0,"max_hp_loss":0,"event_name":"Cursed Tome","floor":19,"gold_loss":0},{"damage_healed":0,"gold_gain":0,"player_choice":"Bought 3 Potions","damage_taken":0,"max_hp_gain":0,"max_hp_loss":0,"event_name":"The Woman in Blue","floor":31,"gold_loss":0},{"damage_healed":0,"gold_gain":0,"player_choice":"Ignored","damage_taken":0,"max_hp_gain":0,"max_hp_loss":0,"event_name":"Mysterious Sphere","floor":44,"gold_loss":0},{"damage_healed":0,"gold_gain":0,"player_choice":"Fight","damage_taken":0,"max_hp_gain":0,"max_hp_loss":0,"event_name":"MindBloom","floor":46,"gold_loss":0}],"is_beta":true,"boss_relics":[{"not_picked":["Astrolabe","Ectoplasm"],"picked":"Philosopher\u0027s Stone"},{"not_picked":["Busted Crown","Tiny House"],"picked":"Calling Bell"}],"items_purged_floors":[14,38,54],"is_endless":false,"potions_floor_spawned":[1,2,6,13,24,27,29,30,35,36,42,47,48,55],"killed_by":"The Heart","ascension_level":20}}