{"host":"iv8ljmz7si0xetfh","time":1612781147,"event":{"mods":["100% Spire Juice","BaseMod","Bestiary","Better Note","Colored Map","Colored Powertips","Dark Map","DeckTracker","Displayed Cursed Tome","Downfall","Highlight Path","Minty Spire (QoL Compilation)","Prisma Mod","Rare Cards Sparkle","Relic Stats","StSLib","The Alterego","Unceasing Turn Reminder"],"gold_per_floor":[111,111,111,111,111,111,111,111,111,124,124,124,124,134,134,233,233,244,244,244,244,261,261,288,288,288,306,666,666,695,182,182,182,182],"floor_reached":33,"language":"ENG","playtime":1872,"items_purged":[],"score":572,"play_id":"7f68e905-dbc4-4eac-803e-08e743769773","local_time":"20210208104547","daily_mods":["Draft","Hoarder","Heirloom","Time Dilation","Flight"],"is_ascension_mode":false,"campfire_choices":[{"data":"PrismaMod:ChloeRitsuka","floor":6,"key":"SMITH"},{"data":"PrismaMod:ChloeRitsuka","floor":7,"key":"SMITH"},{"data":"PrismaMod:ChloeEyeOfTheEuryale","floor":8,"key":"SMITH"},{"data":"PrismaMod:ChloeEyeOfTheEuryale","floor":12,"key":"SMITH"},{"data":"PrismaMod:ChloeEyeOfTheEuryale","floor":13,"key":"SMITH"},{"data":"PrismaMod:ChloeRhongomyniad","floor":15,"key":"SMITH"},{"data":"PrismaMod:ChloeAnyPowerTrace","floor":23,"key":"SMITH"},{"data":"PrismaMod:ChloeAnyPowerTrace","floor":29,"key":"SMITH"},{"data":"PrismaMod:ChloeAnyRareTrace","floor":32,"key":"SMITH"}],"circlet_count":0,"master_deck":["PrismaMod:ChloeCheapAttack","PrismaMod:ChloeCheapAttack","PrismaMod:ChloeCheapAttack+1","PrismaMod:ChloeCheapAttackTwo","PrismaMod:ChloeCheapAttackTwo","PrismaMod:ChloeCheapAttackTwo","PrismaMod:ChloeEyeOfTheEuryale+1","PrismaMod:ChloeEyeOfTheEuryale+1","PrismaMod:ChloeEyeOfTheEuryale+1","PrismaMod:ChloeRitsuka+1","PrismaMod:ChloeRitsuka+1","PrismaMod:ChloeCheapDefend","PrismaMod:ChloeCheapDefend","PrismaMod:ChloeCheapDefend+1","PrismaMod:ChloeRhongomyniad+1","PrismaMod:ChloeCheapDefend","PrismaMod:ChloeCheapDefend","PrismaMod:ChloeCheapDefend","PrismaMod:ChloeCheapDefendTwo","PrismaMod:ChloeCheapDefendTwo","PrismaMod:ChloeCheapDefendTwo","PrismaMod:ChloeCheapDefend","PrismaMod:ChloeCheapDefend","PrismaMod:ChloeCheapDefend","PrismaMod:ChloeCheapDefendTwo","PrismaMod:ChloeCheapDefendTwo","PrismaMod:ChloeCheapDefendTwo","PrismaMod:ChloeCheapAttackTwo","PrismaMod:ChloeCheapAttackTwo","PrismaMod:ChloeCheapAttackTwo","PrismaMod:ChloeCaladbolg","PrismaMod:ChloeCaladbolg","PrismaMod:ChloeCaladbolg","PrismaMod:ChloeRuleBreaker","PrismaMod:ChloeRuleBreaker","PrismaMod:ChloeCheapAttack","PrismaMod:ChloeCheapAttack","PrismaMod:ChloeCheapAttack","PrismaMod:ChloeCheapAttack","PrismaMod:ChloeCheapAttack","PrismaMod:ChloeCheapAttack","PrismaMod:ChloeCheapDefend","PrismaMod:ChloeCheapDefend","PrismaMod:ChloeCheapDefend","PrismaMod:ChloeRhongomyniad","PrismaMod:ChloeRhongomyniad","PrismaMod:ChloeRhongomyniad","PrismaMod:ChloeExcalibur","PrismaMod:ChloeExcalibur","PrismaMod:ChloeExcalibur","PrismaMod:ChloeAnyPowerTrace+1","PrismaMod:ChloeAnyPowerTrace+1","PrismaMod:ChloeCheapDefend+1","PrismaMod:ChloeCheapDefend+1","PrismaMod:ChloeCheapDefend+1","PrismaMod:ChloeCheapAttack+1","PrismaMod:ChloeCheapAttack+1","PrismaMod:ChloeCheapAttack+1","PrismaMod:ChloeAnyRareTrace+1","PrismaMod:ChloeAnyRareTrace","PrismaMod:ChloeAnyRareTrace"],"relics":["PrismaMod:PrismaTraceOn","Dead Branch","Pear","Potion Belt","Empty Cage","Bag of Preparation","Slimebound:StickyStick","TungstenRod","Membership Card","Guardian:GemstoneGun","Meat on the Bone"],"acts_visited":["Exordium","TheCity"],"potions_floor_usage":[30,33],"damage_taken":[{"damage":0.0,"enemies":"Cultist","floor":1.0,"turns":5.0},{"damage":0,"enemies":"Small Slimes","floor":10,"turns":2},{"damage":0,"enemies":"Jaw Worm","floor":14,"turns":1},{"damage":3,"enemies":"The Guardian","floor":16,"turns":8},{"damage":0,"enemies":"Spheric Guardian","floor":18,"turns":4},{"damage":4,"enemies":"3 Byrds","floor":22,"turns":3},{"damage":0,"enemies":"Sentry and Sphere","floor":27,"turns":2},{"damage":0,"enemies":"Gremlin Leader","floor":30,"turns":4},{"damage":66,"enemies":"Automaton","floor":33,"turns":10}],"seed_played":"1066118283588182088","potions_obtained":[{"floor":16,"key":"LiquidBronze"},{"floor":18,"key":"BlessingOfTheForge"},{"floor":22,"key":"Slimebound:ThreeZeroPotion"}],"is_trial":true,"path_per_floor":["M","?","?","T","?","R","R","R","T","M","?","R","R","M","R","B",null,"M","$","$","?","M","R","T","?","T","M","?","R","E","$","R","B"],"character_chosen":"CHLOE","items_purchased":["Membership Card","Guardian:GemstoneGun","PrismaMod:ChloeAnyRareTrace","Meat on the Bone"],"campfire_rested":0,"item_purchase_floors":[31,31,31,31],"current_hp_per_floor":[75,75,60,70,70,70,70,70,70,70,70,70,70,70,70,67,85,85,85,85,85,81,81,81,95,95,95,59,59,59,59,59,0,0],"gold":182,"neow_bonus":"","is_daily":false,"chose_seed":false,"campfire_upgraded":9,"win_rate":0.0,"timestamp":1612781147,"path_taken":["M","?","?","?","?","R","R","R","T","?","?","R","R","?","R","BOSS","M","$","$","?","M","R","?","?","T","?","?","R","E","$","R","BOSS"],"items_purchased_type":["Relic","Relic","Card","Relic"],"build_version":"2020-12-22","purchased_purges":0,"victory":false,"max_hp_per_floor":[75,75,75,85,85,85,85,85,85,85,85,85,85,85,85,85,85,85,85,85,85,85,85,85,95,95,95,95,95,95,95,95,95,95],"relic_stats":{"counters":[9,39],"Dead Branch":[43],"Bag of Preparation":[6],"obtain_stats":[{"Potion Belt":9,"Pear":4,"Slimebound:StickyStick":26,"Dead Branch":0,"Guardian:GemstoneGun":31,"Bag of Preparation":24,"Membership Card":31,"Empty Cage":17,"PrismaMod:PrismaTraceOn":0,"TungstenRod":30,"Meat on the Bone":31},{"Potion Belt":1,"Pear":1,"Slimebound:StickyStick":6,"Dead Branch":0,"Guardian:GemstoneGun":8,"Bag of Preparation":6,"Membership Card":8,"Empty Cage":4,"PrismaMod:PrismaTraceOn":0,"TungstenRod":8,"Meat on the Bone":8},{"Potion Belt":5,"Pear":5,"Slimebound:StickyStick":23,"Dead Branch":0,"Guardian:GemstoneGun":29,"Bag of Preparation":23,"Membership Card":29,"Empty Cage":16,"PrismaMod:PrismaTraceOn":0,"TungstenRod":29,"Meat on the Bone":29}],"TungstenRod":6,"Meat on the Bone":0},"card_choices":[{"not_picked":["PrismaMod:ChloeCommonAOEAttack","PrismaMod:ChloeDiscardRecovery"],"picked":"PrismaMod:ChloeCheapAttack","floor":0.0},{"not_picked":["PrismaMod:ChloeDiscardRecovery","PrismaMod:ChloeUncommonAttack"],"picked":"PrismaMod:ChloeCheapAttackTwo","floor":0.0},{"not_picked":["PrismaMod:ChloeCheapAttack","PrismaMod:ChloeBetterTracePools"],"picked":"PrismaMod:ChloeEyeOfTheEuryale","floor":0.0},{"not_picked":["PrismaMod:ChloeDiscardRecovery","PrismaMod:ChloeExhaustOne"],"picked":"PrismaMod:ChloeRitsuka","floor":0.0},{"not_picked":["PrismaMod:ChloeCommonAOEAttack","PrismaMod:ChloeDemonicTutor"],"picked":"PrismaMod:ChloeCheapDefend","floor":0.0},{"not_picked":["PrismaMod:ChloeDiscardRecovery","PrismaMod:ChloeChristmas"],"picked":"PrismaMod:ChloeRhongomyniad","floor":0.0},{"not_picked":["PrismaMod:ChloeCheapAttackTwo","PrismaMod:ChloeDiscardRecovery"],"picked":"PrismaMod:ChloeCheapDefend","floor":0.0},{"not_picked":["PrismaMod:ChloeDiscardRecovery","PrismaMod:ChloeRitsuka"],"picked":"PrismaMod:ChloeCheapDefendTwo","floor":0.0},{"not_picked":["PrismaMod:ChloeExhaustOne","PrismaMod:ChloeDiscardRecovery"],"picked":"PrismaMod:ChloeCheapDefend","floor":0.0},{"not_picked":["PrismaMod:ChloeRitsuka","PrismaMod:ChloeRhongomyniad"],"picked":"PrismaMod:ChloeCheapDefendTwo","floor":0.0},{"not_picked":["PrismaMod:ChloeRitsuka","PrismaMod:ChloeCheapDefend"],"picked":"PrismaMod:ChloeCheapAttackTwo","floor":0.0},{"not_picked":["PrismaMod:ChloeCheapAttackTwo","PrismaMod:ChloeExhaustOne"],"picked":"PrismaMod:ChloeCaladbolg","floor":0.0},{"not_picked":["PrismaMod:ChloeCheapAttackTwo","PrismaMod:ChloeDiscardRecovery"],"picked":"PrismaMod:ChloeRuleBreaker","floor":0.0},{"not_picked":["PrismaMod:ChloeRuleBreaker","PrismaMod:ChloeDiscardRecovery"],"picked":"PrismaMod:ChloeCheapAttack","floor":0.0},{"not_picked":["PrismaMod:ChloeDiscardRecovery","PrismaMod:ChloeExhaustOne"],"picked":"PrismaMod:ChloeCheapAttack","floor":0.0},{"not_picked":["PrismaMod:ChloeDiscardRecovery","PrismaMod:ChloeRuleBreaker","PrismaMod:ChloeCheapDefend"],"picked":"SKIP","floor":1.0},{"not_picked":["PrismaMod:ChloeDiscardRecovery","PrismaMod:ChloeRuleBreaker","PrismaMod:ChloeCheapDefend"],"picked":"SKIP","floor":1.0},{"not_picked":["PrismaMod:ChloeDiscardRecovery","PrismaMod:ChloeCheapDefend"],"picked":"PrismaMod:ChloeExcalibur","floor":10},{"not_picked":["PrismaMod:ChloeCheapDefend","PrismaMod:ChloeCommonAOEAttack","PrismaMod:ChloeCheapAttackTwo"],"picked":"SKIP","floor":14},{"not_picked":["PrismaMod:ChloeDevil","PrismaMod:ChloeDoubleRelicSpeed"],"picked":"PrismaMod:ChloeAnyPowerTrace","floor":16},{"not_picked":["PrismaMod:ChloeEyeOfTheEuryale","PrismaMod:ChloeDemonicTutor+1"],"picked":"PrismaMod:ChloeCheapDefend+1","floor":18},{"not_picked":["PrismaMod:ChloeCheapDefend","PrismaMod:ChloeExhaustOne","PrismaMod:ChloeCheapAttack"],"picked":"SKIP","floor":22},{"not_picked":["PrismaMod:ChloeCommonAOEAttack","PrismaMod:ChloeCheapDefend+1"],"picked":"PrismaMod:ChloeCheapAttack+1","floor":27},{"not_picked":["PrismaMod:ChloeCheapDefend","PrismaMod:ChloeUncommonDefend","PrismaMod:ChloeExhaustOne"],"picked":"SKIP","floor":30}],"player_experience":395366,"relics_obtained":[{"floor":4,"key":"Pear"},{"floor":9,"key":"Potion Belt"},{"floor":24,"key":"Bag of Preparation"},{"floor":26,"key":"Slimebound:StickyStick"},{"floor":30,"key":"TungstenRod"}],"event_choices":[{"damage_healed":0,"gold_gain":0,"cards_transformed":["PrismaMod:ChloeRitsuka"],"player_choice":"Change","damage_taken":0,"max_hp_gain":0,"max_hp_loss":0,"event_name":"Living Wall","floor":2,"gold_loss":0,"cards_obtained":["PrismaMod:ChloeCheapDefend"]},{"damage_healed":0,"gold_gain":0,"player_choice":"Entered Light","damage_taken":15,"max_hp_gain":0,"max_hp_loss":0,"event_name":"Shining Light","floor":3,"gold_loss":0,"cards_upgraded":["PrismaMod:ChloeCheapAttack","PrismaMod:ChloeCheapDefend"]},{"damage_healed":0,"gold_gain":0,"player_choice":"1 cards matched","damage_taken":0,"max_hp_gain":0,"max_hp_loss":0,"event_name":"Match and Keep!","floor":5,"gold_loss":0,"cards_obtained":["PrismaMod:ChloeRhongomyniad"]},{"cards_removed":["PrismaMod:ChloeRuleBreaker"],"damage_healed":0,"gold_gain":0,"player_choice":"Give","damage_taken":0,"max_hp_gain":0,"max_hp_loss":0,"event_name":"betterNote:BetterNote","floor":11,"gold_loss":0,"cards_obtained":["sneckomod:SoulCleanse"]},{"cards_removed":["PrismaMod:ChloeRuleBreaker"],"damage_healed":0,"gold_gain":0,"player_choice":"Elegance","damage_taken":0,"max_hp_gain":0,"max_hp_loss":0,"event_name":"Back to Basics","floor":21,"gold_loss":0},{"cards_removed":["PrismaMod:ChloeAnyPowerTrace"],"damage_healed":4,"gold_gain":0,"player_choice":"Offered Rare","damage_taken":0,"max_hp_gain":10,"max_hp_loss":0,"event_name":"Bonfire Elementals","floor":25,"gold_loss":0},{"damage_healed":0,"gold_gain":360,"player_choice":"GOLD GOLD GOLD GOLD ","damage_taken":36,"max_hp_gain":0,"max_hp_loss":0,"event_name":"Knowing Skull","floor":28,"potions_obtained":[],"gold_loss":0,"cards_obtained":[]}],"is_beta":false,"boss_relics":[{"not_picked":["Black Star","SacredBark"],"picked":"Empty Cage"}],"items_purged_floors":[],"is_endless":true,"potions_floor_spawned":[16,18,22],"killed_by":"Automaton","ascension_level":0}}