{"host":"axuns55dzq466eei","time":1612777488,"event":{"mods":["BaseMod","Colored Map","Keyboard Shortcuts","Minty Spire (QoL Compilation)","StSLib","SuperFastMode"],"gold_per_floor":[116,130,55,55,55,55,85,103,180,196,196,223,223,238,238,309,309,324,335,346,84,134,148,148,186,186,186,200,210,210,260,260,260,260],"floor_reached":33,"language":"KOR","playtime":804,"items_purged":["Strike_R","Strike_R+1"],"score":704,"play_id":"d45bb9ec-c01f-4491-b35d-08cb6b990a71","local_time":"20210208184448","is_ascension_mode":true,"campfire_choices":[{"data":"Pommel Strike","floor":6,"key":"SMITH"},{"data":"Flex","floor":11,"key":"SMITH"},{"data":"Fire Breathing","floor":13,"key":"SMITH"},{"data":"Sword Boomerang","floor":15,"key":"SMITH"},{"floor":24,"key":"REST"},{"data":"Shrug It Off","floor":27,"key":"SMITH"},{"data":"Entrench","floor":30,"key":"SMITH"},{"floor":32,"key":"REST"}],"circlet_count":0,"master_deck":["AscendersBane","Defend_R","Defend_R","Defend_R","Bash+1","Sword Boomerang+1","Pommel Strike+1","Flex+1","Headbutt","Fire Breathing+1","Disarm","Offering","Pommel Strike+1","Cleave+1","Barricade+1","Shrug It Off+1","Wild Strike","Entrench+1"],"relics":["Burning Blood","NeowsBlessing","Whetstone","HornCleat","Mercury Hourglass","Astrolabe","Vajra","CeramicFish"],"acts_visited":["Exordium","TheCity"],"potions_floor_usage":[12,33,33],"damage_taken":[{"damage":0,"enemies":"Small Slimes","floor":1,"turns":1},{"damage":0,"enemies":"Cultist","floor":2,"turns":1},{"damage":0,"enemies":"3 Sentries","floor":7,"turns":1},{"damage":0,"enemies":"2 Louse","floor":8,"turns":2},{"damage":0,"enemies":"2 Fungi Beasts","floor":10,"turns":3},{"damage":15,"enemies":"Lagavulin","floor":12,"turns":4},{"damage":6,"enemies":"Looter","floor":14,"turns":2},{"damage":0,"enemies":"Slime Boss","floor":16,"turns":5},{"damage":23,"enemies":"Chosen","floor":18,"turns":4},{"damage":22,"enemies":"Shell Parasite","floor":19,"turns":3},{"damage":25,"enemies":"Centurion and Healer","floor":20,"turns":6},{"damage":11,"enemies":"Snake Plant","floor":23,"turns":4},{"damage":9,"enemies":"Gremlin Leader","floor":25,"turns":4},{"damage":6,"enemies":"Sentry and Sphere","floor":28,"turns":5},{"damage":13,"enemies":"Centurion and Healer","floor":29,"turns":6},{"damage":78,"enemies":"Automaton","floor":33,"turns":10}],"seed_played":"-9003675052904888140","potions_obtained":[{"floor":7,"key":"SkillPotion"},{"floor":10,"key":"BloodPotion"},{"floor":14,"key":"Explosive Potion"}],"is_trial":false,"path_per_floor":["M","M","$","?","?","R","E","M","T","M","R","E","R","M","R","B",null,"M","M","M","$","?","M","R","E","T","R","M","M","R","?","R","B"],"character_chosen":"IRONCLAD","items_purchased":["Vajra"],"campfire_rested":2,"item_purchase_floors":[21],"current_hp_per_floor":[74,75,75,75,75,75,75,75,75,75,75,66,66,66,66,72,74,57,41,22,22,22,17,39,36,36,36,36,29,29,29,51,0,0],"gold":260,"neow_bonus":"THREE_ENEMY_KILL","is_daily":false,"chose_seed":false,"campfire_upgraded":6,"win_rate":0.0,"timestamp":1612777488,"path_taken":["M","M","$","?","?","R","E","M","T","M","R","E","R","M","R","BOSS","M","M","?","$","?","?","R","E","T","R","M","M","R","?","R","BOSS"],"items_purchased_type":["Relic"],"build_version":"2020-12-22","purchased_purges":2,"victory":false,"max_hp_per_floor":[75,75,75,75,75,75,75,75,75,75,75,75,75,75,75,75,75,75,75,75,75,75,75,75,75,75,75,75,75,75,75,75,75,75],"card_choices":[{"not_picked":["Armaments","Cleave"],"picked":"Sword Boomerang","floor":1},{"not_picked":["Flame Barrier","Metallicize"],"picked":"Pommel Strike","floor":2},{"not_picked":["Sword Boomerang","Intimidate","Body Slam"],"picked":"SKIP","floor":7},{"not_picked":["Headbutt","Body Slam"],"picked":"Flex","floor":8},{"not_picked":["Rampage","Perfected Strike"],"picked":"Headbutt","floor":10},{"not_picked":["Combust","Impervious"],"picked":"Fire Breathing","floor":12},{"not_picked":["Headbutt","Flex"],"picked":"Disarm","floor":14},{"not_picked":["Feed","Barricade"],"picked":"Offering","floor":16},{"not_picked":["Cleave","Warcry","Fire Breathing"],"picked":"SKIP","floor":18},{"not_picked":["Shockwave","Thunderclap"],"picked":"Shrug It Off","floor":19},{"not_picked":["Sword Boomerang","Searing Blow","Wild Strike"],"picked":"SKIP","floor":20},{"not_picked":["Sword Boomerang","Searing Blow"],"picked":"Wild Strike","floor":20},{"not_picked":["Anger","Rupture","Immolate"],"picked":"SKIP","floor":23},{"not_picked":["Flame Barrier","Bloodletting+1"],"picked":"Entrench","floor":25},{"not_picked":["Battle Trance","Entrench","Sword Boomerang"],"picked":"SKIP","floor":28},{"not_picked":["Iron Wave","Clash","Warcry"],"picked":"SKIP","floor":29}],"player_experience":1114031,"relics_obtained":[{"floor":7,"key":"Whetstone"},{"floor":9,"key":"HornCleat"},{"floor":12,"key":"Mercury Hourglass"},{"floor":25,"key":"CeramicFish"}],"event_choices":[{"damage_healed":0,"gold_gain":0,"player_choice":"Leave","damage_taken":0,"max_hp_gain":0,"max_hp_loss":0,"event_name":"The Cleric","floor":4,"gold_loss":0},{"cards_removed":["Strike_R"],"damage_healed":0,"gold_gain":0,"player_choice":"Purged","damage_taken":0,"max_hp_gain":0,"max_hp_loss":0,"event_name":"Purifier","floor":5,"gold_loss":0},{"damage_healed":0,"gold_gain":50,"player_choice":"Pray","damage_taken":0,"max_hp_gain":0,"max_hp_loss":0,"event_name":"Golden Shrine","floor":22,"gold_loss":0},{"damage_healed":0,"gold_gain":50,"player_choice":"Stole From Cult","damage_taken":0,"max_hp_gain":0,"max_hp_loss":0,"event_name":"Nest","floor":31,"gold_loss":0}],"is_beta":false,"boss_relics":[{"not_picked":["Philosopher\u0027s Stone","Busted Crown"],"picked":"Astrolabe"}],"items_purged_floors":[3,21],"is_endless":false,"potions_floor_spawned":[7,10,14,19,20,23],"killed_by":"Automaton","ascension_level":20}}