{"host":"dpbezu80jg8zk7un","time":1612800805,"event":{"mods":["BaseMod","Colored Map","Colored Powertips","Custom Start","DeckTracker","Minty Spire (QoL Compilation)","Quick Restart","StSLib","SuperFastMode"],"gold_per_floor":[113,124,135,152,164,164,195,209,262,294,294,304,338,354,354,354,354],"floor_reached":16,"language":"KOR","playtime":520,"items_purged":[],"score":302,"play_id":"e3726a76-bda0-490a-aae2-2df13d305e49","local_time":"20210209011325","is_ascension_mode":true,"campfire_choices":[{"data":"Eruption","floor":6.0,"key":"SMITH"},{"floor":11.0,"key":"REST"},{"data":"CrushJoints","floor":15,"key":"SMITH"}],"circlet_count":0,"master_deck":["AscendersBane","Strike_P","Strike_P","Strike_P","Strike_P","Defend_P","Defend_P","Defend_P","Defend_P","Eruption+1","Vigilance","FlurryOfBlows","CrushJoints+1","EmptyFist","Halt","Conclude"],"relics":["Philosopher\u0027s Stone","Blue Candle","Blood Vial","HornCleat","Question Card"],"acts_visited":["Exordium"],"potions_floor_usage":[16],"damage_taken":[{"damage":0.0,"enemies":"Cultist","floor":1.0,"turns":4.0},{"damage":0.0,"enemies":"Small Slimes","floor":2.0,"turns":4.0},{"damage":0.0,"enemies":"2 Louse","floor":3.0,"turns":2.0},{"damage":12.0,"enemies":"Lots of Slimes","floor":4.0,"turns":4.0},{"damage":12.0,"enemies":"Large Slime","floor":5.0,"turns":4.0},{"damage":25.0,"enemies":"3 Sentries","floor":7.0,"turns":7.0},{"damage":2.0,"enemies":"2 Fungi Beasts","floor":8.0,"turns":3.0},{"damage":8.0,"enemies":"Lagavulin","floor":10.0,"turns":4.0},{"damage":0.0,"enemies":"3 Louse","floor":12.0,"turns":3.0},{"damage":0,"enemies":"Gremlin Nob","floor":13,"turns":3},{"damage":16,"enemies":"Blue Slaver","floor":14,"turns":2},{"damage":16,"enemies":"Slime Boss","floor":16,"turns":4}],"seed_played":"4475813399133456234","potions_obtained":[{"floor":1.0,"key":"SmokeBomb"},{"floor":4.0,"key":"DistilledChaos"},{"floor":5.0,"key":"EssenceOfSteel"},{"floor":7.0,"key":"SkillPotion"},{"floor":8.0,"key":"Dexterity Potion"}],"is_trial":false,"path_per_floor":["M","M","M","M","M","R","E","M","T","E","R","M","E","M","R","B"],"character_chosen":"WATCHER","items_purchased":[],"campfire_rested":1,"item_purchase_floors":[],"current_hp_per_floor":[61,61,61,49,37,37,12,10,10,4,24,26,28,14,14,0,0],"gold":354,"neow_bonus":"BOSS_RELIC","is_daily":false,"chose_seed":false,"campfire_upgraded":2,"win_rate":0.0,"timestamp":1612800805,"path_taken":["M","M","?","M","M","R","E","M","T","E","R","M","E","M","R","BOSS"],"items_purchased_type":[],"build_version":"2020-12-22","purchased_purges":0,"victory":false,"max_hp_per_floor":[68,68,68,68,68,68,68,68,68,68,68,68,68,68,68,68,68],"card_choices":[{"not_picked":["Study","ThirdEye"],"picked":"FlurryOfBlows","floor":1.0},{"not_picked":["SignatureMove","Evaluate"],"picked":"CrushJoints","floor":2.0},{"not_picked":["FollowUp","FlurryOfBlows"],"picked":"EmptyFist","floor":3.0},{"not_picked":["Judgement","BattleHymn","FlyingSleeves"],"picked":"SKIP","floor":4.0},{"not_picked":["SashWhip","FlurryOfBlows","LikeWater"],"picked":"SKIP","floor":5.0},{"not_picked":["EmptyBody","JustLucky"],"picked":"Halt","floor":7.0},{"not_picked":["Consecrate","EmptyFist","WindmillStrike"],"picked":"SKIP","floor":8.0},{"not_picked":["WindmillStrike","CutThroughFate","Swivel"],"picked":"SKIP","floor":10.0},{"not_picked":["CrushJoints","LikeWater","FlurryOfBlows"],"picked":"SKIP","floor":12.0},{"not_picked":["BowlingBash","ClearTheMind"],"picked":"Conclude","floor":13},{"not_picked":["CrushJoints","Indignation","EmptyFist","Crescendo"],"picked":"SKIP","floor":14}],"player_experience":2952121,"relics_obtained":[{"floor":7.0,"key":"Blue Candle"},{"floor":9.0,"key":"Blood Vial"},{"floor":10.0,"key":"HornCleat"},{"floor":13,"key":"Question Card"}],"event_choices":[],"is_beta":false,"boss_relics":[],"items_purged_floors":[],"is_endless":false,"potions_floor_spawned":[1,4,5,7,8],"killed_by":"Slime Boss","ascension_level":20}}