{"host":"rw1trt79hfpl7pom","time":1612747977,"event":{"mods":["BaseMod","Bestiary","Colored Map","Minty Spire (QoL Compilation)","Relic Stats","StSLib","SuperFastMode"],"gold_per_floor":[115,13,25,36,56,71,98,98,98,110,141,141,168,187,187,265,265,276,160,173,173,98,129,129,44,44,76,76,96,113,141,141,219,219,239,239,289,300,317,342,367,398,398,428,442,12,38,57,57,57,57,57,57,0,28,28],"floor_reached":57,"language":"ENG","playtime":5399,"items_purged":["Strike_P","Strike_P"],"score":3704,"play_id":"dcdcbe97-bd3f-42a0-823b-34aecea15993","local_time":"20210207173257","is_ascension_mode":true,"campfire_choices":[{"data":"Wallop","floor":8.0,"key":"SMITH"},{"data":"WaveOfTheHand","floor":15.0,"key":"SMITH"},{"floor":24.0,"key":"RECALL"},{"floor":32.0,"key":"REST"},{"floor":49.0,"key":"REST"},{"floor":53,"key":"REST"}],"circlet_count":0,"master_deck":["AscendersBane","Strike_P","Defend_P","Defend_P","Defend_P","Defend_P+1","Eruption","Vigilance","Wallop+1","SignatureMove+1","Crescendo","Wallop","Halt","Crescendo","WaveOfTheHand+1","CrushJoints","MentalFortress","DevaForm","ThirdEye","Wireheading","Meditate","Ghostly","Ghostly","Ghostly","CutThroughFate","Omniscience","MentalFortress","Meditate","Omniscience","ThirdEye+1","Apotheosis","WheelKick","Swivel"],"relics":["Velvet Choker","InkBottle","Ice Cream","Unceasing Top","CaptainsWheel","Fusion Hammer","Damaru","Pantograph","Thread and Needle","Snecko Eye","FossilizedHelix","StrikeDummy","Du-Vu Doll","Letter Opener","Yang","Darkstone Periapt","Ginger","Sundial"],"acts_visited":["Exordium","TheCity","TheBeyond","TheEnding"],"potions_floor_usage":[51,56,56],"damage_taken":[{"damage":2.0,"enemies":"Cultist","floor":1.0,"turns":4.0},{"damage":0.0,"enemies":"Jaw Worm","floor":3.0,"turns":3.0},{"damage":0.0,"enemies":"2 Louse","floor":4.0,"turns":3.0},{"damage":0.0,"enemies":"Blue Slaver","floor":5.0,"turns":2.0},{"damage":4.0,"enemies":"Gremlin Gang","floor":6.0,"turns":4.0},{"damage":0.0,"enemies":"Gremlin Nob","floor":7.0,"turns":2.0},{"damage":0.0,"enemies":"2 Fungi Beasts","floor":10.0,"turns":4.0},{"damage":0.0,"enemies":"3 Sentries","floor":11.0,"turns":4.0},{"damage":0.0,"enemies":"Lagavulin","floor":13.0,"turns":4.0},{"damage":0.0,"enemies":"Blue Slaver","floor":14.0,"turns":2.0},{"damage":9.0,"enemies":"The Guardian","floor":16.0,"turns":8.0},{"damage":1.0,"enemies":"2 Thieves","floor":18.0,"turns":3.0},{"damage":0.0,"enemies":"Shell Parasite","floor":20.0,"turns":1.0},{"damage":2.0,"enemies":"Book of Stabbing","floor":23.0,"turns":6.0},{"damage":0.0,"enemies":"Gremlin Leader","floor":27.0,"turns":4.0},{"damage":0.0,"enemies":"Snecko","floor":29.0,"turns":3.0},{"damage":6.0,"enemies":"Sentry and Sphere","floor":30.0,"turns":3.0},{"damage":2.0,"enemies":"Slavers","floor":31.0,"turns":8.0},{"damage":12.0,"enemies":"Champ","floor":33.0,"turns":11.0},{"damage":0.0,"enemies":"3 Shapes","floor":35.0,"turns":4.0},{"damage":0.0,"enemies":"2 Orb Walkers","floor":37.0,"turns":4.0},{"damage":0.0,"enemies":"3 Darklings","floor":38.0,"turns":6.0},{"damage":0.0,"enemies":"Sphere and 2 Shapes","floor":39.0,"turns":5.0},{"damage":0.0,"enemies":"Reptomancer","floor":40.0,"turns":5.0},{"damage":0.0,"enemies":"Mind Bloom Boss Battle","floor":41.0,"turns":5.0},{"damage":0.0,"enemies":"Nemesis","floor":42.0,"turns":5.0},{"damage":0.0,"enemies":"Giant Head","floor":44.0,"turns":6.0},{"damage":2.0,"enemies":"4 Shapes","floor":45.0,"turns":7.0},{"damage":0.0,"enemies":"Reptomancer","floor":47.0,"turns":5.0},{"damage":0.0,"enemies":"Jaw Worm Horde","floor":48.0,"turns":5.0},{"damage":0.0,"enemies":"Donu and Deca","floor":50.0,"turns":9.0},{"damage":0,"enemies":"Awakened One","floor":51,"turns":10},{"damage":0,"enemies":"Shield and Spear","floor":55,"turns":11},{"damage":0,"enemies":"The Heart","floor":56,"turns":12}],"seed_played":"-1532691277017770800","potions_obtained":[{"floor":1.0,"key":"EssenceOfSteel"},{"floor":6.0,"key":"Block Potion"},{"floor":10.0,"key":"Explosive Potion"},{"floor":11.0,"key":"FearPotion"},{"floor":18.0,"key":"SkillPotion"},{"floor":29.0,"key":"SkillPotion"},{"floor":31.0,"key":"Ancient Potion"},{"floor":33.0,"key":"PowerPotion"},{"floor":35.0,"key":"LiquidMemories"},{"floor":42.0,"key":"Fruit Juice"},{"floor":44.0,"key":"BlessingOfTheForge"}],"is_trial":false,"path_per_floor":["M","$","M","M","M","M","E","R","T","M","E","?","E","M","R","B",null,"M","$","M","?","?","E","R","?","T","E","?","M","M","E","R","B",null,"M","?","?","M","M","E","?","E","T","E","M","$","E","M","R","B","B",null,"R","$","E","B",null],"character_chosen":"WATCHER","items_purchased":["SignatureMove","Crescendo","Wireheading","Apotheosis","WheelKick","Swivel","Strength Potion"],"campfire_rested":3,"item_purchase_floors":[2,2,19,46,46,46,54],"current_hp_per_floor":[59,59,59,59,59,55,55,55,55,55,55,35,35,35,35,26,58,57,57,57,34,34,32,32,32,32,32,32,32,26,24,34,22,31,31,31,31,31,31,31,32,32,32,37,35,35,35,35,37,37,37,37,37,37,37,37],"gold":28,"neow_bonus":"BOSS_RELIC","is_daily":false,"chose_seed":false,"campfire_upgraded":2,"win_rate":0.0,"timestamp":1612747977,"path_taken":["M","$","M","?","M","M","E","R","T","M","E","?","E","M","R","BOSS","M","$","M","?","?","E","R","?","T","E","?","?","?","E","R","BOSS","M","?","?","M","M","E","?","E","T","E","M","$","E","M","R","BOSS","BOSS","R","$","E","BOSS"],"items_purchased_type":["Card","Card","Card","Card","Card","Card","Potion"],"build_version":"2020-12-22","purchased_purges":2,"victory":true,"max_hp_per_floor":[68,68,68,68,68,68,68,68,68,68,68,68,68,68,68,68,68,68,68,68,34,34,34,34,34,34,34,34,34,34,34,34,34,34,34,32,32,32,32,32,32,32,32,37,37,37,37,37,37,37,37,37,37,37,37,37],"relic_stats":{"Darkstone Periapt":0,"counters":[34,178],"Sundial":[2],"Pantograph":1,"Snecko Eye":[195,180,182,163],"Yang":[126],"Letter Opener":[216],"Ginger":[2],"obtain_stats":[{"Ice Cream":9,"Darkstone Periapt":44,"Velvet Choker":0,"Damaru":25,"Thread and Needle":31,"Yang":43,"Letter Opener":42,"Ginger":47,"Du-Vu Doll":41,"CaptainsWheel":13,"Sundial":55,"Pantograph":27,"Snecko Eye":34,"Fusion Hammer":17,"PureWater":0,"StrikeDummy":40,"InkBottle":7,"Unceasing Top":11,"FossilizedHelix":37},{"Ice Cream":6,"Darkstone Periapt":27,"Velvet Choker":0,"Damaru":14,"Thread and Needle":18,"Yang":26,"Letter Opener":26,"Ginger":29,"Du-Vu Doll":25,"CaptainsWheel":9,"Sundial":33,"Pantograph":15,"Snecko Eye":19,"Fusion Hammer":11,"PureWater":0,"StrikeDummy":24,"InkBottle":6,"Unceasing Top":8,"FossilizedHelix":21},{"Ice Cream":18,"Darkstone Periapt":119,"Velvet Choker":0,"Damaru":50,"Thread and Needle":68,"Yang":113,"Letter Opener":113,"Ginger":131,"Du-Vu Doll":108,"CaptainsWheel":30,"Sundial":166,"Pantograph":54,"Snecko Eye":79,"Fusion Hammer":40,"PureWater":0,"StrikeDummy":103,"InkBottle":18,"Unceasing Top":26,"FossilizedHelix":87}],"InkBottle":[68],"Unceasing Top":[0]},"card_choices":[{"not_picked":["Nirvana","FlurryOfBlows"],"picked":"Wallop","floor":1.0},{"not_picked":["FlurryOfBlows","Prostrate"],"picked":"Wallop","floor":3.0},{"not_picked":["FlyingSleeves","Evaluate","Alpha"],"picked":"SKIP","floor":4.0},{"not_picked":["Prostrate","Vengeance"],"picked":"Halt","floor":5.0},{"not_picked":["WheelKick","BowlingBash"],"picked":"Crescendo","floor":6.0},{"not_picked":["Indignation","Crescendo","WindmillStrike"],"picked":"SKIP","floor":7.0},{"not_picked":["TalkToTheHand","Fasting2"],"picked":"WaveOfTheHand","floor":10.0},{"not_picked":["FlyingSleeves","Consecrate","DeceiveReality"],"picked":"SKIP","floor":11.0},{"not_picked":["JustLucky","Prostrate"],"picked":"CrushJoints","floor":13.0},{"not_picked":["BowlingBash","Nirvana"],"picked":"MentalFortress","floor":14.0},{"not_picked":["Brilliance","Blasphemy"],"picked":"DevaForm","floor":16.0},{"not_picked":["JustLucky","DeceiveReality"],"picked":"ThirdEye","floor":18.0},{"not_picked":["Indignation","SashWhip"],"picked":"Meditate","floor":20.0},{"not_picked":["Establishment","BattleHymn"],"picked":"CutThroughFate","floor":23.0},{"not_picked":["FlurryOfBlows","Prostrate"],"picked":"Omniscience","floor":27.0},{"not_picked":["SashWhip","ForeignInfluence"],"picked":"MentalFortress","floor":29.0},{"not_picked":["EmptyBody","Prostrate","Blasphemy"],"picked":"SKIP","floor":30.0},{"not_picked":["Wireheading","Weave"],"picked":"Meditate","floor":31.0},{"not_picked":["Establishment","Judgement"],"picked":"Omniscience","floor":33.0},{"not_picked":["Indignation","ThirdEye","Halt"],"picked":"SKIP","floor":35.0},{"not_picked":["Pray+1","WindmillStrike+1","BattleHymn"],"picked":"SKIP","floor":38.0},{"not_picked":["PathToVictory","CutThroughFate","BattleHymn"],"picked":"SKIP","floor":39.0},{"not_picked":["Brilliance","ThirdEye","SandsOfTime"],"picked":"SKIP","floor":40.0},{"not_picked":["InnerPeace","PathToVictory+1"],"picked":"ThirdEye+1","floor":42.0},{"not_picked":["WreathOfFlame","DevaForm","JustLucky"],"picked":"SKIP","floor":44.0},{"not_picked":["JustLucky","ThirdEye","BattleHymn"],"picked":"SKIP","floor":45.0},{"not_picked":["PathToVictory","Evaluate+1","BowlingBash"],"picked":"SKIP","floor":47.0},{"not_picked":["Prostrate","CutThroughFate","ThirdEye"],"picked":"SKIP","floor":48.0},{"not_picked":["Crescendo+1","BattleHymn","Swivel"],"picked":"SKIP","floor":55}],"player_experience":2631434,"relics_obtained":[{"floor":7.0,"key":"InkBottle"},{"floor":9.0,"key":"Ice Cream"},{"floor":11.0,"key":"Unceasing Top"},{"floor":13.0,"key":"CaptainsWheel"},{"floor":27.0,"key":"Pantograph"},{"floor":31.0,"key":"Thread and Needle"},{"floor":37.0,"key":"FossilizedHelix"},{"floor":40.0,"key":"StrikeDummy"},{"floor":41.0,"key":"Du-Vu Doll"},{"floor":42.0,"key":"Letter Opener"},{"floor":43.0,"key":"Yang"},{"floor":44.0,"key":"Darkstone Periapt"},{"floor":47.0,"key":"Ginger"},{"floor":55,"key":"Sundial"}],"event_choices":[{"damage_healed":0.0,"max_hp_gain":0.0,"max_hp_loss":0.0,"gold_gain":0.0,"event_name":"Shining Light","player_choice":"Entered Light","floor":12.0,"gold_loss":0.0,"damage_taken":20.0,"cards_upgraded":["SignatureMove","Defend_P"]},{"damage_healed":0.0,"max_hp_gain":0.0,"max_hp_loss":34.0,"gold_gain":0.0,"event_name":"Ghosts","player_choice":"Became a Ghost","floor":21.0,"gold_loss":0.0,"damage_taken":0.0,"cards_obtained":["Ghostly","Ghostly","Ghostly"]},{"cards_removed":["Strike_P"],"damage_healed":0.0,"max_hp_gain":0.0,"max_hp_loss":0.0,"gold_gain":0.0,"event_name":"Beggar","player_choice":"Gave Gold","floor":22.0,"gold_loss":75.0,"damage_taken":0.0},{"damage_healed":0.0,"max_hp_gain":0.0,"max_hp_loss":0.0,"gold_gain":0.0,"event_name":"Addict","player_choice":"Obtained Relic","floor":25.0,"gold_loss":85.0,"damage_taken":0.0,"relics_obtained":["Damaru"]},{"damage_healed":0.0,"max_hp_gain":0.0,"max_hp_loss":0.0,"gold_gain":0.0,"event_name":"The Mausoleum","player_choice":"Ignored","floor":28.0,"gold_loss":0.0,"damage_taken":0.0},{"damage_healed":0.0,"max_hp_gain":0.0,"max_hp_loss":2.0,"gold_gain":0.0,"event_name":"Winding Halls","player_choice":"Max HP","floor":36.0,"gold_loss":0.0,"damage_taken":0.0},{"damage_healed":0.0,"max_hp_gain":0.0,"max_hp_loss":0.0,"gold_gain":0.0,"event_name":"Mysterious Sphere","player_choice":"Fight","floor":37.0,"gold_loss":0.0,"damage_taken":0.0},{"damage_healed":0.0,"max_hp_gain":0.0,"max_hp_loss":0.0,"gold_gain":0.0,"event_name":"MindBloom","player_choice":"Fight","floor":41.0,"gold_loss":0.0,"damage_taken":0.0}],"is_beta":false,"boss_relics":[{"not_picked":["SacredBark","Ectoplasm"],"picked":"Fusion Hammer"},{"not_picked":["Empty Cage","Black Star"],"picked":"Snecko Eye"}],"items_purged_floors":[19,46],"is_endless":false,"potions_floor_spawned":[1,6,10,11,13,16,18,29,30,31,33,35,39,40,42,44,45],"ascension_level":20}}