{"host":"yfrzjlps46tkbs82","time":1612775456,"event":{"mods":["Act Like it!","Aspiration","BaseMod","BetterRewards","Dota2Spire","Gensokyo","Hubris","Lobotomy","Marisa£®ÏF”Í°°ƒß¿Ì…≥£©","Minty Spire (QoL Compilation)","MostiFishMod","Replay The Spire","StSLib","SuperFastMode","TestMod","The Alterego","[IsaacMod]“‘»ˆº‚À˛"],"gold_per_floor":[113,191,201,214,168,194,204,204,217,217,217,217,217,243,260,260,279,279,279,382,382,400,418,437,437,65,82,82,112,112,146,226,238,253,253,264,281,85,95,122,122,122,222,222,236,136,150,169,169,182,57,88,88,123,123,123,123,123,123,142,161,71,71,71,71],"floor_reached":64,"language":"ZHS","playtime":2220,"items_purged":["Strike_MRS","Strike_MRS","Defend_MRS","Defend_MRS","Defend_MRS"],"score":1174,"play_id":"2b267475-b690-4ac8-b325-6e5d85ea16b8","local_time":"20210208171056","is_ascension_mode":true,"campfire_choices":[{"data":"UltimateShortwave","floor":12,"key":"SMITH"},{"floor":16,"key":"REST"},{"data":"UltimateShortwave","floor":18,"key":"SMITH"},{"data":"EnergyFlow","floor":19,"key":"SMITH"},{"floor":30,"key":"REST"},{"floor":35,"key":"REST"},{"data":"Pot Of Greed","floor":42,"key":"SMITH"},{"data":"Pot Of Greed","floor":53,"key":"SMITH"},{"data":"UpSweep","floor":55,"key":"SMITH"},{"data":"GrandCross","floor":59,"key":"SMITH"},{"floor":63,"key":"REST"}],"circlet_count":0,"master_deck":["AscendersBane","MasterSpark","UpSweep+1","MagicAbsorber+1","GrandCross+1","UltimateShortwave+1","UltimateShortwave+1","EnergyFlow+1","Shrug It Off+1","MagicChant+1","Fire Breathing+1","Pot Of Greed+1","Pot Of Greed+1","Gensokyo:CustomPotion","ReplayTheSpireMod:Strike From Hell+1"],"relics":["MiniHakkero","DaveBox","testmod-TestBox","HushsDoor","NineVolt","testmod-TimeTraveler","MostiFishMod:AdaptiveDefenses","SynthV:TestCard","hubris:ToyBattleship","BelialBook","Shuriken","aspiration:PocketMushroom","hubris:PeanutButter","aspiration:IroncladSkillbook","White Beast Statue","Habit","Lantern","Dream Catcher","Kunai","testmod-Justice","Guide Book","Anchor","Grinning Jar","MagicMushroom","AmplifyWand","War Paint","testmod-ThousandKnives","hubris:Icosahedron"],"acts_visited":["Gensokyo:Gensokyo","Gensokyo:Gensokyoer","Gensokyo:Gensokyoest"],"potions_floor_usage":[6,15,20,24,31,34,39],"damage_taken":[{"damage":2,"enemies":"Gensokyo:2_Kodama","floor":1,"turns":3},{"damage":0,"enemies":"Gensokyo:3_Fairies","floor":3,"turns":4},{"damage":12,"enemies":"Gensokyo:Python","floor":4,"turns":3},{"damage":29,"enemies":"Gensokyo:Aya","floor":6,"turns":6},{"damage":7,"enemies":"Gensokyo:2_Rabbits","floor":7,"turns":5},{"damage":7,"enemies":"Gensokyo:Python_and_Kodama","floor":9,"turns":4},{"damage":16,"enemies":"Gensokyo:Cirno","floor":14,"turns":6},{"damage":14,"enemies":"Gensokyo:5_Fairies","floor":15,"turns":6},{"damage":0,"enemies":"Gensokyo:3_Kodama","floor":17,"turns":2},{"damage":4,"enemies":"Gensokyo:Reimu","floor":20,"turns":5},{"damage":6,"enemies":"Gensokyo:2_Gloops","floor":22,"turns":6},{"damage":6,"enemies":"Gensokyo:CosmicMonolith","floor":23,"turns":5},{"damage":42,"enemies":"Gensokyo:Slime_Group","floor":24,"turns":5},{"damage":33,"enemies":"Gensokyo:Wraith","floor":27,"turns":5},{"damage":16,"enemies":"Gensokyo:Tenshi","floor":29,"turns":3},{"damage":33,"enemies":"Gensokyo:Reisen","floor":31,"turns":5},{"damage":16,"enemies":"Gensokyo:Mirror_and_Dog","floor":33,"turns":3},{"damage":18,"enemies":"Gensokyo:Monolith_and_Dog","floor":34,"turns":6},{"damage":5,"enemies":"Gensokyo:3_Gloops","floor":36,"turns":5},{"damage":15,"enemies":"Gensokyo:Wraith","floor":37,"turns":4},{"damage":1,"enemies":"Gensokyo:Chomper_and_Gloop","floor":39,"turns":5},{"damage":36,"enemies":"Gensokyo:Koishi","floor":40,"turns":5},{"damage":0,"enemies":"Gensokyo:Eternal_Rivals","floor":43,"turns":6},{"damage":0,"enemies":"Gensokyo:3_Bats","floor":45,"turns":4},{"damage":0,"enemies":"Gensokyo:AncientGuardian","floor":47,"turns":3},{"damage":6,"enemies":"Gensokyo:4_Bats","floor":48,"turns":4},{"damage":0,"enemies":"Gensokyo:Dusk_and_Dawn","floor":50,"turns":4},{"damage":37,"enemies":"Gensokyo:Kasen","floor":52,"turns":4},{"damage":0,"enemies":"Gensokyo:Marisa","floor":54,"turns":2},{"damage":5,"enemies":"Gensokyo:SeedOfUnknown","floor":60,"turns":4},{"damage":18,"enemies":"Gensokyo:Sharpion","floor":61,"turns":5},{"damage":0,"enemies":"Delirium","floor":64,"turns":1}],"seed_played":"-6177122909886047066","potions_obtained":[{"floor":3,"key":"LiquidBronze"},{"floor":4,"key":"Elixir"},{"floor":7,"key":"FairyPotion"},{"floor":14,"key":"LiquidMemories"},{"floor":15,"key":"testmod-EscapePotion"},{"floor":22,"key":"Dota2Spire:Clarity"},{"floor":24,"key":"Strength Potion"},{"floor":27,"key":"SpeedPotion"},{"floor":31,"key":"Dexterity Potion"},{"floor":34,"key":"Elixir"},{"floor":39,"key":"testmod-SpacePotion"},{"floor":40,"key":"Toxic Potion"},{"floor":43,"key":"BottledSpark"}],"is_trial":false,"path_per_floor":["M","?","M","M","COS","E","M","?","M","T","T","R","?","E","M","R","M","R","R","B",null,"M","M","M","T","$","M","?","E","R","E","T","M","M","R","M","M","COS","M","E","?","R","B",null,"M","$","M","M","?","M","$","E","R","E","R","T","?","?","R","M","M","?","R","B"],"character_chosen":"MARISA","items_purchased":["Habit","Lantern"],"campfire_rested":4,"item_purchase_floors":[26,26],"current_hp_per_floor":[73,58,58,62,62,49,42,42,51,51,51,51,36,36,22,46,46,46,46,42,68,66,64,39,39,39,25,33,36,59,45,45,48,49,72,71,74,74,77,45,45,45,49,72,77,77,77,75,75,77,77,50,50,55,55,55,55,55,55,55,57,57,77,77,77],"gold":71,"neow_bonus":"TEN_PERCENT_HP_BONUS","is_daily":false,"chose_seed":false,"campfire_upgraded":7,"win_rate":0.0,"timestamp":1612775456,"path_taken":["M","?","M","M","COS","E","M","?","M","T","T","R","?","E","M","R","?","R","R","BOSS","M","M","?","?","$","?","?","E","R","E","T","?","M","R","M","M","COS","M","E","?","R","BOSS","M","$","M","M","?","M","$","E","R","E","R","T","?","?","R","M","?","?","R","BOSS"],"items_purchased_type":["Relic","Card"],"build_version":"2020-12-22","purchased_purges":5,"victory":false,"max_hp_per_floor":[82,82,82,82,82,82,82,82,82,82,82,82,82,82,82,82,82,82,82,82,77,77,77,77,77,77,77,77,77,77,77,77,77,77,77,77,77,77,77,77,77,77,77,77,77,77,77,77,77,77,77,77,77,77,77,77,77,77,77,77,77,77,77,77,77],"card_choices":[{"not_picked":["MeteoricShower","UnstableBomb","ShootingEcho"],"picked":"SKIP","floor":1},{"not_picked":["PowerUp","GrandCross","Acceleration","MagicAbsorber","MilkyWay"],"picked":"SKIP","floor":3},{"not_picked":["PowerUp","GrandCross","Acceleration","MilkyWay"],"picked":"MagicAbsorber","floor":3},{"not_picked":["SporeBomb","WitchOfGreed","DarkSpark","ManaConvection","EarthLightRay"],"picked":"SKIP","floor":4},{"not_picked":["6A","OpenUniverse","DoubleSpark","MysteriousBeam","DarkSpark"],"picked":"SKIP","floor":6},{"not_picked":["OortCloud","GravityBeat","MilkyWay","Robbery"],"picked":"GrandCross","floor":7},{"not_picked":["DarkSpark","Robbery","6A","PowerUp"],"picked":"UltimateShortwave","floor":9},{"not_picked":["FairyDestructionRay","IllusionStar","DoubleSpark","Occultation"],"picked":"UltimateShortwave","floor":14},{"not_picked":["MilkyWay","MachineGunSpark","DarkSpark","GalacticHalo"],"picked":"EnergyFlow","floor":15},{"not_picked":["WitchOfGreed","LuminesStrike","MilkyWay","Acceleration","ShootingEcho"],"picked":"SKIP","floor":17},{"not_picked":["EarthLightRay","Twin Strike","FairyDestructionRay+1","Hemokinesis+1","Iron Wave","True Grit+1"],"picked":"SKIP","floor":22},{"not_picked":["MysteriousBeam+1","Burning Pact","Pummel","Reckless Charge","GalacticHalo","Sword Boomerang+1"],"picked":"SKIP","floor":23},{"not_picked":["Cleave","Sword Boomerang","Double Tap","ReplayTheSpireMod:Strike From Hell","NonDirectionalLaser"],"picked":"Shrug It Off+1","floor":24},{"not_picked":["GravityBeat","Armaments","Flex","Clash","Orbital","DoubleSpark"],"picked":"SKIP","floor":27},{"not_picked":["OrrerysSun","Sword Boomerang+1","SporeBomb","Brutality","Corruption","ReplayTheSpireMod:Muscle Training"],"picked":"SKIP","floor":29},{"not_picked":["Twin Strike+1","FairyDestructionRay","GrandCross","LuminesStrike","UnstableBomb+1"],"picked":"MagicChant+1","floor":31},{"not_picked":["Singularity","Sever Soul","SuperPerseids","Havoc","Wild Strike+1","Replay:Undeath\u0027s Touch"],"picked":"SKIP","floor":33},{"not_picked":["Warcry","DeepEcoloBomb+1","Sever Soul","Rage+1","ReplayTheSpireMod:LeadingStrike+1","MilkyWay"],"picked":"SKIP","floor":34},{"not_picked":["Warcry","DeepEcoloBomb+1","Sever Soul","Rage+1","ReplayTheSpireMod:LeadingStrike+1","MilkyWay"],"picked":"SKIP","floor":34},{"not_picked":["Ghostly Armor","Armaments","MilkyWay","True Grit+1","WitchOfGreed+1","Fire Breathing"],"picked":"SKIP","floor":36},{"not_picked":["Ghostly Armor","Armaments","MilkyWay","True Grit+1","WitchOfGreed+1"],"picked":"Fire Breathing","floor":36},{"not_picked":["WitchOfGreed","Demonic Infusion","6A","ShootTheMoon+1","Wild Strike","Cleave"],"picked":"SKIP","floor":37},{"not_picked":["Perfected Strike","Run Through","Armaments","hubris:ReadiedAction","NonDirectionalLaser+1","Iron Wave+1"],"picked":"SKIP","floor":39},{"not_picked":["Dropkick","Body Slam","Rage","Entrench","Rupture","Seeing Red"],"picked":"SKIP","floor":40},{"not_picked":["Run Through+1","GasGiant+1","AsteroidBelt","Havoc+1","Headbutt+1","Perfected Strike"],"picked":"SKIP","floor":45},{"not_picked":["Clash+1","GasGiant","hubris:SharpeningStone+1","Life Link","Heavy Blade","MillisecondPulsars"],"picked":"SKIP","floor":47},{"not_picked":["ShootingEcho+1","6A","Cleave+1","Heavy Blade+1","NonDirectionalLaser","ShootTheMoon+1"],"picked":"SKIP","floor":48},{"not_picked":["Thunderclap+1","Burning Pact+1","LuminesStrike+1","StarlightTyphoon","Rage+1","MagicAbsorber+1"],"picked":"SKIP","floor":50},{"not_picked":["Fire Breathing","ReplayTheSpireMod:Strike From Hell+1","LuminesStrike","Iron Wave+1","6A+1","MeteoricShower+1"],"picked":"SKIP","floor":52},{"not_picked":["MysteriousBeam+1","Double Tap","DoubleSpark","Headbutt","Dropkick+1","Clothesline+1"],"picked":"SKIP","floor":54},{"not_picked":["Pommel Strike","Acceleration+1","Defy Death","ReplayTheSpireMod:Limb From Limb","UnstableBomb","Clothesline"],"picked":"SKIP","floor":60},{"not_picked":["DarkMatter+1","EarthLightRay+1","MostiFishMod:RacingGame","GalacticHalo","ReplayTheSpireMod:Strike From Hell","Thunderclap+1"],"picked":"SKIP","floor":61},{"not_picked":["Infernal Blade+1","SporeBomb+1","Run Through","DeepEcoloBomb+1","WitchOfGreed"],"picked":"ReplayTheSpireMod:Strike From Hell+1","floor":63}],"player_experience":319829,"relics_obtained":[{"floor":1,"key":"SynthV:TestCard"},{"floor":6,"key":"hubris:ToyBattleship"},{"floor":10,"key":"BelialBook"},{"floor":11,"key":"Shuriken"},{"floor":14,"key":"hubris:PeanutButter"},{"floor":25,"key":"White Beast Statue"},{"floor":29,"key":"Dream Catcher"},{"floor":31,"key":"Kunai"},{"floor":32,"key":"testmod-Justice"},{"floor":40,"key":"Grinning Jar"},{"floor":52,"key":"AmplifyWand"},{"floor":54,"key":"War Paint"},{"floor":56,"key":"testmod-ThousandKnives"}],"event_choices":[],"is_beta":false,"boss_relics":[{"not_picked":["Honey Jar","aspiration:FutureDiary"],"picked":"aspiration:IroncladSkillbook"},{"not_picked":[]},{"not_picked":["testmod-Nine","NightmareShop"],"picked":"MagicMushroom"},{"not_picked":[]}],"items_purged_floors":[21,26,44,46,51],"is_endless":false,"potions_floor_spawned":[3,4,7,14,15,22,24,27,29,31,33,34,36,37,39,40,43,45,47,48,50,52,54,60,61],"killed_by":"Delirium","ascension_level":10}}