{"host":"8fl9fk3sx00hvnsh","time":1612799870,"event":{"mods":["BaseMod","Bestiary","Bossed Relics","Custom Start","Downfall","Minty Spire (QoL Compilation)","Reliquary","Replay The Spire","StSLib","The Blue Laboratory","The Marked","The Wild Card"],"gold_per_floor":[99,99,180,180,180,190,190,208,108,121,139,1,1,32,49,144,144,144,164,182,182,182,15,39,59,59,59,70,88,88,5,17,117,117,117,130,144,155,175,225,252,252,252,265,285,285,73,73,93,93],"floor_reached":51,"language":"ENG","playtime":3730,"items_purged":[],"score":703,"play_id":"434f5aab-1d6f-4591-a776-1d9686747576","local_time":"20210208105750","is_ascension_mode":false,"campfire_choices":[{"floor":1,"key":"RECALL"},{"floor":9,"key":"REST"},{"floor":13,"key":"REST"},{"floor":26,"key":"REST"},{"floor":30,"key":"REST"},{"floor":42,"key":"REST"},{"floor":46,"key":"REST"}],"circlet_count":0,"master_deck":["Guardian:Strike_Guardian","Guardian:Strike_Guardian","Guardian:Strike_Guardian","Guardian:Strike_Guardian","Guardian:Defend_Guardian+1","Guardian:Defend_Guardian","Guardian:Defend_Guardian","Guardian:Defend_Guardian+1","Guardian:CurlUp","Guardian:TwinSlam+1","Guardian:PrismaticBeam+1","Guardian:BronzeOrb","Guardian:Planning","Guardian:ShieldSpikes+1","Guardian:GatlingBeam+1","Guardian:PiercingHide","Guardian:PrimingBeam","Guardian:FloatingOrbs","Guardian:SpikerProtocol","Guardian:StasisField+1","CurseOfTheBell","Guardian:Reroute+1","Guardian:TemporalStrike","Guardian:TimeSifter","Guardian:CrystalBeam+1","Guardian:WalkerClaw+1","Guardian:Recover","CommonCold","Guardian:BaubleBeam","Guardian:BaubleBeam","Guardian:Orbwalk+1","Guardian:PrismaticBeam","Guardian:CrystalBeam","Guardian:HyperBeam_Guardian","Guardian:Orbwalk","Guardian:BronzeArmor","expansioncontent:Chronoboost"],"relics":["Guardian:ModeShifterPlus","downfall:HeartsMalice","Gremlin Food","White Beast Statue","downfall:HeartBlessingRed","War Paint","Calling Bell","Guardian:PickAxe","Replay:Ringing Soul","Counterbalance","Chemical X","Replay:Mystery Machine","Nilry\u0027s Codex","ReplayTheSpireMod:CursedCoin","StoneCalendar","Pet Ghost","Membership Card","Bottled Tornado","Replay:Baseball"],"acts_visited":["Exordium","TheCity","TheBeyond"],"potions_floor_usage":[21,33,33,40,40,50,50],"damage_taken":[{"damage":0,"enemies":"2 Louse","floor":2,"turns":1},{"damage":0,"enemies":"Cultist","floor":4,"turns":1},{"damage":0,"enemies":"Small Slimes","floor":5,"turns":1},{"damage":16,"enemies":"2 Fungi Beasts","floor":6,"turns":5},{"damage":0,"enemies":"Large Slime","floor":8,"turns":9},{"damage":1,"enemies":"Exordium Wildlife","floor":10,"turns":5},{"damage":16,"enemies":"Gremlin Gang","floor":11,"turns":5},{"damage":2,"enemies":"downfall:FleeingMerchant","floor":12,"turns":4},{"damage":6,"enemies":"Gremlin Nob","floor":14,"turns":4},{"damage":3,"enemies":"Red Slaver","floor":15,"turns":3},{"damage":8,"enemies":"SI_SHIV_ARCHETYPE","floor":16,"turns":5},{"damage":5,"enemies":"Chosen","floor":19,"turns":4},{"damage":26,"enemies":"Snake Plant","floor":20,"turns":5},{"damage":3,"enemies":"Chosen and Byrds","floor":21,"turns":4},{"damage":0,"enemies":"downfall:FleeingMerchant","floor":23,"turns":4},{"damage":0,"enemies":"Centurion and Healer","floor":25,"turns":5},{"damage":0,"enemies":"Snecko","floor":28,"turns":7},{"damage":8,"enemies":"Shelled Parasite and Fungi","floor":29,"turns":5},{"damage":6,"enemies":"downfall:FleeingMerchant","floor":31,"turns":4},{"damage":12,"enemies":"Snake Plant","floor":32,"turns":6},{"damage":75,"enemies":"DF_ARCHETYPE_CLAW","floor":33,"turns":11},{"damage":22,"enemies":"3 Darklings","floor":36,"turns":7},{"damage":0,"enemies":"Orb Walker","floor":37,"turns":3},{"damage":3,"enemies":"Jaw Worm Horde","floor":38,"turns":5},{"damage":21,"enemies":"3 Darklings","floor":39,"turns":7},{"damage":26,"enemies":"2 Orb Walkers","floor":40,"turns":4},{"damage":0,"enemies":"Transient","floor":44,"turns":5},{"damage":18,"enemies":"Sphere and 2 Shapes","floor":45,"turns":5},{"damage":0,"enemies":"downfall:FleeingMerchant","floor":47,"turns":3},{"damage":6,"enemies":"3 Darklings","floor":49,"turns":3},{"damage":80,"enemies":"WA_ARCHETYPE_DIVINITY","floor":50,"turns":12}],"seed_played":"5825458407214068291","potions_obtained":[{"floor":6,"key":"Adrenaline Potion"},{"floor":8,"key":"SteroidPotion"},{"floor":10,"key":"SmokeBomb"},{"floor":11,"key":"AttackPotion"},{"floor":15,"key":"hexamod:SoulburnPotion"},{"floor":23,"key":"Energy Potion"},{"floor":33,"key":"Fire Potion"},{"floor":36,"key":"blueLaboratory:ExaltedPotion"},{"floor":37,"key":"Block Potion"},{"floor":40,"key":"blueLaboratory:RememoryPotion"},{"floor":44,"key":"Dexterity Potion"}],"is_trial":false,"path_per_floor":["R","M","?","M","M","M","T","M","R","M","M","$","R","E","M","B",null,"R","M","M","M","?","$","T","M","R","?","M","M","R","$","M","B",null,"R","M","M","M","M","?","T","R","?","M","M","R","$","?","M","B",null],"character_chosen":"GUARDIAN","items_purchased":["Guardian:Gem_Crimson","Guardian:PrimingBeam","Chemical X","ReplayTheSpireMod:CursedCoin","Guardian:Gem_Lightblue","Guardian:BaubleBeam","Membership Card","Bottled Tornado","Replay:Baseball","Guardian:Gem_Green","Guardian:HyperBeam_Guardian","Guardian:Orbwalk","Guardian:BronzeArmor","expansioncontent:Chronoboost"],"campfire_rested":6,"item_purchase_floors":[12,12,23,31,31,31,47,47,47,47,47,47,47,47],"current_hp_per_floor":[80,80,80,80,80,64,64,64,80,79,63,61,80,74,71,63,80,83,81,58,55,55,58,58,61,89,73,76,71,101,98,89,17,110,113,94,97,97,76,53,53,90,109,112,97,115,118,118,112,32],"gold":93,"neow_bonus":"THREE_ENEMY_KILL","is_daily":false,"chose_seed":false,"campfire_upgraded":0,"win_rate":0.0,"timestamp":1612799870,"path_taken":["R","M","?","M","?","M","T","?","R","M","M","$","R","E","M","BOSS","R","M","M","M","?","$","T","M","R","?","M","M","R","$","M","BOSS","R","M","M","M","M","?","T","R","?","M","M","R","$","?","M","BOSS"],"items_purchased_type":["Card","Card","Relic","Relic","Card","Card","Relic","Relic","Relic","Card","Card","Card","Card","Card"],"build_version":"2020-12-22","purchased_purges":0,"victory":true,"max_hp_per_floor":[80,80,80,80,80,80,80,80,80,80,80,80,80,80,80,80,80,83,86,89,89,89,92,92,95,95,95,98,101,101,104,107,110,110,113,116,119,122,122,125,125,125,109,112,115,115,118,118,118,118],"card_choices":[{"not_picked":["Guardian:RollAttack","Guardian:Orbwalk"],"picked":"Guardian:PrismaticBeam","floor":2},{"not_picked":["Guardian:TemporalShield","Guardian:VentSteam"],"picked":"Guardian:BronzeOrb","floor":3},{"not_picked":["Guardian:PiercingHide","Guardian:VentSteam"],"picked":"Guardian:Planning","floor":3},{"not_picked":["Guardian:PrismaticBarrier","Guardian:Planning"],"picked":"Guardian:ShieldSpikes","floor":4},{"not_picked":["Guardian:Recover","Guardian:Incinerate"],"picked":"Guardian:GatlingBeam","floor":5},{"not_picked":["Guardian:ChargeCore","Guardian:Gem_Purple"],"picked":"Guardian:Gem_Lightblue","floor":6},{"not_picked":["Guardian:Incinerate","Guardian:SpikerProtocol"],"picked":"Guardian:Gem_Fragmented","floor":8},{"not_picked":["Guardian:AncientConstruct","Guardian:PolyBeam"],"picked":"Guardian:PiercingHide","floor":10},{"not_picked":["Guardian:ArmoredProtocol","Guardian:TemporalStrike"],"picked":"Guardian:Gem_Yellow","floor":11},{"not_picked":["Guardian:Orbwalk","Guardian:PiercingHide"],"picked":"Guardian:Gem_Yellow","floor":12},{"not_picked":["Guardian:Gem_Purple","Guardian:PrismaticBarrier"],"picked":"Guardian:FloatingOrbs","floor":14},{"not_picked":["Guardian:TimeBomb","Guardian:EvasiveProtocol"],"picked":"Guardian:SpikerProtocol","floor":15},{"not_picked":["Guardian:Gem_Synthetic","Guardian:ExploitGems"],"picked":"Guardian:StasisField","floor":16},{"not_picked":["Guardian:PiercingHide","Guardian:Gem_White"],"picked":"Guardian:Reroute+1","floor":19},{"not_picked":["Guardian:Planning","Guardian:ChargeCore"],"picked":"Guardian:TemporalStrike","floor":20},{"not_picked":["Guardian:Gem_Green","Guardian:Gem_Lightblue"],"picked":"Guardian:TimeSifter","floor":23},{"not_picked":["Guardian:RollAttack","Guardian:WalkerClaw"],"picked":"Guardian:CrystalBeam+1","floor":25},{"not_picked":["Guardian:TemporalStrike","Guardian:Gem_Lightblue"],"picked":"Guardian:Gem_Cyan","floor":28},{"not_picked":["Guardian:PrimingBeam","Guardian:Incinerate"],"picked":"Guardian:WalkerClaw","floor":29},{"not_picked":["Guardian:PrismaticBarrier+1","Guardian:Clone"],"picked":"Guardian:Recover","floor":31},{"not_picked":["Guardian:Incinerate","Guardian:DecasProtection"],"picked":"Guardian:Gem_Orange","floor":32},{"not_picked":["Guardian:HyperBeam_Guardian","Guardian:FastForward"],"picked":"Guardian:BaubleBeam","floor":33},{"not_picked":["Guardian:WalkerClaw+1","Guardian:RollAttack+1"],"picked":"Guardian:Gem_Fragmented","floor":36},{"not_picked":["Guardian:GuardianWhirl+1","Guardian:RollAttack"],"picked":"Guardian:Orbwalk+1","floor":37},{"not_picked":["Guardian:WalkerClaw+1","Guardian:Recover"],"picked":"Guardian:PrismaticBeam","floor":38},{"not_picked":["Guardian:DonusPower+1","Guardian:TemporalShield","Guardian:Reroute"],"picked":"SKIP","floor":39},{"not_picked":["Guardian:SphericShield","Guardian:WalkerClaw"],"picked":"Guardian:CrystalBeam","floor":40},{"not_picked":["Guardian:ShieldCharger","Guardian:TemporalStrike+1"],"picked":"Guardian:Gem_Fragmented","floor":44},{"not_picked":["Guardian:DonusPower+1","Guardian:TimeBomb"],"picked":"Guardian:Gem_Lightblue","floor":45},{"not_picked":["Guardian:Emergency","Guardian:Recover+1","Guardian:WalkerClaw"],"picked":"SKIP","floor":47},{"not_picked":["Guardian:WalkerClaw","Guardian:ShieldCharger","Guardian:Planning"],"picked":"SKIP","floor":49}],"player_experience":232789,"relics_obtained":[{"floor":3,"key":"Gremlin Food"},{"floor":7,"key":"White Beast Statue"},{"floor":14,"key":"War Paint"},{"floor":17,"key":"Guardian:PickAxe"},{"floor":17,"key":"Replay:Ringing Soul"},{"floor":17,"key":"Counterbalance"},{"floor":24,"key":"Replay:Mystery Machine"},{"floor":27,"key":"Nilry\u0027s Codex"},{"floor":40,"key":"StoneCalendar"},{"floor":41,"key":"Pet Ghost"}],"event_choices":[{"damage_healed":0,"gold_gain":0,"player_choice":"Fight","damage_taken":0,"max_hp_gain":0,"max_hp_loss":0,"event_name":"Mysterious Sphere","floor":40,"gold_loss":0},{"cards_removed":["Guardian:Gem_Green"],"damage_healed":0,"gold_gain":0,"player_choice":"Removed Skill","damage_taken":0,"max_hp_gain":0,"max_hp_loss":0,"event_name":"Falling","floor":48,"gold_loss":0}],"is_beta":false,"boss_relics":[{"not_picked":["Busted Crown","Velvet Choker"],"picked":"Calling Bell"},{"not_picked":["reliquary:Craggleroot","Coffee Dripper"],"picked":"Guardian:ModeShifterPlus"}],"items_purged_floors":[],"is_endless":false,"potions_floor_spawned":[6,8,10,11,12,14,15,16,19,20,21,23,25,28,29,31,32,33,36,37,38,39,40,44,45,47,49],"ascension_level":0}}