{"host":"kipy315whq7pv20a","time":1612784451,"event":{"mods":["BaseMod","Minty Spire (QoL Compilation)","Replay The Spire","StSLib","The Cursed"],"gold_per_floor":[117,67,86,5,5,5,80,80,103,133,180,25,69,97,97,192,192,225,259,286,305,340,387,413,424,424,424,474,485,533,564,564,660,660,687,699,10,25,56,56,56],"floor_reached":40,"language":"ENG","playtime":2678,"items_purged":["Amnesia","Defend_R"],"score":677,"play_id":"62d0bf81-cbdc-410f-a469-b8e5b9a80145","local_time":"20210208124051","is_ascension_mode":true,"campfire_choices":[{"data":"Replay:BasicMightCard","floor":6,"key":"SMITH"},{"data":"Bludgeon","floor":8,"key":"SMITH"},{"data":"Sever Soul","floor":15,"key":"SMITH"},{"data":"Whirlwind","floor":27,"key":"SMITH"},{"data":"Immolate","floor":32,"key":"SMITH"}],"circlet_count":0,"master_deck":["Strike_R","Strike_R","Strike_R","Defend_R","Bash+1","Bludgeon+1","Clash","Sever Soul+1","Replay:BasicMightCard+1","Iron Wave","Cleave","Uppercut","Thunderclap","Immolate+1","Clothesline+1","Wild Strike","Headbutt+1","Headbutt","Wild Strike+1","Searing Blow","Whirlwind+1","Uppercut","Clash","Iron Wave","Twin Strike","Hemogenesis","Thunderclap+1","Cleave+1","Feed+1","Violence","ReplayTheSpireMod:LeadingStrike+1"],"relics":["Burning Blood","Ring of Panic","ReplayTheSpireMod:Ring of Challenge","ReplayFunnel","Blood Vial","Anchor","Velvet Choker","Divine Protection","Bottled Flame","Replay:Bottled Snecko","Dream Catcher","Whetstone","Empty Cage","Molten Egg 2"],"acts_visited":["Exordium","TheCity","TheBeyond"],"potions_floor_usage":[13,13,16,21,23,23,28,29,30,33,38,39,40],"damage_taken":[{"damage":1,"enemies":"Cultist","floor":1,"turns":3},{"damage":0,"enemies":"2 Louse","floor":3,"turns":2},{"damage":0,"enemies":"Jaw Worm","floor":10,"turns":1},{"damage":0,"enemies":"Gremlin Nob","floor":11,"turns":2},{"damage":5,"enemies":"3 Sentries","floor":13,"turns":3},{"damage":0,"enemies":"Looter","floor":14,"turns":1},{"damage":0,"enemies":"Slime Boss","floor":16,"turns":3},{"damage":0,"enemies":"2 Thieves","floor":18,"turns":3},{"damage":11,"enemies":"Shell Parasite","floor":19,"turns":2},{"damage":4,"enemies":"Centurion and Healer","floor":20,"turns":2},{"damage":0,"enemies":"Shelled Parasite and Fungi","floor":21,"turns":2},{"damage":6,"enemies":"Chosen and Byrds","floor":22,"turns":3},{"damage":38,"enemies":"Gremlin Leader","floor":23,"turns":6},{"damage":0,"enemies":"Snecko","floor":24,"turns":3},{"damage":1,"enemies":"Centurion and Healer","floor":25,"turns":3},{"damage":0,"enemies":"Slavers","floor":28,"turns":2},{"damage":0,"enemies":"Cultist and Chosen","floor":29,"turns":4},{"damage":0,"enemies":"Gremlin Leader","floor":30,"turns":4},{"damage":0,"enemies":"Snecko","floor":31,"turns":1},{"damage":44,"enemies":"Champ","floor":33,"turns":6},{"damage":0,"enemies":"3 Shapes","floor":35,"turns":2},{"damage":0,"enemies":"3 Darklings","floor":36,"turns":2},{"damage":19,"enemies":"Transient","floor":38,"turns":5},{"damage":57,"enemies":"Maw","floor":39,"turns":6},{"damage":40,"enemies":"Nemesis","floor":40,"turns":3}],"seed_played":"-8928709081397824778","potions_obtained":[{"floor":1,"key":"Strength Potion"},{"floor":3,"key":"Explosive Potion"},{"floor":11,"key":"Reflective Coating"},{"floor":14,"key":"DuplicationPotion"},{"floor":16,"key":"Reflective Coating"},{"floor":20,"key":"Elixir"},{"floor":22,"key":"Energy Potion"},{"floor":24,"key":"SteroidPotion"},{"floor":25,"key":"ColorlessPotion"},{"floor":28,"key":"LifebloodPotion"},{"floor":33,"key":"HeartOfIron"},{"floor":35,"key":"Dexterity Potion"},{"floor":36,"key":"LiquidBronze"},{"floor":39,"key":"SteroidPotion"}],"is_trial":false,"path_per_floor":["M","?","M","$","?","R","?","R","T","M","E","$","E","M","R","B",null,"M","M","M","M","M","E","M","M","T","R","E","M","E","M","R","B",null,"M","M","$","M","M","E"],"character_chosen":"IRONCLAD","items_purchased":["Replay:BasicMightCard","Uppercut","Molten Egg 2","Feed+1","Violence"],"campfire_rested":0,"item_purchase_floors":[4,12,37,37,37],"current_hp_per_floor":[61,61,67,67,67,67,59,59,59,65,71,71,74,80,80,80,80,80,75,79,80,80,48,56,63,63,63,71,79,80,80,80,42,80,80,80,80,67,29,0,0],"gold":56,"neow_bonus":"TRANSFORM_TWO_CARDS","is_daily":false,"chose_seed":false,"campfire_upgraded":5,"win_rate":0.0,"timestamp":1612784451,"path_taken":["M","?","M","$","?","R","?","R","T","?","E","$","E","M","R","BOSS","M","M","M","M","M","E","M","M","T","R","E","M","E","M","R","BOSS","M","M","$","M","?","E"],"items_purchased_type":["Card","Card","Relic","Card","Card"],"build_version":"2020-12-22","purchased_purges":2,"victory":false,"max_hp_per_floor":[80,80,80,80,80,80,80,80,80,80,80,80,80,80,80,80,80,80,80,80,80,80,80,80,80,80,80,80,80,80,80,80,80,80,80,80,80,80,80,80,80],"card_choices":[{"not_picked":["Metallicize","Defy Death"],"picked":"Clash","floor":1},{"not_picked":["Infernal Blade","Perfected Strike"],"picked":"Sever Soul","floor":3},{"not_picked":["Cleave","Havoc"],"picked":"Iron Wave","floor":10},{"not_picked":["Brutality","Burning Pact"],"picked":"Cleave","floor":11},{"not_picked":["Twin Strike","Flex"],"picked":"Thunderclap","floor":13},{"not_picked":["ReplayReversal","Ghostly Armor","Burning Pact"],"picked":"SKIP","floor":14},{"not_picked":["Impervious","Brutality"],"picked":"Immolate","floor":16},{"not_picked":["ReplayTheSpireMod:Strike From Hell","Body Slam"],"picked":"Clothesline+1","floor":18},{"not_picked":["Replay:Undeath\u0027s Touch+1","Flex"],"picked":"Wild Strike","floor":19},{"not_picked":["Brutality","True Grit"],"picked":"Headbutt","floor":20},{"not_picked":["Cleave","Anger"],"picked":"Headbutt","floor":21},{"not_picked":["Battle Trance+1","Massacre+1"],"picked":"Wild Strike+1","floor":22},{"not_picked":["Entrench","Twin Strike"],"picked":"Searing Blow","floor":23},{"not_picked":["Armaments","Disarm","Warcry+1"],"picked":"SKIP","floor":24},{"not_picked":["Wild Strike+1","Dark Embrace"],"picked":"Whirlwind","floor":25},{"not_picked":["Perfected Strike","Fiend Fire"],"picked":"Uppercut","floor":28},{"not_picked":["Thunderclap","Flex"],"picked":"Clash","floor":29},{"not_picked":["ReplayTheSpireMod:Strike From Hell+1","Dark Embrace+1"],"picked":"Iron Wave","floor":30},{"not_picked":["Evolve","Demon Form"],"picked":"Twin Strike","floor":31},{"not_picked":["Berserk","Demonic Infusion"],"picked":"Hemogenesis","floor":33},{"not_picked":["True Grit","Pommel Strike+1"],"picked":"Thunderclap+1","floor":35},{"not_picked":["Wild Strike+1","Spot Weakness+1"],"picked":"Cleave+1","floor":36},{"not_picked":["Headbutt+1","True Grit+1"],"picked":"ReplayTheSpireMod:LeadingStrike+1","floor":38},{"not_picked":["Armaments","Evolve+1","Body Slam+1"],"picked":"SKIP","floor":39}],"player_experience":184470,"relics_obtained":[{"floor":5,"key":"Ring of Panic"},{"floor":5,"key":"ReplayTheSpireMod:Ring of Challenge"},{"floor":9,"key":"ReplayFunnel"},{"floor":11,"key":"Blood Vial"},{"floor":13,"key":"Anchor"},{"floor":23,"key":"Divine Protection"},{"floor":24,"key":"Bottled Flame"},{"floor":26,"key":"Replay:Bottled Snecko"},{"floor":28,"key":"Dream Catcher"},{"floor":30,"key":"Whetstone"}],"event_choices":[{"cards_removed":["Defend_R"],"damage_healed":0,"gold_gain":0,"player_choice":"Card Removal","damage_taken":0,"max_hp_gain":0,"max_hp_loss":0,"event_name":"The Cleric","floor":2,"gold_loss":50},{"damage_healed":0,"gold_gain":75,"player_choice":"Touch","damage_taken":8,"max_hp_gain":0,"max_hp_loss":0,"event_name":"FaceTrader","floor":7,"gold_loss":0}],"is_beta":false,"boss_relics":[{"not_picked":["Painkiller Herb","Runic Cube"],"picked":"Velvet Choker"},{"not_picked":["Tiny House","Calling Bell"],"picked":"Empty Cage"}],"items_purged_floors":[12,37],"is_endless":false,"potions_floor_spawned":[1,3,11,14,16,20,22,24,25,28,33,35,36,39],"killed_by":"Nemesis","ascension_level":3}}