{"host":"Ringo","time":1612795069,"event":{"mods":["BaseMod","Colored Map","Conspire","Dota2Spire","Hubris","Minty Spire (QoL Compilation)","Replay The Spire","StSLib","The Construct","[IsaacMod]ÒÔÈö¼âËþ","¡¾ÒÅÎï¿¨ÅÆ¡¿REMEMod"],"gold_per_floor":[116,131,148,159,170,197,254,288,313,344,357,385,410,445,445,518,518,532,546,562,571,571,605,48,80,80,113,145,177,177,208,208,284,284,296,306,24,40,40,69,596,621,633,672,693,738,369,399,399,399,399],"floor_reached":52,"language":"ZHS","playtime":1230,"items_purged":["Writhe"],"score":3933,"play_id":"62ff8661-1936-4fe3-b61d-34442cd85d46","local_time":"20210208223749","daily_mods":["SealedDeck","Vintage","Green Cards","Purple Cards","Colorless Cards","Heirloom","Time Dilation","Flight","DeadlyEvents","Elite Swarm","Lethality","Binary"],"is_ascension_mode":true,"campfire_choices":[{"data":"Crescendo","floor":15.0,"key":"SMITH"},{"data":"CrushJoints","floor":30.0,"key":"SMITH"},{"data":"Hidden Blade","floor":32.0,"key":"SMITH"},{"data":"ClearTheMind","floor":45,"key":"SMITH"},{"data":"Well Laid Plans","floor":49,"key":"SMITH"}],"circlet_count":0,"master_deck":["AscendersBane","Backflip","Quick Slash","Replay:Cycle+1","EmptyBody","Replay:BluntJabs","Hidden Blade+1","Cloak And Dagger","CrushJoints+1","JustLucky","Crescendo+1","Unload+1","Consecrate","Underhanded Strike","FlurryOfBlows+1","Blade Dance","Accuracy","ClearTheMind+1","Well Laid Plans+1","Finesse"],"relics":["Ring of the Snake","Busted Crown","HushsDoor","Tingsha","SatanicBible","Potion Belt","HowToJump","Dota2Spire:MaskOfMadness","Dota2Spire:EchoSabre","Unceasing Top","AnarchistCookbook","Vajra","CeramicFish","Art of War","Oddly Smooth Stone","Akabeko","YumHeart","Thread and Needle","BookOfRevelations","Bird Faced Urn","Dota2Spire:PhaseBoots","Dota2Spire:LotusOrb","Nilry\u0027s Codex","Void","Membership Card","Dota2Spire:CrimsonGuard","BlankCard","Bag of Preparation","Eternal Feather","Anchor","Pen Nib","hubris:SlimyHat","Dota2Spire:EyeOfSkadi","Coffee Dripper","GuppysCollar","GuppysHairball","TheBible","Strawberry","Replay:Baseball","Bottled Flame","ReplayTheSpireMod:Ninjato","TheBean","Smiling Mask","MawBank","BookofShadows","Snack Pack","conspire:Dentures","Guide Book","Dota2Spire:ArcaneBoots","Gremlin Horn","Coffee Dripper"],"acts_visited":["Exordium","TheCity","TheBeyond"],"potions_floor_usage":[51],"damage_taken":[{"damage":0.0,"enemies":"Jaw Worm","floor":1.0,"turns":1.0},{"damage":0.0,"enemies":"Small Slimes","floor":2.0,"turns":1.0},{"damage":0.0,"enemies":"2 Louse","floor":3.0,"turns":1.0},{"damage":0.0,"enemies":"Blue Slaver","floor":4.0,"turns":1.0},{"damage":0.0,"enemies":"3 Louse","floor":5.0,"turns":1.0},{"damage":0.0,"enemies":"Lagavulin","floor":6.0,"turns":1.0},{"damage":0.0,"enemies":"3 Sentries","floor":7.0,"turns":1.0},{"damage":0.0,"enemies":"Replay:BlueRogue","floor":8.0,"turns":1.0},{"damage":0.0,"enemies":"Gremlin Nob","floor":10.0,"turns":1.0},{"damage":0.0,"enemies":"Large Slime","floor":11.0,"turns":1.0},{"damage":0.0,"enemies":"3 Sentries","floor":12.0,"turns":2.0},{"damage":0.0,"enemies":"Gremlin Nob","floor":13.0,"turns":1.0},{"damage":0.0,"enemies":"Replay:BlueRogue","floor":14.0,"turns":1.0},{"damage":0.0,"enemies":"Slime Boss","floor":16.0,"turns":1.0},{"damage":0.0,"enemies":"Spheric Guardian","floor":18.0,"turns":2.0},{"damage":0.0,"enemies":"conspire:FuzzyDice","floor":19.0,"turns":1.0},{"damage":0.0,"enemies":"Snake Plant","floor":20.0,"turns":1.0},{"damage":0.0,"enemies":"Replay:Snechameleon","floor":23.0,"turns":1.0},{"damage":0.0,"enemies":"Gremlin Leader","floor":25.0,"turns":1.0},{"damage":0.0,"enemies":"Replay:Snechameleon","floor":27.0,"turns":1.0},{"damage":0.0,"enemies":"conspire:Head Lice","floor":28.0,"turns":1.0},{"damage":0.0,"enemies":"REME_1_Revenger","floor":29.0,"turns":1.0},{"damage":0.0,"enemies":"conspire:Head Lice","floor":31.0,"turns":1.0},{"damage":0.0,"enemies":"hubris:MusketHawk","floor":33.0,"turns":1.0},{"damage":0.0,"enemies":"3 Darklings","floor":35.0,"turns":1.0},{"damage":0.0,"enemies":"3 Shapes","floor":36.0,"turns":1.0},{"damage":0.0,"enemies":"Maw","floor":38.0,"turns":1.0},{"damage":0.0,"enemies":"R_Hoarder","floor":40.0,"turns":1.0},{"damage":0.0,"enemies":"Reptomancer","floor":41.0,"turns":1.0},{"damage":0,"enemies":"Nemesis","floor":42,"turns":1},{"damage":0,"enemies":"R_Hoarder","floor":44,"turns":1},{"damage":0,"enemies":"Nemesis","floor":46,"turns":1},{"damage":0,"enemies":"R_Hoarder","floor":48,"turns":1},{"damage":0,"enemies":"hubris:GrandSnecko","floor":50,"turns":1},{"damage":0,"enemies":"Time Eater","floor":51,"turns":1}],"seed_played":"-4618851700742951154","potions_obtained":[{"floor":4.0,"key":"LifebloodPotion"},{"floor":6.0,"key":"REME_GoldPotion"},{"floor":7.0,"key":"DistilledChaos"},{"floor":8.0,"key":"BlessingOfTheForge"},{"floor":12.0,"key":"conspire:TimeTravelPotion"},{"floor":13.0,"key":"Flashbang"},{"floor":35.0,"key":"ColorlessPotion"},{"floor":38.0,"key":"AttackPotion"}],"is_trial":true,"path_per_floor":["M","M","M","M","M","E","E","E","T","E","M","E","E","E","R","B",null,"M","M","M","?","?","E","$","E","T","E","E","E","R","E","R","B",null,"M","M","$","M","?","E","E","E","T","E","R","E","$","E","R","B","B",null],"character_chosen":"THE_SILENT","items_purchased":["Membership Card","Dota2Spire:CrimsonGuard","BlankCard","Consecrate","Underhanded Strike","GuppysCollar","GuppysHairball","Replay:Baseball","Bottled Flame","FlurryOfBlows+1","Blade Dance","Accuracy","Guide Book","Dota2Spire:ArcaneBoots","Gremlin Horn","Well Laid Plans","Finesse"],"campfire_rested":0,"item_purchase_floors":[24,24,24,24,24,34,34,37,37,37,37,37,47,47,47,47,47],"current_hp_per_floor":[59,59,59,59,59,59,59,59,59,59,59,59,59,59,59,59,64,64,64,64,64,43,43,43,43,43,43,43,43,49,54,60,60,48,48,55,55,55,55,55,55,55,55,55,55,55,55,55,55,55,55],"gold":399,"neow_bonus":"","is_daily":false,"chose_seed":false,"campfire_upgraded":5,"win_rate":0.0,"timestamp":1612795069,"path_taken":["M","M","M","M","M","E","E","E","T","E","M","E","E","E","R","BOSS","M","M","M","?","?","E","$","E","T","E","E","E","R","E","R","BOSS","M","M","$","M","?","E","E","E","T","E","R","E","$","E","R","BOSS","BOSS"],"items_purchased_type":["Relic","Relic","Relic","Card","Card","Relic","Relic","Relic","Relic","Card","Card","Card","Relic","Relic","Relic","Card","Card"],"build_version":"2020-12-18","purchased_purges":1,"victory":true,"max_hp_per_floor":[66,66,66,66,66,66,66,66,66,66,66,66,66,66,66,66,66,66,66,66,66,66,66,66,66,66,66,66,66,66,71,71,71,48,48,55,55,55,55,55,55,55,55,55,55,55,55,55,55,55,55],"card_choices":[],"player_experience":663594,"relics_obtained":[{"floor":1.0,"key":"Potion Belt"},{"floor":2.0,"key":"HowToJump"},{"floor":3.0,"key":"Dota2Spire:MaskOfMadness"},{"floor":4.0,"key":"Dota2Spire:EchoSabre"},{"floor":5.0,"key":"Unceasing Top"},{"floor":6.0,"key":"AnarchistCookbook"},{"floor":7.0,"key":"Vajra"},{"floor":8.0,"key":"CeramicFish"},{"floor":9.0,"key":"Art of War"},{"floor":10.0,"key":"Oddly Smooth Stone"},{"floor":11.0,"key":"Akabeko"},{"floor":12.0,"key":"YumHeart"},{"floor":13.0,"key":"Thread and Needle"},{"floor":14.0,"key":"BookOfRevelations"},{"floor":18.0,"key":"Bird Faced Urn"},{"floor":19.0,"key":"MaYiHuaBei"},{"floor":20.0,"key":"Dota2Spire:PhaseBoots"},{"floor":22.0,"key":"Nilry\u0027s Codex"},{"floor":23.0,"key":"Void"},{"floor":25.0,"key":"Bag of Preparation"},{"floor":26.0,"key":"Eternal Feather"},{"floor":27.0,"key":"Anchor"},{"floor":28.0,"key":"Pen Nib"},{"floor":29.0,"key":"hubris:SlimyHat"},{"floor":31.0,"key":"Dota2Spire:EyeOfSkadi"},{"floor":35.0,"key":"TheBible"},{"floor":36.0,"key":"Strawberry"},{"floor":38.0,"key":"ReplayTheSpireMod:Ninjato"},{"floor":40.0,"key":"TheBean"},{"floor":41,"key":"Smiling Mask"},{"floor":42,"key":"MawBank"},{"floor":43,"key":"BookofShadows"},{"floor":44,"key":"Snack Pack"},{"floor":46,"key":"conspire:Dentures"},{"floor":48,"key":"Diplopia"}],"event_choices":[{"damage_healed":0.0,"max_hp_gain":0.0,"max_hp_loss":0.0,"gold_gain":0.0,"event_name":"The Mausoleum","player_choice":"Opened","floor":21.0,"gold_loss":0.0,"damage_taken":0.0,"relics_obtained":["Dota2Spire:LotusOrb"],"cards_obtained":["Writhe"]},{"damage_healed":0.0,"max_hp_gain":0.0,"max_hp_loss":0.0,"gold_gain":0.0,"event_name":"Cursed Tome","player_choice":"Obtained Book","floor":22.0,"gold_loss":0.0,"damage_taken":21.0}],"is_beta":true,"boss_relics":[{"not_picked":["conspire:SeveredTorchhead","hubris:VirtuousBlindfold"],"picked":"conspire:SlowCooker"},{"not_picked":[]},{"not_picked":["SacredBark","REME_LowDesire"],"picked":"Coffee Dripper"},{"not_picked":[]}],"items_purged_floors":[24],"is_endless":false,"potions_floor_spawned":[4,6,7,8,12,13,19,23,27,29,35,38,41,44,46,48],"ascension_level":20}}