{"host":"59wnhi65kiwmnpg4","time":1612780585,"event":{"mods":["2.2 Compatiblity","AchievementEnabler","BaseMod","BetterRewards","Colored Map","Custom Start","Disable Question Mark Monsters","Highlight Path","Minty Spire (QoL Compilation)","Permanent Neow","Relic Sorter","Relic Stats"],"gold_per_floor":[117,117,131,147,147,181,34,51,51,78,78,111,111,130,130,226,226,242,285,285,329,329,329,392,392,418,480,480,480,480,497,497,597,597,644,241,281,297,17,46,46,74,155,155,187,187,0,14,14,14],"floor_reached":51,"language":"ENG","playtime":4539,"items_purged":["Vigilance"],"score":1244,"play_id":"2625f98f-492f-4d3e-8d0b-44ff3ab5a994","local_time":"20210208103625","is_ascension_mode":true,"campfire_choices":[{"data":"Omniscience","floor":11.0,"key":"SMITH"},{"data":"TalkToTheHand","floor":13.0,"key":"SMITH"},{"data":"TalkToTheHand","floor":15.0,"key":"SMITH"},{"data":"Wish","floor":23.0,"key":"SMITH"},{"data":"ClearTheMind","floor":25.0,"key":"SMITH"},{"data":"Crescendo","floor":28.0,"key":"SMITH"},{"data":"Eruption","floor":30.0,"key":"SMITH"},{"data":"Scrawl","floor":32.0,"key":"SMITH"},{"data":"ForeignInfluence","floor":41,"key":"SMITH"},{"data":"Establishment","floor":44,"key":"SMITH"},{"data":"ConjureBlade","floor":49,"key":"SMITH"}],"circlet_count":0,"master_deck":["Eruption+1","TalkToTheHand+1","ClearTheMind+1","Conclude","FollowUp","TalkToTheHand+1","Omniscience+1","ForeignInfluence+1","Wish+1","Collect+1","EmptyFist+1","TalkToTheHand+1","Crescendo+1","Scrawl+1","FearNoEvil+1","Establishment+1","WreathOfFlame","Wish","FlyingSleeves+1","ClearTheMind","WaveOfTheHand","DeceiveReality","PathToVictory","Vengeance","PathToVictory","ForeignInfluence+1","ThirdEye+1","TalkToTheHand+1","Wireheading+1","FlurryOfBlows+1","BattleHymn+1","Protect","ConjureBlade+1"],"relics":["PureWater","FossilizedHelix","Eternal Feather","Bronze Scales","Kunai","Centennial Puzzle","Tiny Chest","Philosopher\u0027s Stone","Toy Ornithopter","Nunchaku","Molten Egg 2","Pandora\u0027s Box","Membership Card","Lantern","Frozen Egg 2","OrangePellets","Ancient Tea Set","Meat on the Bone","InkBottle","Torii","Red Mask"],"acts_visited":["Exordium","TheCity","TheBeyond"],"potions_floor_usage":[38,40,50,50,50],"damage_taken":[{"damage":2.0,"enemies":"2 Louse","floor":1.0,"turns":3.0},{"damage":0.0,"enemies":"Small Slimes","floor":3.0,"turns":3.0},{"damage":4.0,"enemies":"Cultist","floor":4.0,"turns":5.0},{"damage":20.0,"enemies":"3 Sentries","floor":6.0,"turns":7.0},{"damage":0.0,"enemies":"3 Louse","floor":8.0,"turns":1.0},{"damage":0.0,"enemies":"Lagavulin","floor":10.0,"turns":4.0},{"damage":0.0,"enemies":"3 Sentries","floor":12.0,"turns":7.0},{"damage":0.0,"enemies":"Red Slaver","floor":14.0,"turns":3.0},{"damage":0.0,"enemies":"The Guardian","floor":16.0,"turns":13.0},{"damage":0.0,"enemies":"Shell Parasite","floor":18.0,"turns":2.0},{"damage":12.0,"enemies":"3 Byrds","floor":19.0,"turns":4.0},{"damage":0.0,"enemies":"3 Cultists","floor":21.0,"turns":4.0},{"damage":0.0,"enemies":"Book of Stabbing","floor":24.0,"turns":4.0},{"damage":5.0,"enemies":"Slavers","floor":27.0,"turns":4.0},{"damage":9.0,"enemies":"Snake Plant","floor":31.0,"turns":2.0},{"damage":8.0,"enemies":"Collector","floor":33.0,"turns":6.0},{"damage":17.0,"enemies":"3 Shapes","floor":35.0,"turns":4.0},{"damage":0.0,"enemies":"Orb Walker","floor":37.0,"turns":2.0},{"damage":1,"enemies":"Sphere and 2 Shapes","floor":38,"turns":4},{"damage":0,"enemies":"Giant Head","floor":40,"turns":7},{"damage":8,"enemies":"Nemesis","floor":42,"turns":5},{"damage":0,"enemies":"Giant Head","floor":45,"turns":4},{"damage":0,"enemies":"Maw","floor":48,"turns":4},{"damage":0,"enemies":"Donu and Deca","floor":50,"turns":6}],"seed_played":"-2962606177686164838","potions_obtained":[{"floor":0.0,"key":"Strength Potion"},{"floor":0.0,"key":"Dexterity Potion"},{"floor":0.0,"key":"Explosive Potion"},{"floor":3.0,"key":"Ancient Potion"},{"floor":6.0,"key":"EssenceOfSteel"},{"floor":8.0,"key":"ColorlessPotion"},{"floor":10.0,"key":"PowerPotion"},{"floor":19.0,"key":"AttackPotion"},{"floor":31.0,"key":"AttackPotion"},{"floor":38,"key":"Explosive Potion"},{"floor":42,"key":"Regen Potion"},{"floor":45,"key":"DistilledChaos"},{"floor":48,"key":"Swift Potion"}],"is_trial":false,"path_per_floor":["M","?","M","M","?","E","$","M","T","E","R","E","R","M","R","B",null,"M","M","?","M","?","R","E","R","T","E","R","T","R","M","R","B",null,"M","$","M","M","$","E","R","E","T","R","E","?","?","M","R","B",null],"character_chosen":"WATCHER","items_purchased":["Bronze Scales","Membership Card","Lantern","CultistPotion","ForeignInfluence","SkillPotion","DistilledChaos","TalkToTheHand+1","Frozen Egg 2","Wireheading+1","OrangePellets"],"campfire_rested":0,"item_purchase_floors":[7,36,36,36,36,36,36,39,39,39,39],"current_hp_per_floor":[70,70,70,66,66,46,46,46,46,46,55,55,64,64,72,72,72,72,60,60,60,60,72,72,72,72,67,72,72,72,63,72,64,72,55,55,55,59,59,64,72,64,64,72,72,68,68,68,68,68],"gold":14,"neow_bonus":"THREE_SMALL_POTIONS","is_daily":false,"chose_seed":false,"campfire_upgraded":11,"win_rate":0.0,"timestamp":1612780585,"path_taken":["M","?","M","M","?","E","$","?","T","E","R","E","R","M","R","BOSS","M","M","?","?","?","R","E","R","T","E","R","?","R","?","R","BOSS","M","$","M","M","$","E","R","E","T","R","E","?","?","M","R","BOSS"],"items_purchased_type":["Relic","Relic","Relic","Potion","Card","Potion","Potion","Card","Relic","Card","Relic"],"build_version":"2020-12-22","purchased_purges":1,"victory":true,"max_hp_per_floor":[72,72,72,72,72,72,72,72,72,72,72,72,72,72,72,72,72,72,72,72,72,72,72,72,72,72,72,72,72,72,72,72,72,72,72,72,72,72,72,72,72,72,72,72,72,68,68,68,68,68],"relic_stats":{"Torii":0,"counters":[24,108],"Eternal Feather":68,"OrangePellets":[0],"Centennial Puzzle":[21],"Nunchaku":[15],"Bronze Scales":[251],"Tiny Chest":1,"Pandora\u0027s Box":["WreathOfFlame","Wish","FlyingSleeves","ClearTheMind","WaveOfTheHand","DeceiveReality","PathToVictory","Vengeance"],"Kunai":[52],"obtain_stats":[{"Lantern":36,"Torii":45,"Eternal Feather":6,"Frozen Egg 2":39,"Ancient Tea Set":40,"OrangePellets":39,"Centennial Puzzle":10,"Nunchaku":26,"Bronze Scales":7,"Tiny Chest":12,"Philosopher\u0027s Stone":17,"Molten Egg 2":27,"Pandora\u0027s Box":34,"Red Mask":47,"Kunai":9,"Membership Card":36,"PureWater":0,"FossilizedHelix":2,"Toy Ornithopter":24,"InkBottle":43,"Meat on the Bone":42},{"Lantern":17,"Torii":22,"Eternal Feather":4,"Frozen Egg 2":19,"Ancient Tea Set":20,"OrangePellets":19,"Centennial Puzzle":6,"Nunchaku":13,"Bronze Scales":4,"Tiny Chest":7,"Philosopher\u0027s Stone":9,"Molten Egg 2":14,"Pandora\u0027s Box":16,"Red Mask":22,"Kunai":5,"Membership Card":17,"PureWater":0,"FossilizedHelix":1,"Toy Ornithopter":13,"InkBottle":21,"Meat on the Bone":21},{"Lantern":76,"Torii":98,"Eternal Feather":18,"Frozen Egg 2":82,"Ancient Tea Set":89,"OrangePellets":82,"Centennial Puzzle":23,"Nunchaku":60,"Bronze Scales":18,"Tiny Chest":30,"Philosopher\u0027s Stone":46,"Molten Egg 2":64,"Pandora\u0027s Box":72,"Red Mask":98,"Kunai":19,"Membership Card":76,"PureWater":0,"FossilizedHelix":3,"Toy Ornithopter":60,"InkBottle":94,"Meat on the Bone":94}],"Toy Ornithopter":10,"InkBottle":[11],"Meat on the Bone":0},"card_choices":[{"not_picked":["WaveOfTheHand","SashWhip"],"picked":"TalkToTheHand","floor":1.0},{"not_picked":["LikeWater","Protect"],"picked":"ClearTheMind","floor":3.0},{"not_picked":["DeceiveReality","Prostrate"],"picked":"Conclude","floor":4.0},{"not_picked":["SashWhip","WindmillStrike"],"picked":"FollowUp","floor":6.0},{"not_picked":["FlyingSleeves","SashWhip"],"picked":"TalkToTheHand","floor":8.0},{"not_picked":["Tantrum","PathToVictory"],"picked":"Omniscience","floor":10.0},{"not_picked":["JustLucky","Pray","EmptyMind"],"picked":"SKIP","floor":12.0},{"not_picked":["CrushJoints","ClearTheMind"],"picked":"ForeignInfluence","floor":14.0},{"not_picked":["Scrawl","Establishment"],"picked":"Wish","floor":16.0},{"not_picked":["EmptyBody","ReachHeaven"],"picked":"Collect+1","floor":18.0},{"not_picked":["ThirdEye","CarveReality"],"picked":"EmptyFist+1","floor":19.0},{"not_picked":["Evaluate+1","CrushJoints","FollowUp+1"],"picked":"SKIP","floor":21.0},{"not_picked":["BowlingBash","PathToVictory"],"picked":"Crescendo","floor":24.0},{"not_picked":["Sanctity","JustLucky+1"],"picked":"Scrawl","floor":27.0},{"not_picked":["EmptyBody","Prostrate+1"],"picked":"FearNoEvil+1","floor":31.0},{"not_picked":["Scrawl","Alpha"],"picked":"Establishment","floor":33.0},{"not_picked":["Worship","SashWhip+1"],"picked":"PathToVictory","floor":35.0},{"not_picked":["SashWhip+1","FollowUp+1"],"picked":"ThirdEye+1","floor":37.0},{"not_picked":["PathToVictory","Halt","Swivel+1"],"picked":"SKIP","floor":38},{"not_picked":["FearNoEvil+1","PathToVictory"],"picked":"FlurryOfBlows+1","floor":40},{"not_picked":["EmptyBody","JustLucky+1"],"picked":"BattleHymn+1","floor":42},{"not_picked":["EmptyMind+1","EmptyBody+1"],"picked":"Protect","floor":45},{"not_picked":["Vengeance","ThirdEye+1"],"picked":"ConjureBlade","floor":48}],"player_experience":898104,"relics_obtained":[{"floor":6.0,"key":"Eternal Feather"},{"floor":9.0,"key":"Kunai"},{"floor":10.0,"key":"Centennial Puzzle"},{"floor":12.0,"key":"Tiny Chest"},{"floor":24.0,"key":"Toy Ornithopter"},{"floor":26.0,"key":"Nunchaku"},{"floor":27.0,"key":"Molten Egg 2"},{"floor":40,"key":"Ancient Tea Set"},{"floor":42,"key":"Meat on the Bone"},{"floor":43,"key":"InkBottle"},{"floor":45,"key":"Torii"}],"event_choices":[{"damage_healed":0.0,"max_hp_gain":0.0,"max_hp_loss":0.0,"gold_gain":0.0,"event_name":"Big Fish","player_choice":"Box","floor":2.0,"gold_loss":0.0,"damage_taken":0.0,"relics_obtained":["FossilizedHelix"],"cards_obtained":["Regret"]},{"cards_removed":["Regret"],"damage_healed":0.0,"max_hp_gain":0.0,"max_hp_loss":0.0,"gold_gain":0.0,"event_name":"Purifier","player_choice":"Purged","floor":5.0,"gold_loss":0.0,"damage_taken":0.0},{"damage_healed":0.0,"max_hp_gain":0.0,"max_hp_loss":0.0,"gold_gain":0.0,"event_name":"Upgrade Shrine","player_choice":"Upgraded","floor":20.0,"gold_loss":0.0,"damage_taken":0.0,"cards_upgraded":["ForeignInfluence"]},{"damage_healed":0.0,"max_hp_gain":0.0,"max_hp_loss":0.0,"gold_gain":0.0,"event_name":"Duplicator","player_choice":"Copied","floor":22.0,"gold_loss":0.0,"damage_taken":0.0,"cards_obtained":["TalkToTheHand"]},{"damage_healed":0,"gold_gain":0,"player_choice":"Max HP","damage_taken":0,"max_hp_gain":0,"max_hp_loss":4,"event_name":"Winding Halls","floor":46,"gold_loss":0},{"damage_healed":0,"gold_gain":0,"player_choice":"Paid","damage_taken":0,"relics_obtained":["Red Mask"],"max_hp_gain":0,"max_hp_loss":0,"event_name":"Tomb of Lord Red Mask","floor":47,"gold_loss":187}],"is_beta":false,"boss_relics":[{"not_picked":["Velvet Choker","Astrolabe"],"picked":"Philosopher\u0027s Stone"},{"not_picked":["Sozu","Calling Bell"],"picked":"Pandora\u0027s Box"}],"items_purged_floors":[36],"is_endless":false,"potions_floor_spawned":[3,6,8,10,19,31,37,38,42,45,48],"ascension_level":4}}