{"host":"dfpl7xml5jko8we2","time":1612794849,"event":{"mods":["2.2 Compatiblity","Act Like it!","Astrologer","Bard","BaseMod","Beaked The Cultist","Bestiary","Better Note","Better Third Choice","Challenge The Spire","Colored Map","Colored Powertips","Conspire","Curses Come First","Downfall","Duelist Mod","Energized Spire","Gensokyo","GifTheSpireLib","Gremlin Mod","Hallownest","Hermit","Hubris","Jorbs\u0027s Wanderer Trilogy","Mad Scientist","Marisa????????","Minty Spire (QoL Compilation)","Monster B Gone","Quick Restart","Rare Cards Sparkle","Reliquary","Remilia??????","Replay The Spire","Robot Space Explorer","Shade Mod","Shop Mod","Somnambulant","Spire Arcade","StSLib","The Bladedancer","The Bug Knight","The Construct","The Disciple","The Dragon Tamer","The Elementalist","The Forsaken","The Gatherer","The Hayseed","The Hierophant","The Marked","The Mystic","The Necromancer","The Poker Player","The Runesmith","The Saiyan","The Servant 0.9.4","The Wild Card","TheBandit","Wandering Minibosses","everything is the same but u backflip on backflip","slay the spire mod where everything is the same but ironclad has a cowboy hat"],"gold_per_floor":[119,166,166,166,166,199,261,261,261,278,278,278,288,323,323,424,424,438,438,488,78,130,162,162,17,17,27,27,82,82,82,82,82,82,191,191,211,211,211,249,41,41,41,53,78,243,278,278,319,347,347],"floor_reached":50,"language":"ENG","playtime":5229,"items_purged":["theWildCard:Odin"],"score":611,"play_id":"f47f9e1c-4774-4150-8612-7abffb200f87","local_time":"20210208083409","is_ascension_mode":false,"campfire_choices":[{"floor":8.0,"key":"REST"},{"floor":12.0,"key":"RECALL"},{"floor":15.0,"key":"REST"},{"floor":24,"key":"REST"},{"floor":30,"key":"REST"},{"data":"hermit:Dive","floor":42,"key":"SMITH"},{"floor":48,"key":"REST"}],"circlet_count":0,"master_deck":["hermit:Defend_Hermit","hermit:Defend_Hermit","hermit:Defend_Hermit","hermit:Defend_Hermit","hermit:Snapshot","hermit:Covet","Defend_Br","hermit:Feint","hermit:Manifest+1","theForsaken:PlagueCurse","hermit:Glare","hermit:Midnight+1","hermit:Quickdraw","hermit:CursedWeapon","hermit:Enervate","hermit:FatalDesire","hermit:Deadeye","conspire:SpireCoStock+1","ReplayTheSpireMod:Private Reserves","hermit:Determination","hermit:HighCaliber","hermit:Horror","hermit:PistolWhip","hermit:SprayPray+1","hermit:RoundhouseKick","hubris:DuctTapeCard","hermit:GhostlyPresence","Bite","Bite","Bite","Bite","Bite","hermit:HighNoon","hermit:Purgatory","CurseOfTheBell","hermit:Showdown","hermit:Dive+1","hermit:Midnight+1","hermit:Midnight+1","hermit:Spite+1","hermit:TrackingShot+1","hermit:Snipe+1","hermit:TakeAim+1","Panache+1","Mayhem+1","Midas Touch+1","hermit:EyeOfTheStorm+1","hermit:Dissolve+1","hermit:Brawl+1","hermit:Headshot"],"relics":["hermit:Momento","hubris:MedicalManual","theForsaken:PlagueMask","PreservedInsect","Replay:Rubber Ducky","hubris:Icosahedron","Eternal Feather","reliquary:SilkGlove","Membership Card","hubris:DuctTape","hubris:SlimyHat","Calling Bell","Replay:Mystery Machine","Golden Egg","Peace Pipe","ReplayTheSpireMod:ShopPack","Ginger","Replay:Bandana","Replay:Bottled Snecko"],"acts_visited":["Exordium","TheCity","TheBeyond"],"potions_floor_usage":[23,35,40,47],"damage_taken":[{"damage":1.0,"enemies":"Cultist","floor":1.0,"turns":4.0},{"damage":21.0,"enemies":"Jaw Worm","floor":2.0,"turns":6.0},{"damage":13.0,"enemies":"HollowMod:MossKnight","floor":6.0,"turns":17.0},{"damage":11.0,"enemies":"3 Sentries","floor":7.0,"turns":8.0},{"damage":4.0,"enemies":"conspire:RoseBush","floor":10.0,"turns":2.0},{"damage":9.0,"enemies":"Large Slime","floor":13.0,"turns":5.0},{"damage":15.0,"enemies":"Replay:BlueRogue","floor":14.0,"turns":6.0},{"damage":33.0,"enemies":"Slime Boss","floor":16.0,"turns":7.0},{"damage":12,"enemies":"2 Thieves","floor":18,"turns":5},{"damage":24,"enemies":"conspire:FuzzyDice","floor":20,"turns":7},{"damage":20,"enemies":"Centurion and Healer","floor":22,"turns":5},{"damage":7,"enemies":"theDuelist:KaibaA2","floor":23,"turns":4},{"damage":17,"enemies":"Snecko","floor":27,"turns":4},{"damage":25,"enemies":"conspire:Head Lice","floor":29,"turns":5},{"damage":63,"enemies":"conspire:MysteriousRune","floor":35,"turns":10},{"damage":51,"enemies":"3 Shapes","floor":37,"turns":2},{"damage":15,"enemies":"3 Darklings","floor":40,"turns":5},{"damage":29,"enemies":"Spire Growth","floor":44,"turns":5},{"damage":22,"enemies":"conspire:MimicChest","floor":46,"turns":6},{"damage":8,"enemies":"Maw","floor":47,"turns":6},{"damage":5,"enemies":"Jaw Worm Horde","floor":49,"turns":4},{"damage":46,"enemies":"Spire Growth","floor":50,"turns":3}],"seed_played":"-1208227454490328717","potions_obtained":[{"floor":7.0,"key":"FearPotion"},{"floor":10.0,"key":"Guardian:BlockOnCardUsePotion"},{"floor":13.0,"key":"SkillPotion"},{"floor":14.0,"key":"Reflective Coating"},{"floor":20,"key":"EssenceOfSteel"},{"floor":29,"key":"Swift Potion"},{"floor":40,"key":"LifebloodPotion"},{"floor":47,"key":"hermit:BlackBile"}],"is_trial":false,"path_per_floor":["M","M","?","?","?","E","?","R","T","M","?","R","M","E","R","B",null,"M","?","M","$","M","E","R","$","T","M","?","E","R","PTL","PTL","?","R_BF","B",null,"M","?","?","M","$","R","?","M","T","?","M","R","M","M"],"character_chosen":"HERMIT","items_purchased":["ReplayTheSpireMod:Private Reserves","hermit:Determination","hermit:HighCaliber","hermit:Horror","hermit:PistolWhip","Membership Card","ReplayTheSpireMod:ShopPack","hermit:Midnight","hermit:Spite","hermit:TrackingShot","hermit:Snipe","hermit:TakeAim"],"campfire_rested":5,"item_purchase_floors":[21,21,21,21,21,25,41,41,41,41,41,41],"current_hp_per_floor":[74,53,53,53,53,40,29,51,51,47,47,47,38,23,57,24,75,63,63,39,39,19,12,52,52,52,35,35,14,47,47,47,47,52,3,52,7,45,45,40,40,45,45,20,20,8,4,44,41,0,0],"gold":347,"neow_bonus":"ONE_RARE_RELIC","is_daily":false,"chose_seed":false,"campfire_upgraded":1,"win_rate":0.0,"timestamp":1612794849,"path_taken":["M","M","?","?","?","E","?","R","T","?","?","R","M","E","R","BOSS","BOSS","M","?","M","$","M","E","R","$","T","?","?","E","R","PTL","PTL","?","R_BF","BOSS","M","?","?","M","?","R","?","M","T","?","M","R","M","M"],"items_purchased_type":["Card","Card","Card","Card","Card","Relic","Relic","Card","Card","Card","Card","Card"],"build_version":"2020-12-22","purchased_purges":1,"victory":false,"max_hp_per_floor":[75,75,75,75,75,75,75,75,75,75,75,75,75,75,75,75,75,75,75,75,75,75,75,75,75,75,75,52,52,52,52,52,52,52,52,52,52,45,45,45,45,45,45,45,45,45,45,45,45,45,45],"card_choices":[{"not_picked":["hermit:WideOpen","hermit:HoleUp"],"picked":"hermit:Feint","floor":1.0},{"not_picked":["hermit:DeadMansHand","hermit:Coalescence"],"picked":"hermit:Manifest","floor":2.0},{"not_picked":["hermit:TakeCover","hermit:LoneWolf"],"picked":"hermit:Glare","floor":6.0},{"not_picked":["hermit:ItchyTrigger","hermit:Snipe"],"picked":"hermit:Midnight","floor":7.0},{"not_picked":["hermit:Gestalt","hermit:Feint"],"picked":"hermit:Quickdraw","floor":10.0},{"not_picked":["hermit:Coalescence","hermit:LoneWolf"],"picked":"hermit:CursedWeapon","floor":13.0},{"not_picked":["hermit:PistolWhip","hermit:ItchyTrigger"],"picked":"hermit:Enervate","floor":14.0},{"not_picked":["hermit:Magnum","hermit:OverwhelmingPower"],"picked":"hermit:FatalDesire","floor":16},{"not_picked":["hermit:TrackingShot","hermit:Snipe"],"picked":"hermit:Deadeye","floor":18},{"not_picked":["hermit:LowProfile","hermit:Manifest"],"picked":"hermit:Glare","floor":20},{"not_picked":["hermit:HoleUp","hermit:Roulette"],"picked":"hermit:SprayPray+1","floor":22},{"not_picked":["hermit:Midnight","hermit:FatalDesire"],"picked":"hermit:RoundhouseKick","floor":23},{"not_picked":["hermit:LowProfile+1","hermit:Glare"],"picked":"hermit:GhostlyPresence","floor":27},{"not_picked":["hermit:NoHoldsBarred","hermit:LoneWolf+1"],"picked":"hermit:HighNoon","floor":29},{"not_picked":["hermit:FromBeyond","hermit:Magnum"],"picked":"hermit:Purgatory","floor":35},{"not_picked":["hermit:Manifest","hermit:Ricochet"],"picked":"hermit:Showdown","floor":37},{"not_picked":["hermit:TakeCover","hermit:Deadeye+1"],"picked":"hermit:Dive","floor":40},{"not_picked":["ReplayUltimateDefense","Chrysalis"],"picked":"Panache","floor":41},{"not_picked":["ReplayTheSpireMod:Private Reserves","Good Instincts"],"picked":"Mayhem","floor":41},{"not_picked":["Metamorphosis","Good Instincts"],"picked":"Midas Touch","floor":41},{"not_picked":["hermit:Snipe+1","hermit:TakeAim"],"picked":"hermit:EyeOfTheStorm+1","floor":44},{"not_picked":["hermit:SprayPray+1","hermit:CursedWeapon"],"picked":"hermit:Dissolve","floor":46},{"not_picked":["hermit:SprayPray+1","hermit:Feint+1"],"picked":"hermit:Brawl+1","floor":47},{"not_picked":["hermit:Dive+1","hermit:CalledShot"],"picked":"hermit:Headshot","floor":49}],"player_experience":339502,"relics_obtained":[{"floor":6.0,"key":"PreservedInsect"},{"floor":7.0,"key":"Replay:Rubber Ducky"},{"floor":14.0,"key":"Eternal Feather"},{"floor":23,"key":"reliquary:SilkGlove"},{"floor":26,"key":"hubris:DuctTape"},{"floor":29,"key":"hubris:SlimyHat"},{"floor":36,"key":"Replay:Mystery Machine"},{"floor":36,"key":"Golden Egg"},{"floor":36,"key":"Peace Pipe"},{"floor":45,"key":"Replay:Bandana"},{"floor":46,"key":"Replay:Bottled Snecko"}],"event_choices":[{"damage_healed":0.0,"max_hp_gain":0.0,"max_hp_loss":0.0,"gold_gain":0.0,"event_name":"Plague Doctor","player_choice":"Obtain Plague Curse","floor":5.0,"gold_loss":0.0,"damage_taken":0.0,"cards_obtained":["theForsaken:PlagueCurse"]},{"damage_healed":0.0,"max_hp_gain":0.0,"max_hp_loss":0.0,"gold_gain":30.0,"event_name":"Dead Adventurer","player_choice":"Searched \u00273\u0027 times","floor":7.0,"gold_loss":0.0,"damage_taken":0.0},{"cards_removed":["hermit:Manifest"],"damage_healed":0,"gold_gain":0,"player_choice":"Take \u0026 Give","damage_taken":0,"max_hp_gain":0,"max_hp_loss":0,"event_name":"betterNote:BetterNote","floor":19,"gold_loss":0,"cards_obtained":["conspire:SpireCoStock"]},{"damage_healed":0,"gold_gain":0,"player_choice":"Became a vampire","damage_taken":0,"max_hp_gain":0,"max_hp_loss":23,"event_name":"Vampires","floor":28,"gold_loss":0,"cards_obtained":["Bite","Bite","Bite","Bite","Bite"]},{"damage_healed":45,"gold_gain":0,"player_choice":"Heal","damage_taken":0,"max_hp_gain":0,"max_hp_loss":7,"event_name":"The Moai Head","floor":38,"gold_loss":0},{"cards_removed":["hermit:Glare"],"damage_healed":0,"gold_gain":0,"player_choice":"Removed Skill","damage_taken":0,"max_hp_gain":0,"max_hp_loss":0,"event_name":"Falling","floor":39,"gold_loss":0}],"is_beta":false,"boss_relics":[{"not_picked":["Runic Pyramid","Coffee Dripper","beaked:MawFillet"]},{"not_picked":["construct:ClawGrip","hubris:VirtuousBlindfold"],"picked":"Calling Bell"}],"items_purged_floors":[21],"is_endless":false,"potions_floor_spawned":[7,10,13,14,20,29,40,47],"killed_by":"Spire Growth","ascension_level":0}}