{"host":"zwezhz46a5cjkxff","time":1612790229,"event":{"mods":["AchievementEnabler","BaseMod","Colored Map","Colored Powertips","DeckTracker","Minty Spire (QoL Compilation)","Permanent Neow","Quick Restart","Rare Cards Sparkle","Relic Stats","StSLib","SuperFastMode"],"gold_per_floor":[116,116,12,12,26,26,58,58,84,113,38,38,38,72,72,168,168,185,196,215,229,129,129,161,260,338,338,62,62,62,80,80,177,177,189,0,17,33,51,51,51],"floor_reached":40,"language":"ENG","playtime":1228,"items_purged":["Defend_B","Strike_B","Injury"],"score":464,"play_id":"16cea337-b696-437d-94c9-be91b699054a","local_time":"20210208071709","is_ascension_mode":true,"campfire_choices":[{"data":"Loop","floor":6,"key":"SMITH"},{"data":"Zap","floor":15,"key":"SMITH"},{"floor":27,"key":"RECALL"},{"data":"Defragment","floor":30,"key":"SMITH"},{"data":"Dualcast","floor":32,"key":"SMITH"}],"circlet_count":0,"master_deck":["Strike_B","Strike_B","Defend_B","Defend_B","Defend_B","Zap+1","Dualcast+1","Loop+1","FTL","Chill","Electrodynamics","Self Repair","Seek","Seek","Beam Cell","Coolheaded","Defragment+1","Writhe","Thunder Strike+1","Loop+1","Coolheaded+1"],"relics":["Cracked Core","Thread and Needle","Juzu Bracelet","Boot","Meat on the Bone","Pear","Cursed Key","Molten Egg 2","Pen Nib","Bottled Tornado","Anchor","Happy Flower","Sozu","Red Mask"],"acts_visited":["Exordium","TheCity","TheBeyond"],"potions_floor_usage":[7,16,21,33,38],"damage_taken":[{"damage":6,"enemies":"Cultist","floor":1,"turns":4},{"damage":0,"enemies":"Jaw Worm","floor":5,"turns":3},{"damage":10,"enemies":"3 Sentries","floor":7,"turns":9},{"damage":25,"enemies":"Gremlin Nob","floor":10,"turns":4},{"damage":2,"enemies":"3 Sentries","floor":14,"turns":5},{"damage":41,"enemies":"The Guardian","floor":16,"turns":11},{"damage":16,"enemies":"Shell Parasite","floor":18,"turns":5},{"damage":1,"enemies":"Chosen","floor":19,"turns":4},{"damage":35,"enemies":"Snake Plant","floor":20,"turns":4},{"damage":0,"enemies":"3 Cultists","floor":21,"turns":2},{"damage":49,"enemies":"Book of Stabbing","floor":24,"turns":8},{"damage":0,"enemies":"Sentry and Sphere","floor":31,"turns":4},{"damage":31,"enemies":"Champ","floor":33,"turns":13},{"damage":0,"enemies":"Orb Walker","floor":35,"turns":3},{"damage":0,"enemies":"3 Shapes","floor":37,"turns":2},{"damage":17,"enemies":"Writhing Mass","floor":38,"turns":5},{"damage":38,"enemies":"Spire Growth","floor":39,"turns":4},{"damage":63,"enemies":"Nemesis","floor":40,"turns":7}],"seed_played":"2227111314497875788","potions_obtained":[{"floor":5,"key":"LiquidMemories"},{"floor":14,"key":"FearPotion"},{"floor":16,"key":"Swift Potion"},{"floor":19,"key":"BlessingOfTheForge"},{"floor":31,"key":"LiquidMemories"},{"floor":33,"key":"AttackPotion"}],"is_trial":false,"path_per_floor":["M","?","$","?","M","R","E","$","T","E","$","T","?","E","R","B",null,"M","M","M","M","$","?","E","?","T","R","$","?","R","M","R","B",null,"M","?","M","M","M","E"],"character_chosen":"DEFECT","items_purchased":["FTL","Chill","Anchor"],"campfire_rested":0,"item_purchase_floors":[3,3,28],"current_hp_per_floor":[69,62,62,62,62,62,52,52,52,27,27,27,27,54,54,32,85,76,82,54,64,64,64,34,34,34,34,34,34,34,53,53,41,85,85,85,85,75,56,0,0],"gold":51,"neow_bonus":"ONE_RARE_RELIC","is_daily":false,"chose_seed":false,"campfire_upgraded":4,"win_rate":0.0,"timestamp":1612790229,"path_taken":["M","?","$","?","?","R","E","$","T","E","$","?","?","E","R","BOSS","M","M","M","M","$","?","E","?","T","R","$","?","R","M","R","BOSS","M","?","M","M","M","E"],"items_purchased_type":["Card","Card","Relic"],"build_version":"2020-12-22","purchased_purges":3,"victory":false,"max_hp_per_floor":[75,75,75,75,75,75,75,75,75,75,75,75,75,85,85,85,85,85,85,85,85,85,85,85,85,85,85,85,85,85,85,85,85,85,85,85,85,85,85,85,85],"relic_stats":{"Sozu":1,"Happy Flower":[12],"counters":[18,94],"Pen Nib":[5],"Juzu Bracelet":1,"Boot":[85],"Cursed Key":1,"obtain_stats":[{"Pear":14,"Happy Flower":29,"Thread and Needle":0,"Pen Nib":24,"Juzu Bracelet":7,"Bottled Tornado":26,"Boot":10,"Cursed Key":17,"Sozu":34,"Anchor":28,"Molten Egg 2":23,"Red Mask":36,"Cracked Core":0,"Meat on the Bone":12},{"Pear":5,"Happy Flower":11,"Thread and Needle":0,"Pen Nib":11,"Juzu Bracelet":3,"Bottled Tornado":11,"Boot":4,"Cursed Key":6,"Sozu":13,"Anchor":11,"Molten Egg 2":10,"Red Mask":14,"Cracked Core":0,"Meat on the Bone":4},{"Pear":24,"Happy Flower":57,"Thread and Needle":0,"Pen Nib":57,"Juzu Bracelet":16,"Bottled Tornado":57,"Boot":20,"Cursed Key":35,"Sozu":74,"Anchor":57,"Molten Egg 2":49,"Red Mask":77,"Cracked Core":0,"Meat on the Bone":20}],"Meat on the Bone":72},"card_choices":[{"not_picked":["Conserve Battery","BootSequence"],"picked":"Loop","floor":1},{"not_picked":["Heatsinks","Rip and Tear","Go for the Eyes"],"picked":"SKIP","floor":5},{"not_picked":["Lockon","Multi-Cast"],"picked":"Electrodynamics","floor":7},{"not_picked":["Go for the Eyes","Cold Snap"],"picked":"Self Repair","floor":10},{"not_picked":["Doom and Gloom","Hologram"],"picked":"Seek","floor":14},{"not_picked":["Electrodynamics","Reboot"],"picked":"Seek","floor":16},{"not_picked":["Auto Shields","Hologram"],"picked":"Beam Cell","floor":18},{"not_picked":["Conserve Battery","Gash+1","Barrage"],"picked":"SKIP","floor":19},{"not_picked":["Gash","FTL"],"picked":"Coolheaded","floor":20},{"not_picked":["Hologram","Conserve Battery+1"],"picked":"Defragment","floor":21},{"not_picked":["Machine Learning","Stack","Force Field+1"],"picked":"SKIP","floor":24},{"not_picked":["Steam","Rip and Tear+1","Scrape+1"],"picked":"SKIP","floor":31},{"not_picked":["All For One+1","Multi-Cast"],"picked":"Thunder Strike+1","floor":33},{"not_picked":["Beam Cell+1","Cold Snap+1","Conserve Battery+1"],"picked":"SKIP","floor":35},{"not_picked":["Redo+1","Streamline+1"],"picked":"Loop+1","floor":37},{"not_picked":["Steam","Leap"],"picked":"Coolheaded+1","floor":38},{"not_picked":["Electrodynamics","Go for the Eyes+1","Sweeping Beam+1"],"picked":"SKIP","floor":39}],"player_experience":89274,"relics_obtained":[{"floor":7,"key":"Juzu Bracelet"},{"floor":10,"key":"Boot"},{"floor":12,"key":"Meat on the Bone"},{"floor":14,"key":"Pear"},{"floor":24,"key":"Pen Nib"},{"floor":26,"key":"Bottled Tornado"}],"event_choices":[{"cards_removed":["Decay"],"damage_healed":0,"gold_gain":0,"player_choice":"Card Removal","damage_taken":7,"max_hp_gain":0,"max_hp_loss":0,"event_name":"Golden Wing","floor":2,"gold_loss":0},{"cards_removed":["Strike_B"],"damage_healed":0,"gold_gain":0,"player_choice":"Purged","damage_taken":0,"max_hp_gain":0,"max_hp_loss":0,"event_name":"Purifier","floor":4,"gold_loss":0},{"damage_healed":0,"gold_gain":0,"player_choice":"Ignored","damage_taken":0,"max_hp_gain":0,"max_hp_loss":0,"event_name":"Liars Game","floor":13,"gold_loss":0},{"damage_healed":0,"gold_gain":0,"player_choice":"Gave Potion","damage_taken":0,"relics_obtained":["Molten Egg 2"],"max_hp_gain":0,"max_hp_loss":0,"event_name":"WeMeetAgain","floor":23,"gold_loss":0},{"damage_healed":0,"gold_gain":99,"player_choice":"Stole From Cult","damage_taken":0,"max_hp_gain":0,"max_hp_loss":0,"event_name":"Nest","floor":25,"gold_loss":0},{"damage_healed":0,"gold_gain":0,"player_choice":"Opened","damage_taken":0,"relics_obtained":["Happy Flower"],"max_hp_gain":0,"max_hp_loss":0,"event_name":"The Mausoleum","floor":29,"gold_loss":0,"cards_obtained":["Writhe"]},{"damage_healed":0,"gold_gain":0,"player_choice":"Paid","damage_taken":0,"relics_obtained":["Red Mask"],"max_hp_gain":0,"max_hp_loss":0,"event_name":"Tomb of Lord Red Mask","floor":36,"gold_loss":189}],"is_beta":false,"boss_relics":[{"not_picked":["Runic Pyramid","Black Star"],"picked":"Cursed Key"},{"not_picked":["Busted Crown","Nuclear Battery"],"picked":"Sozu"}],"items_purged_floors":[11,22,28],"is_endless":false,"potions_floor_spawned":[5,14,16,19,31,33,39],"killed_by":"Nemesis","ascension_level":2}}