{"host":"mnpd8gh7cwxsn5kh","time":1612799019,"event":{"mods":["BaseMod","Bestiary","Block Reminder","Colored Map","Colored Powertips","Highlight Path","Minty Spire (QoL Compilation)","Relic Sorter","Relic Stats"],"gold_per_floor":[117,117,133,133,7,50,64,64,64,64,95,111,149,173,173,292,292,315,356,381,381,149,149,172,172,198,229,229,245,245,283,283,403,403,423,486,154,154,168,211,211,231,283,283,616,229,246,103,103,103],"floor_reached":51,"language":"ENG","playtime":5686,"items_purged":["Strike_G","Grand Finale","Strike_G+1"],"score":1204,"play_id":"b4b067ca-1801-4b46-bec5-b0fe57432f59","local_time":"20210208164339","is_ascension_mode":true,"campfire_choices":[{"data":"Wraith Form v2","floor":8,"key":"SMITH"},{"floor":15,"key":"REST"},{"floor":23,"key":"REST"},{"data":"Well Laid Plans","floor":25,"key":"SMITH"},{"floor":28,"key":"REST"},{"floor":32,"key":"REST"},{"data":"After Image","floor":41,"key":"SMITH"},{"data":"Calculated Gamble","floor":44,"key":"SMITH"},{"data":"Envenom","floor":49,"key":"SMITH"}],"circlet_count":0,"master_deck":["AscendersBane","Defend_G","Defend_G","Survivor","Neutralize","Heel Hook+1","Leg Sweep+1","Night Terror+1","PiercingWail","Flying Knee","Wraith Form v2+1","Quick Slash+1","Well Laid Plans+1","Corpse Explosion","Leg Sweep","Poisoned Stab+1","Glass Knife+1","Skewer+1","Calculated Gamble+1","Dash+1","Backflip+1","Masterful Stab+1","Bouncing Flask","Cloak And Dagger+1","After Image+1","Poisoned Stab+1","PiercingWail","Flash of Steel+1","Poisoned Stab+1","Secret Technique","Calculated Gamble","Tools of the Trade","PiercingWail+1","Crippling Poison+1","Envenom+1"],"relics":["Astrolabe","Letter Opener","Molten Egg 2","Shovel","Odd Mushroom","Sozu","Red Mask","Nilry\u0027s Codex","Bronze Scales","Happy Flower","Lantern","Kunai","Empty Cage","FossilizedHelix","Whetstone","Bottled Tornado","Juzu Bracelet","Orrery"],"acts_visited":["Exordium","TheCity","TheBeyond"],"potions_floor_usage":[11,16,18],"damage_taken":[{"damage":0,"enemies":"2 Louse","floor":1,"turns":4},{"damage":0,"enemies":"Jaw Worm","floor":3,"turns":5},{"damage":5,"enemies":"Lagavulin","floor":6,"turns":6},{"damage":0,"enemies":"Small Slimes","floor":7,"turns":4},{"damage":32,"enemies":"3 Sentries","floor":11,"turns":13},{"damage":1,"enemies":"Looter","floor":12,"turns":5},{"damage":1,"enemies":"The Mushroom Lair","floor":13,"turns":2},{"damage":12,"enemies":"3 Louse","floor":14,"turns":4},{"damage":26,"enemies":"The Guardian","floor":16,"turns":15},{"damage":5,"enemies":"Spheric Guardian","floor":18,"turns":6},{"damage":7,"enemies":"Masked Bandits","floor":19,"turns":2},{"damage":3,"enemies":"Chosen","floor":20,"turns":4},{"damage":3,"enemies":"Centurion and Healer","floor":24,"turns":4},{"damage":24,"enemies":"Slavers","floor":27,"turns":3},{"damage":3,"enemies":"Snake Plant","floor":29,"turns":4},{"damage":2,"enemies":"Gremlin Leader","floor":31,"turns":7},{"damage":9,"enemies":"Champ","floor":33,"turns":10},{"damage":0,"enemies":"3 Shapes","floor":35,"turns":6},{"damage":2,"enemies":"Mind Bloom Boss Battle","floor":36,"turns":9},{"damage":0,"enemies":"3 Darklings","floor":39,"turns":4},{"damage":0,"enemies":"Giant Head","floor":40,"turns":8},{"damage":0,"enemies":"Transient","floor":42,"turns":5},{"damage":0,"enemies":"Jaw Worm Horde","floor":47,"turns":3},{"damage":30,"enemies":"Donu and Deca","floor":50,"turns":10}],"seed_played":"-2271310336002174545","potions_obtained":[{"floor":7,"key":"FearPotion"},{"floor":12,"key":"EssenceOfSteel"},{"floor":14,"key":"Energy Potion"},{"floor":16,"key":"GamblersBrew"}],"is_trial":false,"path_per_floor":["M","?","M","?","$","E","M","R","T","?","E","M","?","M","R","B",null,"M","?","M","?","$","R","M","R","T","E","R","M","?","E","R","B",null,"M","?","$","?","M","E","R","M","T","R","?","$","M","$","R","B",null],"character_chosen":"THE_SILENT","items_purchased":["Wraith Form v2","Quick Slash","Bronze Scales","Whetstone","Flash of Steel+1","Secret Technique","Calculated Gamble","Orrery"],"campfire_rested":4,"item_purchase_floors":[5,5,22,37,37,46,46,48],"current_hp_per_floor":[63,63,63,63,63,58,58,58,58,58,26,25,24,12,31,5,50,45,38,35,19,19,38,35,35,35,11,30,27,27,25,44,35,58,58,56,56,56,56,56,56,56,56,56,56,56,56,56,56,26],"gold":103,"neow_bonus":"BOSS_RELIC","is_daily":false,"chose_seed":false,"campfire_upgraded":5,"win_rate":0.0,"timestamp":1612799019,"path_taken":["M","?","M","?","$","E","M","R","T","?","E","M","?","M","R","BOSS","M","?","M","?","$","R","M","R","T","E","R","M","?","E","R","BOSS","M","?","$","?","M","E","R","?","T","R","?","?","M","$","R","BOSS"],"items_purchased_type":["Card","Card","Relic","Relic","Card","Card","Card","Relic"],"build_version":"2020-12-22","purchased_purges":3,"victory":true,"max_hp_per_floor":[70,70,70,65,65,65,65,65,65,65,65,65,65,65,65,65,65,65,65,65,65,65,65,65,65,65,65,65,65,65,65,65,65,65,65,65,65,62,62,62,62,62,62,62,62,62,62,62,62,62],"relic_stats":{"Sozu":7,"Shovel":0,"Happy Flower":[23],"counters":[24,143],"Astrolabe":["Heel Hook","Leg Sweep","Night Terror"],"Bronze Scales":[211],"Juzu Bracelet":0,"Letter Opener":[102],"Kunai":[21],"Whetstone":["Strike_G","Quick Slash"],"obtain_stats":[{"Lantern":27,"Happy Flower":26,"Golden Idol":4,"Nilry\u0027s Codex":21,"Astrolabe":0,"Juzu Bracelet":43,"Letter Opener":6,"Whetstone":37,"Odd Mushroom":13,"Bottled Tornado":40,"Empty Cage":34,"Sozu":17,"Shovel":11,"Bronze Scales":22,"Orrery":48,"Molten Egg 2":9,"Red Mask":19,"Kunai":31,"FossilizedHelix":36,"Ring of the Snake":0},{"Lantern":14,"Happy Flower":13,"Golden Idol":2,"Nilry\u0027s Codex":12,"Astrolabe":0,"Juzu Bracelet":22,"Letter Opener":3,"Whetstone":19,"Odd Mushroom":7,"Bottled Tornado":21,"Empty Cage":17,"Sozu":9,"Shovel":5,"Bronze Scales":12,"Orrery":23,"Molten Egg 2":4,"Red Mask":11,"Kunai":16,"FossilizedHelix":19,"Ring of the Snake":0},{"Lantern":77,"Happy Flower":74,"Golden Idol":9,"Nilry\u0027s Codex":70,"Astrolabe":0,"Juzu Bracelet":130,"Letter Opener":15,"Whetstone":113,"Odd Mushroom":39,"Bottled Tornado":125,"Empty Cage":98,"Sozu":58,"Shovel":32,"Bronze Scales":70,"Orrery":133,"Molten Egg 2":19,"Red Mask":66,"Kunai":88,"FossilizedHelix":113,"Ring of the Snake":0}]},"card_choices":[{"not_picked":["Calculated Gamble","Outmaneuver"],"picked":"PiercingWail","floor":1},{"not_picked":["Outmaneuver","Flechettes"],"picked":"Flying Knee","floor":3},{"not_picked":["Outmaneuver","Riddle With Holes","Deadly Poison"],"picked":"SKIP","floor":6},{"not_picked":["Expertise","Calculated Gamble"],"picked":"Well Laid Plans","floor":7},{"not_picked":["Flying Knee+1","PiercingWail"],"picked":"Corpse Explosion","floor":11},{"not_picked":["Dodge and Roll","Bane+1","Accuracy"],"picked":"SKIP","floor":12},{"not_picked":["Crippling Poison","Caltrops"],"picked":"Leg Sweep","floor":13},{"not_picked":["Underhanded Strike+1","Footwork"],"picked":"Poisoned Stab+1","floor":14},{"not_picked":["After Image","A Thousand Cuts"],"picked":"Glass Knife+1","floor":16},{"not_picked":["Backflip","Blade Dance"],"picked":"Skewer+1","floor":18},{"not_picked":["Flying Knee+1","Bane+1"],"picked":"Calculated Gamble","floor":19},{"not_picked":["Backflip","Acrobatics"],"picked":"Dash+1","floor":20},{"not_picked":["Heel Hook+1","Expertise"],"picked":"Backflip+1","floor":24},{"not_picked":["Setup","Underhanded Strike+1"],"picked":"Masterful Stab+1","floor":27},{"not_picked":["Blade Dance","Endless Agony+1"],"picked":"Bouncing Flask","floor":29},{"not_picked":["Venomology","Tactician"],"picked":"Cloak And Dagger+1","floor":31},{"not_picked":["Die Die Die+1","Bullet Time"],"picked":"After Image","floor":33},{"not_picked":["Blade Dance","Backflip"],"picked":"Poisoned Stab+1","floor":35},{"not_picked":["Deflect+1","Outmaneuver"],"picked":"PiercingWail","floor":36},{"not_picked":["Flying Knee+1","Blur"],"picked":"Poisoned Stab+1","floor":39},{"not_picked":["Poisoned Stab+1","Backstab+1","Flechettes+1"],"picked":"SKIP","floor":40},{"not_picked":["Prepared","Slice+1","Dagger Spray+1"],"picked":"SKIP","floor":42},{"not_picked":["Underhanded Strike+1","Infinite Blades"],"picked":"Tools of the Trade","floor":47},{"not_picked":["Predator+1","Choke+1"],"picked":"PiercingWail+1","floor":48},{"not_picked":["Prepared","All Out Attack+1"],"picked":"Crippling Poison+1","floor":48},{"not_picked":["Bane+1","Predator+1"],"picked":"Envenom","floor":48}],"player_experience":403003,"relics_obtained":[{"floor":6,"key":"Letter Opener"},{"floor":9,"key":"Molten Egg 2"},{"floor":11,"key":"Shovel"},{"floor":13,"key":"Odd Mushroom"},{"floor":19,"key":"Red Mask"},{"floor":21,"key":"Nilry\u0027s Codex"},{"floor":26,"key":"Happy Flower"},{"floor":27,"key":"Lantern"},{"floor":31,"key":"Kunai"},{"floor":36,"key":"FossilizedHelix"},{"floor":40,"key":"Bottled Tornado"},{"floor":43,"key":"Juzu Bracelet"}],"event_choices":[{"damage_healed":0,"gold_gain":0,"cards_transformed":["Defend_G"],"player_choice":"Change","damage_taken":0,"max_hp_gain":0,"max_hp_loss":0,"event_name":"Living Wall","floor":2,"gold_loss":0,"cards_obtained":["Grand Finale"]},{"damage_healed":0,"gold_gain":0,"player_choice":"Lose Max HP","damage_taken":0,"relics_obtained":["Golden Idol"],"max_hp_gain":0,"max_hp_loss":5,"event_name":"Golden Idol","floor":4,"gold_loss":0},{"damage_healed":0,"gold_gain":0,"player_choice":"Ignored","damage_taken":0,"max_hp_gain":0,"max_hp_loss":0,"event_name":"Liars Game","floor":10,"gold_loss":0},{"damage_healed":0,"gold_gain":0,"player_choice":"Fought Mushrooms","damage_taken":0,"max_hp_gain":0,"max_hp_loss":0,"event_name":"Mushrooms","floor":13,"gold_loss":0},{"damage_healed":0,"gold_gain":0,"player_choice":"Fought Bandits","damage_taken":0,"max_hp_gain":0,"max_hp_loss":0,"event_name":"Masked Bandits","floor":19,"gold_loss":0},{"damage_healed":0,"gold_gain":0,"player_choice":"Obtained Book","damage_taken":16,"max_hp_gain":0,"max_hp_loss":0,"event_name":"Cursed Tome","floor":21,"gold_loss":0},{"damage_healed":0,"gold_gain":0,"player_choice":"Ignored","damage_taken":0,"max_hp_gain":0,"max_hp_loss":0,"event_name":"The Mausoleum","floor":30,"gold_loss":0},{"damage_healed":0,"gold_gain":0,"player_choice":"Fight","damage_taken":0,"max_hp_gain":0,"max_hp_loss":0,"event_name":"MindBloom","floor":36,"gold_loss":0},{"damage_healed":0,"gold_gain":0,"player_choice":"Max HP","damage_taken":0,"max_hp_gain":0,"max_hp_loss":3,"event_name":"Winding Halls","floor":38,"gold_loss":0},{"damage_healed":0,"gold_gain":333,"player_choice":"Gave Idol","damage_taken":0,"max_hp_gain":0,"max_hp_loss":0,"event_name":"The Moai Head","floor":45,"relics_lost":["Golden Idol"],"gold_loss":0}],"is_beta":false,"boss_relics":[{"not_picked":["SacredBark","Calling Bell"],"picked":"Sozu"},{"not_picked":["Snecko Eye","Runic Dome"],"picked":"Empty Cage"}],"items_purged_floors":[22,37,46],"is_endless":false,"potions_floor_spawned":[7,12,14,16,18,20,27,29,33,35,40],"ascension_level":12}}