{"host":"5jdby9iqu3ct6557","time":1612767774,"event":{"mods":["BaseMod","DeckTracker","Highlight Path","Minty Spire (QoL Compilation)","Relic Stats","StSLib"],"gold_per_floor":[109,109,184,195,207,207,240,240,240,268,268,33,46,74,74,151,151,171,191,191,191,191,222,242,242,242,262,262,262,290,304,304,378,378,397,397,128,146,53,78,96,96,119,149,499,499,509,522,522,522,522,522,522,184,211,211],"floor_reached":57,"language":"ENG","playtime":12211,"items_purged":["Strike_G","Backstab"],"score":2961,"play_id":"81dfc838-86a1-4c66-95c1-6dd960983032","local_time":"20210208020254","is_ascension_mode":true,"campfire_choices":[{"data":"Neutralize","floor":6,"key":"SMITH"},{"floor":8,"key":"REST"},{"data":"Dagger Spray","floor":11,"key":"SMITH"},{"data":"Caltrops","floor":15,"key":"SMITH"},{"data":"Eviscerate","floor":25,"key":"SMITH"},{"data":"Footwork","floor":28,"key":"SMITH"},{"data":"Doppelganger","floor":32,"key":"SMITH"},{"floor":42,"key":"RECALL"},{"data":"Burst","floor":49,"key":"SMITH"},{"floor":53,"key":"REST"}],"circlet_count":0,"master_deck":["AscendersBane","Defend_G","Defend_G","Defend_G","Survivor","Neutralize+1","Dagger Spray+1","Dash","Unload","Tools of the Trade","Endless Agony","Eviscerate+1","Caltrops+1","Venomology","Footwork+1","Ghostly","Ghostly","Ghostly","Choke+1","Envenom","Doppelganger+1","Tactician+1","Burst+1","Backstab+1","Acrobatics+1","Blur+1","Terror","Catalyst","Panache"],"relics":["Ring of the Snake","Bag of Marbles","Dead Branch","Omamori","Singing Bowl","White Beast Statue","PreservedInsect","Orichalcum","Snecko Eye","Necronomicon","Boot","Bird Faced Urn","Darkstone Periapt","Astrolabe","Pen Nib","Centennial Puzzle","MealTicket","Bag of Preparation","Meat on the Bone","Old Coin","Membership Card","Lantern","Akabeko","Oddly Smooth Stone"],"acts_visited":["Exordium","TheCity","TheBeyond","TheEnding"],"potions_floor_usage":[16,16,19,30,33,33,33,40,45,48,50,51,55,56],"damage_taken":[{"damage":1,"enemies":"2 Louse","floor":1,"turns":3},{"damage":0,"enemies":"Small Slimes","floor":4,"turns":1},{"damage":0,"enemies":"Jaw Worm","floor":5,"turns":4},{"damage":14,"enemies":"Gremlin Nob","floor":7,"turns":4},{"damage":6,"enemies":"3 Sentries","floor":10,"turns":8},{"damage":0,"enemies":"3 Louse","floor":13,"turns":1},{"damage":0,"enemies":"Gremlin Nob","floor":14,"turns":2},{"damage":6,"enemies":"Hexaghost","floor":16,"turns":7},{"damage":5,"enemies":"3 Byrds","floor":18,"turns":3},{"damage":0,"enemies":"Shell Parasite","floor":19,"turns":1},{"damage":1,"enemies":"Gremlin Leader","floor":23,"turns":3},{"damage":0,"enemies":"Cultist and Chosen","floor":24,"turns":5},{"damage":0,"enemies":"Snake Plant","floor":27,"turns":3},{"damage":0,"enemies":"Slavers","floor":30,"turns":4},{"damage":0,"enemies":"Snecko","floor":31,"turns":2},{"damage":0,"enemies":"Collector","floor":33,"turns":8},{"damage":0,"enemies":"Orb Walker","floor":35,"turns":4},{"damage":3,"enemies":"3 Shapes","floor":38,"turns":6},{"damage":0,"enemies":"Giant Head","floor":40,"turns":9},{"damage":5,"enemies":"Sphere and 2 Shapes","floor":41,"turns":4},{"damage":2,"enemies":"Reptomancer","floor":44,"turns":5},{"damage":13,"enemies":"2 Orb Walkers","floor":45,"turns":5},{"damage":0,"enemies":"3 Darklings","floor":47,"turns":5},{"damage":4,"enemies":"Transient","floor":48,"turns":6},{"damage":3,"enemies":"Donu and Deca","floor":50,"turns":5},{"damage":45,"enemies":"Awakened One","floor":51,"turns":12},{"damage":0,"enemies":"Shield and Spear","floor":55,"turns":5},{"damage":64,"enemies":"The Heart","floor":56,"turns":8}],"seed_played":"-8090459189766184554","potions_obtained":[{"floor":1,"key":"SkillPotion"},{"floor":10,"key":"Block Potion"},{"floor":13,"key":"FearPotion"},{"floor":16,"key":"SpeedPotion"},{"floor":18,"key":"BlessingOfTheForge"},{"floor":19,"key":"GhostInAJar"},{"floor":30,"key":"BlessingOfTheForge"},{"floor":33,"key":"DuplicationPotion"},{"floor":35,"key":"FairyPotion"},{"floor":40,"key":"FearPotion"},{"floor":47,"key":"LiquidMemories"}],"is_trial":false,"path_per_floor":["M","?","?","M","M","R","E","R","T","E","R","$","M","E","R","B",null,"M","M","?","?","?","E","M","R","T","M","R","?","E","M","R","B",null,"M","?","$","M","?","E","M","R","T","E","?","?","M","M","R","B","B",null,"R","$","E","B",null],"character_chosen":"THE_SILENT","items_purchased":["PreservedInsect","Pen Nib","Membership Card","Lantern","Akabeko"],"campfire_rested":2,"item_purchase_floors":[12,37,54,54,54],"current_hp_per_floor":[58,53,42,42,42,42,28,47,47,41,41,41,41,41,41,35,58,53,53,32,32,32,33,37,37,37,37,37,37,37,39,39,39,39,41,41,41,43,43,43,43,43,43,43,38,32,46,51,51,55,28,48,55,55,57,29],"gold":211,"neow_bonus":"RANDOM_COMMON_RELIC","is_daily":false,"chose_seed":false,"campfire_upgraded":7,"win_rate":0.0,"timestamp":1612767774,"path_taken":["M","?","?","M","M","R","E","R","T","E","R","$","M","E","R","BOSS","M","M","?","?","?","E","M","R","T","M","R","?","E","?","R","BOSS","M","?","$","M","?","E","?","R","T","E","?","?","M","M","R","BOSS","BOSS","R","$","E","BOSS"],"items_purchased_type":["Relic","Relic","Relic","Relic","Relic"],"build_version":"2020-12-22","purchased_purges":2,"victory":true,"max_hp_per_floor":[66,66,66,66,66,66,66,66,66,66,66,66,66,66,66,66,66,66,66,66,33,33,35,37,37,37,37,37,37,37,39,39,39,39,41,41,41,43,43,43,43,43,43,45,47,51,53,55,55,55,55,55,55,55,57,57],"relic_stats":{"Darkstone Periapt":0,"Singing Bowl":24,"counters":[28,133],"Dead Branch":[200],"Astrolabe":["Backstab","Acrobatics","Blur"],"PreservedInsect":383,"Pen Nib":[16],"Bag of Preparation":[7],"Orichalcum":[252],"Boot":[64],"Centennial Puzzle":[24],"Bird Faced Urn":[55],"Snecko Eye":[201,216,200,202],"MealTicket":0,"Necronomicon":[48],"obtain_stats":[{"Darkstone Periapt":30,"Lantern":54,"Singing Bowl":9,"Dead Branch":2,"Astrolabe":34,"Oddly Smooth Stone":55,"PreservedInsect":12,"Pen Nib":37,"Omamori":7,"Bag of Preparation":43,"Orichalcum":14,"Boot":22,"White Beast Statue":10,"Akabeko":54,"Old Coin":45,"Centennial Puzzle":39,"Bird Faced Urn":23,"Snecko Eye":17,"MealTicket":40,"Bag of Marbles":0,"Necronomicon":20,"Membership Card":54,"Ring of the Snake":0,"Meat on the Bone":44},{"Darkstone Periapt":14,"Lantern":26,"Singing Bowl":4,"Dead Branch":1,"Astrolabe":16,"Oddly Smooth Stone":27,"PreservedInsect":5,"Pen Nib":17,"Omamori":4,"Bag of Preparation":20,"Orichalcum":7,"Boot":10,"White Beast Statue":5,"Akabeko":26,"Old Coin":22,"Centennial Puzzle":18,"Bird Faced Urn":11,"Snecko Eye":8,"MealTicket":19,"Bag of Marbles":0,"Necronomicon":10,"Membership Card":26,"Ring of the Snake":0,"Meat on the Bone":21},{"Darkstone Periapt":49,"Lantern":120,"Singing Bowl":12,"Dead Branch":3,"Astrolabe":59,"Oddly Smooth Stone":125,"PreservedInsect":20,"Pen Nib":63,"Omamori":12,"Bag of Preparation":82,"Orichalcum":23,"Boot":34,"White Beast Statue":20,"Akabeko":120,"Old Coin":92,"Centennial Puzzle":69,"Bird Faced Urn":37,"Snecko Eye":30,"MealTicket":78,"Bag of Marbles":0,"Necronomicon":34,"Membership Card":120,"Ring of the Snake":0,"Meat on the Bone":87}],"Ring of the Snake":[60],"Meat on the Bone":24},"card_choices":[{"not_picked":["Deadly Poison","Sucker Punch"],"picked":"Dagger Spray","floor":1},{"not_picked":["Deadly Poison","Dagger Throw"],"picked":"Dash","floor":4},{"not_picked":["Flying Knee","Dagger Spray"],"picked":"Unload","floor":5},{"not_picked":["Flying Knee","Bane"],"picked":"Tools of the Trade","floor":7},{"not_picked":["Night Terror","Escape Plan"],"picked":"Endless Agony","floor":10},{"not_picked":["Backflip","Heel Hook"],"picked":"Eviscerate","floor":13},{"not_picked":["Dagger Spray","Envenom"],"picked":"Caltrops","floor":14},{"not_picked":["Unload","Grand Finale"],"picked":"Venomology","floor":16},{"not_picked":["Underhanded Strike","Dagger Throw"],"picked":"Backstab","floor":18},{"not_picked":["Deflect","Underhanded Strike"],"picked":"Footwork","floor":19},{"not_picked":["Prepared+1","Blur","Eviscerate+1"],"picked":"Singing Bowl","floor":23},{"not_picked":["Leg Sweep","Bane","Venomology"],"picked":"Singing Bowl","floor":24},{"not_picked":["Outmaneuver","Backflip"],"picked":"Choke+1","floor":27},{"not_picked":["Deadly Poison","Deflect+1"],"picked":"Tactician+1","floor":30},{"not_picked":["Sucker Punch","Deadly Poison+1","Bane"],"picked":"Singing Bowl","floor":31},{"not_picked":["Die Die Die","Tools of the Trade"],"picked":"Burst","floor":33},{"not_picked":["Skewer","Dagger Throw","Dagger Spray"],"picked":"Singing Bowl","floor":35},{"not_picked":["Blade Dance","Dagger Spray","Escape Plan"],"picked":"Singing Bowl","floor":38},{"not_picked":["Riddle With Holes+1","Prepared"],"picked":"Terror","floor":40},{"not_picked":["Slice","Bane+1"],"picked":"Catalyst","floor":41},{"not_picked":["Eviscerate","Flechettes","Dodge and Roll+1"],"picked":"Singing Bowl","floor":44},{"not_picked":["Concentrate","Caltrops","Backflip"],"picked":"Singing Bowl","floor":45},{"not_picked":["Metamorphosis","Dramatic Entrance"],"picked":"Panache","floor":46},{"not_picked":["Panacea","Finesse","Blind"],"picked":"Singing Bowl","floor":46},{"not_picked":["Violence","Impatience","Trip"],"picked":"Singing Bowl","floor":46},{"not_picked":["Slice","Prepared","Deflect"],"picked":"Singing Bowl","floor":47},{"not_picked":["Dagger Throw","Well Laid Plans","Prepared"],"picked":"Singing Bowl","floor":48},{"not_picked":["Underhanded Strike","Leg Sweep","Quick Slash+1"],"picked":"Singing Bowl","floor":55}],"player_experience":2578745,"relics_obtained":[{"floor":7,"key":"Omamori"},{"floor":9,"key":"Singing Bowl"},{"floor":10,"key":"White Beast Statue"},{"floor":14,"key":"Orichalcum"},{"floor":20,"key":"Necronomicon"},{"floor":23,"key":"Bird Faced Urn"},{"floor":30,"key":"Darkstone Periapt"},{"floor":40,"key":"MealTicket"},{"floor":43,"key":"Bag of Preparation"},{"floor":44,"key":"Meat on the Bone"},{"floor":45,"key":"Old Coin"},{"floor":55,"key":"Oddly Smooth Stone"}],"event_choices":[{"damage_healed":0,"gold_gain":0,"player_choice":"Success","damage_taken":5,"relics_obtained":["Dead Branch"],"max_hp_gain":0,"max_hp_loss":0,"event_name":"Scrap Ooze","floor":2,"gold_loss":0},{"damage_healed":0,"gold_gain":75,"player_choice":"Gather Gold","damage_taken":11,"max_hp_gain":0,"max_hp_loss":0,"event_name":"World of Goop","floor":3,"gold_loss":0},{"damage_healed":0,"gold_gain":0,"player_choice":"Obtained Book","damage_taken":21,"max_hp_gain":0,"max_hp_loss":0,"event_name":"Cursed Tome","floor":20,"gold_loss":0},{"damage_healed":0,"gold_gain":0,"player_choice":"Became a Ghost","damage_taken":0,"max_hp_gain":0,"max_hp_loss":33,"event_name":"Ghosts","floor":21,"gold_loss":0,"cards_obtained":["Ghostly","Ghostly","Ghostly"]},{"damage_healed":0,"gold_gain":0,"player_choice":"Stole Relic","damage_taken":0,"relics_obtained":["Boot"],"max_hp_gain":0,"max_hp_loss":0,"event_name":"Addict","floor":22,"gold_loss":0,"cards_obtained":["Shame"]},{"damage_healed":0,"gold_gain":0,"cards_transformed":["Strike_G","Strike_G"],"player_choice":"Became Test Subject","damage_taken":0,"max_hp_gain":0,"max_hp_loss":0,"event_name":"Drug Dealer","floor":29,"gold_loss":0,"cards_obtained":["Envenom","Doppelganger"]},{"cards_removed":["Defend_G"],"damage_healed":0,"gold_gain":0,"player_choice":"Removed Skill","damage_taken":0,"max_hp_gain":0,"max_hp_loss":0,"event_name":"Falling","floor":36,"gold_loss":0},{"damage_healed":0,"gold_gain":0,"player_choice":"Paid Gold","damage_taken":0,"relics_obtained":["Centennial Puzzle"],"max_hp_gain":0,"max_hp_loss":0,"event_name":"WeMeetAgain","floor":39,"gold_loss":93},{"damage_healed":0,"gold_gain":0,"player_choice":"Fight","damage_taken":0,"max_hp_gain":0,"max_hp_loss":0,"event_name":"Mysterious Sphere","floor":45,"gold_loss":0},{"damage_healed":0,"gold_gain":0,"player_choice":"Memory 3","damage_taken":10,"max_hp_gain":0,"max_hp_loss":0,"event_name":"SensoryStone","floor":46,"gold_loss":0}],"is_beta":false,"boss_relics":[{"not_picked":["Black Star","Runic Dome"],"picked":"Snecko Eye"},{"not_picked":["Empty Cage","Ring of the Serpent"],"picked":"Astrolabe"}],"items_purged_floors":[12,37],"is_endless":false,"potions_floor_spawned":[1,10,13,14,16,18,19,23,24,27,30,31,33,35,38,40,41,44,45,47,48,55],"ascension_level":20}}