{"host":"d4hjo1dp8g06u19c","time":1612779748,"event":{"mods":["Act Like it!","Arknights","BaseMod","Colored Map","Colored Powertips","Downfall","Marisa£®ÏF”Í°°ƒß¿Ì…≥£©","Minty Spire (QoL Compilation)","Quick Restart","Shop Mod","Spicy Shops","StSLib","The Animator","UnlockEverythingMod","Youmu£®ªÍ∆«—˝√Œ£©"],"gold_per_floor":[119,194,272,272,222,251,251,263,317,100,118,138,148,162,162,258,258,275,24,37,37,56,84,84,118,172,172,185,201,51,51,51,148,148,167,22,22,22],"floor_reached":37,"language":"ZHS","playtime":2167,"items_purged":["Pain"],"score":414,"play_id":"ba02836c-1cbc-4055-bada-f029685fbe3b","local_time":"20210208182228","is_ascension_mode":false,"campfire_choices":[{"data":"ats:Assault Order","floor":7.0,"key":"SMITH"},{"data":"ats:Part Time Job","floor":15.0,"key":"SMITH"},{"data":"ats:Roar Of Ursus","floor":24.0,"key":"SMITH"},{"data":"ats:Flexible Camouflage","floor":27.0,"key":"SMITH"},{"data":"ats:Healing Strengthening","floor":32,"key":"SMITH"}],"circlet_count":0,"master_deck":["ats:Strike C","ats:Strike G","ats:Strike S","ats:Strike V","ats:Armor Crushing Shot","ats:Defend","ats:Defend","ats:Defend","ats:Emotion Absorption","ats:Chain Hook","ats:Assault Order+1","ats:Revitalization","ats:Flexible Camouflage+1","ats:Part Time Job+1","ats:Thermite Blade","ats:Shadow Raid","ats:Blood Oath","ats:Shell Defense","ats:Closed Bolt Burst Fire","ats:Roar Of Ursus+1","ats:Shadow Raid","ats:Composite Medical Shells","ats:Leaping Hammer","ats:Composite Medical Shells","ats:Curse Doll+1","ats:Serious Mode","ats:Guard Mode","ats:Healing Strengthening+1","ats:Soul Rend","ats:Serious Mode"],"relics":["ats:Sanity","NeowsBlessing","HornCleat","Centennial Puzzle","ats:Originium","Meat on the Bone","Bronze Scales","SlaversCollar","Matryoshka","WarpedTongs","ats:Hidden Killer","Red Mask","Kunai","Lantern","Philosopher\u0027s Stone","ats:Attack"],"acts_visited":["Exordium","TheCity","TheBeyond"],"potions_floor_usage":[33],"damage_taken":[{"damage":0.0,"enemies":"2 Louse","floor":1.0,"turns":1.0},{"damage":0.0,"enemies":"3 Sentries","floor":6.0,"turns":2.0},{"damage":0.0,"enemies":"Jaw Worm","floor":8.0,"turns":1.0},{"damage":0.0,"enemies":"Small Slimes","floor":11.0,"turns":4.0},{"damage":5.0,"enemies":"Looter","floor":12.0,"turns":2.0},{"damage":7.0,"enemies":"Lots of Slimes","floor":13.0,"turns":4.0},{"damage":12.0,"enemies":"Blue Slaver","floor":14.0,"turns":3.0},{"damage":37.0,"enemies":"Slime Boss","floor":16.0,"turns":9.0},{"damage":24.0,"enemies":"Shell Parasite","floor":18.0,"turns":5.0},{"damage":20.0,"enemies":"Spheric Guardian","floor":20.0,"turns":4.0},{"damage":39.0,"enemies":"Centurion and Healer","floor":22.0,"turns":8.0},{"damage":30.0,"enemies":"Book of Stabbing","floor":23.0,"turns":4.0},{"damage":24.0,"enemies":"Masked Bandits","floor":25.0,"turns":4.0},{"damage":5.0,"enemies":"Snake Plant","floor":28.0,"turns":3.0},{"damage":0,"enemies":"Sentry and Sphere","floor":29,"turns":3},{"damage":104,"enemies":"Collector","floor":33,"turns":13},{"damage":57,"enemies":"3 Darklings","floor":35,"turns":5},{"damage":37,"enemies":"2 Orb Walkers","floor":37,"turns":4}],"seed_played":"-8691245580524015357","potions_obtained":[{"floor":8.0,"key":"Fire Potion"},{"floor":11.0,"key":"Fire Potion"},{"floor":12.0,"key":"ats:Burn Small Potion"},{"floor":16.0,"key":"Regen Potion"},{"floor":20.0,"key":"Explosive Potion"},{"floor":23.0,"key":"Ancient Potion"},{"floor":28.0,"key":"AttackPotion"}],"is_trial":false,"path_per_floor":["M","?","T","?","?","E","R","M","T","$","M","M","M","M","R","B",null,"M","$","M","?","M","E","R","?","T","R","M","M","$","?","R","B",null,"M","$","?"],"character_chosen":"DOCTOR_CLASS","items_purchased":["ats:Flexible Camouflage","ats:Part Time Job","ats:Thermite Blade","Matryoshka","ats:Guard Mode","ats:Attack"],"campfire_rested":0,"item_purchase_floors":[10,10,10,19,30,36],"current_hp_per_floor":[72,61,61,58,58,58,58,58,58,58,70,65,70,67,67,56,72,56,56,43,43,44,31,31,26,26,26,33,43,43,43,43,70,72,38,38,8,8],"gold":22,"neow_bonus":"THREE_ENEMY_KILL","is_daily":false,"chose_seed":false,"campfire_upgraded":5,"win_rate":0.0,"timestamp":1612779748,"path_taken":["M","?","?","?","?","E","R","M","T","$","M","M","M","M","R","BOSS","M","$","M","?","?","E","R","?","T","R","M","M","$","?","R","BOSS","M","$","?"],"items_purchased_type":["Card","Card","Card","Relic","Card","Relic"],"build_version":"2020-12-22","purchased_purges":1,"victory":false,"max_hp_per_floor":[72,72,72,72,72,72,72,72,72,72,72,72,72,72,72,72,72,72,72,72,72,72,72,72,72,72,72,72,72,72,72,72,72,72,72,72,72,72],"card_choices":[{"not_picked":["ats:Very Hot Blade","ats:Song Of Battle"],"picked":"ats:Chain Hook","floor":1.0},{"not_picked":["ats:Blood Oath","ats:Leaping Hammer"],"picked":"ats:Assault Order","floor":6.0},{"not_picked":["ats:LN2 Cannon","ats:Absolute Focus"],"picked":"ats:Revitalization","floor":8.0},{"not_picked":["ats:Beaten Up","ats:Flexible Camouflage"],"picked":"ats:Shadow Raid","floor":11.0},{"not_picked":["ats:Powerful Strike","ats:Defend Order"],"picked":"ats:Blood Oath","floor":12.0},{"not_picked":["ats:Assault Order","ats:Flexible Camouflage"],"picked":"ats:Shell Defense","floor":13.0},{"not_picked":["ats:Consecutive Shot Auto","ats:Support Order"],"picked":"ats:Closed Bolt Burst Fire","floor":14.0},{"not_picked":["ats:Volcano","ats:Nebulous Foxfire"],"picked":"ats:Roar Of Ursus","floor":16.0},{"not_picked":["ats:Guard Mode","ats:Burning Ground"],"picked":"ats:Shadow Raid","floor":18.0},{"not_picked":["ats:Consecutive Shot Auto","ats:Apocalypse+1"],"picked":"ats:Composite Medical Shells","floor":20.0},{"not_picked":["ats:Steam Pump","ats:Assault Order"],"picked":"ats:Leaping Hammer","floor":22.0},{"not_picked":["ats:Assault Order","ats:Song Of Battle"],"picked":"ats:Composite Medical Shells","floor":23.0},{"not_picked":["ats:Revitalization","ats:Poison Spread"],"picked":"ats:Curse Doll+1","floor":25.0},{"not_picked":["ats:Flexible Camouflage","ats:Rapid Magazine+1","ats:Explosion Area Strengthen+1"],"picked":"SKIP","floor":28.0},{"not_picked":["ats:Echo Reverb","ats:Directed Diagnosis"],"picked":"ats:Serious Mode","floor":29},{"not_picked":["ats:Durian","ats:Calcification"],"picked":"ats:Soul Rend","floor":33},{"not_picked":["ats:Cat Scratch","ats:Mental Burst"],"picked":"ats:Serious Mode","floor":35}],"player_experience":135295,"relics_obtained":[{"floor":3.0,"key":"HornCleat"},{"floor":6.0,"key":"ats:Originium"},{"floor":6.0,"key":"Meat on the Bone"},{"floor":9.0,"key":"Bronze Scales"},{"floor":23.0,"key":"ats:Originium"},{"floor":23.0,"key":"ats:Hidden Killer"},{"floor":25.0,"key":"Red Mask"},{"floor":26.0,"key":"Kunai"},{"floor":26.0,"key":"Lantern"}],"event_choices":[{"damage_healed":0.0,"max_hp_gain":0.0,"max_hp_loss":0.0,"gold_gain":75.0,"event_name":"World of Goop","player_choice":"Gather Gold","floor":2.0,"gold_loss":0.0,"damage_taken":11.0},{"damage_healed":0.0,"max_hp_gain":0.0,"max_hp_loss":0.0,"gold_gain":0.0,"event_name":"Scrap Ooze","player_choice":"Success","floor":4.0,"gold_loss":0.0,"damage_taken":3.0,"relics_obtained":["Centennial Puzzle"]},{"cards_removed":["ats:Defend"],"damage_healed":0.0,"max_hp_gain":0.0,"max_hp_loss":0.0,"gold_gain":0.0,"event_name":"The Cleric","player_choice":"Card Removal","floor":5.0,"gold_loss":50.0,"damage_taken":0.0},{"damage_healed":0.0,"max_hp_gain":0.0,"max_hp_loss":0.0,"gold_gain":0.0,"event_name":"Accursed Blacksmith","player_choice":"Rummage","floor":21.0,"gold_loss":0.0,"damage_taken":0.0,"relics_obtained":["WarpedTongs"],"cards_obtained":["Pain"]},{"damage_healed":0.0,"max_hp_gain":0.0,"max_hp_loss":0.0,"gold_gain":0.0,"event_name":"Masked Bandits","player_choice":"Fought Bandits","floor":25.0,"gold_loss":0.0,"damage_taken":0.0},{"damage_healed":0,"gold_gain":0,"player_choice":"Read","damage_taken":0,"max_hp_gain":0,"max_hp_loss":0,"event_name":"The Library","floor":31,"gold_loss":0,"cards_obtained":["ats:Healing Strengthening"]},{"damage_healed":0,"gold_gain":0,"player_choice":"Fight","damage_taken":0,"max_hp_gain":0,"max_hp_loss":0,"event_name":"Mysterious Sphere","floor":37,"gold_loss":0}],"is_beta":false,"boss_relics":[{"not_picked":["Empty Cage","Sozu"],"picked":"SlaversCollar"},{"not_picked":["SacredBark","Pandora\u0027s Box"],"picked":"Philosopher\u0027s Stone"}],"items_purged_floors":[30],"is_endless":false,"potions_floor_spawned":[8,11,12,14,16,20,23,28],"killed_by":"2 Orb Walkers","ascension_level":0}}