{"host":"928gv66myv2vlnsd","time":1612747761,"event":{"mods":["BaseMod","Highlight Path","Minty Spire (QoL Compilation)","StSLib"],"gold_per_floor":[110,121,121,44,44,84,84,24,24,39,39,57,80,95,95,188,251,271,0,0,0,50,50,50,50],"floor_reached":24,"language":"ENG","playtime":647,"items_purged":["Strike_R"],"score":463,"play_id":"46b05e0a-29bf-4ece-be5b-a756156c577f","local_time":"20210207202921","is_ascension_mode":true,"campfire_choices":[{"data":"Combust","floor":7,"key":"SMITH"},{"data":"Spot Weakness","floor":11,"key":"SMITH"},{"data":"Rupture","floor":15,"key":"SMITH"},{"data":"Rupture","floor":23,"key":"SMITH"}],"circlet_count":0,"master_deck":["AscendersBane","Defend_R","Defend_R","Defend_R","Defend_R","Bash","Evolve+1","Spot Weakness+1","Hemokinesis","Combust+1","Sword Boomerang","Battle Trance","Rupture+1","Impervious","Heavy Blade+1","Bite","Bite","Bite","Bite","Bite","Rupture+1"],"relics":["Burning Blood","NeowsBlessing","Dream Catcher","Golden Idol","The Courier","Tiny House","PreservedInsect","Oddly Smooth Stone"],"acts_visited":["Exordium","TheCity"],"potions_floor_usage":[13,16,18],"damage_taken":[{"damage":0,"enemies":"Cultist","floor":1,"turns":1},{"damage":0,"enemies":"Jaw Worm","floor":2,"turns":1},{"damage":0,"enemies":"Lagavulin","floor":6,"turns":1},{"damage":11,"enemies":"Small Slimes","floor":10,"turns":4},{"damage":7,"enemies":"2 Fungi Beasts","floor":12,"turns":3},{"damage":5,"enemies":"Gremlin Gang","floor":13,"turns":3},{"damage":10,"enemies":"Lots of Slimes","floor":14,"turns":2},{"damage":69,"enemies":"The Guardian","floor":16,"turns":12},{"damage":16,"enemies":"Chosen","floor":18,"turns":6},{"damage":58,"enemies":"Book of Stabbing","floor":24,"turns":4}],"seed_played":"-3920232047669472220","potions_obtained":[{"floor":6,"key":"ElixirPotion"},{"floor":10,"key":"BloodPotion"},{"floor":12,"key":"Block Potion"},{"floor":13,"key":"BlessingOfTheForge"},{"floor":17,"key":"Block Potion"}],"is_trial":false,"path_per_floor":["M","M","T","$","?","E","R","$","T","M","R","M","M","M","R","B",null,"M","$","?","?","?","R","E"],"character_chosen":"IRONCLAD","items_purchased":["Hemokinesis","PreservedInsect","Oddly Smooth Stone"],"campfire_rested":0,"item_purchase_floors":[4,19,19],"current_hp_per_floor":[74,75,75,75,68,68,68,68,68,63,63,62,63,59,59,9,58,48,48,48,48,48,48,0,0],"gold":50,"neow_bonus":"THREE_ENEMY_KILL","is_daily":false,"chose_seed":false,"campfire_upgraded":4,"win_rate":0.0,"timestamp":1612747761,"path_taken":["M","?","?","$","?","E","R","$","T","M","R","M","M","M","R","BOSS","M","$","?","?","?","R","E"],"items_purchased_type":["Card","Relic","Relic"],"build_version":"2020-12-22","purchased_purges":1,"victory":false,"max_hp_per_floor":[75,75,75,75,68,68,68,68,68,68,68,68,68,68,68,68,73,73,73,51,51,51,51,51,51],"card_choices":[{"not_picked":["Clash","Intimidate"],"picked":"Evolve","floor":1},{"not_picked":["Thunderclap","Armaments"],"picked":"Spot Weakness","floor":2},{"not_picked":["Evolve","Seeing Red"],"picked":"Combust","floor":6},{"not_picked":["Havoc","Shrug It Off"],"picked":"Sword Boomerang","floor":10},{"not_picked":["Body Slam","Rampage"],"picked":"Battle Trance","floor":12},{"not_picked":["Dual Wield","Iron Wave"],"picked":"Rupture","floor":13},{"not_picked":["Perfected Strike","Hemokinesis","Headbutt"],"picked":"SKIP","floor":14},{"not_picked":["Fiend Fire","Corruption"],"picked":"Impervious","floor":16},{"not_picked":["Ghostly Armor","Headbutt"],"picked":"Heavy Blade+1","floor":18}],"player_experience":1465899,"relics_obtained":[{"floor":3,"key":"Dream Catcher"},{"floor":6,"key":"The Courier"}],"event_choices":[{"damage_healed":0,"gold_gain":0,"player_choice":"Lose Max HP","damage_taken":0,"relics_obtained":["Golden Idol"],"max_hp_gain":0,"max_hp_loss":7,"event_name":"Golden Idol","floor":5,"gold_loss":0},{"damage_healed":0,"gold_gain":0,"player_choice":"Became a vampire","damage_taken":0,"max_hp_gain":0,"max_hp_loss":22,"event_name":"Vampires","floor":20,"gold_loss":0,"cards_obtained":["Bite","Bite","Bite","Bite","Bite"]},{"damage_healed":0,"gold_gain":0,"player_choice":"Read","damage_taken":0,"max_hp_gain":0,"max_hp_loss":0,"event_name":"The Library","floor":21,"gold_loss":0,"cards_obtained":["Rupture"]},{"damage_healed":0,"gold_gain":50,"player_choice":"Pray","damage_taken":0,"max_hp_gain":0,"max_hp_loss":0,"event_name":"Golden Shrine","floor":22,"gold_loss":0}],"is_beta":false,"boss_relics":[{"not_picked":["Runic Dome","Ectoplasm"],"picked":"Tiny House"}],"items_purged_floors":[8],"is_endless":false,"potions_floor_spawned":[6,10,12,13],"killed_by":"Book of Stabbing","ascension_level":20}}