{"host":"y0i0tbisecj7yjyn","time":1612764030,"event":{"mods":["A Penny For Your Troubles","AlwaysNeverKeys","BaseMod","BetterRewards","Colored Map","Colored Powertips","Curses Come First","Displayed Cursed Tome","Keyboard Shortcuts","Minty Spire (QoL Compilation)","Random Character Button","Rare Cards Sparkle","Relic Sorter","StSLib","SuperFastMode","Transform Curses","Weighted Paths"],"gold_per_floor":[113,127,127,137,62,62,76,86,86,117,117,117,133,167,167,264,264,281,281,281,295,17,17,17,44,70,20,20,20,92,92,92,188,188,201,221,131,184,184,184,200,200,200,200,0,50,64,79,79,79,79],"floor_reached":50,"language":"ENG","playtime":2436,"items_purged":["Defend_G","Regret","Calculated Gamble"],"score":538,"play_id":"af473c8e-20e7-45b3-939d-ba68bd519e2d","local_time":"20210208000030","is_ascension_mode":true,"campfire_choices":[{"data":"Noxious Fumes","floor":6.0,"key":"SMITH"},{"floor":11.0,"key":"REST"},{"floor":15.0,"key":"REST"},{"floor":23.0,"key":"REST"},{"floor":28.0,"key":"REST"},{"floor":29.0,"key":"REST"},{"floor":32.0,"key":"REST"},{"floor":40.0,"key":"REST"},{"floor":42,"key":"REST"},{"floor":44,"key":"REST"},{"floor":49,"key":"REST"}],"circlet_count":0,"master_deck":["Strike_G","Strike_G","Strike_G","Defend_G","Defend_G","Defend_G","Defend_G","Survivor","Neutralize","Flying Knee","Noxious Fumes+1","Flying Knee+1","Dagger Throw","Reflex","Escape Plan","Infinite Blades+1","Dagger Spray","Acrobatics","Corpse Explosion","CurseOfTheBell","Blade Dance","Necronomicurse","Storm of Steel","Quick Slash+1","Underhanded Strike","Prepared+1","Outmaneuver","Envenom+1","Prepared+1"],"relics":["Ring of the Snake","Necronomicon","WingedGreaves","Frozen Egg 2","Shuriken","HornCleat","Bottled Flame","Calling Bell","Smiling Mask","Gremlin Horn","Pocketwatch","Membership Card","Juzu Bracelet","PreservedInsect","Nunchaku","Singing Bowl","Fusion Hammer","Bottled Tornado","Kunai","Omamori","Unceasing Top"],"acts_visited":["Exordium","TheCity","TheBeyond"],"potions_floor_usage":[50],"damage_taken":[{"damage":0.0,"enemies":"Small Slimes","floor":1.0,"turns":5.0},{"damage":0.0,"enemies":"Cultist","floor":2.0,"turns":5.0},{"damage":0.0,"enemies":"Jaw Worm","floor":4.0,"turns":3.0},{"damage":7.0,"enemies":"Red Slaver","floor":7.0,"turns":4.0},{"damage":26.0,"enemies":"Exordium Wildlife","floor":8.0,"turns":5.0},{"damage":19.0,"enemies":"3 Sentries","floor":10.0,"turns":7.0},{"damage":1.0,"enemies":"3 Louse","floor":13.0,"turns":4.0},{"damage":17.0,"enemies":"Gremlin Nob","floor":14.0,"turns":5.0},{"damage":28.0,"enemies":"Slime Boss","floor":16.0,"turns":5.0},{"damage":22.0,"enemies":"2 Thieves","floor":18.0,"turns":2.0},{"damage":29.0,"enemies":"Chosen","floor":21.0,"turns":5.0},{"damage":35.0,"enemies":"Book of Stabbing","floor":25.0,"turns":6.0},{"damage":53.0,"enemies":"Automaton","floor":33.0,"turns":7.0},{"damage":10.0,"enemies":"3 Darklings","floor":35.0,"turns":3.0},{"damage":11.0,"enemies":"Orb Walker","floor":36.0,"turns":3.0},{"damage":40.0,"enemies":"2 Orb Walkers","floor":38.0,"turns":3.0},{"damage":38.0,"enemies":"4 Shapes","floor":41.0,"turns":5.0},{"damage":6,"enemies":"Mind Bloom Boss Battle","floor":46,"turns":6},{"damage":25,"enemies":"3 Darklings","floor":47,"turns":3},{"damage":11,"enemies":"Sphere and 2 Shapes","floor":48,"turns":3},{"damage":55,"enemies":"Awakened One","floor":50,"turns":3}],"seed_played":"-5703477550129647405","potions_obtained":[{"floor":7.0,"key":"EssenceOfSteel"},{"floor":10.0,"key":"Fire Potion"},{"floor":14.0,"key":"Fire Potion"},{"floor":18.0,"key":"SkillPotion"},{"floor":25.0,"key":"EntropicBrew"},{"floor":33.0,"key":"Energy Potion"},{"floor":36.0,"key":"Poison Potion"},{"floor":38.0,"key":"LiquidBronze"},{"floor":41,"key":"FearPotion"},{"floor":47,"key":"Strength Potion"}],"is_trial":false,"path_per_floor":["M","M","?","M","$","R","M","M","T","E","R","?","M","E","R","B",null,"M","?","?","M","$","R","?","E","T","$","R","R","T","?","R","B",null,"M","M","?","?","?","R","M","R","T","R","$","?","M","M","R","B"],"character_chosen":"THE_SILENT","items_purchased":["Noxious Fumes","Membership Card","Juzu Bracelet","Kunai","Omamori"],"campfire_rested":10,"item_purchase_floors":[0,22,22,45,45],"current_hp_per_floor":[70,70,80,80,80,80,73,47,47,28,52,52,51,34,58,30,80,58,43,43,14,14,39,39,4,4,4,29,54,54,38,63,10,85,75,64,64,24,24,49,13,39,39,65,65,59,36,25,51,0,0],"gold":79,"neow_bonus":"","is_daily":false,"chose_seed":false,"campfire_upgraded":1,"win_rate":0.0,"timestamp":1612764030,"path_taken":["M","M","?","M","$","R","?","M","T","E","R","?","M","E","R","BOSS","M","?","?","?","$","R","?","E","T","?","R","R","?","?","R","BOSS","M","M","?","?","?","R","M","R","T","R","$","?","M","M","R","BOSS"],"items_purchased_type":["Card","Relic","Relic","Relic","Relic"],"build_version":"2020-12-22","purchased_purges":3,"victory":false,"max_hp_per_floor":[70,70,80,80,80,80,80,80,80,80,80,80,80,80,80,80,80,80,85,85,85,85,85,85,85,85,85,85,85,85,85,85,85,85,85,85,85,85,85,85,87,87,87,87,87,87,89,89,89,89,89],"card_choices":[{"not_picked":["Leg Sweep","PiercingWail"],"picked":"Flying Knee","floor":1.0},{"not_picked":["PiercingWail","Underhanded Strike"],"picked":"Dagger Throw","floor":2.0},{"not_picked":["Dodge and Roll","Eviscerate"],"picked":"Reflex","floor":4.0},{"not_picked":["Well Laid Plans","Quick Slash"],"picked":"Escape Plan","floor":7.0},{"not_picked":["Quick Slash","Poisoned Stab"],"picked":"Infinite Blades","floor":8.0},{"not_picked":["PiercingWail","Dagger Throw"],"picked":"Dagger Spray","floor":10.0},{"not_picked":["Dodge and Roll","Deflect"],"picked":"Acrobatics","floor":13.0},{"not_picked":["Dodge and Roll","Bane"],"picked":"Calculated Gamble","floor":14.0},{"not_picked":["Die Die Die","Night Terror"],"picked":"Corpse Explosion","floor":16.0},{"not_picked":["Finisher","Poisoned Stab","Quick Slash"],"picked":"SKIP","floor":18.0},{"not_picked":["Dodge and Roll","Deadly Poison+1"],"picked":"Blade Dance","floor":21.0},{"not_picked":["Acrobatics","Dodge and Roll","Escape Plan+1"],"picked":"SKIP","floor":25.0},{"not_picked":["Venomology","Tools of the Trade+1"],"picked":"Storm of Steel","floor":33.0},{"not_picked":["Dagger Throw","PiercingWail+1"],"picked":"Quick Slash+1","floor":35.0},{"not_picked":["Sucker Punch+1","Skewer+1"],"picked":"Underhanded Strike","floor":36.0},{"not_picked":["Setup+1","All Out Attack"],"picked":"Prepared+1","floor":38.0},{"not_picked":["Poisoned Stab+1","Dagger Throw+1","Deflect"],"picked":"Singing Bowl","floor":41},{"not_picked":["Underhanded Strike+1","Deadly Poison"],"picked":"Envenom+1","floor":46},{"not_picked":["Bouncing Flask","Bane+1","PiercingWail"],"picked":"Singing Bowl","floor":47},{"not_picked":["Dodge and Roll","Sucker Punch"],"picked":"Prepared+1","floor":48}],"player_experience":394937,"relics_obtained":[{"floor":9.0,"key":"Frozen Egg 2"},{"floor":10.0,"key":"Shuriken"},{"floor":14.0,"key":"Bottled Flame"},{"floor":17.0,"key":"Smiling Mask"},{"floor":17.0,"key":"Gremlin Horn"},{"floor":17.0,"key":"Pocketwatch"},{"floor":25.0,"key":"PreservedInsect"},{"floor":26.0,"key":"Nunchaku"},{"floor":30.0,"key":"Singing Bowl"},{"floor":43,"key":"Bottled Tornado"},{"floor":46,"key":"Unceasing Top"}],"event_choices":[{"cards_removed":["Grand Finale"],"damage_healed":0.0,"max_hp_gain":10.0,"max_hp_loss":0.0,"gold_gain":0.0,"event_name":"Bonfire Elementals","player_choice":"Offered Rare","floor":3.0,"gold_loss":0.0,"damage_taken":0.0},{"damage_healed":0.0,"max_hp_gain":0.0,"max_hp_loss":0.0,"gold_gain":0.0,"event_name":"Big Fish","player_choice":"Box","floor":12.0,"gold_loss":0.0,"damage_taken":0.0,"relics_obtained":["HornCleat"],"cards_obtained":["Regret"]},{"damage_healed":0.0,"max_hp_gain":5.0,"max_hp_loss":0.0,"gold_gain":0.0,"event_name":"Forgotten Altar","player_choice":"Shed Blood","floor":19.0,"gold_loss":0.0,"damage_taken":20.0},{"damage_healed":0.0,"max_hp_gain":0.0,"max_hp_loss":0.0,"gold_gain":0.0,"event_name":"Upgrade Shrine","player_choice":"Upgraded","floor":20.0,"gold_loss":0.0,"damage_taken":0.0,"cards_upgraded":["Infinite Blades"]},{"damage_healed":0.0,"max_hp_gain":0.0,"max_hp_loss":0.0,"gold_gain":0.0,"event_name":"Vampires","player_choice":"Ignored","floor":24.0,"gold_loss":0.0,"damage_taken":0.0},{"damage_healed":0.0,"max_hp_gain":0.0,"max_hp_loss":0.0,"gold_gain":0.0,"event_name":"Cursed Tome","player_choice":"Obtained Book","floor":31.0,"gold_loss":0.0,"damage_taken":16.0},{"cards_removed":["Strike_G"],"damage_healed":0.0,"max_hp_gain":0.0,"max_hp_loss":0.0,"gold_gain":0.0,"event_name":"Designer","player_choice":"Upgrade and Remove","floor":37.0,"gold_loss":90.0,"damage_taken":0.0,"cards_upgraded":["Flying Knee"]},{"damage_healed":0.0,"max_hp_gain":0.0,"max_hp_loss":0.0,"gold_gain":0.0,"event_name":"Mysterious Sphere","player_choice":"Fight","floor":38.0,"gold_loss":0.0,"damage_taken":0.0},{"damage_healed":0.0,"max_hp_gain":0.0,"max_hp_loss":0.0,"gold_gain":0.0,"event_name":"Match and Keep!","player_choice":"1 cards matched","floor":39.0,"gold_loss":0.0,"damage_taken":0.0,"cards_obtained":["Outmaneuver"]},{"damage_healed":0,"gold_gain":0,"player_choice":"Fight","damage_taken":0,"max_hp_gain":0,"max_hp_loss":0,"event_name":"MindBloom","floor":46,"gold_loss":0}],"is_beta":false,"boss_relics":[{"not_picked":["Runic Pyramid","Ectoplasm"],"picked":"Calling Bell"},{"not_picked":["Sozu","Snecko Eye"],"picked":"Fusion Hammer"}],"items_purged_floors":[5,22,27],"is_endless":false,"potions_floor_spawned":[7,10,14,18,25,33,36,38,41,47],"killed_by":"Awakened One","ascension_level":2}}