{"host":"kk6i5v7sjcm8i50x","time":1612817452,"event":{"mods":["BaseMod","Bestiary","Colored Map","Downfall","Minty Spire (QoL Compilation)","StSLib","The Saiyan"],"gold_per_floor":[213,388,18,18,33,71,71,112,137,161,161,55,55,68,68,192,192,206,221,221,221,236,274,32,32,32],"floor_reached":25,"language":"ENG","playtime":978,"items_purged":["Defend_B"],"score":240,"play_id":"e4fc4588-52b1-4ee2-9dc9-7cf8d8ee5546","local_time":"20210208155052","is_ascension_mode":true,"campfire_choices":[{"floor":11,"key":"REST"},{"floor":13,"key":"REST"},{"floor":15,"key":"REST"}],"circlet_count":0,"master_deck":["Strike_B","Strike_B","Strike_B","Strike_B","Defend_B","Defend_B","Defend_B","Zap","Dualcast","Go for the Eyes","Doubt","Capacitor","Leap","Storm","Melter","Redo","Electrodynamics","Defragment","Sunder","Steam Power","Seek","Ball Lightning+1","Double Energy","Melter+1","Turbo"],"relics":["Cracked Core","Letter Opener","Golden Idol","PreservedInsect","Art of War","Omamori","bronze:MakeshiftBattery","Cables","Necronomicon","Smiling Mask","Runic Capacitor"],"acts_visited":["Exordium","TheCity"],"potions_floor_usage":[16,16,23],"damage_taken":[{"damage":0,"enemies":"Cultist","floor":1,"turns":4},{"damage":10,"enemies":"Jaw Worm","floor":5,"turns":4},{"damage":31,"enemies":"Lagavulin","floor":6,"turns":8},{"damage":26,"enemies":"3 Sentries","floor":8,"turns":6},{"damage":0,"enemies":"2 Louse","floor":10,"turns":3},{"damage":0,"enemies":"2 Fungi Beasts","floor":14,"turns":2},{"damage":33,"enemies":"Hexaghost","floor":16,"turns":9},{"damage":0,"enemies":"Spheric Guardian","floor":18,"turns":1},{"damage":13,"enemies":"Shell Parasite","floor":19,"turns":4},{"damage":15,"enemies":"Snake Plant","floor":22,"turns":3},{"damage":6,"enemies":"Gremlin Leader","floor":23,"turns":4},{"damage":22,"enemies":"Slavers","floor":25,"turns":1}],"seed_played":"8522249656941959369","potions_obtained":[{"floor":5,"key":"Swift Potion"},{"floor":8,"key":"Weak Potion"},{"floor":10,"key":"SpeedPotion"},{"floor":14,"key":"BlessingOfTheForge"},{"floor":22,"key":"ColorlessPotion"}],"is_trial":false,"path_per_floor":["M","?","$","?","M","E","$","E","T","M","R","$","R","M","R","B",null,"M","M","?","?","M","E","$","E"],"character_chosen":"DEFECT","items_purchased":["Letter Opener","Capacitor","Leap","Defragment","Sunder","Runic Capacitor","Turbo"],"campfire_rested":3,"item_purchase_floors":[3,3,3,12,12,24,24],"current_hp_per_floor":[75,75,75,69,59,28,28,2,2,2,22,22,42,42,62,29,69,69,56,56,40,25,19,19,0,0],"gold":32,"neow_bonus":"HUNDRED_GOLD","is_daily":false,"chose_seed":false,"campfire_upgraded":0,"win_rate":0.0,"timestamp":1612817452,"path_taken":["M","?","?","?","?","E","$","E","T","M","R","$","R","M","R","BOSS","M","M","?","?","M","E","$","E"],"items_purchased_type":["Relic","Card","Card","Card","Card","Relic","Card"],"build_version":"2020-12-22","purchased_purges":1,"victory":false,"max_hp_per_floor":[75,75,75,69,69,69,69,69,69,69,69,69,69,69,69,69,69,69,69,69,69,69,69,69,69,69],"card_choices":[{"not_picked":["Gash","Cold Snap"],"picked":"Go for the Eyes","floor":1},{"not_picked":["Steam","Lockon"],"picked":"Storm","floor":5},{"not_picked":["Sweeping Beam","Gash"],"picked":"Melter","floor":6},{"not_picked":["Coolheaded","Sunder"],"picked":"Redo","floor":8},{"not_picked":["Coolheaded","BootSequence"],"picked":"Electrodynamics","floor":10},{"not_picked":["Recycle","Cold Snap"],"picked":"Steam Power","floor":14},{"not_picked":["Core Surge","Electrodynamics"],"picked":"Seek","floor":16},{"not_picked":["Hologram+1","Reinforced Body+1"],"picked":"Ball Lightning+1","floor":18},{"not_picked":["Coolheaded+1","Gash"],"picked":"Double Energy","floor":19},{"not_picked":["Heatsinks","Go for the Eyes"],"picked":"Melter+1","floor":22},{"not_picked":["Rebound","Biased Cognition","Cold Snap"],"picked":"SKIP","floor":23}],"player_experience":153793,"relics_obtained":[{"floor":6,"key":"PreservedInsect"},{"floor":8,"key":"Art of War"},{"floor":9,"key":"Omamori"},{"floor":21,"key":"Necronomicon"},{"floor":23,"key":"Smiling Mask"}],"event_choices":[{"damage_healed":0,"gold_gain":175,"player_choice":"AGREE","damage_taken":0,"max_hp_gain":0,"max_hp_loss":0,"event_name":"Liars Game","floor":2,"gold_loss":0,"cards_obtained":["Doubt"]},{"damage_healed":0,"gold_gain":0,"player_choice":"Lose Max HP","damage_taken":0,"relics_obtained":["Golden Idol"],"max_hp_gain":0,"max_hp_loss":6,"event_name":"Golden Idol","floor":4,"gold_loss":0},{"damage_healed":0,"gold_gain":0,"player_choice":"Opened","damage_taken":0,"relics_obtained":["Cables"],"max_hp_gain":0,"max_hp_loss":0,"event_name":"The Mausoleum","floor":20,"gold_loss":0},{"damage_healed":0,"gold_gain":0,"player_choice":"Obtained Book","damage_taken":16,"max_hp_gain":0,"max_hp_loss":0,"event_name":"Cursed Tome","floor":21,"gold_loss":0}],"is_beta":false,"boss_relics":[{"not_picked":["Fusion Hammer","Snecko Eye"],"picked":"bronze:MakeshiftBattery"}],"items_purged_floors":[24],"is_endless":false,"potions_floor_spawned":[5,8,10,14,22],"killed_by":"Slavers","ascension_level":1}}