{"host":"d61fcf2p3sjwe6yo","time":1612815709,"event":{"mods":["BaseMod","Colored Map","Koishi","Marisa????????","Minty Spire (QoL Compilation)","StSLib","SuperFastMode","The Servant 0.9.4"],"gold_per_floor":[116,129,140,215,215,215,215,215],"floor_reached":7,"language":"ENG","playtime":189,"items_purged":[],"score":82,"play_id":"b629cf4b-c41f-46a0-9b6b-f0595a13d42e","local_time":"20210208232149","is_ascension_mode":true,"campfire_choices":[{"data":"Koishi:Vanish","floor":6,"key":"SMITH"}],"circlet_count":0,"master_deck":["AscendersBane","Koishi:BasicStrike","Koishi:BasicStrike","Koishi:BasicStrike+1","Koishi:BasicStrike","Koishi:BasicDefend","Koishi:BasicDefend","Koishi:BasicDefend","Koishi:BasicDefend+1","Koishi:Provoke","Koishi:HauntingSlash","Koishi:Vanish+1","Koishi:SpiritedAway","Koishi:YoukaiPolygraph"],"relics":["Koishi:ImaginaryFriend"],"acts_visited":["Exordium"],"potions_floor_usage":[],"damage_taken":[{"damage":1,"enemies":"Cultist","floor":1,"turns":4},{"damage":3,"enemies":"Small Slimes","floor":2,"turns":5},{"damage":11,"enemies":"Jaw Worm","floor":3,"turns":5},{"damage":0,"enemies":"3 Sentries","floor":7,"turns":1}],"seed_played":"-9095438413273922205","potions_obtained":[{"floor":1,"key":"EntropicBrew"},{"floor":3,"key":"CultistPotion"}],"is_trial":false,"path_per_floor":["M","M","M","?","?","R","E"],"character_chosen":"KOISHI","items_purchased":[],"campfire_rested":0,"item_purchase_floors":[],"current_hp_per_floor":[57,55,46,35,16,16,16,16],"gold":215,"neow_bonus":"TEN_PERCENT_HP_BONUS","is_daily":false,"chose_seed":false,"campfire_upgraded":1,"win_rate":0.0,"timestamp":1612815709,"path_taken":["M","M","?","?","?","R","E"],"items_purchased_type":[],"build_version":"2020-12-22","purchased_purges":0,"victory":false,"max_hp_per_floor":[62,62,62,62,62,62,62,62],"card_choices":[{"not_picked":["Koishi:RacingHeart","Koishi:SubconsciousSweep"],"picked":"Koishi:Vanish","floor":1},{"not_picked":["Koishi:UnansweredLove","Koishi:FleetingPhantom"],"picked":"Koishi:SpiritedAway","floor":2},{"not_picked":["Koishi:Catatonia","Koishi:Prune"],"picked":"Koishi:YoukaiPolygraph","floor":3}],"player_experience":294634,"relics_obtained":[],"event_choices":[{"damage_healed":0,"gold_gain":75,"player_choice":"Gather Gold","damage_taken":11,"max_hp_gain":0,"max_hp_loss":0,"event_name":"World of Goop","floor":4,"gold_loss":0},{"damage_healed":0,"gold_gain":0,"player_choice":"Entered Light","damage_taken":19,"max_hp_gain":0,"max_hp_loss":0,"event_name":"Shining Light","floor":5,"gold_loss":0,"cards_upgraded":["Koishi:BasicDefend","Koishi:BasicStrike"]}],"is_beta":false,"boss_relics":[],"items_purged_floors":[],"is_endless":false,"potions_floor_spawned":[1,3],"killed_by":"3 Sentries","ascension_level":20}}