{"host":"uceopoba4zvqsgiy","time":1612802706,"event":{"mods":["2.2 Compatiblity","Act Like it!","BaseMod","Better Skull","Better Third Choice","Elementarium","Evolution","GifTheSpireLib","Hermit","Humility","Infinite Spire","Jorbs\u0027s Wanderer Trilogy","Marked Mod","Minty Spire (QoL Compilation)","Potionbrewer","Reliquary","Replay The Spire","Robot Space Explorer","Shade Mod","Spicy Shops","StS++","StSLib","Stuff the Spire","The Blue Laboratory","The Caster","The Cursed","The Dragon Tamer","The Hierophant","The Judge","The Jungle","TheSurvivalist","Wandering Minibosses"],"gold_per_floor":[109,109,128,128,138,163,163,163,163],"floor_reached":8,"language":"ENG","playtime":230,"items_purged":[],"score":64,"play_id":"0386de0f-dd90-4941-91ec-9377f0302656","local_time":"20210209031506","is_ascension_mode":true,"campfire_choices":[],"circlet_count":0,"master_deck":["Strike_P","Strike_P","Strike_P","Strike_P","Defend_P","Defend_P","Defend_P","Defend_P","Vigilance","Replay:DivineShield+1"],"relics":["PureWater","EVO:Axolotl","NeowsBlessing","reliquary:Firecrackers"],"acts_visited":["Exordium"],"potions_floor_usage":[8],"damage_taken":[{"damage":0.0,"enemies":"Small Slimes","floor":1.0,"turns":1.0},{"damage":0.0,"enemies":"Jaw Worm","floor":3.0,"turns":1.0},{"damage":0.0,"enemies":"Cultist","floor":5.0,"turns":1.0},{"damage":35.0,"enemies":"Lagavulin","floor":6.0,"turns":6.0},{"damage":0,"enemies":"Gremlin Nob","floor":8,"turns":2}],"seed_played":"-3084020497859295672","potions_obtained":[{"floor":3.0,"key":"blueLaboratory:PressurePotion"},{"floor":5.0,"key":"blueLaboratory:AlphaPotion"}],"is_trial":false,"path_per_floor":["M","?","M","$","M","E","?","E"],"character_chosen":"WATCHER","items_purchased":[],"campfire_rested":0,"item_purchase_floors":[],"current_hp_per_floor":[72,72,72,72,72,37,30,30,30],"gold":163,"neow_bonus":"THREE_ENEMY_KILL","is_daily":false,"chose_seed":false,"campfire_upgraded":0,"win_rate":0.0,"timestamp":1612802706,"path_taken":["M","?","M","$","M","E","?","E"],"items_purchased_type":[],"build_version":"2020-12-22","purchased_purges":0,"victory":false,"max_hp_per_floor":[72,72,72,72,72,72,72,72,72],"card_choices":[{"not_picked":["StSpp:LatentStrike","EmptyBody"],"picked":"Replay:DivineShield","floor":1.0},{"not_picked":["Replay:BluntJabs","Replay:ManipulateFuture","StSpp:Renounce"],"picked":"SKIP","floor":3.0},{"not_picked":["BowlingBash","ClearTheMind","FlyingSleeves"],"picked":"SKIP","floor":5.0},{"not_picked":["ClearTheMind","Meditate","MarkedMod:GentlePulse"],"picked":"SKIP","floor":6.0}],"player_experience":1778761,"relics_obtained":[{"floor":6.0,"key":"reliquary:Firecrackers"}],"event_choices":[{"damage_healed":0.0,"max_hp_gain":0.0,"max_hp_loss":0.0,"gold_gain":0.0,"event_name":"Living Wall","player_choice":"Grow","floor":2.0,"gold_loss":0.0,"damage_taken":0.0,"cards_upgraded":["Replay:DivineShield"]},{"cards_removed":["Eruption"],"damage_healed":0,"gold_gain":0,"player_choice":"Card Removal","damage_taken":7,"max_hp_gain":0,"max_hp_loss":0,"event_name":"Golden Wing","floor":7,"gold_loss":0}],"is_beta":false,"boss_relics":[],"items_purged_floors":[],"is_endless":false,"potions_floor_spawned":[3,5],"killed_by":"Gremlin Nob","ascension_level":3,"is_humility":true}}