{"host":"13o02hya6v6rzuva","time":1612785317,"event":{"mods":["BaseMod","Minty Spire (QoL Compilation)","Relic Stats"],"gold_per_floor":[116,129,148,5,20,55,66,97,97,46,46,62,137,162,162,260,260,280,295,310,328,343,343,343],"floor_reached":23,"language":"ENG","playtime":724,"items_purged":[],"score":380,"play_id":"e30fb6ff-31aa-4cb8-92b3-3642473f451e","local_time":"20210208125517","is_ascension_mode":true,"campfire_choices":[{"data":"LikeWater","floor":11,"key":"SMITH"},{"floor":15,"key":"REST"}],"circlet_count":0,"master_deck":["Strike_P","Strike_P","Strike_P+1","Strike_P","Defend_P","Defend_P","Defend_P","Defend_P","Eruption","Vigilance","SignatureMove","FlurryOfBlows","LikeWater+1","Consecrate+1","PathToVictory","JustLucky","ThirdEye+1","LessonLearned","Study+1","Adaptation+1"],"relics":["PureWater","Orichalcum","PreservedInsect","Frozen Egg 2","Mummified Hand","Pear","Pen Nib","Black Star"],"acts_visited":["Exordium","TheCity"],"potions_floor_usage":[19,20,22,22],"damage_taken":[{"damage":0,"enemies":"Cultist","floor":1,"turns":2},{"damage":7,"enemies":"Jaw Worm","floor":2,"turns":3},{"damage":2,"enemies":"2 Louse","floor":3,"turns":3},{"damage":3,"enemies":"Large Slime","floor":5,"turns":5},{"damage":0,"enemies":"Gremlin Nob","floor":6,"turns":2},{"damage":4,"enemies":"Looter","floor":7,"turns":3},{"damage":8,"enemies":"3 Sentries","floor":8,"turns":5},{"damage":4,"enemies":"Exordium Wildlife","floor":12,"turns":3},{"damage":6,"enemies":"Lagavulin","floor":14,"turns":4},{"damage":0,"enemies":"Slime Boss","floor":16,"turns":3},{"damage":17,"enemies":"Chosen","floor":18,"turns":5},{"damage":16,"enemies":"2 Thieves","floor":19,"turns":3},{"damage":0,"enemies":"Snecko","floor":20,"turns":2},{"damage":1,"enemies":"Sentry and Sphere","floor":21,"turns":3},{"damage":40,"enemies":"Shelled Parasite and Fungi","floor":22,"turns":2},{"damage":17,"enemies":"Slavers","floor":23,"turns":1}],"seed_played":"-490413174719820215","potions_obtained":[{"floor":1,"key":"LiquidBronze"},{"floor":7,"key":"Swift Potion"},{"floor":8,"key":"SteroidPotion"},{"floor":19,"key":"AttackPotion"}],"is_trial":false,"path_per_floor":["M","M","M","$","M","E","M","E","T","$","R","M","?","E","R","B",null,"M","M","M","M","M","E"],"character_chosen":"WATCHER","items_purchased":["PreservedInsect","ThirdEye"],"campfire_rested":1,"item_purchase_floors":[4,10],"current_hp_per_floor":[72,65,63,63,60,60,56,48,58,58,58,54,43,37,61,61,82,65,49,49,48,8,0,0],"gold":343,"neow_bonus":"RANDOM_COMMON_RELIC","is_daily":false,"chose_seed":false,"campfire_upgraded":1,"win_rate":0.0,"timestamp":1612785317,"path_taken":["M","M","M","$","M","E","M","E","T","?","R","M","?","E","R","BOSS","M","M","M","M","M","E"],"items_purchased_type":["Relic","Card"],"build_version":"2020-12-22","purchased_purges":0,"victory":false,"max_hp_per_floor":[72,72,72,72,72,72,72,72,82,82,82,82,82,82,82,82,82,82,82,82,82,82,82,82],"relic_stats":{"counters":[16,49],"Mummified Hand":[3],"PreservedInsect":119,"Pen Nib":[5],"Black Star":0,"Orichalcum":[84],"obtain_stats":[{"Pear":9,"Mummified Hand":8,"PreservedInsect":4,"Pen Nib":14,"Black Star":17,"PureWater":0,"Orichalcum":0,"Frozen Egg 2":6},{"Pear":7,"Mummified Hand":7,"PreservedInsect":3,"Pen Nib":9,"Black Star":10,"PureWater":0,"Orichalcum":0,"Frozen Egg 2":5},{"Pear":23,"Mummified Hand":23,"PreservedInsect":8,"Pen Nib":30,"Black Star":33,"PureWater":0,"Orichalcum":0,"Frozen Egg 2":15}]},"card_choices":[{"not_picked":["EmptyMind","Swivel"],"picked":"SignatureMove","floor":1},{"not_picked":["Worship","ClearTheMind"],"picked":"FlurryOfBlows","floor":2},{"not_picked":["BattleHymn","FlurryOfBlows"],"picked":"LikeWater","floor":3},{"not_picked":["EmptyFist","DeceiveReality"],"picked":"Consecrate","floor":5},{"not_picked":["WindmillStrike","Prostrate"],"picked":"PathToVictory","floor":6},{"not_picked":["FollowUp","EmptyBody","FlyingSleeves"],"picked":"SKIP","floor":7},{"not_picked":["Meditate","FlyingSleeves"],"picked":"JustLucky","floor":8},{"not_picked":["Sanctity","Scrawl","FlyingSleeves"],"picked":"SKIP","floor":12},{"not_picked":["FlyingSleeves","SashWhip","BowlingBash"],"picked":"SKIP","floor":14},{"not_picked":["SpiritShield","Establishment+1"],"picked":"LessonLearned","floor":16},{"not_picked":["FlyingSleeves+1","BowlingBash+1","Consecrate"],"picked":"SKIP","floor":18},{"not_picked":["JustLucky","Collect","Prostrate"],"picked":"SKIP","floor":19},{"not_picked":["WindmillStrike","CutThroughFate","ClearTheMind"],"picked":"SKIP","floor":20},{"not_picked":["EmptyFist","MasterReality+1"],"picked":"Study+1","floor":21},{"not_picked":["Consecrate","WheelKick"],"picked":"Adaptation+1","floor":22}],"player_experience":1192486,"relics_obtained":[{"floor":6,"key":"Frozen Egg 2"},{"floor":8,"key":"Mummified Hand"},{"floor":9,"key":"Pear"},{"floor":14,"key":"Pen Nib"}],"event_choices":[{"damage_healed":0,"gold_gain":75,"player_choice":"Gather Gold","damage_taken":11,"max_hp_gain":0,"max_hp_loss":0,"event_name":"World of Goop","floor":13,"gold_loss":0}],"is_beta":false,"boss_relics":[{"not_picked":["Runic Pyramid","Cursed Key"],"picked":"Black Star"}],"items_purged_floors":[],"is_endless":false,"potions_floor_spawned":[1,7,8,16,19],"killed_by":"Slavers","ascension_level":4}}