{"host":"6bsan6hkua32tfq7","time":1612769197,"event":{"mods":["BaseMod","Better Third Choice","Colored Map","Highlight Path","Minty Spire (QoL Compilation)","StSLib"],"gold_per_floor":[110,129,140,159,169,169,180,215,215,215,225,0,15,29,29,107,107,123,123,138,138,138],"floor_reached":21,"language":"ENG","playtime":550,"items_purged":["Strike_G"],"score":374,"play_id":"16fa2ce7-e4d7-4a54-8fb4-d682d9a2b5c7","local_time":"20210208082637","is_ascension_mode":true,"campfire_choices":[{"data":"Tools of the Trade","floor":6,"key":"SMITH"},{"floor":10,"key":"REST"},{"data":"Survivor","floor":15,"key":"SMITH"}],"circlet_count":0,"master_deck":["AscendersBane","Strike_G","Strike_G","Strike_G","Strike_G","Defend_G","Defend_G","Defend_G","Defend_G","Defend_G","Survivor+1","Neutralize","CurseOfTheBell","Slice","Bane","Tools of the Trade+1","Slice","Dagger Throw","Underhanded Strike","Eviscerate","Tactician","Reflex","Die Die Die","Eviscerate","Adrenaline","Prepared"],"relics":["Calling Bell","Bag of Marbles","Mercury Hourglass","Torii","Toy Ornithopter","StrikeDummy","SlaversCollar"],"acts_visited":["Exordium","TheCity"],"potions_floor_usage":[8,14,20,20,20],"damage_taken":[{"damage":0,"enemies":"Cultist","floor":1,"turns":4},{"damage":7,"enemies":"Small Slimes","floor":2,"turns":4},{"damage":1,"enemies":"2 Louse","floor":3,"turns":2},{"damage":2,"enemies":"Blue Slaver","floor":4,"turns":4},{"damage":10,"enemies":"Large Slime","floor":5,"turns":6},{"damage":6,"enemies":"Looter","floor":7,"turns":2},{"damage":17,"enemies":"Gremlin Nob","floor":8,"turns":4},{"damage":0,"enemies":"Exordium Wildlife","floor":11,"turns":1},{"damage":0,"enemies":"Large Slime","floor":13,"turns":2},{"damage":1,"enemies":"Blue Slaver","floor":14,"turns":2},{"damage":17,"enemies":"The Guardian","floor":16,"turns":9},{"damage":19,"enemies":"3 Byrds","floor":18,"turns":4},{"damage":34,"enemies":"Shell Parasite","floor":20,"turns":6},{"damage":17,"enemies":"Snake Plant","floor":21,"turns":2}],"seed_played":"-5425706128781523068","potions_obtained":[{"floor":1,"key":"EntropicBrew"},{"floor":5,"key":"Ancient Potion"},{"floor":11,"key":"GhostInAJar"},{"floor":19,"key":"ColorlessPotion"}],"is_trial":false,"path_per_floor":["M","M","M","M","M","R","M","E","T","R","M","$","M","M","R","B",null,"M","?","M","M"],"character_chosen":"THE_SILENT","items_purchased":["Reflex","Die Die Die"],"campfire_rested":1,"item_purchase_floors":[12,12],"current_hp_per_floor":[59,52,51,49,39,39,33,16,16,35,35,35,35,39,39,22,55,36,36,17,0,0],"gold":138,"neow_bonus":"BOSS_RELIC","is_daily":false,"chose_seed":false,"campfire_upgraded":2,"win_rate":0.0,"timestamp":1612769197,"path_taken":["M","M","?","?","?","R","M","E","T","R","M","?","?","M","R","BOSS","M","?","M","M"],"items_purchased_type":["Card","Card"],"build_version":"2020-12-22","purchased_purges":1,"victory":false,"max_hp_per_floor":[66,66,66,66,66,66,66,66,66,66,66,66,66,66,66,66,66,66,66,66,66,66],"card_choices":[{"not_picked":["Choke","Cloak And Dagger"],"picked":"Slice","floor":1},{"not_picked":["Acrobatics","Backflip"],"picked":"Bane","floor":2},{"not_picked":["Outmaneuver","Sucker Punch"],"picked":"Tools of the Trade","floor":3},{"not_picked":["Underhanded Strike","Bane"],"picked":"Slice","floor":4},{"not_picked":["Flying Knee","Distraction"],"picked":"Dagger Throw","floor":5},{"not_picked":["Dash","Deadly Poison"],"picked":"Underhanded Strike","floor":7},{"not_picked":["Poisoned Stab","Dodge and Roll"],"picked":"Eviscerate","floor":8},{"not_picked":["Poisoned Stab","Prepared"],"picked":"Tactician","floor":11},{"not_picked":["Blade Dance","Skewer"],"picked":"Eviscerate","floor":13},{"not_picked":["Masterful Stab","Bullet Time","Outmaneuver"],"picked":"SKIP","floor":14},{"not_picked":["Bullet Time","Tools of the Trade"],"picked":"Adrenaline","floor":16},{"not_picked":["Cloak And Dagger","Outmaneuver","Endless Agony"],"picked":"SKIP","floor":18},{"not_picked":["PiercingWail","Dash"],"picked":"Prepared","floor":20}],"player_experience":5416633,"relics_obtained":[{"floor":0,"key":"Bag of Marbles"},{"floor":0,"key":"Mercury Hourglass"},{"floor":0,"key":"Torii"},{"floor":8,"key":"Toy Ornithopter"},{"floor":9,"key":"StrikeDummy"}],"event_choices":[{"damage_healed":0,"gold_gain":0,"player_choice":"Got Potions","damage_taken":0,"max_hp_gain":0,"max_hp_loss":0,"event_name":"Lab","floor":19,"gold_loss":0}],"is_beta":false,"boss_relics":[{"not_picked":["WristBlade","Ectoplasm"],"picked":"SlaversCollar"}],"items_purged_floors":[12],"is_endless":false,"potions_floor_spawned":[1,5,11,13],"killed_by":"Snake Plant","ascension_level":20}}