{"host":"lddajdu6cqgaqcx3","time":1612789253,"event":{"mods":["Act Like it!","BaseMod","Bossed Relics","Colored Map","Downfall","Gensokyo","Marisa£®ÏF”Í°°ƒß¿Ì…≥£©","Minty Spire (QoL Compilation)","Reimu£®≤©¿ˆ¡È√Œ£©","Remilia£®¿Ÿ√◊¿Ú—«£©","Replay The Spire","StSLib"],"gold_per_floor":[117,134,151,151,161,213,213,36,36,51,83,83,83,93,93,127,127,243,243,282,298,308,364,382,437,437,437,514,529,560,585,585,585,585,700,700,717,756,233,250,250,323,0,15,86,86,104,118,118,147,147,167],"floor_reached":53,"language":"ZHS","playtime":2965,"items_purged":["Sickly","Defend_RM"],"score":1142,"play_id":"5dda6a69-aba6-468a-8b6a-a44e404e203f","local_time":"20210208210053","is_ascension_mode":false,"campfire_choices":[{"data":"ScarletImprint","floor":15,"key":"SMITH"},{"data":"Defend_RM","floor":17,"key":"PURGE"},{"data":"BloodRain","floor":26,"key":"SMITH"},{"data":"BloodyMagicSquare","floor":32,"key":"SMITH"},{"data":"BloodySeventeenLaser","floor":46,"key":"SMITH"},{"data":"EternalNight","floor":51,"key":"SMITH"}],"circlet_count":0,"master_deck":["Strike_RM","Strike_RM","Strike_RM","Strike_RM","Defend_RM","Defend_RM","RedMoon","ScarletShoot","NightDance","RedNightlessCastle","EternalNight","FavorOfDestiny","BloodyCatastrophe+1","SuperhumanBloodyKnife","CharismaGuard","ReincarnationDial","ScarletImprint+1","UnstableMagic","VampireKiss","BloodRain+1","NightDance+1","UnstableMagic","AfternoonTea+1","HunterOfTheNight","BloodyMagicSquare+1","EternalNight+1","VampireKiss","BloodyTrap+1","BloodyCatastrophe+1","BloodySeventeenLaser+1","FavorOfDestiny+1","VampireSweep","Maim+1","UltimateOffering","ForbiddenFruit+1","Madness+1","Madness+1","EndlessAdversity+1","MillenniumVampire+1","ScarletImprint+1","CharismaGuard","downfall:Haunted","downfall:Haunted","ReplayTheSpireMod:Doomed","Languid","HeartBreak","MiserableFate+1"],"relics":["ScarletHat","Ring of Fury","Eternal Feather","Pantograph","White Beast Statue","Busted Crown","Counterbalance","Toxic Egg 2","Replay:Towering Pillar of Hats","Philosopher\u0027s Stone","HandDrill","PreservedInsect","Mercury Hourglass","Red Mask","Onion Ring","Darkstone Periapt","Ornamental Fan"],"acts_visited":["Exordium","TheCity","TheBeyond"],"potions_floor_usage":[11,14,16,18,18,21,23,23,24,25,30,31,31,35,35,38,38,40,42,42,44,47,47,48,48,52],"damage_taken":[{"damage":0,"enemies":"Small Slimes","floor":1,"turns":4},{"damage":0,"enemies":"2 Louse","floor":2,"turns":4},{"damage":9,"enemies":"Jaw Worm","floor":3,"turns":4},{"damage":3,"enemies":"3 Louse","floor":5,"turns":2},{"damage":31,"enemies":"Lagavulin","floor":6,"turns":6},{"damage":0,"enemies":"2 Fungi Beasts","floor":10,"turns":4},{"damage":2,"enemies":"Red Slaver","floor":11,"turns":3},{"damage":0,"enemies":"3 Louse","floor":14,"turns":2},{"damage":16,"enemies":"Exordium Thugs","floor":16,"turns":6},{"damage":71,"enemies":"The Guardian","floor":18,"turns":9},{"damage":14,"enemies":"Spheric Guardian","floor":20,"turns":4},{"damage":34,"enemies":"2 Thieves","floor":21,"turns":3},{"damage":0,"enemies":"Snecko","floor":22,"turns":2},{"damage":12,"enemies":"Cultist and Chosen","floor":23,"turns":6},{"damage":19,"enemies":"Centurion and Healer","floor":24,"turns":3},{"damage":2,"enemies":"Slavers","floor":25,"turns":4},{"damage":4,"enemies":"Sentry and Sphere","floor":29,"turns":1},{"damage":16,"enemies":"Chosen and Byrds","floor":30,"turns":2},{"damage":18,"enemies":"Book of Stabbing","floor":31,"turns":5},{"damage":72,"enemies":"Pondfish","floor":35,"turns":5},{"damage":49,"enemies":"Orb Walker","floor":37,"turns":2},{"damage":25,"enemies":"3 Darklings","floor":38,"turns":4},{"damage":29,"enemies":"Transient","floor":40,"turns":5},{"damage":33,"enemies":"Giant Head","floor":42,"turns":4},{"damage":37,"enemies":"Writhing Mass","floor":44,"turns":5},{"damage":47,"enemies":"Spire Growth","floor":47,"turns":3},{"damage":11,"enemies":"3 Darklings","floor":48,"turns":2},{"damage":30,"enemies":"Reptomancer","floor":50,"turns":2},{"damage":46,"enemies":"Donu and Deca","floor":52,"turns":5}],"seed_played":"-6674817874414273236","potions_obtained":[{"floor":2,"key":"Fire Potion"},{"floor":10,"key":"champ:CounterPotion"},{"floor":10,"key":"Fire Potion"},{"floor":11,"key":"GrandPatriotsElixir:ReiMu"},{"floor":14,"key":"Adrenaline Potion"},{"floor":14,"key":"GrandPatriotsElixir:ReiMu"},{"floor":16,"key":"FairyPotion"},{"floor":18,"key":"SkillPotion"},{"floor":18,"key":"Fire Potion"},{"floor":20,"key":"DistilledChaos"},{"floor":21,"key":"Strength Potion"},{"floor":22,"key":"ColorlessPotion"},{"floor":23,"key":"Block Potion"},{"floor":23,"key":"Strength Potion"},{"floor":24,"key":"Fire Potion"},{"floor":24,"key":"Milkshake"},{"floor":25,"key":"SmokeBomb"},{"floor":29,"key":"AttackPotion"},{"floor":30,"key":"CultistPotion"},{"floor":31,"key":"SteroidPotion"},{"floor":31,"key":"Ancient Potion"},{"floor":35,"key":"ColorlessPotion"},{"floor":37,"key":"Weak Potion"},{"floor":37,"key":"Adrenaline Potion"},{"floor":38,"key":"Cursed Concoction"},{"floor":40,"key":"PowerPotion"},{"floor":42,"key":"Cursed Concoction"},{"floor":44,"key":"ColorlessPotion"},{"floor":47,"key":"DistilledChaos"},{"floor":47,"key":"Swift Potion"},{"floor":48,"key":"SteroidPotion"},{"floor":50,"key":"Strength Potion"}],"is_trial":false,"path_per_floor":["M","M","M","?","M","E","?","$","T","M","M","PTL","PTL","M","R","M","R_BF","B",null,"M","M","M","M","M","E","R","?","T","M","M","E","R","?","R_BF","B",null,"M","M","$","M","?","E","?","M","T","R","M","M","?","E","R","B",null],"character_chosen":"REMILIA","items_purchased":["SuperhumanBloodyKnife","CharismaGuard","Maim+1","UltimateOffering","HandDrill","PreservedInsect"],"campfire_rested":0,"item_purchase_floors":[8,8,39,39,39,39],"current_hp_per_floor":[82,82,73,73,70,48,45,45,45,45,43,43,43,43,55,41,53,22,82,68,36,40,34,16,21,36,36,36,32,23,19,37,21,65,29,87,42,47,47,54,43,65,65,34,34,55,22,22,51,21,48,36],"gold":167,"neow_bonus":"TEN_PERCENT_HP_BONUS","is_daily":false,"chose_seed":false,"campfire_upgraded":5,"win_rate":0.0,"timestamp":1612789253,"path_taken":["M","M","M","?","M","E","?","$","T","M","M","PTL","PTL","M","R","M","R_BF","BOSS","M","M","M","M","M","E","R","?","T","M","M","E","R","?","R_BF","BOSS","M","M","$","M","?","E","?","M","T","R","M","M","?","E","R","BOSS"],"items_purchased_type":["Card","Card","Card","Card","Relic","Relic"],"build_version":"2020-12-22","purchased_purges":2,"victory":true,"max_hp_per_floor":[82,82,82,82,82,82,82,82,82,82,82,82,82,82,82,82,82,82,82,82,82,82,82,82,82,82,82,82,82,82,82,82,87,87,87,87,87,87,87,87,87,87,87,87,87,87,87,87,116,116,116,116],"card_choices":[{"not_picked":["RedRainbow","ChainGang"],"picked":"NightDance","floor":1},{"not_picked":["NightDance","BloodyTrap"],"picked":"RedNightlessCastle","floor":2},{"not_picked":["BloodHunter","ReincarnationDial"],"picked":"EternalNight","floor":3},{"not_picked":["ScarletDream","VampireKiss"],"picked":"FavorOfDestiny","floor":5},{"not_picked":["EndlessAdversity","BloodHunter"],"picked":"BloodyCatastrophe","floor":6},{"not_picked":["MastersStateliness","RedRainbow"],"picked":"ReincarnationDial","floor":10},{"not_picked":["GlobalNightmare","BlasphemousPunishment"],"picked":"ScarletImprint","floor":11},{"not_picked":["BloodHunter","EquivalentExchange"],"picked":"UnstableMagic","floor":14},{"not_picked":["NightDance","BlasphemousPunishment"],"picked":"VampireKiss","floor":16},{"not_picked":["BloodyCatastrophe","DemonKingCradle"],"picked":"BloodRain","floor":18},{"not_picked":[],"picked":"NightDance+1","floor":20},{"not_picked":[],"picked":"UnstableMagic","floor":21},{"not_picked":["ChainGang"],"picked":"SKIP","floor":22},{"not_picked":[],"picked":"AfternoonTea+1","floor":23},{"not_picked":[],"picked":"HunterOfTheNight","floor":24},{"not_picked":[],"picked":"BloodyMagicSquare","floor":25},{"not_picked":[],"picked":"VampireKiss","floor":29},{"not_picked":[],"picked":"BloodyTrap+1","floor":30},{"not_picked":[],"picked":"BloodyCatastrophe+1","floor":31},{"not_picked":[],"picked":"BloodySeventeenLaser","floor":35},{"not_picked":[],"picked":"FavorOfDestiny+1","floor":37},{"not_picked":[],"picked":"VampireSweep","floor":38},{"not_picked":[],"picked":"ForbiddenFruit+1","floor":40},{"not_picked":[],"picked":"EndlessAdversity+1","floor":42},{"not_picked":[],"picked":"MillenniumVampire+1","floor":44},{"not_picked":[],"picked":"ScarletImprint+1","floor":47},{"not_picked":[],"picked":"CharismaGuard","floor":48},{"not_picked":[],"picked":"MiserableFate+1","floor":50}],"player_experience":5970,"relics_obtained":[{"floor":4,"key":"Ring of Fury"},{"floor":6,"key":"Eternal Feather"},{"floor":9,"key":"White Beast Statue"},{"floor":25,"key":"Counterbalance"},{"floor":28,"key":"Toxic Egg 2"},{"floor":31,"key":"Replay:Towering Pillar of Hats"},{"floor":42,"key":"Mercury Hourglass"},{"floor":45,"key":"Onion Ring"},{"floor":50,"key":"Ornamental Fan"}],"event_choices":[{"damage_healed":0,"gold_gain":0,"player_choice":"Success","damage_taken":3,"relics_obtained":["Pantograph"],"max_hp_gain":0,"max_hp_loss":0,"event_name":"Scrap Ooze","floor":7,"gold_loss":0},{"damage_healed":0,"gold_gain":0,"player_choice":"Read","damage_taken":0,"max_hp_gain":0,"max_hp_loss":0,"event_name":"The Library","floor":27,"gold_loss":0,"cards_obtained":["EternalNight"]},{"damage_healed":0,"gold_gain":0,"player_choice":"Shed Blood","damage_taken":21,"max_hp_gain":5,"max_hp_loss":0,"event_name":"Forgotten Altar","floor":33,"gold_loss":0},{"damage_healed":0,"gold_gain":0,"player_choice":"Embrace Madness","damage_taken":11,"max_hp_gain":0,"max_hp_loss":0,"event_name":"Winding Halls","floor":41,"gold_loss":0,"cards_obtained":["Madness","Madness"]},{"damage_healed":0,"gold_gain":0,"player_choice":"Paid","damage_taken":0,"relics_obtained":["Red Mask"],"max_hp_gain":0,"max_hp_loss":0,"event_name":"Tomb of Lord Red Mask","floor":43,"gold_loss":323}],"is_beta":false,"boss_relics":[{"not_picked":["Replay:Bronze Core","SacredBark"],"picked":"Busted Crown"},{"not_picked":["Snecko Eye","Astrolabe"],"picked":"Philosopher\u0027s Stone"}],"items_purged_floors":[8,39],"is_endless":false,"potions_floor_spawned":[2,10,11,14,16,18,20,21,22,23,24,25,29,30,31,35,37,38,40,42,44,47,48,50],"ascension_level":0}}