{"host":"f5akwxsmb9r0twid","time":1612786741,"event":{"mods":["BaseMod","Colored Map","Minty Spire (QoL Compilation)"],"gold_per_floor":[12,12,29,204,218,243,253,279,315,347,359,386,410,433,445,457,457],"floor_reached":16,"language":"ENG","playtime":805,"items_purged":[],"score":147,"play_id":"f1d11fdf-7376-4347-aebf-9eacf981c652","local_time":"20210208151901","is_ascension_mode":true,"campfire_choices":[{"floor":15,"key":"REST"}],"circlet_count":0,"master_deck":["Strike_R","Strike_R","Strike_R","Defend_R","Defend_R","Defend_R","Bash","Feed","Cleave","Thunderclap","Hemokinesis","Seeing Red","Doubt","Flex","Limit Break","Flex","Rage","Sword Boomerang","Spot Weakness","Iron Wave"],"relics":["Burning Blood","Girya","MawBank"],"acts_visited":["Exordium"],"potions_floor_usage":[6,8,8,13,14],"damage_taken":[{"damage":13,"enemies":"Jaw Worm","floor":1,"turns":6},{"damage":0,"enemies":"2 Louse","floor":3,"turns":2},{"damage":10,"enemies":"Small Slimes","floor":5,"turns":3},{"damage":54,"enemies":"Lagavulin","floor":6,"turns":7},{"damage":4,"enemies":"2 Fungi Beasts","floor":7,"turns":3},{"damage":37,"enemies":"Gremlin Nob","floor":8,"turns":5},{"damage":5,"enemies":"Lots of Slimes","floor":10,"turns":4},{"damage":12,"enemies":"Looter","floor":12,"turns":3},{"damage":2,"enemies":"Exordium Wildlife","floor":13,"turns":3},{"damage":13,"enemies":"Exordium Thugs","floor":14,"turns":3},{"damage":48,"enemies":"The Guardian","floor":16,"turns":4}],"seed_played":"5186079610323536520","potions_obtained":[{"floor":3,"key":"FearPotion"},{"floor":6,"key":"SkillPotion"},{"floor":7,"key":"Fire Potion"},{"floor":12,"key":"SneckoOil"},{"floor":13,"key":"EssenceOfSteel"}],"is_trial":false,"path_per_floor":["M","?","M","?","M","E","M","E","T","M","?","M","M","M","R","B"],"character_chosen":"IRONCLAD","items_purchased":[],"campfire_rested":1,"item_purchase_floors":[],"current_hp_per_floor":[76,76,85,85,84,39,44,13,13,17,17,11,18,14,45,0,0],"gold":457,"neow_bonus":"TRANSFORM_TWO_CARDS","is_daily":false,"chose_seed":false,"campfire_upgraded":0,"win_rate":0.0,"timestamp":1612786741,"path_taken":["M","?","M","?","M","E","M","E","T","M","?","M","M","M","R","BOSS"],"items_purchased_type":[],"build_version":"2020-12-22","purchased_purges":0,"victory":false,"max_hp_per_floor":[83,83,86,86,89,92,95,95,95,98,98,98,101,104,104,104,104],"card_choices":[{"not_picked":["Warcry","Entrench"],"picked":"Thunderclap","floor":1},{"not_picked":["Hemokinesis","Dark Embrace"],"picked":"Seeing Red","floor":3},{"not_picked":["Fire Breathing","Power Through"],"picked":"Flex","floor":5},{"not_picked":["Perfected Strike","Reckless Charge"],"picked":"Limit Break","floor":6},{"not_picked":["Warcry","Dropkick"],"picked":"Flex","floor":7},{"not_picked":["Carnage","Twin Strike"],"picked":"Rage","floor":8},{"not_picked":["Headbutt","Pommel Strike"],"picked":"Sword Boomerang","floor":10},{"not_picked":["Fire Breathing","Combust"],"picked":"Spot Weakness","floor":12},{"not_picked":["Carnage","Uppercut","Shockwave"],"picked":"SKIP","floor":13},{"not_picked":["Bloodletting","Infernal Blade"],"picked":"Iron Wave","floor":14}],"player_experience":302495,"relics_obtained":[{"floor":6,"key":"Girya"},{"floor":8,"key":"MawBank"}],"event_choices":[{"damage_healed":0,"gold_gain":0,"cards_transformed":["Strike_R"],"player_choice":"Change","damage_taken":0,"max_hp_gain":0,"max_hp_loss":0,"event_name":"Living Wall","floor":2,"gold_loss":0,"cards_obtained":["Hemokinesis"]},{"damage_healed":0,"gold_gain":175,"player_choice":"AGREE","damage_taken":0,"max_hp_gain":0,"max_hp_loss":0,"event_name":"Liars Game","floor":4,"gold_loss":0,"cards_obtained":["Doubt"]},{"damage_healed":0,"gold_gain":0,"player_choice":"Ignored","damage_taken":0,"max_hp_gain":0,"max_hp_loss":0,"event_name":"Shining Light","floor":11,"gold_loss":0}],"is_beta":false,"boss_relics":[],"items_purged_floors":[],"is_endless":false,"potions_floor_spawned":[3,6,7,12,13],"killed_by":"The Guardian","ascension_level":1}}