{"host":"ouhnlk7sufsq27y5","time":1612763611,"event":{"mods":["Act Like it!","AlwaysNeverKeys","Aspiration","BaseMod","Better Match","Better Third Choice","Card Forge","Conspire","Dark Map","Gold Saver","HololiveMod","Hubris","Infinite Spire","Minty Spire (QoL Compilation)","Reliquary","Replay The Spire","Shop Mod","StSLib","Yuri Mod"],"gold_per_floor":[130,130,57,0,14,48,48,88,88,12,31,57,57,90,90,198,198,220,237,336,355,375,404,420,420,420,116,150,186,135,159,159,263,263,278,278],"floor_reached":35,"language":"ENG","playtime":2310,"items_purged":[],"score":616,"play_id":"f71ba10c-0761-4d74-8d37-7c854bed7194","local_time":"20210208005331","is_ascension_mode":false,"campfire_choices":[{"data":"1","floor":7,"key":"LIFT"},{"data":"2","floor":13,"key":"LIFT"},{"data":"3","floor":15,"key":"LIFT"},{"floor":32,"key":"REST"}],"circlet_count":0,"master_deck":["Hololive_CallMinatoAqua+1","Hololive_CallUsadaPekora+1","Hololive_CallMurasakiShion+1","Hololive_CallShiranuiFlare+1","Hololive_CallSpadeEcho+1","Hololive_Breathe+1","Hololive_Strike+1","Hololive_Strike+1","Hololive_Defend+1","Hololive_Rebound+1","Hololive_CallMoonaHoshinova+1","Enlightenment+1","Hololive_CallAmaneKanata+1","Hololive_CallSpadeEcho+1","Hololive_CallNakiriAyame+1","Hololive_CandyCastle+1","Hololive_CallShiroganeNoel+1","Hololive_StrengthChampion+5","Hololive_LuckPotion+1","Hololive_ScarfAndHalo+1","CurseOfTheBell","Hololive_CallCivia+1","Hololive_StrengthChampion+3","Hololive_CallHoushouMarine","Hololive_RevenueBasedLive","Hololive_Trident+1","Hololive_CallShirakamiFubuki+1","Hololive_OvertimeWork+1","Hololive_Drill+1","Hololive_IdolExercise","Hololive_CallUruhaRushia+1","Hololive_Spy","Hololive_CallOkamiMio+1","Hololive_DDD"],"relics":["Ring of Shattering","reliquary:BrokenClock","yuri:GlassOfWater","aspiration:FetidBarrel","TungstenRod","Replay:Kaleidoscope","Dream Catcher","Runic Pyramid","hubris:SphereOfDissonance","hubris:ToyBattleship","aspiration:VileToxins","Centennial Puzzle","Hololive_TheStar","hubris:AncientText","Spirit Poop","Replay:Towering Pillar of Hats","reliquary:TuningFork","infinitespire:Chaos","Pocketwatch","Honey Jar"],"acts_visited":["Exordium","TheCity","TheBeyond"],"potions_floor_usage":[],"damage_taken":[{"damage":0,"enemies":"2 Louse","floor":1,"turns":1},{"damage":0,"enemies":"Jaw Worm","floor":5,"turns":1},{"damage":0,"enemies":"Lagavulin","floor":6,"turns":1},{"damage":0,"enemies":"3 Sentries","floor":8,"turns":5},{"damage":0,"enemies":"conspire:RoseBush","floor":11,"turns":2},{"damage":0,"enemies":"Blue Slaver","floor":12,"turns":2},{"damage":0,"enemies":"Lagavulin","floor":14,"turns":3},{"damage":0,"enemies":"The Guardian","floor":16,"turns":5},{"damage":0,"enemies":"Shell Parasite","floor":18,"turns":2},{"damage":3,"enemies":"2 Thieves","floor":19,"turns":3},{"damage":0,"enemies":"Centurion and Healer","floor":21,"turns":3},{"damage":0,"enemies":"Shelled Parasite and Fungi","floor":22,"turns":3},{"damage":13,"enemies":"Slavers","floor":23,"turns":3},{"damage":0,"enemies":"Cultist and Chosen","floor":24,"turns":3},{"damage":0,"enemies":"Book of Stabbing","floor":28,"turns":3},{"damage":0,"enemies":"Snecko","floor":29,"turns":3},{"damage":0,"enemies":"conspire:HollyBat","floor":31,"turns":8},{"damage":0,"enemies":"hubris:MusketHawk","floor":33,"turns":5},{"damage":41,"enemies":"Orb Walker","floor":35,"turns":3}],"seed_played":"6118008205864964331","potions_obtained":[{"floor":1,"key":"DuplicationPotion"},{"floor":12,"key":"LiquidMemories"},{"floor":14,"key":"Venom Potion"}],"is_trial":false,"path_per_floor":["M","?","$","?","M","E","R","E","T","$","M","M","R","E","R","B",null,"M","M","?","M","M","E","M","R","T","$","E","M","$","M","R","B",null,"M"],"character_chosen":"Hololive_HololiveCharacter","items_purchased":["Hololive_CallMoonaHoshinova","Hololive_CandyCastle","Dream Catcher","infinitespire:Chaos","Hololive_CallUruhaRushia+1"],"campfire_rested":1,"item_purchase_floors":[3,10,27,27,30],"current_hp_per_floor":[35,35,35,41,41,41,41,41,41,41,41,41,41,41,41,41,41,41,38,38,38,38,25,25,25,25,25,25,25,25,25,37,37,41,0,0],"gold":278,"neow_bonus":"THREE_ENEMY_KILL","is_daily":false,"chose_seed":false,"campfire_upgraded":0,"win_rate":0.0,"timestamp":1612763611,"path_taken":["M","?","$","?","M","E","R","E","T","?","M","M","R","E","R","BOSS","M","?","?","M","M","E","M","R","T","$","E","M","$","M","R","BOSS","M"],"items_purchased_type":["Card","Card","Relic","Relic","Card"],"build_version":"2020-12-22","purchased_purges":0,"victory":false,"max_hp_per_floor":[35,35,35,41,41,41,41,41,41,41,41,41,41,41,41,41,41,41,41,41,41,41,41,41,41,41,41,41,41,41,41,41,41,41,41,41],"card_choices":[{"not_picked":["Hololive_Breathe","Hololive_CocoNews","Hololive_HuntDinosaur"],"picked":"Hololive_Rebound","floor":1},{"not_picked":["Hololive_CocoNews","Hololive_Sequa","Hololive_RevenueBasedLive"],"picked":"Hololive_CallAmaneKanata","floor":5},{"not_picked":["Hololive_Breathe","Hololive_OvertimeWork","Hololive_HuntDinosaur"],"picked":"Hololive_CallSpadeEcho","floor":6},{"not_picked":["Hololive_CallAkaiHaato","Hololive_SummonFox","Hololive_Trident"],"picked":"Hololive_CallNakiriAyame","floor":8},{"not_picked":["Hololive_Breathe","Hololive_CallShirakamiFubuki","Hololive_CallUsadaPekora"],"picked":"Hololive_CallShiroganeNoel","floor":11},{"not_picked":["Hololive_CocoNews","Hololive_RevenueBasedLive","Hololive_Sequa"],"picked":"Hololive_StrengthChampion","floor":12},{"not_picked":["Hololive_Psychosis+1","Hololive_CallRosalyn","Hololive_Trident+1"],"picked":"Hololive_LuckPotion","floor":14},{"not_picked":["Hololive_IdolExercise","Hololive_Nanodesu+1","Hololive_ASMR+1"],"picked":"Hololive_ScarfAndHalo+1","floor":16},{"not_picked":["Hololive_Spy","Hololive_Rebound","Hololive_StarCraft"],"picked":"Hololive_CallCivia+1","floor":18},{"not_picked":["Hololive_Psychosis+1","Hololive_LuckPotion","Hololive_Rebound+1"],"picked":"Hololive_StrengthChampion+1","floor":19},{"not_picked":["Hololive_Breathe","Hololive_HuntDinosaur","Hololive_Drill+1"],"picked":"Hololive_CallHoushouMarine","floor":21},{"not_picked":["Hololive_CallHoshimachiSuisei","Hololive_Psychosis+1","Hololive_CocoNews+1"],"picked":"Hololive_RevenueBasedLive","floor":22},{"not_picked":["Hololive_ILoveYou","Hololive_CallSpadeEcho","Hololive_Psychosis+1"],"picked":"Hololive_Trident+1","floor":23},{"not_picked":["Hololive_Rebound","Hololive_Breathe+1","Hololive_HuntDinosaur+1"],"picked":"Hololive_CallShirakamiFubuki+1","floor":24},{"not_picked":["Hololive_CallShishiroBotan","Hololive_CocoNews+1","Hololive_StrengthChampion"],"picked":"Hololive_Drill+1","floor":28},{"not_picked":["Hololive_Sequa","Hololive_Trident+1","Hololive_Psychosis"],"picked":"Hololive_IdolExercise","floor":29},{"not_picked":["Hololive_Breathe","Hololive_Trident","Hololive_FlyingPonyTail"],"picked":"Hololive_Spy","floor":31},{"not_picked":["Hololive_StrengthChampion+1","Hololive_OvertimeWork","Hololive_Breathe+1"],"picked":"Hololive_CallOkamiMio+1","floor":32},{"not_picked":["Hololive_IdolExercise","Hololive_BeCareful","Hololive_Thief"],"picked":"Hololive_DDD","floor":33}],"player_experience":1520020,"relics_obtained":[{"floor":2,"key":"Pen Nib"},{"floor":6,"key":"Girya"},{"floor":8,"key":"aspiration:Lifesprig"},{"floor":9,"key":"infinitespire:Broken Mirror"},{"floor":14,"key":"Molten Egg 2"},{"floor":17,"key":"Art of War"},{"floor":17,"key":"Mirror"},{"floor":17,"key":"Replay:PocketPolymizer"},{"floor":23,"key":"Regal Pillow"},{"floor":26,"key":"infinitespire:Lucky Rock"},{"floor":28,"key":"Pocketwatch"}],"event_choices":[{"damage_healed":0,"gold_gain":0,"player_choice":"RENOUNCE","damage_taken":57,"max_hp_gain":0,"max_hp_loss":0,"event_name":"betterThird:BetterSerpent","floor":4,"gold_loss":57,"cards_obtained":["Enlightenment"]},{"damage_healed":0,"gold_gain":99,"player_choice":"Steal","damage_taken":0,"max_hp_gain":0,"max_hp_loss":0,"event_name":"betterThird:BetterNest","floor":20,"gold_loss":0}],"is_beta":false,"boss_relics":[{"not_picked":["hubris:VirtuousBlindfold","Hololive_ChaosS"],"picked":"Calling Bell"},{"not_picked":["reliquary:Ember","Sozu"],"picked":"Honey Jar"}],"items_purged_floors":[],"is_endless":false,"potions_floor_spawned":[1,12,14,18,19,21,23,29],"killed_by":"Orb Walker","ascension_level":0}}