{"host":"d2y4rmbezebiv8aj","time":1612767466,"event":{"mods":["AchievementEnabler","BaseMod","Bestiary","BetterRewards","Colored Map","Colored Powertips","Custom Start","Highlight Path","Minty Spire (QoL Compilation)","Quick Restart","Rare Cards Sparkle","Relic Sorter","Relic Stats","Shop Mod","Slay-I","StSLib","SuperFastMode"],"gold_per_floor":[113,113,131,142,153,153,171,205,205,205,205,215,215,231,231,304,304,323,598,152,165,181,181,214,233,233,243,260,8,21,21,21,95,95,115,128,145,10,28,28,59,59,132,166,166,166,183,200,200,200],"floor_reached":51,"language":"DEU","playtime":1628,"items_purged":["Regret"],"score":1829,"play_id":"3ad28003-2559-4e47-aa84-a819b3dcfc5c","local_time":"20210208075746","is_ascension_mode":true,"campfire_choices":[{"floor":6.0,"key":"REST"},{"floor":10.0,"key":"REST"},{"floor":15.0,"key":"REST"},{"floor":23.0,"key":"REST"},{"floor":32.0,"key":"REST"},{"floor":40.0,"key":"REST"},{"floor":46.0,"key":"REST"},{"floor":49.0,"key":"REST"}],"circlet_count":0,"master_deck":["AscendersBane","Strike_G","Strike_G","Strike_G","Strike_G","Strike_G","Defend_G","Defend_G","Defend_G","Defend_G","Defend_G","Survivor","Neutralize","Apotheosis+1","Noxious Fumes","PiercingWail+1","Sucker Punch","Outmaneuver+1","Escape Plan+1","Leg Sweep+1","Accuracy","All Out Attack","A Thousand Cuts","Backflip+1","Blade Dance+1","Escape Plan+1","Masterful Stab","Backstab","Blur+1","Decay","Backflip+1","Backstab","After Image","Prepared+1","Deflect+1","Shame","Die Die Die+1","Normality","Backstab+1","Prepared+1","Terror+1"],"relics":["Ring of the Snake","Ninja Scroll","Toxic Egg 2","Medical Kit","Sling","Bronze Scales","Anchor","The Courier","Cursed Key","Vajra","Gremlin Horn","White Beast Statue","Snake Skull","ClockworkSouvenir","Strawberry","Fusion Hammer","Oddly Smooth Stone","Blue Candle","Molten Egg 2","Pantograph"],"acts_visited":["Exordium","TheCity","TheBeyond"],"potions_floor_usage":[50,50],"damage_taken":[{"damage":0.0,"enemies":"Cultist","floor":1.0,"turns":2.0},{"damage":0.0,"enemies":"2 Louse","floor":3.0,"turns":3.0},{"damage":9.0,"enemies":"Small Slimes","floor":4.0,"turns":2.0},{"damage":1.0,"enemies":"Red Slaver","floor":5.0,"turns":4.0},{"damage":1.0,"enemies":"2 Fungi Beasts","floor":7.0,"turns":3.0},{"damage":29.0,"enemies":"Gremlin Nob","floor":8.0,"turns":4.0},{"damage":9.0,"enemies":"Exordium Thugs","floor":12.0,"turns":6.0},{"damage":0.0,"enemies":"Gremlin Gang","floor":14.0,"turns":4.0},{"damage":21.0,"enemies":"The Guardian","floor":16.0,"turns":10.0},{"damage":0.0,"enemies":"2 Thieves","floor":18.0,"turns":3.0},{"damage":6.0,"enemies":"Shell Parasite","floor":21.0,"turns":4.0},{"damage":2.0,"enemies":"Centurion and Healer","floor":22.0,"turns":3.0},{"damage":18.0,"enemies":"Book of Stabbing","floor":24.0,"turns":5.0},{"damage":0.0,"enemies":"Shelled Parasite and Fungi","floor":25.0,"turns":3.0},{"damage":0.0,"enemies":"Snecko","floor":27.0,"turns":4.0},{"damage":25.0,"enemies":"Cultist and Chosen","floor":28.0,"turns":3.0},{"damage":14.0,"enemies":"Snake Plant","floor":30.0,"turns":4.0},{"damage":35.0,"enemies":"Collector","floor":33.0,"turns":8.0},{"damage":0.0,"enemies":"Orb Walker","floor":35.0,"turns":1.0},{"damage":7.0,"enemies":"3 Shapes","floor":36.0,"turns":3.0},{"damage":9.0,"enemies":"Spire Growth","floor":37.0,"turns":5.0},{"damage":4.0,"enemies":"Maw","floor":39.0,"turns":7.0},{"damage":0.0,"enemies":"Reptomancer","floor":41.0,"turns":5.0},{"damage":1.0,"enemies":"Nemesis","floor":44.0,"turns":5.0},{"damage":15.0,"enemies":"Sphere and 2 Shapes","floor":47.0,"turns":6.0},{"damage":9.0,"enemies":"Spire Growth","floor":48.0,"turns":6.0},{"damage":59,"enemies":"Donu and Deca","floor":50,"turns":8}],"seed_played":"-3620735316098075232","potions_obtained":[{"floor":4.0,"key":"PowerPotion"},{"floor":7.0,"key":"SmokeBomb"},{"floor":14.0,"key":"CultistPotion"},{"floor":16.0,"key":"ColorlessPotion"},{"floor":24.0,"key":"CunningPotion"},{"floor":25.0,"key":"Explosive Potion"},{"floor":27.0,"key":"Swift Potion"},{"floor":28.0,"key":"ColorlessPotion"},{"floor":30.0,"key":"LiquidMemories"},{"floor":33.0,"key":"Fire Potion"},{"floor":35.0,"key":"PowerPotion"},{"floor":36.0,"key":"DistilledChaos"},{"floor":41.0,"key":"SteroidPotion"},{"floor":44.0,"key":"SteroidPotion"},{"floor":47.0,"key":"Poison Potion"}],"is_trial":false,"path_per_floor":["M","?","M","M","M","R","M","E","T","R","?","M","?","M","R","B",null,"M","?","$","M","M","R","E","M","T","M","M","$","M","?","R","B",null,"M","M","M","$","M","R","E","?","T","E","?","R","M","M","R","B",null],"character_chosen":"THE_SILENT","items_purchased":["Apotheosis","Ninja Scroll","Toxic Egg 2","Medical Kit","Sling","Noxious Fumes","Slice","Bronze Scales","Vajra","Gremlin Horn","Blade Dance+1","ClockworkSouvenir","Strawberry","Oddly Smooth Stone"],"campfire_rested":8,"item_purchase_floors":[0,0,0,0,0,0,0,0,20,20,20,29,29,38],"current_hp_per_floor":[31,31,31,22,21,40,39,10,10,29,29,20,20,20,39,18,54,54,54,54,48,46,65,47,47,47,47,22,29,15,15,36,1,55,55,48,39,39,35,56,56,56,56,55,55,73,58,49,70,14],"gold":200,"neow_bonus":"","is_daily":false,"chose_seed":false,"campfire_upgraded":0,"win_rate":0.0,"timestamp":1612767466,"path_taken":["M","?","M","M","M","R","M","E","T","R","?","?","?","M","R","BOSS","M","?","$","?","M","R","E","M","T","M","M","?","M","?","R","BOSS","M","M","M","$","M","R","E","?","T","E","?","R","?","M","R","BOSS"],"items_purchased_type":["Card","Relic","Relic","Relic","Relic","Card","Card","Relic","Relic","Relic","Card","Relic","Relic","Relic"],"build_version":"2020-12-22","purchased_purges":1,"victory":true,"max_hp_per_floor":[66,66,66,66,66,66,66,66,66,66,66,66,66,66,66,66,66,66,66,66,66,66,66,66,66,66,66,66,73,73,73,73,73,73,73,73,73,73,73,73,73,73,73,73,73,73,73,73,73,73],"relic_stats":{"Gremlin Horn":[18,18],"counters":[200,836],"Bronze Scales":[531],"Blue Candle":[0],"Pantograph":3,"Snake Skull":[45],"Medical Kit":[3],"Cursed Key":4,"obtain_stats":[{"Gremlin Horn":25,"Vajra":22,"Ginger":36,"Whetstone":13,"Bottled Tornado":13,"Sling":0,"Boot":42,"Blood Vial":31,"Sozu":34,"Centennial Puzzle":11,"HornCleat":19,"DollysMirror":37,"Strawberry":29,"Philosopher\u0027s Stone":17,"MealTicket":0,"Fusion Hammer":34,"HandDrill":39,"Kunai":21,"Toxic Egg 2":12,"Girya":0,"Pear":29,"Happy Flower":0,"Blue Candle":41,"Oddly Smooth Stone":7,"Eternal Feather":0,"Pen Nib":27,"War Paint":5,"Question Card":40,"WarpedTongs":2,"SlaversCollar":34,"Bottled Flame":43,"Shuriken":0,"Bird Faced Urn":0,"Bronze Scales":43,"Molten Egg 2":26,"Black Star":34,"Unceasing Top":36,"Meat on the Bone":28,"Pocketwatch":46,"Darkstone Periapt":6,"Regal Pillow":4,"Lantern":10,"Singing Bowl":37,"Snake Skull":11,"Juzu Bracelet":24,"Bag of Preparation":29,"Ancient Tea Set":25,"Cursed Key":34,"ClockworkSouvenir":29,"Nunchaku":23,"Dream Catcher":23,"Tough Bandages":42,"WristBlade":34,"Mummified Hand":9,"Ninja Scroll":23,"Pantograph":44,"Toolbox":46,"Tiny Chest":7,"Red Mask":30,"InkBottle":26,"Ring of the Snake":0,"Potion Belt":27,"Lee\u0027s Waffle":37,"NeowsBlessing":0,"The Courier":10,"PreservedInsect":22,"Omamori":30,"Frozen Egg 2":26,"Orichalcum":43,"MawBank":10,"Medical Kit":19,"White Beast Statue":40,"Mercury Hourglass":9,"Anchor":12,"Turnip":40,"Bag of Marbles":9,"Art of War":26,"Membership Card":0,"Toy Ornithopter":6,"FossilizedHelix":45,"TungstenRod":23},{"Gremlin Horn":83,"Vajra":106,"Ginger":42,"Whetstone":130,"Bottled Tornado":27,"Sling":19,"Boot":170,"Blood Vial":63,"Sozu":64,"Centennial Puzzle":26,"HornCleat":30,"DollysMirror":65,"Strawberry":189,"Philosopher\u0027s Stone":10,"MealTicket":48,"Fusion Hammer":191,"HandDrill":43,"Kunai":13,"Toxic Egg 2":54,"Girya":122,"Pear":61,"Happy Flower":69,"Blue Candle":196,"Oddly Smooth Stone":25,"Eternal Feather":19,"Pen Nib":60,"War Paint":2,"Question Card":116,"WarpedTongs":98,"SlaversCollar":113,"Bottled Flame":44,"Shuriken":69,"Bird Faced Urn":48,"Bronze Scales":117,"Molten Egg 2":59,"Black Star":40,"Unceasing Top":142,"Meat on the Bone":85,"Pocketwatch":94,"Darkstone Periapt":25,"Regal Pillow":72,"Lantern":101,"Singing Bowl":65,"Snake Skull":7,"Juzu Bracelet":135,"Bag of Preparation":164,"Ancient Tea Set":83,"Cursed Key":140,"ClockworkSouvenir":189,"Nunchaku":107,"Dream Catcher":107,"Tough Bandages":170,"WristBlade":87,"Mummified Hand":5,"Ninja Scroll":33,"Pantograph":197,"Toolbox":144,"Tiny Chest":100,"Red Mask":62,"InkBottle":15,"Ring of the Snake":0,"Potion Belt":162,"Lee\u0027s Waffle":115,"NeowsBlessing":0,"The Courier":53,"PreservedInsect":59,"Omamori":38,"Frozen Egg 2":83,"Orichalcum":92,"MawBank":128,"Medical Kit":132,"White Beast Statue":144,"Mercury Hourglass":75,"Anchor":153,"Turnip":66,"Bag of Marbles":25,"Art of War":34,"Membership Card":147,"Toy Ornithopter":3,"FossilizedHelix":93,"TungstenRod":160},{"Gremlin Horn":354,"Vajra":441,"Ginger":171,"Whetstone":536,"Bottled Tornado":106,"Sling":78,"Boot":696,"Blood Vial":270,"Sozu":279,"Centennial Puzzle":102,"HornCleat":126,"DollysMirror":282,"Strawberry":778,"Philosopher\u0027s Stone":35,"MealTicket":202,"Fusion Hammer":790,"HandDrill":176,"Kunai":47,"Toxic Egg 2":228,"Girya":508,"Pear":263,"Happy Flower":302,"Blue Candle":811,"Oddly Smooth Stone":101,"Eternal Feather":78,"Pen Nib":258,"War Paint":2,"Question Card":479,"WarpedTongs":408,"SlaversCollar":468,"Bottled Flame":182,"Shuriken":302,"Bird Faced Urn":202,"Bronze Scales":482,"Molten Egg 2":257,"Black Star":164,"Unceasing Top":583,"Meat on the Bone":361,"Pocketwatch":390,"Darkstone Periapt":101,"Regal Pillow":312,"Lantern":420,"Singing Bowl":282,"Snake Skull":21,"Juzu Bracelet":558,"Bag of Preparation":674,"Ancient Tea Set":354,"Cursed Key":578,"ClockworkSouvenir":778,"Nunchaku":443,"Dream Catcher":443,"Tough Bandages":696,"WristBlade":369,"Mummified Hand":11,"Ninja Scroll":136,"Pantograph":816,"Toolbox":590,"Tiny Chest":416,"Red Mask":264,"InkBottle":56,"Ring of the Snake":0,"Potion Belt":664,"Lee\u0027s Waffle":478,"NeowsBlessing":0,"The Courier":223,"PreservedInsect":257,"Omamori":154,"Frozen Egg 2":354,"Orichalcum":384,"MawBank":530,"Medical Kit":547,"White Beast Statue":590,"Mercury Hourglass":323,"Anchor":621,"Turnip":287,"Bag of Marbles":101,"Art of War":138,"Membership Card":605,"Toy Ornithopter":3,"FossilizedHelix":387,"TungstenRod":650}],"Ring of the Snake":[399]},"card_choices":[{"not_picked":["Underhanded Strike","Quick Slash"],"picked":"PiercingWail+1","floor":1.0},{"not_picked":["Poisoned Stab","Outmaneuver+1"],"picked":"Sucker Punch","floor":3.0},{"not_picked":["Masterful Stab","Poisoned Stab"],"picked":"Outmaneuver+1","floor":4.0},{"not_picked":["Leg Sweep+1","Riddle With Holes"],"picked":"Escape Plan+1","floor":5.0},{"not_picked":["Dagger Throw","Outmaneuver+1"],"picked":"Leg Sweep+1","floor":7.0},{"not_picked":["Riddle With Holes","Deadly Poison+1","Poisoned Stab"],"picked":"SKIP","floor":8.0},{"not_picked":["Unload","Caltrops"],"picked":"Accuracy","floor":12.0},{"not_picked":["Skewer","Outmaneuver+1"],"picked":"All Out Attack","floor":14.0},{"not_picked":["Corpse Explosion+1","Wraith Form v2"],"picked":"A Thousand Cuts","floor":16.0},{"not_picked":["Endless Agony","Deflect+1"],"picked":"Backflip+1","floor":18.0},{"not_picked":["Terror+1","Deflect+1"],"picked":"Escape Plan+1","floor":21.0},{"not_picked":["Slice","Underhanded Strike"],"picked":"Masterful Stab","floor":22.0},{"not_picked":["Deflect+1","Deadly Poison+1"],"picked":"Backstab","floor":24.0},{"not_picked":["Concentrate+1","Glass Knife"],"picked":"Blur+1","floor":25.0},{"not_picked":["Slice","Quick Slash","Dagger Throw+1"],"picked":"SKIP","floor":27.0},{"not_picked":["Masterful Stab","Acrobatics+1"],"picked":"Backflip+1","floor":28.0},{"not_picked":["Blade Dance+1","Deadly Poison+1"],"picked":"Backstab","floor":30.0},{"not_picked":["Burst+1","Storm of Steel+1"],"picked":"After Image","floor":33.0},{"not_picked":["All Out Attack","Dagger Spray"],"picked":"Prepared+1","floor":35.0},{"not_picked":["Predator+1","Tactician+1","Bane"],"picked":"SKIP","floor":36.0},{"not_picked":["Sucker Punch+1","Dagger Throw","Calculated Gamble+1"],"picked":"SKIP","floor":37.0},{"not_picked":["Reflex+1","Concentrate+1","Poisoned Stab"],"picked":"SKIP","floor":39.0},{"not_picked":["Wraith Form v2","Sucker Punch"],"picked":"Deflect+1","floor":41.0},{"not_picked":["Terror+1","Deadly Poison+1"],"picked":"Die Die Die+1","floor":44.0},{"not_picked":["Bane+1","Heel Hook+1"],"picked":"Prepared+1","floor":47.0},{"not_picked":["Slice+1","Bane+1"],"picked":"Terror+1","floor":48.0}],"player_experience":424524,"relics_obtained":[{"floor":8.0,"key":"Anchor"},{"floor":9.0,"key":"The Courier"},{"floor":24.0,"key":"White Beast Statue"},{"floor":26.0,"key":"Snake Skull"},{"floor":41.0,"key":"Blue Candle"},{"floor":43.0,"key":"Molten Egg 2"},{"floor":44.0,"key":"Pantograph"}],"event_choices":[{"damage_healed":0.0,"max_hp_gain":0.0,"max_hp_loss":0.0,"gold_gain":0.0,"event_name":"Golden Wing","player_choice":"Ignored","floor":2.0,"gold_loss":0.0,"damage_taken":0.0},{"damage_healed":0.0,"max_hp_gain":0.0,"max_hp_loss":0.0,"gold_gain":0.0,"event_name":"Accursed Blacksmith","player_choice":"Forge","floor":11.0,"gold_loss":0.0,"damage_taken":0.0,"cards_upgraded":["Apotheosis"]},{"damage_healed":0.0,"max_hp_gain":0.0,"max_hp_loss":0.0,"gold_gain":0.0,"event_name":"Shining Light","player_choice":"Ignored","floor":13.0,"gold_loss":0.0,"damage_taken":0.0},{"damage_healed":0.0,"max_hp_gain":0.0,"max_hp_loss":0.0,"gold_gain":275.0,"event_name":"Golden Shrine","player_choice":"Desecrate","floor":19.0,"gold_loss":0.0,"damage_taken":0.0,"cards_obtained":["Regret"]},{"damage_healed":0.0,"max_hp_gain":0.0,"max_hp_loss":0.0,"gold_gain":0.0,"event_name":"Vampires","player_choice":"Ignored","floor":31.0,"gold_loss":0.0,"damage_taken":0.0},{"cards_removed":["Slice"],"damage_healed":0.0,"max_hp_gain":0.0,"max_hp_loss":0.0,"gold_gain":0.0,"event_name":"Falling","player_choice":"Removed Attack","floor":42.0,"gold_loss":0.0,"damage_taken":0.0},{"damage_healed":0.0,"max_hp_gain":0.0,"max_hp_loss":0.0,"gold_gain":0.0,"event_name":"Match and Keep!","player_choice":"2 cards matched","floor":45.0,"gold_loss":0.0,"damage_taken":0.0,"cards_obtained":["Normality","Backstab"]}],"is_beta":false,"boss_relics":[{"not_picked":["Pandora\u0027s Box","Velvet Choker"],"picked":"Cursed Key"},{"not_picked":["Runic Pyramid","Sozu"],"picked":"Fusion Hammer"}],"items_purged_floors":[20],"is_endless":false,"potions_floor_spawned":[4,7,14,16,24,25,27,28,30,33,35,36,37,39,41,44,47,48],"ascension_level":18}}