{"host":"995ppxxqmb2p2due","time":1612823822,"event":{"mods":["BaseMod","Downfall","Minty Spire (QoL Compilation)","StSLib"],"gold_per_floor":[111,186,201,376,376,376,401,415,415,415,450,470,480,480,480,575,575,591,182,182,200,200,230,230,230,230,260,260,260,0,20,20,119,119,129,60,0,0,0,0,0],"floor_reached":40,"language":"ENG","playtime":1728,"items_purged":["Doubt"],"score":449,"play_id":"dc5f32e8-f2bf-4d84-ba62-4480f00b15c9","local_time":"20210208173702","is_ascension_mode":true,"campfire_choices":[{"data":"Defragment","floor":6,"key":"SMITH"},{"floor":10,"key":"REST"},{"floor":15,"key":"REST"},{"data":"Creative AI","floor":25,"key":"SMITH"},{"floor":28,"key":"REST"},{"floor":32,"key":"REST"}],"circlet_count":0,"master_deck":["Defend_B","Defend_B+1","Defend_B","Defend_B+1","Zap","Dualcast","Defragment+1","Cold Snap","White Noise","Lockon+1","Cold Snap+1","Creative AI","Creative AI+1","Self Repair","Leap+1","Slimebound:Tackle+1","Slimebound:Tackle+1","Slimebound:Tackle+1","Double Energy+1","BootSequence","Self Repair","Core Surge+1","Consume"],"relics":["Cursed Key","Molten Egg 2","Juzu Bracelet","Runic Pyramid","Runic Capacitor","Omamori","Potion Belt","Bottled Tornado","Letter Opener","Dead Branch","MutagenicStrength","Inserter","Red Mask"],"acts_visited":["Exordium","TheCity","TheBeyond"],"potions_floor_usage":[23,23,27,33,33,33],"damage_taken":[{"damage":3,"enemies":"2 Louse","floor":1,"turns":2},{"damage":0,"enemies":"Small Slimes","floor":3,"turns":3},{"damage":34,"enemies":"Gremlin Nob","floor":7,"turns":6},{"damage":0,"enemies":"Jaw Worm","floor":8,"turns":5},{"damage":20,"enemies":"Lagavulin","floor":11,"turns":7},{"damage":1,"enemies":"Looter","floor":12,"turns":3},{"damage":9,"enemies":"Red Slaver","floor":13,"turns":3},{"damage":39,"enemies":"The Guardian","floor":16,"turns":11},{"damage":26,"enemies":"3 Byrds","floor":18,"turns":3},{"damage":5,"enemies":"Shell Parasite","floor":21,"turns":6},{"damage":25,"enemies":"Gremlin Leader","floor":23,"turns":14},{"damage":29,"enemies":"Book of Stabbing","floor":27,"turns":6},{"damage":3,"enemies":"Sentry and Sphere","floor":31,"turns":8},{"damage":9,"enemies":"Collector","floor":33,"turns":9},{"damage":18,"enemies":"3 Darklings","floor":35,"turns":4},{"damage":64,"enemies":"Reptomancer","floor":40,"turns":3}],"seed_played":"2234239510445611947","potions_obtained":[{"floor":7,"key":"Strength Potion"},{"floor":11,"key":"BlessingOfTheForge"},{"floor":13,"key":"GamblersBrew"},{"floor":21,"key":"AttackPotion"},{"floor":23,"key":"Block Potion"},{"floor":31,"key":"Strength Potion"},{"floor":33,"key":"LiquidBronze"}],"is_trial":false,"path_per_floor":["M","?","M","?","?","R","E","M","T","R","E","M","M","?","R","B",null,"M","$","?","M","?","E","?","R","T","E","R","?","?","M","R","B",null,"M","$","?","?","?","E"],"character_chosen":"DEFECT","items_purchased":["Runic Capacitor","Self Repair","Omamori","Consume"],"campfire_rested":4,"item_purchase_floors":[19,19,19,36],"current_hp_per_floor":[72,61,61,61,46,46,12,12,12,34,14,13,4,22,44,5,75,49,49,49,51,51,33,33,33,33,11,33,33,33,51,73,75,75,64,64,64,64,64,0,0],"gold":0,"neow_bonus":"BOSS_RELIC","is_daily":false,"chose_seed":false,"campfire_upgraded":2,"win_rate":0.0,"timestamp":1612823822,"path_taken":["M","?","M","?","?","R","E","M","T","R","E","M","M","?","R","BOSS","M","$","?","M","?","E","?","R","T","E","R","?","?","M","R","BOSS","M","$","?","?","?","E"],"items_purchased_type":["Relic","Card","Relic","Card"],"build_version":"2020-12-22","purchased_purges":1,"victory":false,"max_hp_per_floor":[75,75,75,75,75,75,75,75,75,75,75,75,75,75,75,75,75,75,75,75,75,75,75,75,75,75,75,75,75,75,75,75,75,75,75,75,75,72,72,72,72],"card_choices":[{"not_picked":["Steam","Barrage"],"picked":"Defragment","floor":1},{"not_picked":["Steam","Hologram"],"picked":"Cold Snap","floor":3},{"not_picked":["Force Field","Leap"],"picked":"White Noise","floor":7},{"not_picked":["Leap","Genetic Algorithm","Beam Cell+1"],"picked":"SKIP","floor":8},{"not_picked":["Self Repair","Melter+1"],"picked":"Lockon+1","floor":11},{"not_picked":["Redo","Fusion"],"picked":"Cold Snap+1","floor":12},{"not_picked":["Auto Shields","Sunder+1"],"picked":"Creative AI","floor":13},{"not_picked":["Multi-Cast","All For One+1"],"picked":"Creative AI","floor":16},{"not_picked":["Reinforced Body","Streamline+1","Steam"],"picked":"SKIP","floor":18},{"not_picked":["Coolheaded","FTL+1"],"picked":"Leap+1","floor":21},{"not_picked":["Beam Cell+1","Leap"],"picked":"Double Energy+1","floor":23},{"not_picked":["All For One+1","Sweeping Beam+1"],"picked":"Self Repair","floor":27},{"not_picked":["Hologram","Conserve Battery","Reinforced Body"],"picked":"SKIP","floor":31},{"not_picked":["Amplify","Meteor Strike+1"],"picked":"Core Surge+1","floor":33},{"not_picked":["Leap","Hologram+1","Recycle"],"picked":"SKIP","floor":35}],"player_experience":125553,"relics_obtained":[{"floor":7,"key":"Molten Egg 2"},{"floor":11,"key":"Juzu Bracelet"},{"floor":23,"key":"Bottled Tornado"},{"floor":26,"key":"Letter Opener"},{"floor":27,"key":"Dead Branch"}],"event_choices":[{"damage_healed":0,"gold_gain":75,"player_choice":"Gather Gold","damage_taken":11,"max_hp_gain":0,"max_hp_loss":0,"event_name":"World of Goop","floor":2,"gold_loss":0},{"damage_healed":0,"gold_gain":175,"player_choice":"AGREE","damage_taken":0,"max_hp_gain":0,"max_hp_loss":0,"event_name":"Liars Game","floor":4,"gold_loss":0,"cards_obtained":["Doubt"]},{"damage_healed":0,"gold_gain":0,"player_choice":"Entered Light","damage_taken":15,"max_hp_gain":0,"max_hp_loss":0,"event_name":"Shining Light","floor":5,"gold_loss":0,"cards_upgraded":["Defend_B","Defend_B"]},{"damage_healed":18,"gold_gain":0,"player_choice":"Healed and dodged fight","damage_taken":0,"max_hp_gain":0,"max_hp_loss":0,"event_name":"Mushrooms","floor":14,"gold_loss":0,"cards_obtained":["Parasite"]},{"damage_healed":0,"gold_gain":0,"player_choice":"Opened","damage_taken":0,"relics_obtained":["Potion Belt"],"max_hp_gain":0,"max_hp_loss":0,"event_name":"The Mausoleum","floor":20,"gold_loss":0},{"damage_healed":0,"gold_gain":0,"player_choice":"Read","damage_taken":0,"max_hp_gain":0,"max_hp_loss":0,"event_name":"The Library","floor":24,"gold_loss":0,"cards_obtained":["BootSequence"]},{"damage_healed":0,"gold_gain":0,"player_choice":"Inject Mutagens","damage_taken":0,"relics_obtained":["MutagenicStrength"],"max_hp_gain":0,"max_hp_loss":0,"event_name":"Drug Dealer","floor":29,"gold_loss":0},{"damage_healed":0,"gold_gain":0,"player_choice":"Paid Fearfully","damage_taken":0,"max_hp_gain":0,"max_hp_loss":0,"event_name":"Masked Bandits","floor":30,"gold_loss":260},{"damage_healed":0,"gold_gain":0,"player_choice":"Paid","damage_taken":0,"relics_obtained":["Red Mask"],"max_hp_gain":0,"max_hp_loss":0,"event_name":"Tomb of Lord Red Mask","floor":37,"gold_loss":60},{"cards_removed":["Parasite","Decay"],"damage_healed":0,"gold_gain":0,"player_choice":"Removed Curses","damage_taken":0,"max_hp_gain":0,"max_hp_loss":0,"event_name":"Fountain of Cleansing","floor":38,"gold_loss":0},{"damage_healed":0,"gold_gain":0,"player_choice":"Ignored","damage_taken":0,"max_hp_gain":0,"max_hp_loss":0,"event_name":"Mysterious Sphere","floor":39,"gold_loss":0}],"is_beta":false,"boss_relics":[{"not_picked":["Busted Crown","Pandora\u0027s Box"],"picked":"Runic Pyramid"},{"not_picked":["Snecko Eye","Runic Dome"],"picked":"Inserter"}],"items_purged_floors":[19],"is_endless":false,"potions_floor_spawned":[7,11,13,16,21,23,31,33],"killed_by":"Reptomancer","ascension_level":1}}