{"host":"ocll6kdfqxraqtza","time":1612799403,"event":{"mods":["2.2 Compatiblity","Act Like it!","Aspiration","BaseMod","Better Third Choice","Gensokyo","Hallownest","Hermit","Hubris","Jorbs\u0027s Wanderer Trilogy","Luminous","Marisa（霧雨　魔理沙）","Minty Spire (QoL Compilation)","Reimu（博??梦）","Replay The Spire","Shade Mod","StSLib","The Alterego","The Bug Knight","The Cursed","The Hierophant","The Marked","The Runesmith","TheBandit","Wandering Minibosses"],"gold_per_floor":[113,113,38,38,5,5,38,54,81,110,138,138],"floor_reached":11,"language":"ENG","playtime":410,"items_purged":["TheCursedMod:Defend_TheCursed"],"score":92,"play_id":"9e40b358-cdf8-48ff-98fe-442d42f83fa2","local_time":"20210208235003","is_ascension_mode":true,"campfire_choices":[{"data":"TheCursedMod:SpreadPlague","floor":6,"key":"SMITH"}],"circlet_count":0,"master_deck":["TheCursedMod:Strike_TheCursed","TheCursedMod:Strike_TheCursed","TheCursedMod:Defend_TheCursed","TheCursedMod:Defend_TheCursed","TheCursedMod:CursedWand+1","TheCursedMod:CleanUpWorkshop","TheCursedMod:Dregs","TheCursedMod:SpreadPlague+1","Grand Finale","Terror","TheCursedMod:Stigma+1","TheCursedMod:Stigma","TheCursedMod:CircleOfFlame","TheCursedMod:OutForBlood"],"relics":["TheCursedMod:BlackMagic101","Gensokyo:Mercy","Omamori","aspiration:FrozenJewel","Mirror"],"acts_visited":["Gensokyo:Gensokyo"],"potions_floor_usage":[],"damage_taken":[{"damage":0,"enemies":"Gensokyo:3_Fairies","floor":1,"turns":5},{"damage":8,"enemies":"Gensokyo:Mamizou","floor":7,"turns":9},{"damage":0,"enemies":"Gensokyo:Gryphon","floor":8,"turns":2},{"damage":23,"enemies":"Gensokyo:Cirno","floor":10,"turns":6},{"damage":11,"enemies":"Gensokyo:Mamizou","floor":11,"turns":8}],"seed_played":"-4429102223943317814","potions_obtained":[{"floor":8,"key":"AttackPotion"},{"floor":11,"key":"FearPotion"}],"is_trial":false,"path_per_floor":["M","?","$","?","COS","R","E","M","T","?","E"],"character_chosen":"THE_CURSED","items_purchased":[],"campfire_rested":0,"item_purchase_floors":[],"current_hp_per_floor":[75,75,75,75,75,75,67,67,67,44,33,33],"gold":138,"neow_bonus":"UPGRADE_CARD","is_daily":false,"chose_seed":false,"campfire_upgraded":1,"win_rate":0.0,"timestamp":1612799403,"path_taken":["M","?","?","?","COS","R","E","?","T","?","E"],"items_purchased_type":[],"build_version":"2020-12-22","purchased_purges":1,"victory":false,"max_hp_per_floor":[75,75,75,75,75,75,75,75,75,75,75,75],"card_choices":[{"not_picked":["TheCursedMod:CircleOfFlame","TheCursedMod:Stigma"],"picked":"TheCursedMod:SpreadPlague","floor":1},{"not_picked":["TheCursedMod:CursedArmor+1","TheCursedMod:CircleOfCorruption+1"],"picked":"TheCursedMod:Stigma+1","floor":7},{"not_picked":["TheCursedMod:FuryStrike","TheCursedMod:BlessingInDisguise"],"picked":"TheCursedMod:Stigma","floor":7},{"not_picked":["TheCursedMod:SmokeScreen","TheCursedMod:CursedShiv"],"picked":"TheCursedMod:CircleOfFlame","floor":8},{"not_picked":["TheCursedMod:CircleOfFocus","TheCursedMod:FuryStrike"],"picked":"TheCursedMod:OutForBlood","floor":10}],"player_experience":519420,"relics_obtained":[{"floor":7,"key":"Omamori"},{"floor":10,"key":"aspiration:FrozenJewel"},{"floor":11,"key":"Mirror"}],"event_choices":[],"is_beta":false,"boss_relics":[],"items_purged_floors":[3],"is_endless":false,"potions_floor_spawned":[8,11],"killed_by":"Gensokyo:Mamizou","ascension_level":1}}