{"host":"gnfs9pc52tj5b2xa","time":1612770088,"event":{"mods":["BaseMod","Minty Spire (QoL Compilation)","Relic Sorter","Relic Stats","Slay the Relics Exporter","ojb\u0027s Better Paths Mod","ojb\u0027s Info Mod"],"gold_per_floor":[118,131,281,206,220,247,264,264,264,264,299,299,313,344,344,421,421,441,17,17,17,28,28,28],"floor_reached":23,"language":"ENG","playtime":1072,"items_purged":["Doubt","Strike_R"],"score":418,"play_id":"d0bfc44a-47ed-4d30-98a4-3232151ce148","local_time":"20210207234128","is_ascension_mode":true,"campfire_choices":[{"data":"Bludgeon","floor":8.0,"key":"SMITH"},{"data":"Disarm","floor":12.0,"key":"SMITH"},{"data":"Perfected Strike","floor":15.0,"key":"SMITH"}],"circlet_count":0,"master_deck":["AscendersBane","Strike_R","Strike_R","Strike_R","Strike_R","Defend_R","Defend_R","Defend_R","Defend_R","Bash","Bludgeon+1","Wild Strike","Twin Strike","Perfected Strike+1","Fiend Fire","Iron Wave","Shrug It Off","Double Tap","Disarm+1","Feed","Disarm","RitualDagger"],"relics":["Burning Blood","Ginger","Gremlin Horn","Bottled Lightning","Blue Candle","SlaversCollar","Medical Kit","Pen Nib"],"acts_visited":["Exordium","TheCity"],"potions_floor_usage":[23],"damage_taken":[{"damage":0.0,"enemies":"2 Louse","floor":1.0,"turns":3.0},{"damage":12.0,"enemies":"Jaw Worm","floor":2.0,"turns":2.0},{"damage":1.0,"enemies":"Cultist","floor":5.0,"turns":3.0},{"damage":35.0,"enemies":"3 Sentries","floor":6.0,"turns":9.0},{"damage":0.0,"enemies":"Looter","floor":7.0,"turns":2.0},{"damage":11.0,"enemies":"Gremlin Nob","floor":11.0,"turns":3.0},{"damage":0.0,"enemies":"2 Fungi Beasts","floor":13.0,"turns":2.0},{"damage":17.0,"enemies":"3 Sentries","floor":14.0,"turns":7.0},{"damage":28,"enemies":"Hexaghost","floor":16,"turns":8},{"damage":7,"enemies":"Chosen","floor":18,"turns":5},{"damage":39,"enemies":"Shell Parasite","floor":22,"turns":7},{"damage":24,"enemies":"Slavers","floor":23,"turns":2}],"seed_played":"9129005973809888622","potions_obtained":[{"floor":1.0,"key":"LiquidMemories"},{"floor":2.0,"key":"Energy Potion"},{"floor":11.0,"key":"CultistPotion"},{"floor":13.0,"key":"LiquidBronze"}],"is_trial":false,"path_per_floor":["M","M","?","$","M","E","M","R","T","?","E","R","M","E","R","B",null,"M","$","?","?","M","E"],"character_chosen":"IRONCLAD","items_purchased":["Medical Kit","Pen Nib"],"campfire_rested":0,"item_purchase_floors":[19,19],"current_hp_per_floor":[74,68,68,68,73,44,50,50,50,50,45,45,51,40,40,18,61,63,63,57,57,24,0,0],"gold":28,"neow_bonus":"ONE_RANDOM_RARE_CARD","is_daily":false,"chose_seed":false,"campfire_upgraded":3,"win_rate":0.0,"timestamp":1612770088,"path_taken":["M","M","?","$","M","E","M","R","T","?","E","R","M","E","R","BOSS","M","$","?","?","M","E"],"items_purchased_type":["Relic","Relic"],"build_version":"2020-12-22","purchased_purges":2,"victory":false,"max_hp_per_floor":[75,75,75,75,75,75,75,75,75,75,75,75,75,75,75,75,75,78,78,78,78,78,78,78],"relic_stats":{"Gremlin Horn":[3,3],"counters":[12,53],"Blue Candle":[0],"Pen Nib":[1],"Ginger":[6],"Medical Kit":[0],"obtain_stats":[{"SlaversCollar":17,"Gremlin Horn":9,"Blue Candle":14,"Pen Nib":19,"Ginger":6,"Bottled Lightning":11,"Medical Kit":19,"Burning Blood":0},{"SlaversCollar":9,"Gremlin Horn":5,"Blue Candle":8,"Pen Nib":10,"Ginger":4,"Bottled Lightning":6,"Medical Kit":10,"Burning Blood":0},{"SlaversCollar":39,"Gremlin Horn":19,"Blue Candle":31,"Pen Nib":44,"Ginger":17,"Bottled Lightning":22,"Medical Kit":44,"Burning Blood":0}],"Burning Blood":66},"card_choices":[{"not_picked":["Shrug It Off","Body Slam"],"picked":"Wild Strike","floor":1.0},{"not_picked":["Shrug It Off","Thunderclap"],"picked":"Twin Strike","floor":2.0},{"not_picked":["Clash","Body Slam"],"picked":"Perfected Strike","floor":5.0},{"not_picked":["Shrug It Off","Seeing Red"],"picked":"Fiend Fire","floor":6.0},{"not_picked":["Searing Blow","Infernal Blade"],"picked":"Iron Wave","floor":7.0},{"not_picked":["Wild Strike","Sword Boomerang"],"picked":"Disarm","floor":11.0},{"not_picked":["Heavy Blade","Headbutt","Twin Strike"],"picked":"SKIP","floor":13.0},{"not_picked":["True Grit","Shrug It Off","Clothesline"],"picked":"SKIP","floor":14.0},{"not_picked":["Reaper","Exhume"],"picked":"Feed","floor":16},{"not_picked":["Uppercut","Blood for Blood"],"picked":"Disarm","floor":18},{"not_picked":["Sentinel","Anger+1","Wild Strike"],"picked":"SKIP","floor":22}],"player_experience":1288810,"relics_obtained":[{"floor":6.0,"key":"Ginger"},{"floor":9.0,"key":"Gremlin Horn"},{"floor":11.0,"key":"Bottled Lightning"},{"floor":14.0,"key":"Blue Candle"}],"event_choices":[{"damage_healed":0.0,"max_hp_gain":0.0,"max_hp_loss":0.0,"gold_gain":150.0,"event_name":"Liars Game","player_choice":"AGREE","floor":3.0,"gold_loss":0.0,"damage_taken":0.0,"cards_obtained":["Doubt"]},{"damage_healed":0.0,"max_hp_gain":0.0,"max_hp_loss":0.0,"gold_gain":0.0,"event_name":"Match and Keep!","player_choice":"2 cards matched","floor":10.0,"gold_loss":0.0,"damage_taken":0.0,"cards_obtained":["Shrug It Off","Double Tap"]},{"damage_healed":0,"gold_gain":0,"player_choice":"Joined the Cult","damage_taken":6,"max_hp_gain":0,"max_hp_loss":0,"event_name":"Nest","floor":20,"gold_loss":0,"cards_obtained":["RitualDagger"]},{"damage_healed":0,"gold_gain":0,"player_choice":"Ignored","damage_taken":0,"max_hp_gain":0,"max_hp_loss":0,"event_name":"Ghosts","floor":21,"gold_loss":0}],"is_beta":false,"boss_relics":[{"not_picked":["Ectoplasm","Empty Cage"],"picked":"SlaversCollar"}],"items_purged_floors":[4,19],"is_endless":false,"potions_floor_spawned":[1,2,11,13,14,22],"killed_by":"Slavers","ascension_level":20}}