{"host":"qbjtml023iza03hb","time":1612792555,"event":{"mods":["AchievementEnabler","BaseMod","Better Sensory Stone","Hermit","Minty Spire (QoL Compilation)","StSLib","The Animator","The Cursed"],"gold_per_floor":[115,115,133,6,20,46,46,61,61,61,71,38,70,70,70,70,70],"floor_reached":16,"language":"FRA","playtime":760,"items_purged":["Strike_G"],"score":149,"play_id":"9c6e38e5-359d-4d0f-b1c3-75ccc69ea775","local_time":"20210208145555","is_ascension_mode":true,"campfire_choices":[{"data":"Envenom","floor":7,"key":"SMITH"},{"data":"Catalyst","floor":10,"key":"SMITH"},{"data":"Dagger Spray","floor":15,"key":"SMITH"}],"circlet_count":0,"master_deck":["Strike_G","Strike_G","Strike_G","Strike_G","Defend_G","Defend_G","Defend_G","Survivor","Neutralize","Catalyst+1","Envenom+1","Well Laid Plans","Crippling Poison","Blade Dance","Blade Dance","Blur","Dagger Spray+1","Endless Agony","Cloak And Dagger"],"relics":["Ring of the Snake","FaceOfCleric","Akabeko","Snake Skull","White Beast Statue"],"acts_visited":["Exordium"],"potions_floor_usage":[6,11,13],"damage_taken":[{"damage":2,"enemies":"2 Louse","floor":1,"turns":4},{"damage":1,"enemies":"Cultist","floor":3,"turns":3},{"damage":9,"enemies":"Small Slimes","floor":5,"turns":4},{"damage":15,"enemies":"Gremlin Nob","floor":6,"turns":3},{"damage":10,"enemies":"3 Louse","floor":8,"turns":2},{"damage":8,"enemies":"Exordium Wildlife","floor":11,"turns":4},{"damage":0,"enemies":"Lagavulin","floor":13,"turns":4},{"damage":26,"enemies":"Slime Boss","floor":16,"turns":4}],"seed_played":"-7920503511782569734","potions_obtained":[{"floor":1,"key":"Energy Potion"},{"floor":5,"key":"SpeedPotion"},{"floor":8,"key":"Swift Potion"}],"is_trial":false,"path_per_floor":["M","?","M","$","M","E","R","M","T","R","M","?","E","?","R","B"],"character_chosen":"THE_SILENT","items_purchased":["Blade Dance"],"campfire_rested":0,"item_purchase_floors":[4],"current_hp_per_floor":[61,61,61,61,53,39,39,30,30,30,23,23,24,24,24,0,0],"gold":70,"neow_bonus":"TRANSFORM_TWO_CARDS","is_daily":false,"chose_seed":false,"campfire_upgraded":3,"win_rate":0.0,"timestamp":1612792555,"path_taken":["M","?","M","$","?","E","R","M","T","R","M","?","E","?","R","BOSS"],"items_purchased_type":["Card"],"build_version":"2020-12-22","purchased_purges":1,"victory":false,"max_hp_per_floor":[63,63,64,64,65,66,66,67,67,67,68,68,69,69,69,69,69],"card_choices":[{"not_picked":["Quick Slash","Acrobatics"],"picked":"Well Laid Plans","floor":1},{"not_picked":["Quick Slash","Dash"],"picked":"Crippling Poison","floor":3},{"not_picked":["Riddle With Holes","Flechettes"],"picked":"Blade Dance","floor":5},{"not_picked":["Predator","Heel Hook"],"picked":"Blur","floor":6},{"not_picked":["Endless Agony","Eviscerate"],"picked":"Dagger Spray","floor":8},{"not_picked":["Sucker Punch","Flying Knee"],"picked":"Endless Agony","floor":11},{"not_picked":["Expertise","Acrobatics"],"picked":"Cloak And Dagger","floor":13}],"player_experience":555213,"relics_obtained":[{"floor":6,"key":"Akabeko"},{"floor":9,"key":"Snake Skull"},{"floor":13,"key":"White Beast Statue"}],"event_choices":[{"damage_healed":0,"gold_gain":0,"player_choice":"Trade","damage_taken":0,"relics_obtained":["FaceOfCleric"],"max_hp_gain":0,"max_hp_loss":0,"event_name":"FaceTrader","floor":2,"gold_loss":0},{"damage_healed":0,"gold_gain":0,"player_choice":"Left Gold","damage_taken":0,"max_hp_gain":0,"max_hp_loss":0,"event_name":"World of Goop","floor":12,"gold_loss":33},{"damage_healed":0,"gold_gain":0,"player_choice":"Ignored","damage_taken":0,"max_hp_gain":0,"max_hp_loss":0,"event_name":"Liars Game","floor":14,"gold_loss":0}],"is_beta":false,"boss_relics":[],"items_purged_floors":[4],"is_endless":false,"potions_floor_spawned":[1,5,8],"killed_by":"Slime Boss","ascension_level":2}}