{"host":"2lo6hma6kymb0g9i","time":1612763575,"event":{"mods":["BaseMod","Colored Map","DeckTracker","Minty Spire (QoL Compilation)"],"gold_per_floor":[116,130,205,205,217,217,237,248,274,102,131,131,141,167,167,245,245,197,208,208,258,277,277,305,305,332,332,282,282,282,207,207,286,286,301,301,90,90,40,40,40],"floor_reached":40,"language":"JPN","playtime":2373,"items_purged":["Pain","Strike_R","Clash+1","Flex+1"],"score":820,"play_id":"151f3b3f-9c44-49e6-ae49-531c44e1afaf","local_time":"20210208145255","is_ascension_mode":true,"campfire_choices":[{"floor":6.0,"key":"REST"},{"data":"Carnage","floor":15.0,"key":"SMITH"},{"data":"Bash","floor":23.0,"key":"SMITH"},{"floor":25.0,"key":"REST"},{"data":"Shrug It Off","floor":27.0,"key":"SMITH"},{"data":"Shrug It Off","floor":29.0,"key":"SMITH"},{"floor":32.0,"key":"REST"}],"circlet_count":0,"master_deck":["AscendersBane","Defend_R","Defend_R","Bash+1","Carnage+1","Shrug It Off+1","Flash of Steel","Shrug It Off+1","Reaper","Twin Strike+1","Battle Trance","Impervious","Uppercut+1","Thinking Ahead","Deep Breath","Good Instincts"],"relics":["Burning Blood","WarpedTongs","Bag of Marbles","Strawberry","Smiling Mask","Black Star","HornCleat","Centennial Puzzle","Pen Nib","Astrolabe","Medical Kit"],"acts_visited":["Exordium","TheCity","TheBeyond"],"potions_floor_usage":[],"damage_taken":[{"damage":6.0,"enemies":"Cultist","floor":1.0,"turns":3.0},{"damage":6.0,"enemies":"2 Louse","floor":2.0,"turns":3.0},{"damage":4.0,"enemies":"Small Slimes","floor":5.0,"turns":3.0},{"damage":21.0,"enemies":"Exordium Wildlife","floor":7.0,"turns":4.0},{"damage":10.0,"enemies":"Blue Slaver","floor":8.0,"turns":3.0},{"damage":20.0,"enemies":"3 Sentries","floor":11.0,"turns":8.0},{"damage":5.0,"enemies":"Red Slaver","floor":13.0,"turns":3.0},{"damage":8.0,"enemies":"Gremlin Nob","floor":14.0,"turns":3.0},{"damage":28.0,"enemies":"Hexaghost","floor":16.0,"turns":8.0},{"damage":17.0,"enemies":"2 Thieves","floor":18.0,"turns":5.0},{"damage":5.0,"enemies":"Spheric Guardian","floor":19.0,"turns":4.0},{"damage":23.0,"enemies":"Shelled Parasite and Fungi","floor":22.0,"turns":5.0},{"damage":32.0,"enemies":"Slavers","floor":24.0,"turns":7.0},{"damage":35.0,"enemies":"Collector","floor":33.0,"turns":4.0},{"damage":38.0,"enemies":"3 Shapes","floor":35.0,"turns":12.0},{"damage":26,"enemies":"Nemesis","floor":40,"turns":9}],"seed_played":"1426389584958052942","potions_obtained":[{"floor":7.0,"key":"Block Potion"},{"floor":13.0,"key":"Swift Potion"},{"floor":14.0,"key":"Energy Potion"},{"floor":16.0,"key":"DistilledChaos"},{"floor":22.0,"key":"CultistPotion"}],"is_trial":false,"path_per_floor":["M","M","?","?","M","R","M","M","T","$","E","?","M","E","R","B",null,"M","M","?","?","M","R","E","R","T","R","$","R","?","?","R","B",null,"M","?","$","?","$","E"],"character_chosen":"IRONCLAD","items_purchased":["Flash of Steel","Medical Kit"],"campfire_rested":3,"item_purchase_floors":[10,37],"current_hp_per_floor":[50,50,39,39,41,63,48,44,44,44,37,37,38,36,36,14,65,58,59,59,51,34,34,14,38,38,38,38,38,38,38,62,33,70,38,28,28,28,28,3,3],"gold":40,"neow_bonus":"REMOVE_TWO","is_daily":false,"chose_seed":false,"campfire_upgraded":4,"win_rate":0.0,"timestamp":1612763575,"path_taken":["M","M","?","?","M","R","?","M","T","$","E","?","M","E","R","BOSS","M","M","?","?","?","R","E","R","T","R","$","R","?","?","R","BOSS","M","?","$","?","$","E"],"items_purchased_type":["Card","Relic"],"build_version":"2020-12-22","purchased_purges":4,"victory":false,"max_hp_per_floor":[75,75,75,75,75,75,75,75,75,75,82,82,82,82,82,82,82,82,82,82,82,82,82,82,82,82,82,82,82,82,82,82,82,82,82,82,82,82,82,82,82],"card_choices":[{"not_picked":["Warcry","Thunderclap"],"picked":"Anger","floor":1.0},{"not_picked":["Reckless Charge","Warcry"],"picked":"Carnage","floor":2.0},{"not_picked":["Infernal Blade","Searing Blow","Blood for Blood"],"picked":"SKIP","floor":5.0},{"not_picked":["Rampage","Wild Strike","Bludgeon"],"picked":"SKIP","floor":7.0},{"not_picked":["Pummel","Iron Wave"],"picked":"Shrug It Off","floor":8.0},{"not_picked":["Dark Embrace","Immolate","Sword Boomerang"],"picked":"SKIP","floor":11.0},{"not_picked":["Carnage","Twin Strike","Anger"],"picked":"SKIP","floor":13.0},{"not_picked":["Wild Strike","Rupture"],"picked":"Shrug It Off","floor":14.0},{"not_picked":["Juggernaut","Bludgeon"],"picked":"Reaper","floor":16.0},{"not_picked":["Thunderclap","Havoc"],"picked":"Twin Strike+1","floor":18.0},{"not_picked":["Combust","Reckless Charge"],"picked":"Battle Trance","floor":19.0},{"not_picked":["Iron Wave","Wild Strike","Anger"],"picked":"SKIP","floor":22.0},{"not_picked":["Clash","Wild Strike","Reaper"],"picked":"SKIP","floor":24.0},{"not_picked":["Barricade","Juggernaut"],"picked":"Impervious","floor":33.0},{"not_picked":["Thunderclap","Twin Strike","Armaments+1"],"picked":"SKIP","floor":35.0},{"not_picked":["Impatience","Dramatic Entrance"],"picked":"Thinking Ahead","floor":36.0},{"not_picked":["Mind Blast","Jack Of All Trades"],"picked":"Deep Breath","floor":36.0},{"not_picked":["Swift Strike","Transmutation"],"picked":"Good Instincts","floor":36.0}],"player_experience":1146418,"relics_obtained":[{"floor":9.0,"key":"Bag of Marbles"},{"floor":11.0,"key":"Strawberry"},{"floor":14.0,"key":"Smiling Mask"},{"floor":24.0,"key":"HornCleat"},{"floor":24.0,"key":"Centennial Puzzle"},{"floor":26.0,"key":"Pen Nib"}],"event_choices":[{"damage_healed":0.0,"max_hp_gain":0.0,"max_hp_loss":0.0,"gold_gain":75.0,"event_name":"World of Goop","player_choice":"Gather Gold","floor":3.0,"gold_loss":0.0,"damage_taken":11.0},{"damage_healed":0.0,"max_hp_gain":0.0,"max_hp_loss":0.0,"gold_gain":0.0,"event_name":"Accursed Blacksmith","player_choice":"Rummage","floor":4.0,"gold_loss":0.0,"damage_taken":0.0,"relics_obtained":["WarpedTongs"],"cards_obtained":["Pain"]},{"damage_healed":0.0,"max_hp_gain":0.0,"max_hp_loss":0.0,"gold_gain":0.0,"event_name":"Shining Light","player_choice":"Ignored","floor":12.0,"gold_loss":0.0,"damage_taken":0.0},{"damage_healed":0.0,"max_hp_gain":0.0,"max_hp_loss":0.0,"gold_gain":0.0,"event_name":"Ghosts","player_choice":"Ignored","floor":20.0,"gold_loss":0.0,"damage_taken":0.0},{"damage_healed":0.0,"max_hp_gain":0.0,"max_hp_loss":0.0,"gold_gain":50.0,"event_name":"FaceTrader","player_choice":"Touch","floor":21.0,"gold_loss":0.0,"damage_taken":8.0},{"cards_removed":["Strike_R"],"damage_healed":0.0,"max_hp_gain":0.0,"max_hp_loss":0.0,"gold_gain":0.0,"event_name":"Back to Basics","player_choice":"Elegance","floor":30.0,"gold_loss":0.0,"damage_taken":0.0},{"cards_removed":["Strike_R"],"damage_healed":0.0,"max_hp_gain":0.0,"max_hp_loss":0.0,"gold_gain":0.0,"event_name":"Beggar","player_choice":"Gave Gold","floor":31.0,"gold_loss":75.0,"damage_taken":0.0},{"damage_healed":0.0,"max_hp_gain":0.0,"max_hp_loss":0.0,"gold_gain":0.0,"event_name":"SensoryStone","player_choice":"Memory 3","floor":36.0,"gold_loss":0.0,"damage_taken":10.0},{"damage_healed":0.0,"max_hp_gain":0.0,"max_hp_loss":0.0,"gold_gain":0.0,"event_name":"Match and Keep!","player_choice":"0 cards matched","floor":38.0,"gold_loss":0.0,"damage_taken":0.0,"cards_obtained":[]}],"is_beta":false,"boss_relics":[{"not_picked":["Snecko Eye","Tiny House"],"picked":"Black Star"},{"not_picked":["Coffee Dripper","Velvet Choker"],"picked":"Astrolabe"}],"items_purged_floors":[10,28,37,39],"is_endless":false,"potions_floor_spawned":[7,13,14,16,18,22],"killed_by":"Nemesis","ascension_level":20}}