{"host":"4kmvpqjeiacgn1pr","time":1612797929,"event":{"mods":["A Penny For Your Troubles","AchievementEnabler","AlwaysNeverKeys","Aspiration","BaseMod","Bestiary","Better Altar","Better Match","Better Note","Better Sensory Stone","Better Skull","Better Third Choice","Better Vampires","BetterRewards","Colored Map","Colored Powertips","Conspire","Curses Come First","Downfall","Halation","Highlight Path","Infinite Spire","Minty Spire (QoL Compilation)","Permanent Neow","Quick Restart","Rare Cards Sparkle","Relic Sorter","Relic Stats","Replay The Spire","Reworked Bosses","Shop Mod","Smile Girya","Spicy Shops","Spikes Relics","StSLib","Waifu the Spire"],"gold_per_floor":[118,118,159,334,334,334,334],"floor_reached":6,"language":"ENG","playtime":338,"items_purged":[],"score":48,"play_id":"513b0ccc-d8af-4fbc-a010-f52071159e0b","local_time":"20210208102529","is_ascension_mode":true,"campfire_choices":[],"circlet_count":0,"master_deck":["AscendersBane","Strike_G","Strike_G","Strike_G","Strike_G","Strike_G","Defend_G","Defend_G","Defend_G","Defend_G","Defend_G","Survivor","Neutralize","Toxin Wave","Injury","Deadly Poison+1","Doubt"],"relics":["Ring of the Snake","aspiration:Nostalgia","infinitespire:DarkRift","Toxic Egg 2","Nunchaku","Ornamental Fan"],"acts_visited":["Exordium"],"potions_floor_usage":[],"damage_taken":[{"damage":2,"enemies":"2 Louse","floor":1,"turns":3},{"damage":35,"enemies":"conspire:MimicChest","floor":3,"turns":7},{"damage":21,"enemies":"Lagavulin","floor":6,"turns":5}],"seed_played":"-4918353901051336614","potions_obtained":[{"floor":1,"key":"BlessingOfTheForge"}],"is_trial":false,"path_per_floor":["M","?","?","?","T","E"],"character_chosen":"THE_SILENT","items_purchased":[],"campfire_rested":0,"item_purchase_floors":[],"current_hp_per_floor":[61,61,26,26,26,5,5],"gold":334,"neow_bonus":"NOSTALGIA","is_daily":false,"chose_seed":false,"campfire_upgraded":0,"win_rate":0.0,"timestamp":1612797929,"path_taken":["M","?","?","?","?","E"],"items_purchased_type":[],"build_version":"2020-12-22","purchased_purges":0,"victory":false,"max_hp_per_floor":[70,70,70,70,70,70,70],"relic_stats":{"Nunchaku":[0],"counters":[3,15],"Ornamental Fan":[4],"obtain_stats":[{"infinitespire:DarkRift":0,"Nunchaku":3,"aspiration:Nostalgia":0,"Ornamental Fan":5,"Toxic Egg 2":2,"Ring of the Snake":0},{"infinitespire:DarkRift":0,"Nunchaku":2,"aspiration:Nostalgia":0,"Ornamental Fan":2,"Toxic Egg 2":1,"Ring of the Snake":0},{"infinitespire:DarkRift":0,"Nunchaku":10,"aspiration:Nostalgia":0,"Ornamental Fan":10,"Toxic Egg 2":3,"Ring of the Snake":0}],"Ring of the Snake":[6]},"card_choices":[{"not_picked":["PiercingWail","Sucker Punch"],"picked":"Toxin Wave","floor":1},{"not_picked":["Prepared+1","Deflect+1"],"picked":"Deadly Poison+1","floor":3}],"player_experience":459846,"relics_obtained":[{"floor":3,"key":"Nunchaku"},{"floor":5,"key":"Ornamental Fan"}],"event_choices":[{"damage_healed":0,"gold_gain":175,"player_choice":"AGREE","damage_taken":159,"max_hp_gain":0,"max_hp_loss":0,"event_name":"betterThird:BetterSerpent","floor":4,"gold_loss":0}],"is_beta":false,"boss_relics":[],"items_purged_floors":[],"is_endless":false,"potions_floor_spawned":[1],"killed_by":"Lagavulin","ascension_level":10}}