{"host":"2pmmafybkq7zb6na","time":1612786773,"event":{"mods":["AchievementEnabler","BaseMod","Colored Map","Highlight Path","Keyboard Shortcuts","Minty Spire (QoL Compilation)","Quick Restart","StSLib","SuperFastMode"],"gold_per_floor":[112,132,178,178,191,191,221,221,221,234,234,234,265,71,71,169,169,182,197,197,47,64,64,64,64],"floor_reached":24,"language":"KOR","playtime":1465,"items_purged":["Strike_R","Defend_R"],"score":224,"play_id":"9f7d484a-73b4-4f40-a025-88885c36fa9b","local_time":"20210208211933","is_ascension_mode":true,"campfire_choices":[{"data":"Pommel Strike","floor":6,"key":"SMITH"},{"floor":8,"key":"REST"},{"data":"True Grit","floor":15,"key":"SMITH"},{"floor":23,"key":"REST"}],"circlet_count":0,"master_deck":["Defend_R+1","Defend_R","Defend_R+1","Bash","Bloodletting","Twin Strike","Pommel Strike+1","Infernal Blade","Intimidate","Reckless Charge","Evolve","True Grit+1","Fiend Fire","Exhume+1","Spot Weakness+1","Juggernaut+1","Battle Trance","Shrug It Off","Wild Strike"],"relics":["Burning Blood","Bag of Marbles","Bottled Flame","Bottled Lightning","Darkstone Periapt","Eternal Feather","Astrolabe","Nilry\u0027s Codex"],"acts_visited":["Exordium","TheCity"],"potions_floor_usage":[10,24,24],"damage_taken":[{"damage":10,"enemies":"Cultist","floor":1,"turns":5},{"damage":5,"enemies":"Jaw Worm","floor":2,"turns":2},{"damage":3,"enemies":"2 Louse","floor":5,"turns":2},{"damage":19,"enemies":"Gremlin Nob","floor":7,"turns":3},{"damage":30,"enemies":"Gremlin Gang","floor":10,"turns":4},{"damage":18,"enemies":"Lagavulin","floor":13,"turns":4},{"damage":37,"enemies":"Slime Boss","floor":16,"turns":11},{"damage":19,"enemies":"Shell Parasite","floor":18,"turns":5},{"damage":18,"enemies":"Spheric Guardian","floor":19,"turns":4},{"damage":4,"enemies":"Centurion and Healer","floor":22,"turns":5},{"damage":41,"enemies":"Gremlin Leader","floor":24,"turns":4}],"seed_played":"-4366121620868623229","potions_obtained":[{"floor":2,"key":"PowerPotion"},{"floor":16,"key":"EssenceOfSteel"},{"floor":19,"key":"ElixirPotion"},{"floor":22,"key":"DuplicationPotion"}],"is_trial":false,"path_per_floor":["M","M","T","?","M","R","E","R","T","M","?","?","E","$","R","B",null,"M","M","?","$","M","R","E"],"character_chosen":"IRONCLAD","items_purchased":["Evolve","True Grit","Shrug It Off"],"campfire_rested":2,"item_purchase_floors":[14,14,21],"current_hp_per_floor":[76,77,77,61,64,64,51,75,75,51,56,56,44,44,53,22,85,72,60,44,44,46,80,39,39],"gold":64,"neow_bonus":"REMOVE_CARD","is_daily":false,"chose_seed":false,"campfire_upgraded":2,"win_rate":0.0,"timestamp":1612786773,"path_taken":["M","M","?","?","M","R","E","R","T","M","?","?","E","$","R","BOSS","M","?","?","?","M","R","E"],"items_purchased_type":["Card","Card","Card"],"build_version":"2020-12-22","purchased_purges":2,"victory":false,"max_hp_per_floor":[80,80,80,80,80,80,80,80,80,80,85,85,85,85,85,85,85,85,85,85,85,85,85,85,85],"card_choices":[{"not_picked":["Clothesline","Clash"],"picked":"Bloodletting","floor":1},{"not_picked":["Havoc","Evolve"],"picked":"Twin Strike","floor":2},{"not_picked":["Heavy Blade","Perfected Strike"],"picked":"Pommel Strike","floor":5},{"not_picked":["True Grit","Pommel Strike"],"picked":"Infernal Blade","floor":7},{"not_picked":["Carnage","Metallicize"],"picked":"Intimidate","floor":10},{"not_picked":["Brutality","Fire Breathing"],"picked":"Reckless Charge","floor":13},{"not_picked":["Impervious","Bludgeon"],"picked":"Fiend Fire","floor":16},{"not_picked":["Disarm+1","Sword Boomerang"],"picked":"Battle Trance","floor":18},{"not_picked":["Pommel Strike+1","Evolve","Headbutt"],"picked":"SKIP","floor":19},{"not_picked":["Clothesline","Bloodletting"],"picked":"Wild Strike","floor":22}],"player_experience":108412,"relics_obtained":[{"floor":3,"key":"Bag of Marbles"},{"floor":7,"key":"Bottled Flame"},{"floor":9,"key":"Bottled Lightning"},{"floor":12,"key":"Darkstone Periapt"},{"floor":13,"key":"Eternal Feather"},{"floor":20,"key":"Nilry\u0027s Codex"}],"event_choices":[{"damage_healed":0,"gold_gain":0,"player_choice":"Entered Light","damage_taken":16,"max_hp_gain":0,"max_hp_loss":0,"event_name":"Shining Light","floor":4,"gold_loss":0,"cards_upgraded":["Defend_R","Defend_R"]},{"damage_healed":0,"gold_gain":0,"player_choice":"Donut","damage_taken":0,"max_hp_gain":5,"max_hp_loss":0,"event_name":"Big Fish","floor":11,"gold_loss":0},{"damage_healed":0,"gold_gain":0,"player_choice":"Relic","damage_taken":0,"max_hp_gain":0,"max_hp_loss":0,"event_name":"Wheel of Change","floor":12,"gold_loss":0},{"damage_healed":0,"gold_gain":0,"player_choice":"Obtained Book","damage_taken":16,"max_hp_gain":0,"max_hp_loss":0,"event_name":"Cursed Tome","floor":20,"gold_loss":0}],"is_beta":false,"boss_relics":[{"not_picked":["Calling Bell","Busted Crown"],"picked":"Astrolabe"}],"items_purged_floors":[14,21],"is_endless":false,"potions_floor_spawned":[2,16,19,22],"killed_by":"Gremlin Leader","ascension_level":2}}