{"host":"c7dr7q4h26dxt6y4","time":1612745455,"event":{"mods":["BaseMod","BetterRewards","Colored Map","Conspire","Glutton Mod","Hubris","Mimic Mod","Minty Spire (QoL Compilation)","Reliquary","Shop Mod","StSLib","SuperFastMode","The Jungle","The Saiyan"],"gold_per_floor":[91,41,41,56,11,11,48,48,48,66,66,91,110,4,4,115,115,136,59,59,76,115,115,143,143,168,200,214,174,188,138,138,158,158],"floor_reached":33,"language":"ENG","playtime":1174,"items_purged":[],"score":440,"play_id":"79860229-b8ec-4929-be24-233abc6722dc","local_time":"20210207165055","is_ascension_mode":true,"campfire_choices":[{"data":"Saiyan:CCCapsule","floor":6.0,"key":"SMITH"},{"data":"Saiyan:RuthlessBlow","floor":8.0,"key":"SMITH"},{"data":"Saiyan:KiExplosion","floor":11.0,"key":"SMITH"},{"floor":15.0,"key":"REST"},{"floor":23.0,"key":"REST"},{"floor":25.0,"key":"REST"},{"floor":32.0,"key":"REST"}],"circlet_count":0,"master_deck":["Saiyan:SAIYA_Strike","Saiyan:SAIYA_Strike","Saiyan:SAIYA_Strike","Saiyan:SAIYA_Strike","Saiyan:SAIYA_Defend","Saiyan:SAIYA_Defend","Saiyan:SAIYA_Defend","Saiyan:SAIYA_Defend","Saiyan:EnergyBlast","Saiyan:KaioKen","Saiyan:RuthlessBlow+1","Saiyan:SuperSaiyanThree+1","Saiyan:ExpandingShockwave","conspire:SpireCoStock","Saiyan:CCCapsule+1","Saiyan:TurtleShell","Saiyan:PowerStance","Saiyan:KiExplosion+1","Saiyan:ReverberatingForce","Saiyan:MeteorDash","Saiyan:TurtleShell","Saiyan:GhostAttack","Saiyan:UltraInstinct+1","Saiyan:Overexert","Shame","Saiyan:RemoveWeights","Saiyan:UltraInstinct","Saiyan:Medicine"],"relics":["SaiyanSoul","SaiyanHeart","conspire:GiftBox","reliquary:SharkskinSheath","Black Star","Smiling Mask","reliquary:SilkGlove","Bronze Scales","reliquary:RoseTintedGlasses","reliquary:RosewoodLute","Art of War"],"acts_visited":["Exordium","TheCity"],"potions_floor_usage":[33],"damage_taken":[{"damage":10.0,"enemies":"Small Slimes","floor":1.0,"turns":3.0},{"damage":4.0,"enemies":"Jaw Worm","floor":4.0,"turns":3.0},{"damage":8.0,"enemies":"2 Louse","floor":7.0,"turns":2.0},{"damage":9.0,"enemies":"Gremlin Gang","floor":10.0,"turns":4.0},{"damage":0.0,"enemies":"Blue Slaver","floor":12.0,"turns":4.0},{"damage":6.0,"enemies":"Lots of Slimes","floor":13.0,"turns":2.0},{"damage":35.0,"enemies":"Hexaghost","floor":16.0,"turns":8.0},{"damage":33.0,"enemies":"Chosen","floor":18.0,"turns":6.0},{"damage":19.0,"enemies":"Shell Parasite","floor":21.0,"turns":4.0},{"damage":25.0,"enemies":"Centurion and Healer","floor":22.0,"turns":6.0},{"damage":20.0,"enemies":"Slavers","floor":24.0,"turns":3.0},{"damage":18.0,"enemies":"Gremlin Leader","floor":27.0,"turns":6.0},{"damage":11.0,"enemies":"Snake Plant","floor":28.0,"turns":4.0},{"damage":11.0,"enemies":"Snecko","floor":30.0,"turns":4.0},{"damage":31,"enemies":"conspire:MysteriousRune","floor":33,"turns":5}],"seed_played":"8350877597187854763","potions_obtained":[{"floor":1.0,"key":"Regen Potion"},{"floor":7.0,"key":"PowerPotion"},{"floor":13.0,"key":"LiquidMemories"},{"floor":22.0,"key":"DistilledChaos"},{"floor":30.0,"key":"Fire Potion"}],"is_trial":false,"path_per_floor":["M","?","?","M","$","R","M","R","T","M","R","M","M","$","R","B",null,"M","$","?","M","M","R","E","R","T","E","M","?","M","?","R","B"],"character_chosen":"SAIYAJIN","items_purchased":["Saiyan:TurtleShell","Saiyan:MeteorDash","Saiyan:TurtleShell","Saiyan:Overexert"],"campfire_rested":4,"item_purchase_floors":[5,14,14,19],"current_hp_per_floor":[43,43,43,41,41,41,33,33,33,26,26,30,26,26,47,12,71,38,38,38,21,11,32,15,37,37,20,11,11,6,6,30,0,0],"gold":158,"neow_bonus":"","is_daily":false,"chose_seed":false,"campfire_upgraded":3,"win_rate":0.0,"timestamp":1612745455,"path_taken":["M","?","?","M","$","R","M","R","T","M","R","M","M","$","R","BOSS","M","$","?","M","M","R","E","R","T","E","M","?","?","?","R","BOSS"],"items_purchased_type":["Card","Card","Card","Card"],"build_version":"2020-12-22","purchased_purges":0,"victory":false,"max_hp_per_floor":[61,61,61,63,63,63,63,63,63,65,65,69,71,71,71,71,71,71,71,71,73,73,73,76,76,76,77,79,79,82,82,82,83,83],"card_choices":[{"not_picked":["Saiyan:SenzuBean","Saiyan:MajinSeal"],"picked":"Saiyan:SuperSaiyanThree","floor":0.0},{"not_picked":["Saiyan:Quickening","Saiyan:Teleport"],"picked":"Saiyan:ExpandingShockwave","floor":1.0},{"not_picked":["Saiyan:ConcussiveBlow","Saiyan:BackAttack"],"picked":"Saiyan:CCCapsule","floor":4.0},{"not_picked":["Saiyan:KiStrike","Saiyan:Expend"],"picked":"Saiyan:PowerStance","floor":7.0},{"not_picked":["Saiyan:BigBangAttack","Saiyan:DragonFist"],"picked":"Saiyan:KiExplosion","floor":10.0},{"not_picked":["Saiyan:ThirstForFight","Saiyan:AugmentedBlast","Saiyan:WarmUp"],"picked":"SKIP","floor":12.0},{"not_picked":["Saiyan:Quickening","Saiyan:PowerUp"],"picked":"Saiyan:ReverberatingForce","floor":13.0},{"not_picked":["Saiyan:Rekindle","Saiyan:Momentum"],"picked":"Saiyan:GhostAttack","floor":16.0},{"not_picked":["Saiyan:Kienzan","Saiyan:Twize"],"picked":"Saiyan:UltraInstinct","floor":18.0},{"not_picked":["Saiyan:BackAttack","Saiyan:PowerUp"],"picked":"Saiyan:RemoveWeights","floor":21.0},{"not_picked":["Saiyan:AugmentedBlast","Saiyan:BigBangAttack","Saiyan:Teleport+1"],"picked":"SKIP","floor":22.0},{"not_picked":["Saiyan:DragonFist+1","Saiyan:TurtleShell"],"picked":"Saiyan:UltraInstinct","floor":24.0},{"not_picked":["Saiyan:BackAttack","Saiyan:KiStrike"],"picked":"Saiyan:Medicine","floor":27.0},{"not_picked":["Saiyan:Endure","Saiyan:ConcussiveBlow","Saiyan:SoulSpice"],"picked":"SKIP","floor":28.0},{"not_picked":["Saiyan:DragonFist+1","Saiyan:ExpandingShockwave","Saiyan:BigBangAttack"],"picked":"SKIP","floor":30.0}],"player_experience":103042,"relics_obtained":[{"floor":9.0,"key":"reliquary:SharkskinSheath"},{"floor":24.0,"key":"reliquary:SilkGlove"},{"floor":24.0,"key":"Bronze Scales"},{"floor":26.0,"key":"reliquary:RoseTintedGlasses"},{"floor":27.0,"key":"reliquary:RosewoodLute"},{"floor":27.0,"key":"Art of War"}],"event_choices":[{"damage_healed":0.0,"max_hp_gain":0.0,"max_hp_loss":0.0,"gold_gain":0.0,"event_name":"conspire:Investor","player_choice":"Invest 1","floor":2.0,"gold_loss":0.0,"damage_taken":0.0},{"damage_healed":0.0,"max_hp_gain":0.0,"max_hp_loss":0.0,"gold_gain":0.0,"event_name":"Living Wall","player_choice":"Grow","floor":3.0,"gold_loss":0.0,"damage_taken":0.0,"cards_upgraded":["Saiyan:SuperSaiyanThree"]},{"damage_healed":0.0,"max_hp_gain":0.0,"max_hp_loss":0.0,"gold_gain":0.0,"event_name":"Addict","player_choice":"Stole Relic","floor":20.0,"gold_loss":0.0,"damage_taken":0.0,"relics_obtained":["Smiling Mask"],"cards_obtained":["Shame"]},{"damage_healed":0.0,"max_hp_gain":0.0,"max_hp_loss":0.0,"gold_gain":0.0,"event_name":"Designer","player_choice":"Upgrade","floor":29.0,"gold_loss":40.0,"damage_taken":0.0,"cards_upgraded":["Saiyan:UltraInstinct"]},{"damage_healed":0.0,"max_hp_gain":0.0,"max_hp_loss":0.0,"gold_gain":0.0,"event_name":"The Joust","player_choice":"Bet on Owner","floor":31.0,"gold_loss":50.0,"damage_taken":0.0}],"is_beta":false,"boss_relics":[{"not_picked":["Runic Dome","SacredBark"],"picked":"Black Star"}],"items_purged_floors":[],"is_endless":false,"potions_floor_spawned":[1,7,13,18,22,30],"killed_by":"conspire:MysteriousRune","ascension_level":2}}