{"host":"gkm149kh1ihaqy0o","time":1612802622,"event":{"mods":["AchievementEnabler","BaseMod","Colored Powertips","Googly Eyes","Key Reminder","Minty Spire (QoL Compilation)","Permanent Neow","Quick Restart","Random Character Button","Rare Cards Sparkle","Relic Sorter","Relic Stats","SuperFastMode","Unceasing Turn Reminder","everything is the same but u backflip on backflip"],"gold_per_floor":[13,31,44,63,63,97,97,122,169,186,186,200,200,229,229,229,229],"floor_reached":16,"language":"ENG","playtime":511,"items_purged":[],"score":213,"play_id":"9328e759-0c09-4232-89ff-7781444897a8","local_time":"20210208104342","is_ascension_mode":true,"campfire_choices":[{"floor":7,"key":"REST"},{"floor":15,"key":"REST"}],"circlet_count":0,"master_deck":["Strike_B+1","Strike_B","Strike_B","Defend_B","Defend_B","Defend_B","Zap","Dualcast+1","Gash","Skim+1","Cold Snap","Sunder","Steam","Turbo","Rip and Tear","Echo Form+1","Gash","Self Repair+1","Sweeping Beam"],"relics":["Cracked Core","Frozen Egg 2","Mummified Hand","keyreminder:keyreminder","Pen Nib","Lantern","Blue Candle"],"acts_visited":["Exordium"],"potions_floor_usage":[8,14,14],"damage_taken":[{"damage":2,"enemies":"Jaw Worm","floor":1,"turns":4},{"damage":0,"enemies":"2 Louse","floor":2,"turns":2},{"damage":0,"enemies":"Cultist","floor":3,"turns":3},{"damage":0,"enemies":"Large Slime","floor":4,"turns":4},{"damage":28,"enemies":"Gremlin Nob","floor":6,"turns":4},{"damage":14,"enemies":"Lagavulin","floor":8,"turns":5},{"damage":6,"enemies":"Blue Slaver","floor":10,"turns":2},{"damage":6,"enemies":"2 Fungi Beasts","floor":12,"turns":3},{"damage":0,"enemies":"3 Sentries","floor":14,"turns":2},{"damage":29,"enemies":"Slime Boss","floor":16,"turns":4}],"seed_played":"4306843648978246052","potions_obtained":[{"floor":4,"key":"FocusPotion"},{"floor":8,"key":"LiquidMemories"},{"floor":10,"key":"Fire Potion"}],"is_trial":false,"path_per_floor":["M","M","M","M","?","E","R","E","T","M","?","M","?","E","R","B"],"character_chosen":"DEFECT","items_purchased":[],"campfire_rested":2,"item_purchase_floors":[],"current_hp_per_floor":[66,66,66,66,51,23,45,31,31,25,25,19,1,1,23,0,0],"gold":229,"neow_bonus":"TRANSFORM_TWO_CARDS","is_daily":false,"chose_seed":false,"campfire_upgraded":0,"win_rate":0.0,"timestamp":1612802622,"path_taken":["M","M","M","M","?","E","R","E","T","M","?","?","?","E","R","BOSS"],"items_purchased_type":[],"build_version":"2020-12-22","purchased_purges":0,"victory":false,"max_hp_per_floor":[75,75,75,75,75,75,75,75,75,75,75,75,75,75,75,75,75],"relic_stats":{"counters":[10,33],"Mummified Hand":[1],"Blue Candle":[0],"Pen Nib":[2],"obtain_stats":[{"keyreminder:keyreminder":8,"Lantern":13,"Mummified Hand":8,"Blue Candle":14,"Pen Nib":9,"Frozen Egg 2":6,"Cracked Core":0},{"keyreminder:keyreminder":6,"Lantern":8,"Mummified Hand":6,"Blue Candle":9,"Pen Nib":6,"Frozen Egg 2":5,"Cracked Core":0},{"keyreminder:keyreminder":22,"Lantern":27,"Mummified Hand":22,"Blue Candle":29,"Pen Nib":22,"Frozen Egg 2":17,"Cracked Core":0}]},"card_choices":[{"not_picked":["Compile Driver","BootSequence"],"picked":"Cold Snap","floor":1},{"not_picked":["Hello World","Heatsinks"],"picked":"Sunder","floor":2},{"not_picked":["Recycle","Compile Driver"],"picked":"Steam","floor":3},{"not_picked":["Cold Snap","Stack"],"picked":"Turbo","floor":4},{"not_picked":["Hologram","Force Field"],"picked":"Rip and Tear","floor":6},{"not_picked":["Buffer+1","Barrage"],"picked":"Echo Form+1","floor":8},{"not_picked":["Undo","Ball Lightning"],"picked":"Gash","floor":10},{"not_picked":["Cold Snap","Compile Driver"],"picked":"Self Repair+1","floor":12},{"not_picked":["Barrage","Rebound"],"picked":"Sweeping Beam","floor":14}],"player_experience":642014,"relics_obtained":[{"floor":6,"key":"Frozen Egg 2"},{"floor":8,"key":"Mummified Hand"},{"floor":9,"key":"Pen Nib"},{"floor":14,"key":"Blue Candle"}],"event_choices":[{"damage_healed":0,"gold_gain":0,"player_choice":"Entered Light","damage_taken":15,"max_hp_gain":0,"max_hp_loss":0,"event_name":"Shining Light","floor":5,"gold_loss":0,"cards_upgraded":["Dualcast","Strike_B"]},{"damage_healed":0,"gold_gain":0,"player_choice":"Upgraded","damage_taken":0,"max_hp_gain":0,"max_hp_loss":0,"event_name":"Upgrade Shrine","floor":11,"gold_loss":0,"cards_upgraded":["Skim"]},{"damage_healed":0,"gold_gain":0,"player_choice":"Success","damage_taken":18,"relics_obtained":["Lantern"],"max_hp_gain":0,"max_hp_loss":0,"event_name":"Scrap Ooze","floor":13,"gold_loss":0}],"is_beta":false,"boss_relics":[],"items_purged_floors":[],"is_endless":false,"potions_floor_spawned":[4,8,10],"killed_by":"Slime Boss","ascension_level":9}}