{"host":"d61fcf2p3sjwe6yo","time":1612802753,"event":{"mods":["BaseMod","Colored Map","Koishi","Marisa????????","Minty Spire (QoL Compilation)","StSLib","SuperFastMode","The Servant 0.9.4"],"gold_per_floor":[111,261,271,271,121,121,153,153,153,16,33,33,47,79,79,151,151,168,178,178,178,191,218,252,252,252],"floor_reached":25,"language":"ENG","playtime":1043,"items_purged":["Doubt","Defend_S"],"score":558,"play_id":"709fb0af-8ffa-4f9e-9035-23be17e49805","local_time":"20210208194553","is_ascension_mode":true,"campfire_choices":[{"data":"Snipe","floor":6,"key":"SMITH"},{"data":"Defy","floor":8,"key":"SMITH"},{"data":"SilverBlades","floor":12,"key":"SMITH"},{"data":"Orbit","floor":15,"key":"SMITH"}],"circlet_count":0,"master_deck":["AscendersBane","Strike_S","Strike_S","Defend_S","Defend_S","Defend_S","KidneyShot","Exchange","Snipe+1","Defy+1","GearUp","Spin","SilverBlades+1","BottledTime","Orbit+1","KillingDoll","Barrier","GearUp","ReturningBlade","SpecialFormula","FastForward","Luminosity","Barrier"],"relics":["Uniform","NeowsBlessing","KneeBrace","Dead Branch","Strawberry","Sozu","PreservedInsect","Red Mask"],"acts_visited":["Exordium","TheCity"],"potions_floor_usage":[14,23],"damage_taken":[{"damage":0,"enemies":"Jaw Worm","floor":1,"turns":1},{"damage":0,"enemies":"Small Slimes","floor":3,"turns":1},{"damage":0,"enemies":"Lagavulin","floor":7,"turns":2},{"damage":0,"enemies":"Cultist","floor":11,"turns":2},{"damage":10,"enemies":"3 Louse","floor":13,"turns":2},{"damage":8,"enemies":"Gremlin Nob","floor":14,"turns":3},{"damage":17,"enemies":"The Guardian","floor":16,"turns":9},{"damage":12,"enemies":"Spheric Guardian","floor":18,"turns":4},{"damage":0,"enemies":"3 Byrds","floor":19,"turns":4},{"damage":1,"enemies":"Centurion and Healer","floor":22,"turns":4},{"damage":0,"enemies":"Slavers","floor":23,"turns":4},{"damage":9,"enemies":"Masked Bandits","floor":24,"turns":3},{"damage":40,"enemies":"Gremlin Leader","floor":25,"turns":2}],"seed_played":"3027568627869578737","potions_obtained":[{"floor":1,"key":"ColorlessPotion"},{"floor":4,"key":"Strength Potion"},{"floor":16,"key":"GamblersBrew"}],"is_trial":false,"path_per_floor":["M","?","M","?","$","R","E","R","T","$","M","R","M","E","R","B",null,"M","M","?","?","M","E","?","E"],"character_chosen":"THE_SERVANT","items_purchased":["GearUp","SilverBlades"],"campfire_rested":0,"item_purchase_floors":[5,10],"current_hp_per_floor":[54,54,54,54,54,54,54,54,54,54,54,54,44,43,43,26,57,45,45,27,27,31,36,32,0,0],"gold":252,"neow_bonus":"THREE_ENEMY_KILL","is_daily":false,"chose_seed":false,"campfire_upgraded":4,"win_rate":0.0,"timestamp":1612802753,"path_taken":["M","?","M","?","$","R","E","R","T","$","?","R","M","E","R","BOSS","M","M","?","?","M","E","?","E"],"items_purchased_type":["Card","Card"],"build_version":"2020-12-22","purchased_purges":2,"victory":false,"max_hp_per_floor":[60,60,60,60,60,60,60,60,60,60,60,60,60,67,67,67,67,67,67,72,72,72,72,72,72,72],"card_choices":[{"not_picked":["Sabotage","DoubleEdge"],"picked":"Snipe","floor":1},{"not_picked":["Alleviate","DoubleEdge"],"picked":"Defy","floor":3},{"not_picked":["Replace","Reset"],"picked":"Spin","floor":7},{"not_picked":["Ricochet","InstantArmor"],"picked":"BottledTime","floor":11},{"not_picked":["Starlight","Shuttle"],"picked":"Orbit","floor":13},{"not_picked":["Potential","Deadline","Starlight"],"picked":"SKIP","floor":14},{"not_picked":["LightFlow","TheWorld"],"picked":"KillingDoll","floor":16},{"not_picked":["Rearm","Starlight+1"],"picked":"Barrier","floor":18},{"not_picked":["Deadline","Rewind"],"picked":"GearUp","floor":19},{"not_picked":["SpecialFormula+1","Starlight"],"picked":"FastForward","floor":22},{"not_picked":["FanOfKnives","Potential"],"picked":"Luminosity","floor":23},{"not_picked":["Revamp","Snipe"],"picked":"Barrier","floor":24}],"player_experience":283590,"relics_obtained":[{"floor":7,"key":"KneeBrace"},{"floor":9,"key":"Dead Branch"},{"floor":14,"key":"Strawberry"},{"floor":23,"key":"PreservedInsect"},{"floor":24,"key":"Red Mask"}],"event_choices":[{"damage_healed":0,"gold_gain":150,"player_choice":"AGREE","damage_taken":0,"max_hp_gain":0,"max_hp_loss":0,"event_name":"Liars Game","floor":2,"gold_loss":0,"cards_obtained":["Doubt"]},{"damage_healed":0,"gold_gain":0,"player_choice":"Got Potions","damage_taken":0,"max_hp_gain":0,"max_hp_loss":0,"event_name":"Lab","floor":4,"gold_loss":0},{"damage_healed":0,"gold_gain":0,"player_choice":"Shed Blood","damage_taken":23,"max_hp_gain":5,"max_hp_loss":0,"event_name":"Forgotten Altar","floor":20,"gold_loss":0},{"damage_healed":0,"gold_gain":0,"cards_transformed":["Strike_S","Strike_S"],"player_choice":"Became Test Subject","damage_taken":0,"max_hp_gain":0,"max_hp_loss":0,"event_name":"Drug Dealer","floor":21,"gold_loss":0,"cards_obtained":["ReturningBlade","SpecialFormula"]},{"damage_healed":0,"gold_gain":0,"player_choice":"Fought Bandits","damage_taken":0,"max_hp_gain":0,"max_hp_loss":0,"event_name":"Masked Bandits","floor":24,"gold_loss":0}],"is_beta":false,"boss_relics":[{"not_picked":["Astrolabe","Empty Cage"],"picked":"Sozu"}],"items_purged_floors":[5,10],"is_endless":false,"potions_floor_spawned":[1,16,22,24],"killed_by":"Gremlin Leader","ascension_level":20}}