{"host":"zmnaju399zpax9sm","time":1612782916,"event":{"mods":["BaseMod","Hermit","Minty Spire (QoL Compilation)","StSLib","The Cursed","The Poker Player","The Runesmith"],"gold_per_floor":[109,109,122,139,139,139,25,25,78,112,176,176,199,199,199,319,319,334,334,350,350,350,350,365,434,434,359,374,389,389,389,389],"floor_reached":31,"language":"KOR","playtime":2064,"items_purged":["Runesmith:Defend_RS"],"score":308,"play_id":"419f0f97-8ca5-4122-84b8-f5e6f68be2d8","local_time":"20210208201516","is_ascension_mode":false,"campfire_choices":[{"data":"Runesmith:OneForEveryone","floor":6.0,"key":"SMITH"},{"data":"Runesmith:Firestorm","floor":15.0,"key":"SMITH"},{"data":"Runesmith:CraftIndustria","floor":23,"key":"SMITH"},{"floor":30,"key":"REST"}],"circlet_count":0,"master_deck":["Runesmith:Strike_RS","Runesmith:Strike_RS","Runesmith:Defend_RS","Runesmith:Defend_RS","Runesmith:Defend_RS","Runesmith:CraftFirestone","Runesmith:Fortify","Runesmith:PerfectChisel","Runesmith:OneForEveryone+1","Runesmith:LithiumIon","Runesmith:CraftVitae","Runesmith:Firestorm+1","Runesmith:GenerateForcefield","Runesmith:CraftIndustria+1","Runesmith:PerfectChisel+1","Runesmith:DoubleUp","Runesmith:Attraction+1"],"relics":["Runesmith:BrokenRuby","Torii","Golden Idol","Oddly Smooth Stone","Runesmith:MiniCore","Potion Belt","StrikeDummy","Sozu","Enchiridion","MutagenicStrength","Toxic Egg 2","Dream Catcher"],"acts_visited":["Exordium","TheCity"],"potions_floor_usage":[28,29],"damage_taken":[{"damage":0.0,"enemies":"2 Louse","floor":1.0,"turns":3.0},{"damage":0.0,"enemies":"Jaw Worm","floor":3.0,"turns":4.0},{"damage":0.0,"enemies":"Small Slimes","floor":4.0,"turns":4.0},{"damage":8.0,"enemies":"3 Sentries","floor":10.0,"turns":6.0},{"damage":27.0,"enemies":"Gremlin Nob","floor":11.0,"turns":4.0},{"damage":1.0,"enemies":"3 Louse","floor":13.0,"turns":6.0},{"damage":0.0,"enemies":"Slime Boss","floor":16.0,"turns":12.0},{"damage":16.0,"enemies":"3 Byrds","floor":18.0,"turns":7.0},{"damage":0,"enemies":"Shell Parasite","floor":20,"turns":6},{"damage":19,"enemies":"Sentry and Sphere","floor":24,"turns":5},{"damage":28,"enemies":"3 Cultists","floor":28,"turns":6},{"damage":2,"enemies":"Chosen and Byrds","floor":29,"turns":5},{"damage":26,"enemies":"Slavers","floor":31,"turns":1}],"seed_played":"-3400082337535229861","potions_obtained":[{"floor":4.0,"key":"Ancient Potion"},{"floor":12.0,"key":"ColorlessPotion"},{"floor":12.0,"key":"Regen Potion"},{"floor":12.0,"key":"Weak Potion"},{"floor":13.0,"key":"CultistPotion"},{"floor":16.0,"key":"Swift Potion"}],"is_trial":false,"path_per_floor":["M","?","M","M","?","R","$","?","T","E","?","?","M","T","R","B",null,"M","?","M","?","?","R","M","T","T","?","M","M","R","E"],"character_chosen":"RUNESMITH_CLASS","items_purchased":["Runesmith:LithiumIon"],"campfire_rested":1,"item_purchase_floors":[7],"current_hp_per_floor":[49,42,42,42,25,25,25,48,48,40,13,13,27,27,27,27,70,54,54,54,54,54,54,35,35,35,35,7,5,26,0,0],"gold":389,"neow_bonus":"ONE_RARE_RELIC","is_daily":false,"chose_seed":false,"campfire_upgraded":3,"win_rate":0.0,"timestamp":1612782916,"path_taken":["M","?","M","M","?","R","?","?","T","E","?","?","?","?","R","BOSS","M","?","M","?","?","R","?","?","T","?","M","?","R","E"],"items_purchased_type":["Card"],"build_version":"2020-12-22","purchased_purges":1,"victory":false,"max_hp_per_floor":[70,70,70,70,70,70,70,70,70,70,70,70,70,70,70,70,70,70,70,70,70,70,70,70,70,70,70,70,70,70,70,70],"card_choices":[{"not_picked":["Runesmith:HammerThrow","Runesmith:Malloc"],"picked":"Runesmith:PerfectChisel","floor":1.0},{"not_picked":["Runesmith:ChiselStab","Runesmith:HeatExchange","Runesmith:UnstableHammer"],"picked":"SKIP","floor":3.0},{"not_picked":["Runesmith:Overpower","Runesmith:ElementalConversion"],"picked":"Runesmith:OneForEveryone","floor":4.0},{"not_picked":["Runesmith:HeatExchange","Runesmith:UnstableHammer"],"picked":"Runesmith:CraftVitae","floor":10.0},{"not_picked":["Runesmith:LithiumIon","Runesmith:Grindstone"],"picked":"Runesmith:Firestorm","floor":11.0},{"not_picked":["Runesmith:EarthShield","Runesmith:ChiselStab"],"picked":"Runesmith:GenerateForcefield","floor":13.0},{"not_picked":["Runesmith:Duplicate","Runesmith:FissionHammer"],"picked":"Runesmith:CraftIndustria","floor":16.0},{"not_picked":["Runesmith:Discharge","Runesmith:CraftReservo"],"picked":"Runesmith:PerfectChisel+1","floor":18.0},{"not_picked":["Runesmith:Overpower","Runesmith:EarthShield","Runesmith:BackupBattery"],"picked":"SKIP","floor":20},{"not_picked":["Runesmith:CraftIncendium","Runesmith:Prism"],"picked":"Runesmith:DoubleUp","floor":24},{"not_picked":["Runesmith:BackupBattery+1","Runesmith:Electrocute","Runesmith:Overpower"],"picked":"SKIP","floor":28},{"not_picked":["Runesmith:UnstableHammer","Runesmith:ChiselStab"],"picked":"Runesmith:Attraction+1","floor":29}],"player_experience":486990,"relics_obtained":[{"floor":9.0,"key":"Oddly Smooth Stone"},{"floor":10.0,"key":"Runesmith:MiniCore"},{"floor":11.0,"key":"Potion Belt"},{"floor":14.0,"key":"StrikeDummy"},{"floor":19.0,"key":"Enchiridion"},{"floor":25,"key":"Toxic Egg 2"},{"floor":26,"key":"Dream Catcher"}],"event_choices":[{"cards_removed":["Runesmith:Strike_RS"],"damage_healed":0.0,"max_hp_gain":0.0,"max_hp_loss":0.0,"gold_gain":0.0,"event_name":"Golden Wing","player_choice":"Card Removal","floor":2.0,"gold_loss":0.0,"damage_taken":7.0},{"damage_healed":0.0,"max_hp_gain":0.0,"max_hp_loss":0.0,"gold_gain":0.0,"event_name":"Golden Idol","player_choice":"Take Damage","floor":5.0,"gold_loss":0.0,"damage_taken":17.0,"relics_obtained":["Golden Idol"]},{"damage_healed":23.0,"max_hp_gain":0.0,"max_hp_loss":0.0,"gold_gain":0.0,"event_name":"Big Fish","player_choice":"Banana","floor":8.0,"gold_loss":0.0,"damage_taken":0.0},{"damage_healed":0.0,"max_hp_gain":0.0,"max_hp_loss":0.0,"gold_gain":30.0,"event_name":"Dead Adventurer","player_choice":"Searched \u00272\u0027 times","floor":11.0,"gold_loss":0.0,"damage_taken":0.0},{"damage_healed":0.0,"max_hp_gain":0.0,"max_hp_loss":0.0,"gold_gain":0.0,"event_name":"Lab","player_choice":"Got Potions","floor":12.0,"gold_loss":0.0,"damage_taken":0.0},{"damage_healed":0.0,"max_hp_gain":0.0,"max_hp_loss":0.0,"gold_gain":0.0,"event_name":"Cursed Tome","player_choice":"Obtained Book","floor":19.0,"gold_loss":0.0,"damage_taken":16.0},{"damage_healed":0,"gold_gain":0,"player_choice":"Inject Mutagens","damage_taken":0,"relics_obtained":["MutagenicStrength"],"max_hp_gain":0,"max_hp_loss":0,"event_name":"Drug Dealer","floor":21,"gold_loss":0},{"damage_healed":0,"gold_gain":0,"player_choice":"Ignored","damage_taken":0,"max_hp_gain":0,"max_hp_loss":0,"event_name":"Ghosts","floor":22,"gold_loss":0},{"cards_removed":["Runesmith:Strike_RS"],"damage_healed":0,"gold_gain":0,"player_choice":"Gave Gold","damage_taken":0,"max_hp_gain":0,"max_hp_loss":0,"event_name":"Beggar","floor":27,"gold_loss":75}],"is_beta":false,"boss_relics":[{"not_picked":["Snecko Eye","Runic Dome"],"picked":"Sozu"}],"items_purged_floors":[7],"is_endless":false,"potions_floor_spawned":[4,13,16,28],"killed_by":"Slavers","ascension_level":0}}