{"host":"mqhvlr3kpxebko0t","time":1612795461,"event":{"mods":["AchievementEnabler","BaseMod","Colored Map","Colored Powertips","KOR Keyword Fix","Keyboard Shortcuts","Minty Spire (QoL Compilation)","StSLib","SuperFastMode"],"gold_per_floor":[109,109,34,55,79,79,79,40,340,340,373,388,413,171,171,171,171],"floor_reached":16,"language":"KOR","playtime":219,"items_purged":["Strike_R","Strike_R"],"score":200,"play_id":"034bdca4-d686-49bb-91c0-fb0ea73862cc","local_time":"20210208234421","is_ascension_mode":true,"campfire_choices":[{"data":"Bash","floor":6,"key":"SMITH"},{"data":"Pommel Strike","floor":10,"key":"SMITH"},{"data":"Battle Trance","floor":15,"key":"SMITH"}],"circlet_count":0,"master_deck":["AscendersBane","Strike_R","Strike_R","Strike_R","Defend_R","Defend_R","Defend_R","Defend_R","Bash+1","Dropkick","Pommel Strike+1","Battle Trance+1","Shrug It Off"],"relics":["Burning Blood","Golden Idol","Meat on the Bone","Old Coin","Eternal Feather","Membership Card"],"acts_visited":["Exordium"],"potions_floor_usage":[11,11,16],"damage_taken":[{"damage":10,"enemies":"Small Slimes","floor":1,"turns":3},{"damage":4,"enemies":"Jaw Worm","floor":4,"turns":4},{"damage":4,"enemies":"2 Louse","floor":5,"turns":3},{"damage":20,"enemies":"Lagavulin","floor":11,"turns":3},{"damage":4,"enemies":"Red Slaver","floor":12,"turns":4},{"damage":16,"enemies":"3 Louse","floor":13,"turns":3},{"damage":58,"enemies":"The Guardian","floor":16,"turns":9}],"seed_played":"1021818557676820543","potions_obtained":[{"floor":4,"key":"SteroidPotion"},{"floor":11,"key":"Fruit Juice"},{"floor":12,"key":"LiquidMemories"},{"floor":13,"key":"Block Potion"}],"is_trial":false,"path_per_floor":["M","?","$","M","M","R","T","$","T","R","E","M","M","$","R","B"],"character_chosen":"IRONCLAD","items_purchased":["Battle Trance","Membership Card","Shrug It Off"],"campfire_rested":0,"item_purchase_floors":[8,14,14],"current_hp_per_floor":[64,64,64,66,68,68,68,68,68,68,59,61,51,51,57,0,0],"gold":171,"neow_bonus":"THREE_CARDS","is_daily":false,"chose_seed":false,"campfire_upgraded":3,"win_rate":0.0,"timestamp":1612795461,"path_taken":["M","?","$","M","M","R","?","$","T","R","E","M","M","$","R","BOSS"],"items_purchased_type":["Card","Relic","Card"],"build_version":"2020-12-22","purchased_purges":2,"victory":false,"max_hp_per_floor":[75,68,68,68,68,68,68,68,68,68,73,73,73,73,73,73,73],"card_choices":[{"not_picked":["Headbutt","Seeing Red"],"picked":"Dropkick","floor":0},{"not_picked":["Clothesline","Combust","Headbutt"],"picked":"SKIP","floor":1},{"not_picked":["Flex","Armaments"],"picked":"Pommel Strike","floor":4},{"not_picked":["Entrench","Rage","True Grit"],"picked":"SKIP","floor":5},{"not_picked":["Clash","Sentinel","Thunderclap"],"picked":"SKIP","floor":11},{"not_picked":["Shrug It Off","Armaments","Heavy Blade"],"picked":"SKIP","floor":12},{"not_picked":["Shrug It Off","Armaments","Heavy Blade"],"picked":"SKIP","floor":12},{"not_picked":["True Grit","Headbutt","Ghostly Armor"],"picked":"SKIP","floor":13}],"player_experience":699199,"relics_obtained":[{"floor":7,"key":"Meat on the Bone"},{"floor":9,"key":"Old Coin"},{"floor":11,"key":"Eternal Feather"}],"event_choices":[{"damage_healed":0,"gold_gain":0,"player_choice":"Lose Max HP","damage_taken":0,"relics_obtained":["Golden Idol"],"max_hp_gain":0,"max_hp_loss":7,"event_name":"Golden Idol","floor":2,"gold_loss":0}],"is_beta":false,"boss_relics":[],"items_purged_floors":[3,14],"is_endless":false,"potions_floor_spawned":[4,11,12,13],"killed_by":"The Guardian","ascension_level":20}}