{"host":"v2nniiiz7kpx7fwo","time":1612743265,"event":{"mods":["2.2 Compatiblity","AchievementEnabler","BaseMod","Colored Map","Colored Powertips","DeckTracker","Highlight Path","KOR Keyword Fix","Minty Spire (QoL Compilation)","Permanent Neow","Rare Cards Sparkle","StSLib","SuperFastMode"],"gold_per_floor":[14,14,24,24,42,71,71,99,171,271,283,315,331,349,349,450,450,468,487,505,505,505,505,505,505],"floor_reached":24,"language":"KOR","playtime":854,"items_purged":[],"score":305,"play_id":"665a74fc-fb4c-455e-869e-fd8513e619ac","local_time":"20210208091425","is_ascension_mode":true,"campfire_choices":[{"data":"True Grit","floor":7.0,"key":"SMITH"},{"floor":15.0,"key":"REST"},{"floor":23,"key":"REST"}],"circlet_count":0,"master_deck":["Strike_R","Strike_R","Defend_R","Defend_R+1","Defend_R","Defend_R+1","Bash","Bludgeon+1","Cleave+1","True Grit+1","Body Slam","Power Through+1","Thunderclap+1","Inflame","Feel No Pain","Battle Trance","Metallicize","Flex","Body Slam+1","Offering","Iron Wave+1","Limit Break+1","True Grit+1","Dark Embrace+1","Sword Boomerang+1","Entrench","Pommel Strike+1","Decay"],"relics":["Burning Blood","Prayer Wheel","War Paint","Molten Egg 2","Bottled Tornado","Astrolabe","The Courier"],"acts_visited":["Exordium","TheCity"],"potions_floor_usage":[20,24],"damage_taken":[{"damage":12.0,"enemies":"Small Slimes","floor":1.0,"turns":2.0},{"damage":0.0,"enemies":"2 Louse","floor":3.0,"turns":3.0},{"damage":0.0,"enemies":"Jaw Worm","floor":5.0,"turns":3.0},{"damage":16.0,"enemies":"Gremlin Nob","floor":6.0,"turns":3.0},{"damage":5.0,"enemies":"3 Sentries","floor":8.0,"turns":6.0},{"damage":10.0,"enemies":"Large Slime","floor":11.0,"turns":3.0},{"damage":24.0,"enemies":"Lagavulin","floor":12.0,"turns":8.0},{"damage":18.0,"enemies":"Red Slaver","floor":13.0,"turns":3.0},{"damage":0.0,"enemies":"3 Louse","floor":14.0,"turns":3.0},{"damage":7.0,"enemies":"Slime Boss","floor":16.0,"turns":7.0},{"damage":3.0,"enemies":"Chosen","floor":18.0,"turns":4.0},{"damage":39.0,"enemies":"2 Thieves","floor":19.0,"turns":3.0},{"damage":37,"enemies":"Shelled Parasite and Fungi","floor":20,"turns":6},{"damage":35,"enemies":"Book of Stabbing","floor":24,"turns":6}],"seed_played":"5988732590256838407","potions_obtained":[{"floor":3.0,"key":"DistilledChaos"},{"floor":6.0,"key":"GamblersBrew"},{"floor":8.0,"key":"Swift Potion"},{"floor":12.0,"key":"SpeedPotion"},{"floor":20,"key":"Weak Potion"}],"is_trial":false,"path_per_floor":["M","?","M","?","M","E","R","E","T","?","M","E","M","M","R","B",null,"M","M","M","T","?","R","E"],"character_chosen":"IRONCLAD","items_purchased":[],"campfire_rested":2,"item_purchase_floors":[],"current_hp_per_floor":[66,66,72,56,62,52,52,53,53,53,49,31,19,25,49,48,72,75,42,11,11,11,35,0,0],"gold":505,"neow_bonus":"THREE_RARE_CARDS","is_daily":false,"chose_seed":false,"campfire_upgraded":1,"win_rate":0.0,"timestamp":1612743265,"path_taken":["M","?","M","?","?","E","R","E","T","?","?","E","M","M","R","BOSS","M","M","M","?","?","R","E"],"items_purchased_type":[],"build_version":"2020-12-22","purchased_purges":0,"victory":false,"max_hp_per_floor":[80,80,80,80,80,80,80,80,80,80,80,80,80,80,80,80,80,80,80,80,80,80,80,80,80],"card_choices":[{"not_picked":["Corruption","Exhume"],"picked":"Bludgeon","floor":0.0},{"not_picked":["Clothesline","Body Slam"],"picked":"Cleave","floor":1.0},{"not_picked":["Havoc","Clothesline"],"picked":"True Grit","floor":3.0},{"not_picked":["Clothesline","Pummel"],"picked":"Body Slam","floor":5.0},{"not_picked":["Clash","Burning Pact"],"picked":"Power Through","floor":6.0},{"not_picked":["Warcry","True Grit","Carnage"],"picked":"SKIP","floor":8.0},{"not_picked":["Clothesline+1","Cleave+1"],"picked":"Thunderclap+1","floor":11.0},{"not_picked":["Clothesline+1","Rupture"],"picked":"Inflame","floor":11.0},{"not_picked":["Clothesline+1","Hemokinesis+1"],"picked":"Feel No Pain","floor":12.0},{"not_picked":["Clothesline+1","Dark Embrace"],"picked":"Battle Trance","floor":13.0},{"not_picked":["True Grit","Infernal Blade"],"picked":"Metallicize","floor":13.0},{"not_picked":["Twin Strike+1","Clash+1"],"picked":"Flex","floor":14.0},{"not_picked":["Clash+1","Inflame"],"picked":"Body Slam+1","floor":14.0},{"not_picked":["Juggernaut","Berserk"],"picked":"Offering","floor":16.0},{"not_picked":["Rupture","Inflame+1"],"picked":"Dark Embrace+1","floor":18.0},{"not_picked":["Dual Wield","Thunderclap+1","Headbutt+1"],"picked":"SKIP","floor":18.0},{"not_picked":["Clash+1","Perfected Strike+1"],"picked":"Sword Boomerang+1","floor":19.0},{"not_picked":["Pummel+1","Cleave+1"],"picked":"Entrench","floor":19.0},{"not_picked":["Sever Soul+1","Cleave+1"],"picked":"Pommel Strike+1","floor":20},{"not_picked":["Clash+1","Havoc","Anger+1"],"picked":"SKIP","floor":20}],"player_experience":370924,"relics_obtained":[{"floor":6.0,"key":"Prayer Wheel"},{"floor":8.0,"key":"War Paint"},{"floor":9.0,"key":"Molten Egg 2"},{"floor":12.0,"key":"Bottled Tornado"},{"floor":21,"key":"The Courier"}],"event_choices":[{"damage_healed":0.0,"max_hp_gain":0.0,"max_hp_loss":0.0,"gold_gain":0.0,"event_name":"Living Wall","player_choice":"Grow","floor":2.0,"gold_loss":0.0,"damage_taken":0.0,"cards_upgraded":["Bludgeon"]},{"damage_healed":0.0,"max_hp_gain":0.0,"max_hp_loss":0.0,"gold_gain":0.0,"event_name":"Shining Light","player_choice":"Entered Light","floor":4.0,"gold_loss":0.0,"damage_taken":16.0,"cards_upgraded":["Cleave","Defend_R"]},{"damage_healed":0.0,"max_hp_gain":0.0,"max_hp_loss":0.0,"gold_gain":100.0,"event_name":"Wheel of Change","player_choice":"Gold","floor":10.0,"gold_loss":0.0,"damage_taken":0.0},{"damage_healed":0,"gold_gain":0,"player_choice":"Smashed Altar","damage_taken":0,"max_hp_gain":0,"max_hp_loss":0,"event_name":"Forgotten Altar","floor":22,"gold_loss":0,"cards_obtained":["Decay"]}],"is_beta":false,"boss_relics":[{"not_picked":["Black Star","Ectoplasm"],"picked":"Astrolabe"}],"items_purged_floors":[],"is_endless":false,"potions_floor_spawned":[3,6,8,12,20],"killed_by":"Book of Stabbing","ascension_level":8}}