{"host":"h5wult4bedbgdxyl","time":1612805225,"event":{"mods":["AchievementEnabler","BaseMod","Colored Map","Minty Spire (QoL Compilation)","Quick Restart"],"gold_per_floor":[112,112,37,52,16,16,16,40,89,89,104,104,178,197,197,322,322,346,346,362,41,66,101,101,117,117,22,0,99,123,137,137,256,256,277,277,292,167,192,210,210,228,528,528,546,546,879,135,135,135],"floor_reached":51,"language":"ZHS","playtime":3644,"items_purged":["Regret","Strike_R","Second Wind+1","Cleave+1"],"score":784,"play_id":"c4d46f5c-4191-4863-8f83-84a830534a63","local_time":"20210209012705","is_ascension_mode":false,"campfire_choices":[{"data":"Body Slam","floor":6.0,"key":"SMITH"},{"data":"Cleave","floor":15.0,"key":"SMITH"},{"floor":24.0,"key":"REST"},{"floor":32.0,"key":"REST"},{"data":"Warcry","floor":44.0,"key":"SMITH"},{"data":"Blind","floor":49,"key":"SMITH"}],"circlet_count":0,"master_deck":["Defend_R+1","Defend_R+1","Defend_R+1","Defend_R+1","Body Slam+1","Clash+1","Shrug It Off+1","Barricade+1","Body Slam+1","Whirlwind+1","Shrug It Off+1","Bloodletting+1","Power Through+1","Good Instincts+1","Warcry+1","Shrug It Off+1","Berserk+1","Exhume+1","Entrench+1","Metallicize+1","Seeing Red+1","Blind+1","Warcry+1","Shrug It Off"],"relics":["Burning Blood","NeowsBlessing","Kunai","Red Skull","Self Forming Clay","Empty Cage","Anchor","Potion Belt","Sundial","Astrolabe","Mark of the Bloom","Old Coin","Cauldron","Letter Opener","Boot"],"acts_visited":["Exordium","TheCity","TheBeyond"],"potions_floor_usage":[50,50,50,50,50],"damage_taken":[{"damage":0.0,"enemies":"Jaw Worm","floor":1.0,"turns":1.0},{"damage":0.0,"enemies":"2 Louse","floor":4.0,"turns":1.0},{"damage":0.0,"enemies":"Cultist","floor":8.0,"turns":1.0},{"damage":19.0,"enemies":"3 Louse","floor":11.0,"turns":3.0},{"damage":9.0,"enemies":"Blue Slaver","floor":14.0,"turns":3.0},{"damage":46.0,"enemies":"The Guardian","floor":16.0,"turns":8.0},{"damage":23.0,"enemies":"2 Thieves","floor":18.0,"turns":5.0},{"damage":13.0,"enemies":"3 Byrds","floor":20.0,"turns":4.0},{"damage":14.0,"enemies":"3 Cultists","floor":22.0,"turns":4.0},{"damage":23.0,"enemies":"Book of Stabbing","floor":23.0,"turns":6.0},{"damage":11.0,"enemies":"Snake Plant","floor":25.0,"turns":5.0},{"damage":5.0,"enemies":"Cultist and Chosen","floor":30.0,"turns":12.0},{"damage":19.0,"enemies":"Centurion and Healer","floor":31.0,"turns":6.0},{"damage":10.0,"enemies":"Collector","floor":33.0,"turns":7.0},{"damage":19.0,"enemies":"Orb Walker","floor":35.0,"turns":4.0},{"damage":2.0,"enemies":"3 Darklings","floor":37.0,"turns":6.0},{"damage":27.0,"enemies":"Spire Growth","floor":39.0,"turns":6.0},{"damage":3.0,"enemies":"Maw","floor":40.0,"turns":8.0},{"damage":4.0,"enemies":"Sphere and 2 Shapes","floor":42.0,"turns":9.0},{"damage":0,"enemies":"3 Darklings","floor":45,"turns":5},{"damage":0,"enemies":"Donu and Deca","floor":50,"turns":5}],"seed_played":"6971789881870588408","potions_obtained":[{"floor":8.0,"key":"BlessingOfTheForge"},{"floor":11.0,"key":"Dexterity Potion"},{"floor":23.0,"key":"DistilledChaos"},{"floor":30.0,"key":"EssenceOfSteel"},{"floor":31.0,"key":"Energy Potion"},{"floor":35.0,"key":"ColorlessPotion"},{"floor":40.0,"key":"Ancient Potion"},{"floor":48,"key":"Swift Potion"},{"floor":48,"key":"Energy Potion"},{"floor":48,"key":"DuplicationPotion"},{"floor":48,"key":"DuplicationPotion"}],"is_trial":false,"path_per_floor":["M","?","$","M","$","R","?","M","T","?","M","?","T","M","R","B",null,"M","?","M","$","M","E","R","M","T","$","?","?","M","M","R","B",null,"M","?","M","$","M","M","?","M","T","R","M","?","?","$","R","B",null],"character_chosen":"IRONCLAD","items_purchased":["Combust","Whirlwind","Anchor","Good Instincts","Shrug It Off","Cauldron","Letter Opener","Boot"],"campfire_rested":2,"item_purchase_floors":[5,21,21,27,48,48,48,48],"current_hp_per_floor":[80,80,80,80,80,80,74,74,74,74,61,54,54,51,51,11,74,57,57,50,50,42,25,47,42,42,42,42,42,43,30,52,48,74,61,61,59,59,32,29,29,25,25,25,25,25,25,25,25,25],"gold":135,"neow_bonus":"THREE_ENEMY_KILL","is_daily":false,"chose_seed":false,"campfire_upgraded":4,"win_rate":0.0,"timestamp":1612805225,"path_taken":["M","?","$","M","$","R","?","M","T","?","?","?","?","M","R","BOSS","M","?","M","$","M","E","R","M","T","$","?","?","M","M","R","BOSS","M","?","M","$","M","M","?","M","T","R","M","?","?","$","R","BOSS"],"items_purchased_type":["Card","Card","Relic","Card","Card","Relic","Relic","Relic"],"build_version":"2020-12-22","purchased_purges":4,"victory":true,"max_hp_per_floor":[80,80,80,80,80,80,74,74,74,74,74,74,74,74,74,74,74,74,74,74,74,74,74,74,74,74,74,74,74,74,74,74,74,74,74,74,74,74,74,74,74,74,74,74,74,74,74,74,74,74],"card_choices":[{"not_picked":["Pommel Strike","Anger"],"picked":"Dropkick","floor":1.0},{"not_picked":["Fire Breathing","Shockwave"],"picked":"Body Slam","floor":4.0},{"not_picked":["Sever Soul","Rupture"],"picked":"Clash","floor":8.0},{"not_picked":["Fire Breathing","Iron Wave"],"picked":"Cleave","floor":11.0},{"not_picked":["Perfected Strike","Body Slam"],"picked":"Shrug It Off","floor":14.0},{"not_picked":["Double Tap","Bludgeon"],"picked":"Barricade","floor":16.0},{"not_picked":["Perfected Strike+1","Thunderclap"],"picked":"Body Slam","floor":18.0},{"not_picked":["Perfected Strike","Cleave","Havoc"],"picked":"SKIP","floor":20.0},{"not_picked":["Second Wind+1","Searing Blow"],"picked":"Shrug It Off","floor":22.0},{"not_picked":["Body Slam","Carnage+1"],"picked":"Bloodletting","floor":23.0},{"not_picked":["Wild Strike+1","True Grit+1"],"picked":"Power Through+1","floor":25.0},{"not_picked":["Perfected Strike+1","Anger"],"picked":"Warcry","floor":30.0},{"not_picked":["Thunderclap","Bloodletting"],"picked":"Shrug It Off","floor":31.0},{"not_picked":["Feed","Limit Break"],"picked":"Berserk","floor":33.0},{"not_picked":["Warcry","Perfected Strike"],"picked":"Metallicize","floor":35.0},{"not_picked":["Whirlwind","Burning Pact","Evolve"],"picked":"SKIP","floor":37.0},{"not_picked":["Bloodletting","Hemokinesis","Shockwave+1"],"picked":"SKIP","floor":39.0},{"not_picked":["Whirlwind+1","Inflame+1"],"picked":"Seeing Red+1","floor":40.0},{"not_picked":["Enlightenment","Forethought"],"picked":"Blind","floor":41.0},{"not_picked":["Clothesline","Body Slam"],"picked":"Warcry","floor":42.0},{"not_picked":["Thunderclap","Exhume","Pommel Strike"],"picked":"SKIP","floor":45},{"not_picked":["Thunderclap","Exhume","Pommel Strike"],"picked":"SKIP","floor":45}],"player_experience":59519,"relics_obtained":[{"floor":9.0,"key":"Red Skull"},{"floor":13.0,"key":"Self Forming Clay"},{"floor":23.0,"key":"Potion Belt"},{"floor":26.0,"key":"Sundial"},{"floor":43.0,"key":"Old Coin"}],"event_choices":[{"damage_healed":0.0,"max_hp_gain":0.0,"max_hp_loss":0.0,"gold_gain":0.0,"event_name":"Big Fish","player_choice":"Box","floor":2.0,"gold_loss":0.0,"damage_taken":0.0,"relics_obtained":["Kunai"],"cards_obtained":["Regret"]},{"damage_healed":0.0,"max_hp_gain":0.0,"max_hp_loss":6.0,"gold_gain":0.0,"event_name":"Golden Idol","player_choice":"Lose Max HP","floor":7.0,"gold_loss":0.0,"damage_taken":0.0,"relics_obtained":["Golden Idol"]},{"damage_healed":0.0,"max_hp_gain":0.0,"max_hp_loss":0.0,"gold_gain":0.0,"event_name":"Upgrade Shrine","player_choice":"Upgraded","floor":10.0,"gold_loss":0.0,"damage_taken":0.0,"cards_upgraded":["Clash"]},{"cards_removed":["Strike_R"],"damage_healed":0.0,"max_hp_gain":0.0,"max_hp_loss":0.0,"gold_gain":0.0,"event_name":"Golden Wing","player_choice":"Card Removal","floor":12.0,"gold_loss":0.0,"damage_taken":7.0},{"damage_healed":0.0,"max_hp_gain":0.0,"max_hp_loss":0.0,"gold_gain":0.0,"event_name":"Ghosts","player_choice":"Ignored","floor":19.0,"gold_loss":0.0,"damage_taken":0.0},{"damage_healed":0.0,"max_hp_gain":0.0,"max_hp_loss":0.0,"gold_gain":0.0,"event_name":"Masked Bandits","player_choice":"Paid Fearfully","floor":28.0,"gold_loss":22.0,"damage_taken":0.0},{"damage_healed":0.0,"max_hp_gain":0.0,"max_hp_loss":0.0,"gold_gain":99.0,"event_name":"Nest","player_choice":"Stole From Cult","floor":29.0,"gold_loss":0.0,"damage_taken":0.0},{"damage_healed":0.0,"max_hp_gain":0.0,"max_hp_loss":0.0,"gold_gain":0.0,"event_name":"MindBloom","player_choice":"Upgrade","floor":36.0,"gold_loss":0.0,"damage_taken":0.0,"cards_upgraded":["Defend_R","Defend_R","Defend_R","Defend_R","Combust","Shrug It Off","Barricade","Body Slam","Whirlwind","Shrug It Off","Bloodletting","Good Instincts","Warcry","Shrug It Off","Berserk","Metallicize"],"relics_obtained":["Mark of the Bloom"]},{"damage_healed":0.0,"max_hp_gain":0.0,"max_hp_loss":0.0,"gold_gain":0.0,"event_name":"SensoryStone","player_choice":"Memory 1","floor":41.0,"gold_loss":0.0,"damage_taken":0.0},{"cards_removed":["Combust"],"damage_healed":0,"gold_gain":0,"player_choice":"Removed Power","damage_taken":0,"max_hp_gain":0,"max_hp_loss":0,"event_name":"Falling","floor":46,"gold_loss":0},{"damage_healed":0,"gold_gain":333,"player_choice":"Gave Idol","damage_taken":0,"max_hp_gain":0,"max_hp_loss":0,"event_name":"The Moai Head","floor":47,"relics_lost":["Golden Idol"],"gold_loss":0}],"is_beta":false,"boss_relics":[{"not_picked":["Calling Bell","Sozu"],"picked":"Empty Cage"},{"not_picked":["Runic Pyramid","Velvet Choker"],"picked":"Astrolabe"}],"items_purged_floors":[3,21,38,48],"is_endless":false,"potions_floor_spawned":[8,11,23,30,31,35,40],"ascension_level":0}}