{"host":"jr8kutoxe0dof5ui","time":1612784570,"event":{"mods":["AchievementEnabler","Aspiration","BaseMod","DeckTracker","Defuse TimeMaze Blight","Halation","Hubris","Infinite Spire","MarisaÅiñ∂âJÅ@ñÇóùçπÅj","Minty Spire (QoL Compilation)","Prisma Mod","Replay The Spire","Reworked Bosses","StSLib","SuperFastMode","The Construct","The Cursed","The Disciple","The Servant 0.9.4"],"gold_per_floor":[110,124,141,141,141,141,172,172,172,183,183,201,213,226,226,329,329,349,349,349,349,364,364,397,416,416,190,210,187,187,187],"floor_reached":30,"language":"ENG","playtime":5901,"items_purged":["PrismaMod:IllyaCommonDefend"],"score":272,"play_id":"eb28b460-28d1-4d6c-a85f-850a31608ee2","local_time":"20210208204250","is_ascension_mode":false,"campfire_choices":[{"data":"PrismaMod:IllyaFriendMaker","floor":6,"key":"SMITH"},{"data":"PrismaMod:IllyaAOECommonAttack","floor":8,"key":"SMITH"},{"data":"PrismaMod:MiyuUncommonDexBuff","floor":15,"key":"SMITH"},{"data":"PrismaMod:IllyaUncommonAttack","floor":23,"key":"SMITH"}],"circlet_count":0,"master_deck":["PrismaMod:IllyaCommonAttack","PrismaMod:IllyaCommonDefend","PrismaMod:IllyaCommonAttack","PrismaMod:IllyaCommonDefend","PrismaMod:IllyaCommonAttack","PrismaMod:IllyaCommonDefend","PrismaMod:IllyaCommonAttack","PrismaMod:IllyaCommonAttack","PrismaMod:IllyaCommonDefend","PrismaMod:IllyaUncommonAttack+1","PrismaMod:IllyaUncommonDefend+1","PrismaMod:IllyaAOECommonAttack+1","PrismaMod:IllyaFriendMaker+1","PrismaMod:IllyaCheapChannelAttack","Pray","ReplayTheSpireMod:Private Reserves","PrismaMod:MiyuUncommonDexBuff+1","FTL","PrismaMod:MiyuDefenseExplosion","PrismaMod:IllyaInstallRider","HandsUpC","LockedWarPaint","Pot Of Greed","Pot Of Greed","Analog"],"relics":["PrismaMod:PrismaRuby","NeowsBlessing","PrismaticShard","Garlic","infinitespire:Broken Mirror","aspiration:FutureDiary","hubris:Icosahedron","Singing Bowl","Replay:Accelerometer","Ancient Tea Set","Grinning Jar"],"acts_visited":["Exordium","TheCity"],"potions_floor_usage":[16,18,24,28,29],"damage_taken":[{"damage":0,"enemies":"Cultist","floor":1,"turns":1},{"damage":0,"enemies":"Small Slimes","floor":2,"turns":1},{"damage":0,"enemies":"Jaw Worm","floor":3,"turns":1},{"damage":18,"enemies":"Lagavulin","floor":7,"turns":5},{"damage":1,"enemies":"3 Louse","floor":10,"turns":2},{"damage":0,"enemies":"2 Fungi Beasts","floor":12,"turns":2},{"damage":1,"enemies":"Large Slime","floor":13,"turns":7},{"damage":0,"enemies":"Looter","floor":14,"turns":3},{"damage":25,"enemies":"Fading Forest","floor":16,"turns":11},{"damage":12,"enemies":"2 Thieves","floor":18,"turns":3},{"damage":0,"enemies":"3 Byrds","floor":22,"turns":3},{"damage":41,"enemies":"Slavers","floor":24,"turns":5},{"damage":0,"enemies":"3 Cultists","floor":25,"turns":5},{"damage":5,"enemies":"Chosen and Byrds","floor":28,"turns":5},{"damage":24,"enemies":"Book of Stabbing","floor":29,"turns":5},{"damage":9,"enemies":"Snake Plant","floor":30,"turns":2}],"seed_played":"8171459555208689099","potions_obtained":[{"floor":2,"key":"SpeedPotion"},{"floor":3,"key":"Elixir"},{"floor":7,"key":"SteroidPotion"},{"floor":14,"key":"DuplicationPotion"},{"floor":16,"key":"SteroidPotion"},{"floor":18,"key":"Fruit Juice"},{"floor":24,"key":"SteroidPotion"},{"floor":25,"key":"Weak Potion"}],"is_trial":false,"path_per_floor":["M","M","M","?","$","R","E","R","T","M","?","M","M","M","R","B",null,"M","?","?","?","M","R","E","M","T","$","M","E","M"],"character_chosen":"ILLYA","items_purchased":["Ancient Tea Set"],"campfire_rested":0,"item_purchase_floors":[27],"current_hp_per_floor":[75,75,75,75,75,75,57,57,57,56,49,49,48,48,48,23,72,65,65,65,73,73,73,34,36,36,36,31,7,0,0],"gold":187,"neow_bonus":"THREE_ENEMY_KILL","is_daily":false,"chose_seed":false,"campfire_upgraded":4,"win_rate":0.0,"timestamp":1612784570,"path_taken":["M","?","?","?","?","R","E","R","T","M","?","M","M","M","R","BOSS","M","?","?","?","M","R","E","M","T","$","M","E","?"],"items_purchased_type":["Relic"],"build_version":"2020-12-22","purchased_purges":1,"victory":false,"max_hp_per_floor":[75,75,75,75,75,75,75,75,75,75,72,72,72,72,72,72,72,77,77,77,77,77,77,79,81,81,81,81,81,81,81],"card_choices":[{"not_picked":["PrismaMod:IllyaMaid","PrismaMod:IllyaGun"],"picked":"PrismaMod:IllyaAOECommonAttack","floor":1},{"not_picked":["PrismaMod:IllyaUpgradeOrbs","PrismaMod:IllyaMinorZwei"],"picked":"PrismaMod:IllyaFriendMaker","floor":2},{"not_picked":["PrismaMod:IllyaUberPoisonBlock","PrismaMod:IllyaPoisonBomb"],"picked":"PrismaMod:IllyaCheapChannelAttack","floor":3},{"not_picked":["Swift Strike","construct:HeavyBolt"],"picked":"Pray","floor":7},{"not_picked":["BigCrunch","construct:ClusterMines"],"picked":"ReplayTheSpireMod:Private Reserves","floor":10},{"not_picked":["PrismaMod:IllyaHassanGift","Distraction"],"picked":"PrismaMod:MiyuUncommonDexBuff","floor":12},{"not_picked":["AlternateTimeline","TheCursedMod:CursedShiv"],"picked":"FTL","floor":13},{"not_picked":["PrismaMod:ChloeBetterTracePools","Headbutt"],"picked":"PrismaMod:MiyuDefenseExplosion","floor":14},{"not_picked":["ReplayRNGCard","Initiator"],"picked":"PrismaMod:IllyaInstallRider","floor":16},{"not_picked":["TheCursedMod:TacticalStrike+1","construct:ModeShift"],"picked":"HandsUpC","floor":18},{"not_picked":["construct:VentSteam","PrismaMod:ChloeDiscardRecovery","Wallop"],"picked":"SKIP","floor":22},{"not_picked":["FlurryOfBlows","Beam Cell","CutThroughFate"],"picked":"Singing Bowl","floor":24},{"not_picked":["LockedScales","Sanctity+1","OverTime"],"picked":"Singing Bowl","floor":25},{"not_picked":["construct:ModeShift","GalacticHalo"],"picked":"LockedWarPaint","floor":28},{"not_picked":["CrushJoints+1","Flying Knee+1"],"picked":"Analog","floor":29}],"player_experience":311154,"relics_obtained":[{"floor":7,"key":"Garlic"},{"floor":9,"key":"infinitespire:Broken Mirror"},{"floor":24,"key":"Singing Bowl"},{"floor":26,"key":"Replay:Accelerometer"},{"floor":29,"key":"Grinning Jar"}],"event_choices":[{"cards_removed":["Parasite"],"damage_healed":0,"gold_gain":0,"player_choice":"Card Removal","damage_taken":7,"max_hp_gain":0,"max_hp_loss":0,"event_name":"Golden Wing","floor":11,"gold_loss":0}],"is_beta":false,"boss_relics":[{"not_picked":["hubris:GrandSneckoEye","Empty Cage"],"picked":"aspiration:FutureDiary"}],"items_purged_floors":[27],"is_endless":false,"potions_floor_spawned":[2,3,7,14,16,18,24,25],"killed_by":"Snake Plant","ascension_level":0}}