{"host":"x8sam8fprezugive","time":1612777729,"event":{"mods":["A Magickal Journey","Bard","BaseMod","Colored Powertips","Downfall","Hero for Fun","Minty Spire (QoL Compilation)","Replay The Spire","StSLib","The Necromancer"],"gold_per_floor":[99,119,137,137,137,151,151,151,169,185,185,204,204,216,236,236,236,236],"floor_reached":16,"language":"ENG","playtime":845,"items_purged":[],"score":96,"play_id":"0bada18c-3d2e-4dd1-8e25-261203552c6f","local_time":"20210208104849","is_ascension_mode":false,"campfire_choices":[{"data":"Guardian:CurlUp","floor":1,"key":"SMITH"},{"data":"Guardian:TemporalShield","floor":8,"key":"SMITH"},{"data":"Guardian:TimeSifter","floor":11,"key":"SMITH"},{"data":"Guardian:TimeBomb","floor":13,"key":"SMITH"}],"circlet_count":0,"master_deck":["Guardian:Strike_Guardian","Guardian:Strike_Guardian","Guardian:Strike_Guardian","Guardian:Defend_Guardian","Guardian:Defend_Guardian","Guardian:Defend_Guardian","Guardian:CurlUp+1","Guardian:TwinSlam","Guardian:RollAttack","Guardian:PolyBeam","Guardian:TimeBomb+1","Guardian:TemporalShield+1","Guardian:TimeSifter+1","Guardian:PrimingBeam","Guardian:SpikerProtocol","Guardian:Gem_Red"],"relics":["Guardian:ModeShifter","Snack Pack"],"acts_visited":["Exordium"],"potions_floor_usage":[],"damage_taken":[{"damage":1,"enemies":"Cultist","floor":2,"turns":4},{"damage":10,"enemies":"Small Slimes","floor":3,"turns":4},{"damage":5,"enemies":"Jaw Worm","floor":6,"turns":4},{"damage":3,"enemies":"Red Slaver","floor":9,"turns":4},{"damage":6,"enemies":"Exordium Wildlife","floor":10,"turns":4},{"damage":9,"enemies":"3 Louse","floor":12,"turns":5},{"damage":23,"enemies":"Exordium Thugs","floor":14,"turns":5},{"damage":8,"enemies":"Gremlin Gang","floor":15,"turns":4},{"damage":47,"enemies":"DF_ARCHETYPE_STREAMLINE","floor":16,"turns":9}],"seed_played":"3248600812063503688","potions_obtained":[{"floor":3,"key":"Elixir"},{"floor":10,"key":"SmokeBomb"},{"floor":15,"key":"Fire Potion"}],"is_trial":false,"path_per_floor":["R","M","M","?","?","M","T","R","M","M","R","M","R","M","M","B"],"character_chosen":"GUARDIAN","items_purchased":[],"campfire_rested":0,"item_purchase_floors":[],"current_hp_per_floor":[88,87,77,77,77,72,72,72,69,65,65,56,56,33,27,0,0,0],"gold":236,"neow_bonus":"TEN_PERCENT_HP_BONUS","is_daily":false,"chose_seed":false,"campfire_upgraded":4,"win_rate":0.0,"timestamp":1612777729,"path_taken":["R","M","?","?","?","M","T","R","M","?","R","M","R","M","M","BOSS"],"items_purchased_type":[],"build_version":"2020-12-22","purchased_purges":0,"victory":false,"max_hp_per_floor":[88,88,88,88,88,88,88,88,88,88,88,88,88,88,88,88,88,88],"card_choices":[{"not_picked":["Guardian:Planning","Guardian:Gem_Cyan"],"picked":"Guardian:RollAttack","floor":2},{"not_picked":["Guardian:Planning","Guardian:WalkerClaw"],"picked":"Guardian:PolyBeam","floor":3},{"not_picked":["Guardian:PrismaticBarrier","Guardian:Preprogram"],"picked":"Guardian:TemporalShield","floor":6},{"not_picked":["Guardian:TemporalShield","Guardian:ShieldSpikes"],"picked":"Guardian:Gem_Green","floor":9},{"not_picked":["Guardian:GuardianWhirl","Guardian:TimeBomb"],"picked":"Guardian:TimeSifter","floor":10},{"not_picked":["Guardian:PiercingHide","Guardian:Suspension"],"picked":"Guardian:PrimingBeam","floor":12},{"not_picked":["Guardian:TemporalStrike","Guardian:Suspension"],"picked":"Guardian:SpikerProtocol","floor":14},{"not_picked":["Guardian:SphericShield","Guardian:GuardianWhirl"],"picked":"Guardian:Gem_Red","floor":15}],"player_experience":237880,"relics_obtained":[{"floor":7,"key":"Snack Pack"}],"event_choices":[],"is_beta":false,"boss_relics":[],"items_purged_floors":[],"is_endless":false,"potions_floor_spawned":[3,10,15],"killed_by":"DF_ARCHETYPE_STREAMLINE","ascension_level":0}}