{"host":"m6aaltr68g9tvoay","time":1612756894,"event":{"mods":["AchievementEnabler","BaseMod","Colored Map","Downfall","Minty Spire (QoL Compilation)","Slay the Relics Exporter","StSLib"],"gold_per_floor":[99,112,112,122,172,182,182,82,21,21,39,24,24,36,46,143,143,143,154,167,167,47,47,47,75,89,103,103,115,115,115,134,233,233,233,245,260,274,274,274,274],"floor_reached":39,"language":"ENG","playtime":2807,"items_purged":[],"score":553,"play_id":"1db244b0-ee1e-4955-a657-f254ff6d8ded","local_time":"20210207200134","is_ascension_mode":true,"campfire_choices":[{"floor":1,"key":"RECALL"},{"data":"champ:ShieldWall","floor":8,"key":"SMITH"},{"data":"champ:RapidStrikes","floor":10,"key":"SMITH"},{"floor":13,"key":"REST"},{"data":"champ:Lariat","floor":18,"key":"SMITH"},{"floor":28,"key":"REST"},{"floor":30,"key":"REST"},{"floor":35,"key":"REST"}],"circlet_count":0,"master_deck":["champ:Strike+1","champ:Defend","champ:Defend","champ:Defend","champ:Defend","champ:Execute+1","champ:Taunt+1","champ:DefensiveStyle","champ:RisingSlash","champ:ShieldWall+1","champ:RapidStrikes+1","champ:Shatter","champ:BerserkersShout","champ:EnchantSword","champ:ShieldSigil","champ:Lariat+1","champ:TripleStrike","champ:EnGarde+1","champ:ShieldSigil+1","champ:ShieldSlam+1","champ:GutPunch+1","champ:SkillfulDodge+1","champ:StanceDance+1","downfall:Icky","Decay","champ:ShieldThrow","champ:FlashCut","champ:TripleStrike","champ:IgnorePain","champ:FocusedDefense+1"],"relics":["champ:ChampionCrown","Vajra","Oddly Smooth Stone","downfall:HeartBlessingRed","Astrolabe","downfall:ExtraCursedKey","MutagenicStrength","Gremlin Horn","Whetstone","champ:PowerArmor"],"acts_visited":["Exordium","TheCity","TheBeyond"],"potions_floor_usage":[14,16,22,27,27,33],"damage_taken":[{"damage":1,"enemies":"2 Louse","floor":2,"turns":2},{"damage":17,"enemies":"Jaw Worm","floor":4,"turns":5},{"damage":10,"enemies":"Cultist","floor":6,"turns":4},{"damage":20,"enemies":"downfall:FleeingMerchant","floor":9,"turns":4},{"damage":24,"enemies":"Blue Slaver","floor":11,"turns":3},{"damage":15,"enemies":"downfall:FleeingMerchant","floor":12,"turns":4},{"damage":17,"enemies":"2 Fungi Beasts","floor":14,"turns":3},{"damage":26,"enemies":"Lots of Slimes","floor":15,"turns":3},{"damage":63,"enemies":"SI_SHIV_ARCHETYPE","floor":16,"turns":7},{"damage":12,"enemies":"Shell Parasite","floor":19,"turns":4},{"damage":35,"enemies":"3 Byrds","floor":20,"turns":4},{"damage":39,"enemies":"downfall:FleeingMerchant","floor":22,"turns":4},{"damage":39,"enemies":"Slavers","floor":25,"turns":5},{"damage":1,"enemies":"Sentry and Sphere","floor":26,"turns":4},{"damage":9,"enemies":"Snake Plant","floor":27,"turns":2},{"damage":22,"enemies":"Shelled Parasite and Fungi","floor":29,"turns":4},{"damage":0,"enemies":"Snecko","floor":32,"turns":3},{"damage":28,"enemies":"WA_ARCHETYPE_CALM","floor":33,"turns":7},{"damage":1,"enemies":"3 Shapes","floor":36,"turns":4},{"damage":0,"enemies":"Orb Walker","floor":37,"turns":4},{"damage":56,"enemies":"Spire Growth","floor":38,"turns":5},{"damage":20,"enemies":"Maw","floor":39,"turns":5}],"seed_played":"-631363325969007541","potions_obtained":[{"floor":6,"key":"ColorlessPotion"},{"floor":11,"key":"champ:OpenerPotion"},{"floor":14,"key":"hexamod:SoulburnPotion"},{"floor":19,"key":"Swift Potion"},{"floor":26,"key":"BlessingOfTheForge"},{"floor":27,"key":"champ:OpenerPotion"},{"floor":29,"key":"Energy Potion"},{"floor":33,"key":"hexamod:SoulburnPotion"},{"floor":38,"key":"bronze:BurnAndBuffPotion"}],"is_trial":false,"path_per_floor":["R","M","?","M","T","M","T","R","$","R","M","$","R","M","M","B",null,"R","M","M","?","$","?","T","E","M","M","R","M","R","?","M","B",null,"R","M","M","M","M"],"character_chosen":"THE_CHAMP","items_purchased":["champ:Shatter","FairyPotion"],"campfire_rested":4,"item_purchase_floors":[9,22],"current_hp_per_floor":[81,80,80,73,73,73,73,73,73,73,59,59,86,79,58,40,78,78,66,66,66,57,57,57,28,27,18,45,23,50,50,50,22,73,90,89,89,53,33,33,33],"gold":274,"neow_bonus":"UPGRADE_CARD","is_daily":false,"chose_seed":false,"campfire_upgraded":3,"win_rate":0.0,"timestamp":1612756894,"path_taken":["R","M","?","M","?","M","T","R","?","R","?","$","R","M","M","BOSS","R","M","M","?","$","?","T","E","M","M","R","M","R","?","M","BOSS","R","M","M","M","?"],"items_purchased_type":["Card","Potion"],"build_version":"2020-12-22","purchased_purges":0,"victory":false,"max_hp_per_floor":[90,90,90,90,90,90,90,90,90,90,90,90,90,90,90,90,90,90,90,90,90,90,90,90,90,90,90,90,90,90,90,90,90,90,90,90,90,90,90,90,90],"card_choices":[{"not_picked":["champ:CrownThrow","champ:FocusedBerserking"],"picked":"champ:DefensiveStyle","floor":2},{"not_picked":["champ:GutPunch","champ:Circumvent"],"picked":"champ:RisingSlash","floor":4},{"not_picked":["champ:SwordSigil","champ:FanOfKnives"],"picked":"champ:ShieldWall","floor":6},{"not_picked":["champ:PerfectedStrike","champ:GutPunch"],"picked":"champ:RapidStrikes","floor":9},{"not_picked":["champ:CrownThrow","champ:ShieldSlam"],"picked":"champ:BerserkersShout","floor":11},{"not_picked":["champ:FocusedBerserking","champ:PreciseThrust"],"picked":"champ:EnchantSword","floor":12},{"not_picked":["champ:Shatter","champ:StanceDance"],"picked":"champ:ShieldSigil","floor":14},{"not_picked":["champ:FaceSlap","champ:Endure"],"picked":"champ:Lariat","floor":15},{"not_picked":["champ:MurderStrike","champ:Improvising"],"picked":"champ:TripleStrike","floor":16},{"not_picked":["champ:SetATrap","champ:BerserkersShout"],"picked":"champ:GutPunch+1","floor":19},{"not_picked":["champ:Backstep+1","champ:Lariat"],"picked":"champ:SkillfulDodge+1","floor":20},{"not_picked":["champ:HeartStrike+1","champ:Haymaker+1"],"picked":"champ:StanceDance+1","floor":22},{"not_picked":["champ:Shatter","champ:ArenaPreparation"],"picked":"champ:ShieldThrow","floor":25},{"not_picked":["champ:FanOfKnives","champ:CrownThrow","champ:BladeFlurry"],"picked":"SKIP","floor":26},{"not_picked":["champ:StanceDance","champ:ViciousMockery"],"picked":"champ:FlashCut","floor":27},{"not_picked":["champ:FanOfKnives","champ:CalledShot","champ:CrownThrow"],"picked":"SKIP","floor":29},{"not_picked":["champ:AdrenalArmor","champ:ShieldSigil","champ:GutPunch"],"picked":"SKIP","floor":32},{"not_picked":["champ:Devastate","champ:SteelEdge"],"picked":"champ:IgnorePain","floor":33},{"not_picked":["champ:PerfectedStrike+1","champ:FlashCut+1","champ:Haymaker+1"],"picked":"SKIP","floor":36},{"not_picked":["champ:FalseCounter","champ:FanOfKnives"],"picked":"champ:FocusedDefense+1","floor":37},{"not_picked":["champ:Haymaker+1","champ:FlashCut+1","champ:EndlessRage+1"],"picked":"SKIP","floor":38}],"player_experience":1865195,"relics_obtained":[{"floor":5,"key":"Vajra"},{"floor":7,"key":"Oddly Smooth Stone"},{"floor":24,"key":"Gremlin Horn"},{"floor":25,"key":"Whetstone"}],"event_choices":[{"damage_healed":0,"gold_gain":0,"player_choice":"Inject Mutagens","damage_taken":0,"relics_obtained":["MutagenicStrength"],"max_hp_gain":0,"max_hp_loss":0,"event_name":"Drug Dealer","floor":23,"gold_loss":0}],"is_beta":false,"boss_relics":[{"not_picked":["Tiny House","SacredBark"],"picked":"Astrolabe"},{"not_picked":["Calling Bell","Black Star"],"picked":"champ:PowerArmor"}],"items_purged_floors":[],"is_endless":false,"potions_floor_spawned":[6,11,14,19,26,27,29,33,38],"killed_by":"Maw","ascension_level":8}}