{"host":"gkm149kh1ihaqy0o","time":1612804020,"event":{"mods":["AchievementEnabler","BaseMod","Colored Powertips","Googly Eyes","Key Reminder","Minty Spire (QoL Compilation)","Permanent Neow","Quick Restart","Random Character Button","Rare Cards Sparkle","Relic Sorter","Relic Stats","SuperFastMode","Unceasing Turn Reminder","everything is the same but u backflip on backflip"],"gold_per_floor":[113,129,146,164,164,164,164,164,164,11,51,51,95,119,119,119,119],"floor_reached":16,"language":"ENG","playtime":620,"items_purged":["Strike_B"],"score":160,"play_id":"fd873f1a-676d-442e-8f0e-a3dfee971249","local_time":"20210208110700","is_ascension_mode":true,"campfire_choices":[{"data":"Aggregate","floor":6,"key":"SMITH"},{"floor":8,"key":"REST"},{"floor":12,"key":"REST"},{"floor":15,"key":"REST"}],"circlet_count":0,"master_deck":["Strike_B","Strike_B","Defend_B","Defend_B","Defend_B","Defend_B","Zap","Dualcast","Steam","Ball Lightning","Aggregate+1","Loop","Meteor Strike","Amplify","Go for the Eyes","Chill"],"relics":["Sozu","Golden Idol","Ice Cream","Shovel","Potion Belt"],"acts_visited":["Exordium"],"potions_floor_usage":[],"damage_taken":[{"damage":0,"enemies":"Small Slimes","floor":1,"turns":3},{"damage":2,"enemies":"Jaw Worm","floor":2,"turns":3},{"damage":5,"enemies":"2 Louse","floor":3,"turns":2},{"damage":5,"enemies":"Exordium Wildlife","floor":4,"turns":4},{"damage":15,"enemies":"Lagavulin","floor":11,"turns":7},{"damage":35,"enemies":"3 Sentries","floor":13,"turns":9},{"damage":9,"enemies":"Red Slaver","floor":14,"turns":4},{"damage":39,"enemies":"The Guardian","floor":16,"turns":9}],"seed_played":"6554160305957511179","potions_obtained":[],"is_trial":false,"path_per_floor":["M","M","M","M","?","R","?","R","T","$","E","R","E","M","R","B"],"character_chosen":"DEFECT","items_purchased":["Meteor Strike"],"campfire_rested":3,"item_purchase_floors":[10],"current_hp_per_floor":[68,66,61,56,49,49,31,53,53,53,38,60,25,16,38,0,0],"gold":119,"neow_bonus":"BOSS_RELIC","is_daily":false,"chose_seed":false,"campfire_upgraded":1,"win_rate":0.0,"timestamp":1612804020,"path_taken":["M","M","M","M","?","R","?","R","T","?","E","R","E","?","R","BOSS"],"items_purchased_type":["Card"],"build_version":"2020-12-22","purchased_purges":1,"victory":false,"max_hp_per_floor":[75,75,75,75,75,75,75,75,75,75,75,75,75,75,75,75,75],"relic_stats":{"Sozu":4,"Shovel":0,"counters":[8,41],"Golden Idol":22,"obtain_stats":[{"Sozu":0,"Ice Cream":9,"Potion Belt":13,"Shovel":11,"Golden Idol":7,"Cracked Core":0},{"Sozu":0,"Ice Cream":4,"Potion Belt":6,"Shovel":5,"Golden Idol":4,"Cracked Core":0},{"Sozu":0,"Ice Cream":12,"Potion Belt":28,"Shovel":19,"Golden Idol":12,"Cracked Core":0}]},"card_choices":[{"not_picked":["Stack","Turbo"],"picked":"Steam","floor":1},{"not_picked":["Compile Driver","Cold Snap"],"picked":"Ball Lightning","floor":2},{"not_picked":["Conserve Battery","Compile Driver"],"picked":"Aggregate","floor":3},{"not_picked":["Heatsinks","Sweeping Beam"],"picked":"Loop","floor":4},{"not_picked":["BootSequence","Force Field"],"picked":"Amplify","floor":11},{"not_picked":["Chaos","Undo"],"picked":"Go for the Eyes","floor":13},{"not_picked":["Barrage","Coolheaded"],"picked":"Chill","floor":14}],"player_experience":642014,"relics_obtained":[{"floor":9,"key":"Ice Cream"},{"floor":11,"key":"Shovel"},{"floor":13,"key":"Potion Belt"}],"event_choices":[{"cards_removed":["Strike_B"],"damage_healed":0,"gold_gain":0,"player_choice":"Card Removal","damage_taken":7,"max_hp_gain":0,"max_hp_loss":0,"event_name":"Golden Wing","floor":5,"gold_loss":0},{"damage_healed":0,"gold_gain":0,"player_choice":"Take Damage","damage_taken":18,"relics_obtained":["Golden Idol"],"max_hp_gain":0,"max_hp_loss":0,"event_name":"Golden Idol","floor":7,"gold_loss":0}],"is_beta":false,"boss_relics":[],"items_purged_floors":[10],"is_endless":false,"potions_floor_spawned":[2,4,11,13],"killed_by":"The Guardian","ascension_level":9}}