{"host":"v9ordiuf4xzdpttp","time":1612753283,"event":{"mods":["AchievementEnabler","Act Like it!","Aspiration","BaseMod","Better Third Choice","Better Vampires","BetterRewards","CCEM2","Colored Map","Gold Saver","Halation","Hubris","Infinite Spire","Ironclad Rager","Jedi Mod","Marked Mod","Minty Spire (QoL Compilation)","Reliquary","Remove Card Discount Mod","Replay The Spire","Shop Mod","Small Relic Pack","Spicy Shops","StSLib","The Death Knight","The Senshi","The Showman","??????REMEMod"],"gold_per_floor":[3481,3481,3441,3455,3474,3535,3535,2290,2344,1114,1131,1157,1157,1167,1167,1264,1264,1282,1282,1298,1298,1317,1351,323,337,337,363,386,421,421,432,432,531,531,546,561,458,64,111,138,138,155,155,175,175,13,31,51,51,51,51,51,51,79,79],"floor_reached":56,"language":"ENG","playtime":2474,"items_purged":["Defend_B","Defend_B","Defend_B","Defend_B","jedi:reiji","Strike_B","Strike_B","Strike_B","Strike_B"],"score":1479,"play_id":"83f036d0-6208-4751-baf0-c658994c3493","local_time":"20210207220123","is_ascension_mode":false,"campfire_choices":[{"floor":7,"key":"REST"},{"floor":13,"key":"RECALL"},{"data":"ReplayTheSpireMod:Brewmster","floor":15,"key":"SMITH"},{"data":"Storm","floor":15,"key":"SMITH"},{"data":"Loop","floor":30,"key":"SMITH"},{"data":"infinitespire:UltimateForm","floor":30,"key":"SMITH"},{"data":"Creative AI","floor":32,"key":"SMITH"},{"data":"Leap","floor":32,"key":"SMITH"},{"data":"Amplify","floor":41,"key":"SMITH"},{"data":"Defragment","floor":41,"key":"SMITH"},{"data":"jedi:BurstLightning","floor":49,"key":"SMITH"},{"data":"Static Discharge","floor":49,"key":"SMITH"},{"data":"hubris:PowerSurge","floor":52,"key":"SMITH"},{"data":"hubris:PowerSurge","floor":52,"key":"SMITH"}],"circlet_count":0,"master_deck":["Zap+1","Dualcast","Leap+1","BasicCrystalCard","hubris:PowerSurge+1","hubris:PowerSurge+1","Ball Lightning","jedi:blockon","hubris:PowerSurge","Beam Cell","jedi:blockon","hubris:EnhanceAbility+1","ReplayTheSpireMod:Brewmster+1","jedi:BurstLightning+1","Conserve Battery","Storm+1","Crystallizer+1","Conserve Battery","infinitespire:UltimateForm+1","Tempest+1","Loop+1","FIFO Queue","hubris:PowerSurge+1","Aggregate+1","Scrape","ReplayTheSpireMod:Calculation Training","hubris:DuctTapeCard","Storm+1","FIFO Queue","Creative AI+1","Replay:BasicMightCard+1","Crystallizer+1","Amplify+1","Mind Blast+1","Ball Lightning+1","Redo+1","Self Repair+1","Defragment+1","BootSequence+1","Loop","Conserve Battery+1","Machine Learning","Static Discharge+1","Panacea","White Noise","hubris:NaturalOne","Echo Form"],"relics":["Cracked Core","REME_ComplimentaryCards","halation:PenCase","Strawberry","hubris:GlazedTorus","Orichalcum","reliquary:Bookmark","Guide Book","MerchantsRug","halation:LostSnail","Ginger","DollysMirror","Geode","Bag of Marbles","Prayer Wheel","hubris:Icosahedron","aspiration:AnachronicSnailShell","reliquary:RedPaperclip","CCEMRelics:JestersCrown","theSenshi:SailorFukuRelic","Orrery","hubris:DuctTape","CCEMRelics:FiftyFTOfRope","Replay:Baseball","REME_HandOfSuture","CCEMRelics:FestiveHat","Nuclear Battery","Replay:Rubber Ducky","infinitespire:Satchel","Calipers","CCEMRelics:OrganicArmor","Boot"],"acts_visited":["Exordium","TheCity","TheBeyond","TheEnding"],"potions_floor_usage":[6,6,16,16,16,16,22,31,33,39,39,47,50,55],"damage_taken":[{"damage":1,"enemies":"Cultist","floor":1,"turns":3},{"damage":0,"enemies":"2 Louse","floor":4,"turns":2},{"damage":6,"enemies":"Jaw Worm","floor":5,"turns":3},{"damage":13,"enemies":"Replay:BlueRogue","floor":6,"turns":5},{"damage":5,"enemies":"Exordium Wildlife","floor":11,"turns":1},{"damage":7,"enemies":"3 Sentries","floor":12,"turns":3},{"damage":4,"enemies":"Looter","floor":14,"turns":1},{"damage":0,"enemies":"Fading Forest","floor":16,"turns":11},{"damage":1,"enemies":"Chosen","floor":18,"turns":2},{"damage":0,"enemies":"3 Byrds","floor":20,"turns":2},{"damage":2,"enemies":"Sentry and Sphere","floor":22,"turns":2},{"damage":2,"enemies":"Nightmare","floor":23,"turns":2},{"damage":0,"enemies":"Snecko","floor":25,"turns":2},{"damage":0,"enemies":"Slavers","floor":29,"turns":2},{"damage":0,"enemies":"Centurion and Healer","floor":31,"turns":1},{"damage":0,"enemies":"Champ","floor":33,"turns":3},{"damage":0,"enemies":"Orb Walker","floor":35,"turns":1},{"damage":0,"enemies":"3 Darklings","floor":36,"turns":1},{"damage":0,"enemies":"Transient","floor":39,"turns":4},{"damage":0,"enemies":"R_Hoarder","floor":40,"turns":2},{"damage":0,"enemies":"Maw","floor":42,"turns":2},{"damage":0,"enemies":"Sphere and 2 Shapes","floor":44,"turns":1},{"damage":0,"enemies":"Jaw Worm Horde","floor":47,"turns":2},{"damage":0,"enemies":"Writhing Mass","floor":48,"turns":1},{"damage":17,"enemies":"Awakened One","floor":50,"turns":4},{"damage":0,"enemies":"Shield and Spear","floor":54,"turns":2},{"damage":13,"enemies":"The Heart","floor":55,"turns":3}],"seed_played":"1663212931468120726","potions_obtained":[{"floor":3,"key":"jedi:StrikingPotion"},{"floor":3,"key":"REME_GoldPotion"},{"floor":3,"key":"Elixir"},{"floor":11,"key":"Energy Potion"},{"floor":12,"key":"Weak Potion"},{"floor":14,"key":"FocusPotion"},{"floor":29,"key":"DistilledChaos"},{"floor":31,"key":"REME_GoldPotion"},{"floor":36,"key":"Energy Potion"},{"floor":42,"key":"Explosive Potion"},{"floor":48,"key":"PowerPotion"}],"is_trial":false,"path_per_floor":["M","?","?","M","M","E","R","$","T","$","M","E","R","M","R","B",null,"M","?","M","AVR","M","NM","$","M","T","T","T","E","R","M","R","B",null,"M","M","?","$","M","E","R","M","T","M","?","$","M","M","R","B",null,"R","$","E","B",null],"character_chosen":"DEFECT","items_purchased":["hubris:PowerSurge","Ball Lightning","jedi:blockon","Strawberry","hubris:GlazedTorus","Orichalcum","reliquary:Bookmark","Guide Book","MerchantsRug","hubris:PowerSurge","Beam Cell","Gash","jedi:blockon","halation:LostSnail","Ginger","reliquary:JackalopeAntler","DollysMirror","Geode","ReplayTheSpireMod:Brewmster","Loop","theSenshi:SailorFukuRelic","Orrery","hubris:DuctTape","CCEMRelics:FiftyFTOfRope","infinitespire:Satchel","Calipers","Defragment","Static Discharge","Panacea"],"campfire_rested":1,"item_purchase_floors":[8,8,8,8,8,8,8,8,8,10,10,10,10,10,10,10,10,10,10,24,24,24,24,24,38,38,38,46,46],"current_hp_per_floor":[74,79,79,79,73,60,80,87,87,87,82,75,75,71,71,81,87,86,86,86,86,84,82,82,82,82,82,82,82,82,82,82,82,87,87,87,87,87,87,87,87,87,87,87,87,87,87,87,87,80,87,87,87,87,84],"gold":79,"neow_bonus":"UPGRADE_CARD","is_daily":false,"chose_seed":false,"campfire_upgraded":12,"win_rate":0.0,"timestamp":1612753283,"path_taken":["M","?","?","?","M","E","R","$","T","$","M","E","R","M","R","BOSS","M","?","M","AVR","M","NM","$","M","T","?","?","E","R","M","R","BOSS","M","M","?","$","M","E","R","?","T","M","?","$","M","M","R","BOSS","R","$","E","BOSS"],"items_purchased_type":["Card","Card","Card","Relic","Relic","Relic","Relic","Relic","Relic","Card","Card","Card","Card","Relic","Relic","Relic","Relic","Relic","Card","Card","Relic","Relic","Relic","Relic","Relic","Relic","Card","Card","Card"],"build_version":"2020-12-22","purchased_purges":9,"victory":true,"max_hp_per_floor":[75,80,80,80,80,80,80,87,87,87,87,87,87,87,87,87,87,87,87,87,87,87,87,87,87,87,87,87,87,87,87,87,87,87,87,87,87,87,87,87,87,87,87,87,87,87,87,87,87,87,87,87,87,87,87],"card_choices":[{"not_picked":["Sunder","Panic Button"],"picked":"Leap","floor":1},{"not_picked":["jedi:reiji","jedi:BurstLightning"],"picked":"Double Energy","floor":4},{"not_picked":["Stack","Hologram"],"picked":"jedi:reiji","floor":5},{"not_picked":["hubris:SpecializedCircuitry","jedi:BurstLightning"],"picked":"BasicCrystalCard","floor":6},{"not_picked":["Streamline","Turbo"],"picked":"jedi:BurstLightning","floor":11},{"not_picked":["Steam","Go for the Eyes"],"picked":"Conserve Battery","floor":12},{"not_picked":["jedi:spotbugs","Go for the Eyes"],"picked":"Storm","floor":14},{"not_picked":["Core Surge","Multi-Cast"],"picked":"ReplayTheSpireMod:Fabricate Wheel","floor":16},{"not_picked":["Recycle","FTL"],"picked":"Crystallizer+1","floor":18},{"not_picked":["Steam Power","Rip and Tear","Darkness+1"],"picked":"SKIP","floor":18},{"not_picked":["BasicCrystalCard","jedi:BurstFrost"],"picked":"Conserve Battery","floor":20},{"not_picked":["Hologram","Streamline","Panic Button"],"picked":"SKIP","floor":20},{"not_picked":["Coolheaded","Turbo"],"picked":"Tempest+1","floor":22},{"not_picked":["Doom and Gloom","REME_Compress","ReplayTheSpireMod:GoodbyeWorld"],"picked":"SKIP","floor":22},{"not_picked":["Turbo","Storm","Consume"],"picked":"SKIP","floor":23},{"not_picked":["Hyperbeam","Coolheaded"],"picked":"FIFO Queue","floor":24},{"not_picked":["BootSequence","jedi:spotbugs"],"picked":"hubris:PowerSurge+1","floor":24},{"not_picked":["Turbo","Streamline"],"picked":"Aggregate+1","floor":24},{"not_picked":["Conserve Battery","jedi:BurstFrost"],"picked":"Scrape","floor":24},{"not_picked":["Recycle","Steam"],"picked":"ReplayTheSpireMod:Calculation Training","floor":24},{"not_picked":["jedi:gatheringstorm","Cold Snap"],"picked":"Storm+1","floor":25},{"not_picked":["Gash+1","Panic Button"],"picked":"FIFO Queue","floor":25},{"not_picked":["jedi:BurstFrost","ReplayTheSpireMod:GoodbyeWorld"],"picked":"Creative AI","floor":29},{"not_picked":["Finesse+1","ReplayTheSpireMod:Private Reserves+1"],"picked":"Replay:BasicMightCard+1","floor":31},{"not_picked":["jedi:blockon","Undo"],"picked":"Crystallizer+1","floor":31},{"not_picked":["jedi:spotbugs","Panic Button","Streamline"],"picked":"SKIP","floor":31},{"not_picked":["Mirror Shield","Hyperbeam"],"picked":"Amplify","floor":33},{"not_picked":["Jack Of All Trades+1","jedi:forcepush+1"],"picked":"Mind Blast+1","floor":35},{"not_picked":["Barrage+1","Chill"],"picked":"Ball Lightning+1","floor":35},{"not_picked":["jedi:spotbugs","Steam"],"picked":"Redo+1","floor":35},{"not_picked":["hubris:Ukulele+1","jedi:sharpshooter+1"],"picked":"Self Repair+1","floor":36},{"not_picked":["ReplaySolidLightProjector+1","Redo","Steam Power+1"],"picked":"SKIP","floor":36},{"not_picked":["REME_Compress","Turbo"],"picked":"BootSequence+1","floor":39},{"not_picked":["ReplayTheSpireMod:System Scan+1","Redo"],"picked":"Loop","floor":39},{"not_picked":["Time Bomb","Chill","FTL+1"],"picked":"SKIP","floor":40},{"not_picked":["jedi:hex+1","Chill+1"],"picked":"Conserve Battery+1","floor":42},{"not_picked":["Rip and Tear+1","Gash+1","Streamline"],"picked":"SKIP","floor":42},{"not_picked":["jedi:BurstFrost","Ball Lightning"],"picked":"Machine Learning","floor":44},{"not_picked":["Barrage","Sweeping Beam+1","Streamline"],"picked":"SKIP","floor":44},{"not_picked":["Auto Shields+1","ReplaySort+1"],"picked":"White Noise","floor":47},{"not_picked":["jedi:blockon","Genetic Algorithm+1","Gash"],"picked":"SKIP","floor":47},{"not_picked":["Hologram+1","Sweeping Beam","Lockon"],"picked":"SKIP","floor":48},{"not_picked":["Go for the Eyes+1","Compile Driver+1","REME_DataAnalysis"],"picked":"SKIP","floor":48},{"not_picked":["Gash+1","BasicCrystalCard+1"],"picked":"Echo Form","floor":54}],"player_experience":283677,"relics_obtained":[{"floor":6,"key":"halation:PenCase"},{"floor":9,"key":"reliquary:FerryPass"},{"floor":12,"key":"Bag of Marbles"},{"floor":23,"key":"CCEMRelics:JestersCrown"},{"floor":27,"key":"Replay:Baseball"},{"floor":28,"key":"REME_HandOfSuture"},{"floor":29,"key":"CCEMRelics:FestiveHat"},{"floor":40,"key":"CCEMRelics:OrganicArmor"},{"floor":54,"key":"Boot"}],"event_choices":[{"damage_healed":0,"gold_gain":0,"player_choice":"Donut","damage_taken":0,"max_hp_gain":5,"max_hp_loss":0,"event_name":"Big Fish","floor":2,"gold_loss":0},{"damage_healed":0,"gold_gain":0,"player_choice":"Bought 3 Potions","damage_taken":0,"max_hp_gain":0,"max_hp_loss":0,"event_name":"The Woman in Blue","floor":3,"gold_loss":0},{"damage_healed":0,"gold_gain":0,"player_choice":"Paid Gold","damage_taken":0,"relics_obtained":["Replay:Rubber Ducky"],"max_hp_gain":0,"max_hp_loss":0,"event_name":"WeMeetAgain","floor":37,"gold_loss":103},{"cards_removed":["Gash"],"damage_healed":0,"gold_gain":0,"player_choice":"Removed Attack","damage_taken":0,"max_hp_gain":0,"max_hp_loss":0,"event_name":"Falling","floor":45,"gold_loss":0}],"is_beta":false,"boss_relics":[{"not_picked":["hubris:GrandSneckoEye","Painkiller Herb"],"picked":"hubris:RunicObelisk"},{"not_picked":["halation:MonkeysPaw","halation:SmartPhone"],"picked":"Nuclear Battery"}],"items_purged_floors":[8,8,10,21,24,24,24,38,46],"is_endless":false,"potions_floor_spawned":[5,11,12,14,20,29,31,36,42,48],"ascension_level":0}}