{"host":"yans4pr1zf0lm9bx","time":1612795250,"event":{"mods":["AchievementEnabler","Act Like it!","BaseMod","Hallownest","Minty Spire (QoL Compilation)","Replay The Spire","StSLib","SuperFastMode","The Bug Knight"],"gold_per_floor":[114,114,126,126,126,161,107,136,181,181,197,197,211,227,227,323,323,337,350,275,293,21,48,48,74,98,123,620,674,684,684],"floor_reached":30,"language":"ENG","playtime":1747,"items_purged":["HollowMod:NailStrikeStart","HollowMod:NailStrikeStart"],"score":358,"play_id":"c95b8a09-8594-4fd6-b076-9dc42f79008c","local_time":"20210208094050","is_ascension_mode":true,"campfire_choices":[{"data":"HollowMod:BrokenVessel","floor":12,"key":"SMITH"},{"data":"HollowMod:InfectionAssault","floor":12,"key":"SMITH"},{"floor":15,"key":"REST"},{"floor":24,"key":"REST"}],"circlet_count":0,"master_deck":["HollowMod:PogoStrike","HollowMod:MothsMistake+1","HollowMod:VengefulVoid+1","HollowMod:DreamGate+1","HollowMod:InfectionAssault+1","Hallownest:skillSlugHide","Hallownest:skillSlugHide","Hallownest:skillSlugHide","Hallownest:skillSlugHide","Hallownest:skillSlugHide","HollowMod:BrokenVessel+1","HollowMod:MantisMark","HollowMod:InfectedAttack","HollowMod:SiblingsSouls","HollowMod:InfectedAttack","HollowMod:NewJinnsSoul","HollowMod:MawleksShell","HollowMod:SlysStrikes","HollowMod:DungDefenderAura","HollowMod:CloakDash","HollowMod:MawleksShell+1","Poisoned Strike","HollowMod:Hiveblood"],"relics":["Astrolabe","Replay:Arrowhead","Pantograph","Hallownest:DreamNailRelic","SlaversCollar","ReplayTheSpireMod:TigerMarble","Prayer Wheel","Blue Doll","Pen Nib","Blood Vial"],"acts_visited":["Hallownest:Greenpath","Hallownest:CityofTears"],"potions_floor_usage":[16,19,21,30],"damage_taken":[{"damage":0.0,"enemies":"2_ Uuma","floor":1.0,"turns":4.0},{"damage":0.0,"enemies":"Hallownest:2_MossCreeps","floor":3.0,"turns":4.0},{"damage":25.0,"enemies":"Hallownest:eliteCrystalGuardian","floor":6.0,"turns":7.0},{"damage":3.0,"enemies":"Hallownest:eliteMossKnight","floor":8.0,"turns":3.0},{"damage":2.0,"enemies":"Hallownest:monsterHuskGuard","floor":11.0,"turns":4.0},{"damage":18,"enemies":"Hallownest:monsterFoolEater","floor":13,"turns":4},{"damage":5,"enemies":"Hallownest:monsterMossCharger","floor":14,"turns":3},{"damage":42,"enemies":"Hallownest:BossBrokenVessel","floor":16,"turns":7},{"damage":4,"enemies":"Hallownest:3_Youths","floor":18,"turns":5},{"damage":24,"enemies":"Hallownest:Guard_and_Sentry","floor":19,"turns":6},{"damage":2,"enemies":"Hallownest:monsterShrumalOgre","floor":21,"turns":6},{"damage":20,"enemies":"Hallownest:eliteSoulWarrior","floor":23,"turns":5},{"damage":0,"enemies":"Hallownest:Nosk","floor":25,"turns":8},{"damage":32,"enemies":"Hallownest:eliteSoulWarrior","floor":27,"turns":6},{"damage":40,"enemies":"Hallownest:Glutton_and_Coward","floor":30,"turns":3}],"seed_played":"2186058521747484830","potions_obtained":[{"floor":1.0,"key":"SkillPotion"},{"floor":8.0,"key":"Elixir"},{"floor":13,"key":"SneckoOil"},{"floor":16,"key":"Weak Potion"},{"floor":19,"key":"EssenceOfSteel"},{"floor":21,"key":"Languid Potion"},{"floor":27,"key":"Dexterity Potion"}],"is_trial":false,"path_per_floor":["M","?","M","?","T","E","$","E","T","?","M","R","M","M","R","B",null,"M","M","$","M","$","E","R","E","T","E","?","T","M"],"character_chosen":"THE_BUGKNIGHT","items_purchased":["HollowMod:InfectedAttack","Poisoned Strike"],"campfire_rested":2,"item_purchase_floors":[7,22],"current_hp_per_floor":[75,75,75,66,66,41,41,38,38,38,36,36,18,13,35,18,75,71,47,47,45,45,25,47,47,47,29,29,29,0,0],"gold":684,"neow_bonus":"BOSS_RELIC","is_daily":false,"chose_seed":false,"campfire_upgraded":2,"win_rate":0.0,"timestamp":1612795250,"path_taken":["M","?","M","?","?","E","?","E","T","?","M","R","?","M","R","BOSS","M","M","$","M","$","E","R","E","T","E","?","?","?"],"items_purchased_type":["Card","Card"],"build_version":"2020-12-22","purchased_purges":2,"victory":false,"max_hp_per_floor":[75,75,75,75,75,75,75,75,75,75,75,75,75,75,75,75,75,75,75,75,75,75,75,75,75,75,75,75,75,75,75],"card_choices":[{"not_picked":["HollowMod:GoodIntentions","HollowMod:ShapeofUnn"],"picked":"HollowMod:InfectionAssault","floor":1.0},{"not_picked":["HollowMod:ShadowDash","HollowMod:CrystalDash"],"picked":"HollowMod:BrokenVessel","floor":3.0},{"not_picked":["HollowMod:AbyssShriek","HollowMod:BlackTendrils"],"picked":"HollowMod:MantisMark","floor":6.0},{"not_picked":["HollowMod:ChannelNail","HollowMod:GreatSlash"],"picked":"HollowMod:SiblingsSouls","floor":8.0},{"not_picked":["HollowMod:HeavyBlow","HollowMod:SiblingsShadow"],"picked":"HollowMod:InfectedAttack","floor":11},{"not_picked":["HollowMod:GrimmsGift","HollowMod:CycloneSlash"],"picked":"HollowMod:NewJinnsSoul","floor":13},{"not_picked":["HollowMod:ShapeofUnn","HollowMod:CloakDash"],"picked":"HollowMod:MawleksShell","floor":14},{"not_picked":["HollowMod:ZotesMagnificence","HollowMod:LordofShades"],"picked":"HollowMod:SlysStrikes","floor":16},{"not_picked":["HollowMod:CycloneSlash","HollowMod:InfectedAttack"],"picked":"HollowMod:DungDefenderAura","floor":18},{"not_picked":["HollowMod:SoulEater+1","HollowMod:DesolateDive"],"picked":"HollowMod:CloakDash","floor":19},{"not_picked":["HollowMod:TaintedHusks","HollowMod:BlackTendrils"],"picked":"HollowMod:MawleksShell+1","floor":21},{"not_picked":["HollowMod:TaintedHusks","HollowMod:NewLittleFool","HollowMod:PureNailStrike"],"picked":"SKIP","floor":23},{"not_picked":["HollowMod:DashSlash","HollowMod:ChannelNail+1"],"picked":"HollowMod:Hiveblood","floor":25},{"not_picked":["HollowMod:CrystalDash","HollowMod:PureVessel","HollowMod:NewLittleFool"],"picked":"SKIP","floor":27}],"player_experience":267844,"relics_obtained":[{"floor":5.0,"key":"Replay:Arrowhead"},{"floor":6.0,"key":"Peace Pipe"},{"floor":8.0,"key":"Pantograph"},{"floor":23,"key":"ReplayTheSpireMod:TigerMarble"},{"floor":25,"key":"Prayer Wheel"},{"floor":26,"key":"Blue Doll"},{"floor":27,"key":"Pen Nib"},{"floor":29,"key":"Blood Vial"}],"event_choices":[],"is_beta":false,"boss_relics":[{"not_picked":["Replay:Ancient Bell","Black Star"],"picked":"SlaversCollar"}],"items_purged_floors":[20,22],"is_endless":false,"potions_floor_spawned":[1,8,13,16,19,21,27],"killed_by":"Hallownest:Glutton_and_Coward","ascension_level":1}}