{"host":"19r1ww88x2tc73i0","time":1612762362,"event":{"mods":["BaseMod","BetterRewards","Colored Map","Minty Spire (QoL Compilation)","Relic Stats","StSLib","SuperFastMode","slay the spire mod where everything is the same but ironclad has a cowboy hat"],"gold_per_floor":[112,112,123,137,137,169,169,187,241,241,252,252,268,296,296,296,296],"floor_reached":16,"language":"ENG","playtime":544,"items_purged":[],"score":224,"play_id":"73036d13-02c4-4802-ad91-998eb42f61ec","local_time":"25640208123242","is_ascension_mode":true,"campfire_choices":[{"data":"Dagger Spray","floor":7,"key":"SMITH"},{"data":"Riddle With Holes","floor":10,"key":"SMITH"},{"floor":12,"key":"REST"},{"data":"Skewer","floor":15,"key":"SMITH"}],"circlet_count":0,"master_deck":["AscendersBane","Strike_G","Strike_G","Strike_G","Defend_G","Defend_G","Defend_G","Defend_G","Defend_G","Survivor","Neutralize","Riddle With Holes+1","Wraith Form v2+1","Dagger Spray+1","Flying Knee","Deflect","PiercingWail","Backflip","Skewer+1"],"relics":["Ring of the Snake","Letter Opener","Art of War","PreservedInsect"],"acts_visited":[],"potions_floor_usage":[6,14,16],"damage_taken":[{"damage":1.0,"enemies":"Jaw Worm","floor":1.0,"turns":3.0},{"damage":1,"enemies":"Cultist","floor":3,"turns":3},{"damage":4,"enemies":"Small Slimes","floor":4,"turns":3},{"damage":16,"enemies":"3 Sentries","floor":6,"turns":10},{"damage":2,"enemies":"Red Slaver","floor":8,"turns":4},{"damage":2,"enemies":"Exordium Thugs","floor":11,"turns":4},{"damage":0,"enemies":"2 Fungi Beasts","floor":13,"turns":4},{"damage":17,"enemies":"Lagavulin","floor":14,"turns":7},{"damage":19,"enemies":"Hexaghost","floor":16,"turns":11}],"seed_played":"-601087039409604823","potions_obtained":[{"floor":3,"key":"BlessingOfTheForge"},{"floor":4,"key":"LiquidBronze"},{"floor":11,"key":"SkillPotion"},{"floor":14,"key":"Ancient Potion"}],"is_trial":false,"path_per_floor":["M","?","M","M","?","E","R","M","T","R","M","R","M","E","R","B"],"character_chosen":"THE_SILENT","items_purchased":[],"campfire_rested":1,"item_purchase_floors":[],"current_hp_per_floor":[43,43,42,38,38,22,22,20,20,20,18,37,37,20,20,1,1],"gold":296,"neow_bonus":"TRANSFORM_TWO_CARDS","is_daily":false,"chose_seed":false,"campfire_upgraded":3,"win_rate":0.0,"timestamp":1612762362,"path_taken":["M","?","M","M","?","E","R","M","T","R","M","R","M","E","R","BOSS"],"items_purchased_type":[],"build_version":"2020-12-22","purchased_purges":0,"victory":false,"max_hp_per_floor":[66,66,66,66,66,66,66,66,66,66,66,66,66,66,66,66,66],"relic_stats":{"counters":[9,49],"PreservedInsect":0,"Art of War":[3],"Letter Opener":[5],"obtain_stats":[{"PreservedInsect":14,"Art of War":9,"Letter Opener":6,"Ring of the Snake":0},{"PreservedInsect":8,"Art of War":5,"Letter Opener":4,"Ring of the Snake":0},{"PreservedInsect":38,"Art of War":23,"Letter Opener":19,"Ring of the Snake":0}],"Ring of the Snake":[18]},"card_choices":[{"not_picked":["Noxious Fumes","Infinite Blades"],"picked":"Dagger Spray","floor":1.0},{"not_picked":["Finisher","Poisoned Stab"],"picked":"Flying Knee","floor":3},{"not_picked":["Quick Slash","Expertise"],"picked":"Deflect","floor":4},{"not_picked":["Underhanded Strike","Finisher","Outmaneuver"],"picked":"SKIP","floor":6},{"not_picked":["Underhanded Strike","Skewer"],"picked":"PiercingWail","floor":8},{"not_picked":["Sucker Punch","Dagger Throw","Flechettes"],"picked":"SKIP","floor":11},{"not_picked":["Flying Knee","Prepared"],"picked":"Backflip","floor":13},{"not_picked":["Cloak And Dagger","Quick Slash"],"picked":"Skewer","floor":14}],"player_experience":1025253,"relics_obtained":[{"floor":6,"key":"Letter Opener"},{"floor":9,"key":"Art of War"},{"floor":14,"key":"PreservedInsect"}],"event_choices":[{"damage_healed":0,"gold_gain":0,"player_choice":"Ignored","damage_taken":0,"max_hp_gain":0,"max_hp_loss":0,"event_name":"Shining Light","floor":2,"gold_loss":0},{"damage_healed":0,"gold_gain":0,"player_choice":"Forge","damage_taken":0,"max_hp_gain":0,"max_hp_loss":0,"event_name":"Accursed Blacksmith","floor":5,"gold_loss":0,"cards_upgraded":["Wraith Form v2"]}],"is_beta":false,"boss_relics":[],"items_purged_floors":[],"is_endless":false,"potions_floor_spawned":[3,4,11,14],"killed_by":"Hexaghost","ascension_level":20}}