{"host":"xwgrz7y3g1a3iikb","time":1612755349,"event":{"mods":["BaseMod","Bestiary","Minty Spire (QoL Compilation)","Permanent Neow","Quick Restart","Relic Stats","StSLib","ojb\u0027s Info Mod"],"gold_per_floor":[126,149,149,177,203,203,213,247,247,247,247,269,269,269],"floor_reached":13,"language":"ENG","playtime":709,"items_purged":[],"score":174,"play_id":"21a143bd-efa9-4fa6-b26b-26b4765e757e","local_time":"20210207193549","is_ascension_mode":true,"campfire_choices":[{"data":"Neutralize","floor":6,"key":"SMITH"},{"floor":11,"key":"REST"}],"circlet_count":0,"master_deck":["AscendersBane","Strike_G","Strike_G","Strike_G","Strike_G","Strike_G","Defend_G+1","Defend_G","Defend_G+1","Defend_G","Survivor","Neutralize+1","Quick Slash","Footwork","Wraith Form v2","Backflip","Leg Sweep","Dash"],"relics":["Ring of the Snake","CeramicFish","War Paint","Gambling Chip"],"acts_visited":["Exordium"],"potions_floor_usage":[5,8],"damage_taken":[{"damage":0,"enemies":"Cultist","floor":1,"turns":5},{"damage":5,"enemies":"Small Slimes","floor":2,"turns":5},{"damage":0,"enemies":"Jaw Worm","floor":4,"turns":6},{"damage":11,"enemies":"Gremlin Gang","floor":5,"turns":6},{"damage":0,"enemies":"2 Fungi Beasts","floor":7,"turns":6},{"damage":26,"enemies":"Gremlin Nob","floor":8,"turns":6},{"damage":6,"enemies":"Large Slime","floor":12,"turns":13},{"damage":18,"enemies":"Lagavulin","floor":13,"turns":10}],"seed_played":"-3111644267586251166","potions_obtained":[{"floor":2,"key":"BlessingOfTheForge"},{"floor":5,"key":"DistilledChaos"},{"floor":8,"key":"LiquidBronze"}],"is_trial":false,"path_per_floor":["M","M","?","M","M","R","M","E","T","?","R","M","E"],"character_chosen":"THE_SILENT","items_purchased":[],"campfire_rested":1,"item_purchase_floors":[],"current_hp_per_floor":[59,54,54,54,43,43,43,17,17,17,36,30,12,12],"gold":269,"neow_bonus":"RANDOM_COMMON_RELIC","is_daily":false,"chose_seed":false,"campfire_upgraded":1,"win_rate":0.0,"timestamp":1612755349,"path_taken":["M","M","?","M","M","R","M","E","T","?","R","?","E"],"items_purchased_type":[],"build_version":"2020-12-22","purchased_purges":0,"victory":false,"max_hp_per_floor":[66,66,66,66,66,66,66,66,66,66,66,66,66,66],"relic_stats":{"counters":[8,57],"CeramicFish":54,"Gambling Chip":[11],"War Paint":["Defend_G","Defend_G"],"obtain_stats":[{"CeramicFish":0,"Gambling Chip":9,"War Paint":8,"Ring of the Snake":0},{"CeramicFish":0,"Gambling Chip":6,"War Paint":6,"Ring of the Snake":0},{"CeramicFish":0,"Gambling Chip":34,"War Paint":34,"Ring of the Snake":0}],"Ring of the Snake":[16]},"card_choices":[{"not_picked":["Deadly Poison","Dodge and Roll"],"picked":"Quick Slash","floor":1},{"not_picked":["Prepared","Underhanded Strike"],"picked":"Footwork","floor":2},{"not_picked":["Prepared","Backflip"],"picked":"Wraith Form v2","floor":4},{"not_picked":["Blur","Acrobatics"],"picked":"Backflip","floor":5},{"not_picked":["Choke","Sucker Punch","Accuracy"],"picked":"SKIP","floor":7},{"not_picked":["Outmaneuver","Dagger Throw"],"picked":"Leg Sweep","floor":8},{"not_picked":["Bouncing Flask","Eviscerate"],"picked":"Dash","floor":12}],"player_experience":323945,"relics_obtained":[{"floor":8,"key":"War Paint"},{"floor":9,"key":"Gambling Chip"}],"event_choices":[{"damage_healed":0,"gold_gain":0,"player_choice":"Ignored","damage_taken":0,"max_hp_gain":0,"max_hp_loss":0,"event_name":"Liars Game","floor":3,"gold_loss":0},{"cards_removed":["Defend_G"],"damage_healed":0,"gold_gain":0,"player_choice":"Purged","damage_taken":0,"max_hp_gain":0,"max_hp_loss":0,"event_name":"Purifier","floor":10,"gold_loss":0}],"is_beta":false,"boss_relics":[],"items_purged_floors":[],"is_endless":false,"potions_floor_spawned":[2,5,8],"killed_by":"Lagavulin","ascension_level":20}}