{"host":"mydft8i2zzydgggw","time":1612755395,"event":{"mods":["AchievementEnabler","BaseMod","Colored Map","Colored Powertips","DeckTracker","Keyboard Shortcuts","Minty Spire (QoL Compilation)","Rare Cards Sparkle","StSLib","SuperFastMode","everything is the same but u backflip on backflip"],"gold_per_floor":[113,63,138,138,150,150,169,198,244,19,19,19,19,35,35,130,130,141,156,171,171,189,189,215,215,215,235,195,210,56,70,70,175,225,244,258,258,277,293,326,326,356,382,393,148,148,174,184,184,184,184],"floor_reached":50,"language":"KOR","playtime":1421,"items_purged":["Strike_P","Strike_P"],"score":1006,"play_id":"275db544-56bd-4a9c-86d0-de3cbf2a7981","local_time":"20210208123635","is_ascension_mode":true,"campfire_choices":[{"data":"EmptyFist","floor":6,"key":"SMITH"},{"data":"Adaptation","floor":11,"key":"SMITH"},{"floor":15,"key":"REST"},{"floor":23,"key":"REST"},{"data":"Omniscience","floor":25,"key":"SMITH"},{"data":"Scrawl","floor":32,"key":"SMITH"},{"data":"Meditate","floor":41,"key":"SMITH"},{"floor":49,"key":"RECALL"}],"circlet_count":0,"master_deck":["AscendersBane","Strike_P","Defend_P","Defend_P","Defend_P","Defend_P","Eruption+1","Vigilance","FlurryOfBlows+1","EmptyFist+1","Tantrum","Adaptation+1","Halt+1","Scrawl+1","Meditate+1","CutThroughFate+1","CrushJoints+1","Omniscience+1","Halt","TalkToTheHand+1","Wallop+1","WheelKick+1","FearNoEvil+1","InnerPeace","EmptyBody","Parasite"],"relics":["PureWater","NeowsBlessing","Ancient Tea Set","Boot","Bag of Preparation","Centennial Puzzle","Molten Egg 2","Sozu","Sundial","Calipers","Tiny House","Mercury Hourglass","Happy Flower","Dream Catcher","StrikeDummy"],"acts_visited":["Exordium","TheCity","TheBeyond"],"potions_floor_usage":[16,16],"damage_taken":[{"damage":0,"enemies":"2 Louse","floor":1,"turns":1},{"damage":0,"enemies":"Small Slimes","floor":5,"turns":1},{"damage":0,"enemies":"Cultist","floor":7,"turns":1},{"damage":15,"enemies":"3 Sentries","floor":8,"turns":5},{"damage":0,"enemies":"3 Louse","floor":14,"turns":2},{"damage":12,"enemies":"The Guardian","floor":16,"turns":11},{"damage":2,"enemies":"2 Thieves","floor":18,"turns":2},{"damage":7,"enemies":"Chosen","floor":19,"turns":2},{"damage":0,"enemies":"Centurion and Healer","floor":20,"turns":2},{"damage":21,"enemies":"Snake Plant","floor":22,"turns":3},{"damage":2,"enemies":"Book of Stabbing","floor":24,"turns":3},{"damage":3,"enemies":"Shelled Parasite and Fungi","floor":27,"turns":2},{"damage":0,"enemies":"Centurion and Healer","floor":29,"turns":4},{"damage":0,"enemies":"Snake Plant","floor":31,"turns":3},{"damage":0,"enemies":"Collector","floor":33,"turns":5},{"damage":0,"enemies":"Orb Walker","floor":35,"turns":1},{"damage":0,"enemies":"3 Darklings","floor":36,"turns":4},{"damage":7,"enemies":"Spire Growth","floor":38,"turns":3},{"damage":0,"enemies":"Transient","floor":39,"turns":5},{"damage":12,"enemies":"Giant Head","floor":40,"turns":8},{"damage":0,"enemies":"Nemesis","floor":42,"turns":5},{"damage":3,"enemies":"3 Darklings","floor":44,"turns":4},{"damage":6,"enemies":"Giant Head","floor":47,"turns":7},{"damage":0,"enemies":"Writhing Mass","floor":48,"turns":3},{"damage":43,"enemies":"Time Eater","floor":50,"turns":7}],"seed_played":"4478825573660620810","potions_obtained":[{"floor":8,"key":"EssenceOfSteel"},{"floor":14,"key":"AttackPotion"}],"is_trial":false,"path_per_floor":["M","?","?","?","M","R","M","E","T","$","R","?","?","M","R","B",null,"M","M","M","?","M","R","E","R","T","M","?","M","$","M","R","B",null,"M","M","?","M","M","E","R","E","T","M","$","?","E","M","R","B"],"character_chosen":"WATCHER","items_purchased":["Adaptation","Bag of Preparation","Wallop+1","Dream Catcher"],"campfire_rested":2,"item_purchase_floors":[10,10,30,45],"current_hp_per_floor":[65,65,54,54,54,54,54,39,39,39,39,6,6,6,27,15,58,56,49,49,49,28,49,47,47,47,44,44,44,44,44,44,44,70,70,70,70,63,63,51,51,51,51,48,48,48,42,42,42,0,0],"gold":184,"neow_bonus":"THREE_ENEMY_KILL","is_daily":false,"chose_seed":false,"campfire_upgraded":5,"win_rate":0.0,"timestamp":1612755395,"path_taken":["M","?","?","?","?","R","M","E","T","$","R","?","?","M","R","BOSS","M","?","M","?","M","R","E","R","T","M","?","?","$","M","R","BOSS","M","M","?","M","M","E","R","E","T","M","$","?","E","M","R","BOSS"],"items_purchased_type":["Card","Relic","Card","Relic"],"build_version":"2020-12-22","purchased_purges":2,"victory":false,"max_hp_per_floor":[72,72,72,72,72,72,72,72,72,72,72,72,72,72,72,72,72,72,72,72,72,72,72,72,72,72,72,72,72,72,72,72,72,77,77,77,73,73,73,73,73,73,73,73,73,73,73,73,73,73,73],"card_choices":[{"not_picked":["ClearTheMind","Prostrate"],"picked":"FlurryOfBlows","floor":1},{"not_picked":["Prostrate","EmptyBody"],"picked":"EmptyFist","floor":5},{"not_picked":["CrushJoints","FlurryOfBlows"],"picked":"Tantrum","floor":7},{"not_picked":["EmptyFist","EmptyBody","Evaluate"],"picked":"SKIP","floor":8},{"not_picked":["FollowUp+1","CrushJoints+1"],"picked":"Halt","floor":14},{"not_picked":["Judgement","Ragnarok+1"],"picked":"Scrawl","floor":16},{"not_picked":["BattleHymn","EmptyFist+1"],"picked":"Meditate","floor":18},{"not_picked":["EmptyFist+1","BattleHymn"],"picked":"CutThroughFate+1","floor":19},{"not_picked":["ForeignInfluence","LikeWater","Indignation"],"picked":"SKIP","floor":20},{"not_picked":["FlurryOfBlows+1","Collect"],"picked":"CrushJoints+1","floor":22},{"not_picked":["Evaluate","ThirdEye"],"picked":"Omniscience","floor":24},{"not_picked":["SashWhip+1","Halt","Sanctity"],"picked":"SKIP","floor":27},{"not_picked":["SashWhip+1","Sanctity"],"picked":"Halt","floor":27},{"not_picked":["Pray","CutThroughFate+1"],"picked":"TalkToTheHand+1","floor":29},{"not_picked":["FollowUp+1","PathToVictory","CrushJoints+1"],"picked":"SKIP","floor":31},{"not_picked":["BattleHymn","SashWhip+1"],"picked":"WheelKick+1","floor":34},{"not_picked":["Wireheading+1","Conclude+1","Study+1"],"picked":"SKIP","floor":35},{"not_picked":["Prostrate+1","DeceiveReality"],"picked":"FearNoEvil+1","floor":36},{"not_picked":["Prostrate","JustLucky+1"],"picked":"InnerPeace","floor":38},{"not_picked":["PathToVictory","Study"],"picked":"EmptyBody","floor":39},{"not_picked":["ForeignInfluence","ReachHeaven+1","Weave+1"],"picked":"SKIP","floor":40},{"not_picked":["Tantrum+1","Vengeance","Wish"],"picked":"SKIP","floor":42},{"not_picked":["Consecrate+1","Prostrate","EmptyFist+1"],"picked":"SKIP","floor":44},{"not_picked":["FlyingSleeves+1","FollowUp+1","CrushJoints+1"],"picked":"SKIP","floor":47},{"not_picked":["Halt+1","Evaluate+1","ThirdEye"],"picked":"SKIP","floor":48}],"player_experience":251325,"relics_obtained":[{"floor":8,"key":"Ancient Tea Set"},{"floor":9,"key":"Boot"},{"floor":13,"key":"Molten Egg 2"},{"floor":24,"key":"Sundial"},{"floor":26,"key":"Calipers"},{"floor":40,"key":"Mercury Hourglass"},{"floor":42,"key":"Happy Flower"},{"floor":47,"key":"StrikeDummy"}],"event_choices":[{"cards_removed":["Strike_P"],"damage_healed":0,"gold_gain":0,"player_choice":"Card Removal","damage_taken":0,"max_hp_gain":0,"max_hp_loss":0,"event_name":"The Cleric","floor":2,"gold_loss":50},{"damage_healed":0,"gold_gain":75,"player_choice":"Gather Gold","damage_taken":11,"max_hp_gain":0,"max_hp_loss":0,"event_name":"World of Goop","floor":3,"gold_loss":0},{"damage_healed":0,"gold_gain":0,"player_choice":"Forge","damage_taken":0,"max_hp_gain":0,"max_hp_loss":0,"event_name":"Accursed Blacksmith","floor":4,"gold_loss":0,"cards_upgraded":["Eruption"]},{"damage_healed":0,"gold_gain":0,"player_choice":"Success","damage_taken":33,"relics_obtained":["Centennial Puzzle"],"max_hp_gain":0,"max_hp_loss":0,"event_name":"Scrap Ooze","floor":12,"gold_loss":0},{"damage_healed":0,"gold_gain":0,"player_choice":"Relic","damage_taken":0,"max_hp_gain":0,"max_hp_loss":0,"event_name":"Wheel of Change","floor":13,"gold_loss":0},{"damage_healed":0,"gold_gain":0,"player_choice":"Ignored","damage_taken":0,"max_hp_gain":0,"max_hp_loss":0,"event_name":"Ghosts","floor":21,"gold_loss":0},{"damage_healed":0,"gold_gain":0,"player_choice":"Upgrade","damage_taken":0,"max_hp_gain":0,"max_hp_loss":0,"event_name":"Designer","floor":28,"gold_loss":40,"cards_upgraded":["Halt"]},{"damage_healed":0,"gold_gain":0,"player_choice":"Max HP","damage_taken":0,"max_hp_gain":0,"max_hp_loss":4,"event_name":"Winding Halls","floor":37,"gold_loss":0},{"damage_healed":0,"gold_gain":0,"player_choice":"Got Potions","damage_taken":0,"max_hp_gain":0,"max_hp_loss":0,"event_name":"Lab","floor":46,"gold_loss":0}],"is_beta":false,"boss_relics":[{"not_picked":["Coffee Dripper","Ectoplasm"],"picked":"Sozu"},{"not_picked":["Snecko Eye","Philosopher\u0027s Stone"],"picked":"Tiny House"}],"items_purged_floors":[30,45],"is_endless":false,"potions_floor_spawned":[8,14,20,24,31,33,39,40,47],"killed_by":"Time Eater","ascension_level":12}}