{"host":"8iaoobhpyvel1t4g","time":1612776342,"event":{"mods":["Aspiration","BaseMod","Beaked The Cultist","Clawfect","Colored Map","Conspire","Energized Spire","Friendly Minions","Glutton Mod","Halation","Highlight Path","Hubris","Infinite Spire","Jedi Mod","Minty Spire (QoL Compilation)","Permanent Neow","Quick Restart","Replay The Spire","Shop Mod","StSLib","SuperFastMode","The Jungle"],"gold_per_floor":[117,132,132,132,146,146,156,156,202,202,219,234,264,37,37,142,142,160,178,178,178],"floor_reached":20,"language":"ENG","playtime":759,"items_purged":["Injury"],"score":176,"play_id":"d20bb912-ca6c-4315-8a39-3f9d9a9fffb6","local_time":"20210208042542","is_ascension_mode":false,"campfire_choices":[{"data":"Glutton:Rest","floor":6.0,"key":"SMITH"},{"data":"Glutton:Revivification","floor":8.0,"key":"SMITH"},{"data":"Glutton:Flail","floor":10.0,"key":"SMITH"},{"data":"Glutton:Strike","floor":15.0,"key":"SMITH"}],"circlet_count":0,"master_deck":["Glutton:Strike+2","Glutton:Strike","Glutton:Strike","Glutton:Strike+1","Glutton:Strike+1","Glutton:Strike","Glutton:Defend+1","Glutton:Defend","Glutton:Defend","Glutton:Flail+1","Glutton:Brace","Glutton:Rest+1","Glutton:Revivification+1","Glutton:Excrescence+1","Glutton:Bite+1","Glutton:Salivate"],"relics":["Glutton:EternalHunger","hubris:HollowSoul","halation:PlatinumPhoenix","hubris:Icosahedron","Molten Egg 2","Whetstone","Pet Ghost","Simple Rune","Coffee Dripper"],"acts_visited":["Exordium","theJungle:Jungle"],"potions_floor_usage":[],"damage_taken":[{"damage":16.0,"enemies":"Jaw Worm","floor":1.0,"turns":2.0},{"damage":9.0,"enemies":"Small Slimes","floor":2.0,"turns":3.0},{"damage":10.0,"enemies":"2 Louse","floor":5.0,"turns":2.0},{"damage":18.0,"enemies":"Lots of Slimes","floor":7.0,"turns":4.0},{"damage":10.0,"enemies":"Looter","floor":11.0,"turns":2.0},{"damage":11.0,"enemies":"3 Louse","floor":12.0,"turns":3.0},{"damage":25.0,"enemies":"Gremlin Nob","floor":13.0,"turns":3.0},{"damage":61.0,"enemies":"The Guardian","floor":16.0,"turns":11.0},{"damage":42,"enemies":"theJungle:Flameango_and_Byrd","floor":18,"turns":5},{"damage":17,"enemies":"theJungle:GiantWrat","floor":19,"turns":4}],"seed_played":"-7706328599724908254","potions_obtained":[{"floor":2.0,"key":"Dexterity Potion"},{"floor":5.0,"key":"Fire Potion"},{"floor":7.0,"key":"Dexterity Potion"},{"floor":13.0,"key":"SpeedPotion"}],"is_trial":false,"path_per_floor":["M","M","?","?","M","R","M","R","T","R","M","M","E","$","R","B",null,"M","M","?"],"character_chosen":"GLUTTON","items_purchased":["Simple Rune"],"campfire_rested":0,"item_purchase_floors":[14],"current_hp_per_floor":[104,95,95,95,85,85,77,77,77,77,77,78,63,63,63,14,120,80,78,0,0],"gold":178,"neow_bonus":"DOUBLE_BOSS_RELIC","is_daily":false,"chose_seed":false,"campfire_upgraded":4,"win_rate":0.0,"timestamp":1612776342,"path_taken":["M","M","?","?","M","R","M","R","T","R","M","M","E","?","R","BOSS","M","M","?"],"items_purchased_type":["Relic"],"build_version":"2020-12-22","purchased_purges":1,"victory":false,"max_hp_per_floor":[120,120,120,120,120,120,120,120,120,120,120,120,120,120,120,120,120,120,120,120,120],"card_choices":[{"not_picked":["Glutton:Chomp","Glutton:GoldenArmor","Glutton:Slam"],"picked":"SKIP","floor":1.0},{"not_picked":["Glutton:Scab","Glutton:Thrombosis"],"picked":"Glutton:Brace","floor":2.0},{"not_picked":["Glutton:Rapacity","Glutton:Inversion"],"picked":"Glutton:Rest","floor":5.0},{"not_picked":["Glutton:PainMeditation","Glutton:Slam+1"],"picked":"Glutton:Revivification","floor":7.0},{"not_picked":["Glutton:Fever","Glutton:Chomp+1","Glutton:Yearn"],"picked":"SKIP","floor":11.0},{"not_picked":["Glutton:Tantrum+1","Glutton:Slam+1","Glutton:Thrombosis"],"picked":"SKIP","floor":12.0},{"not_picked":["Glutton:Slam+1","Glutton:Tumor","Glutton:Feast+1"],"picked":"SKIP","floor":13.0},{"not_picked":["Glutton:Hemophilia","Glutton:Inversion"],"picked":"Glutton:Excrescence+1","floor":16.0},{"not_picked":["Glutton:KneeJerk+1","Glutton:Scab"],"picked":"Glutton:Bite+1","floor":18},{"not_picked":["Glutton:Feast+1","Glutton:GuardStance"],"picked":"Glutton:Salivate","floor":19}],"player_experience":314833,"relics_obtained":[{"floor":9.0,"key":"Whetstone"},{"floor":13.0,"key":"Pet Ghost"}],"event_choices":[],"is_beta":false,"boss_relics":[{"not_picked":["Snecko Eye","halation:CatFaceCupcake"],"picked":"Coffee Dripper"}],"items_purged_floors":[14],"is_endless":false,"potions_floor_spawned":[2,5,7,13],"ascension_level":0}}