{"host":"yuhy0i501zzmn1iz","time":1612751766,"event":{"mods":["AchievementEnabler","BaseMod","Bestiary","Better Match","Better Note","Better Sensory Stone","Better Third Choice","Block Reminder","Curses Come First","Downfall","Minty Spire (QoL Compilation)","StSLib","slay the spire mod where everything is the same but ironclad has a cowboy hat"],"gold_per_floor":[118,3,16,26,43,43,77,90,90,115,115,132,132,150,150,249,249,233,233,7,23,34,34,34,34],"floor_reached":24,"language":"ENG","playtime":1009,"items_purged":["Strike_R"],"score":273,"play_id":"f26ef13d-f059-419c-be95-52a78601069d","local_time":"20210207213606","is_ascension_mode":true,"campfire_choices":[{"data":"Body Slam","floor":6.0,"key":"SMITH"},{"data":"Shrug It Off","floor":11.0,"key":"SMITH"},{"data":"Whirlwind","floor":13.0,"key":"SMITH"},{"data":"Bash","floor":15.0,"key":"SMITH"},{"floor":23,"key":"REST"}],"circlet_count":0,"master_deck":["Strike_R","Strike_R","Strike_R","Defend_R","Defend_R","Defend_R","Defend_R","Bash+1","Inflame","Entrench","Metallicize","Whirlwind+1","Body Slam+1","Wild Strike","Shrug It Off+1","Rampage","Double Tap","Inflame","Demon Form","Immolate","Cleave","Sentinel"],"relics":["Burning Blood","Magic Flower","Mummified Hand","Singing Bowl","SlaversCollar"],"acts_visited":["Exordium","TheCity"],"potions_floor_usage":[],"damage_taken":[{"damage":7.0,"enemies":"2 Louse","floor":1.0,"turns":4.0},{"damage":3.0,"enemies":"Cultist","floor":3.0,"turns":4.0},{"damage":3.0,"enemies":"Jaw Worm","floor":4.0,"turns":5.0},{"damage":0.0,"enemies":"3 Louse","floor":5.0,"turns":1.0},{"damage":29.0,"enemies":"Gremlin Nob","floor":7.0,"turns":5.0},{"damage":4.0,"enemies":"2 Fungi Beasts","floor":8.0,"turns":3.0},{"damage":9.0,"enemies":"3 Sentries","floor":10.0,"turns":6.0},{"damage":4.0,"enemies":"Lots of Slimes","floor":12.0,"turns":3.0},{"damage":0.0,"enemies":"3 Louse","floor":14.0,"turns":1.0},{"damage":67.0,"enemies":"The Guardian","floor":16.0,"turns":17.0},{"damage":23.0,"enemies":"2 Thieves","floor":18.0,"turns":4.0},{"damage":25,"enemies":"Shell Parasite","floor":21,"turns":5},{"damage":17,"enemies":"Cultist and Chosen","floor":22,"turns":5},{"damage":58,"enemies":"Shelled Parasite and Fungi","floor":24,"turns":5}],"seed_played":"923598774771420907","potions_obtained":[{"floor":0.0,"key":"Swift Potion"},{"floor":0.0,"key":"Block Potion"},{"floor":0.0,"key":"GamblersBrew"},{"floor":8.0,"key":"BloodPotion"},{"floor":14.0,"key":"Fire Potion"}],"is_trial":false,"path_per_floor":["M","$","M","M","M","R","E","M","T","E","R","M","R","M","R","B",null,"M","?","$","M","M","R","M"],"character_chosen":"IRONCLAD","items_purchased":["Entrench","Metallicize","Immolate"],"campfire_rested":1,"item_purchase_floors":[2,2,20],"current_hp_per_floor":[71,71,74,77,80,80,57,62,62,64,64,69,69,78,78,20,67,55,55,55,39,31,56,0,0],"gold":34,"neow_bonus":"THREE_SMALL_POTIONS","is_daily":false,"chose_seed":false,"campfire_upgraded":4,"win_rate":0.0,"timestamp":1612751766,"path_taken":["M","$","M","M","M","R","E","M","T","E","R","M","R","M","R","BOSS","M","?","$","M","?","R","M"],"items_purchased_type":["Card","Card","Card"],"build_version":"2020-12-22","purchased_purges":1,"victory":false,"max_hp_per_floor":[80,80,80,80,80,80,80,80,80,82,82,82,82,82,82,82,82,84,84,84,84,84,84,84,84],"card_choices":[{"not_picked":["Pommel Strike","Iron Wave"],"picked":"Inflame","floor":1.0},{"not_picked":["Thunderclap","Shockwave"],"picked":"Whirlwind","floor":3.0},{"not_picked":["Whirlwind","Cleave"],"picked":"Body Slam","floor":4.0},{"not_picked":["Pommel Strike","Thunderclap"],"picked":"Wild Strike","floor":5.0},{"not_picked":["Twin Strike","Thunderclap"],"picked":"Shrug It Off","floor":7.0},{"not_picked":["Clothesline","Iron Wave"],"picked":"Rampage","floor":8.0},{"not_picked":["Evolve","Intimidate","Perfected Strike"],"picked":"Singing Bowl","floor":10.0},{"not_picked":["Feel No Pain","Anger"],"picked":"Double Tap","floor":12.0},{"not_picked":["Warcry","Clothesline"],"picked":"Inflame","floor":14.0},{"not_picked":["Brutality","Double Tap"],"picked":"Demon Form","floor":16.0},{"not_picked":["Sever Soul","Armaments+1","Feel No Pain"],"picked":"Singing Bowl","floor":18.0},{"not_picked":["Sword Boomerang","Clash"],"picked":"Cleave","floor":21},{"not_picked":["Clothesline","Twin Strike"],"picked":"Sentinel","floor":22}],"player_experience":356822,"relics_obtained":[{"floor":7.0,"key":"Magic Flower"},{"floor":9.0,"key":"Mummified Hand"},{"floor":10.0,"key":"Singing Bowl"}],"event_choices":[{"cards_removed":["Strike_R"],"damage_healed":0.0,"max_hp_gain":0.0,"max_hp_loss":0.0,"gold_gain":0.0,"event_name":"Purifier","player_choice":"Purged","floor":19.0,"gold_loss":0.0,"damage_taken":0.0}],"is_beta":false,"boss_relics":[{"not_picked":["Tiny House","Runic Dome"],"picked":"SlaversCollar"}],"items_purged_floors":[20],"is_endless":false,"potions_floor_spawned":[4,5,8,14],"killed_by":"Shelled Parasite and Fungi","ascension_level":6}}