{"host":"f0dbpmn0khgeoqc0","time":1612758039,"event":{"mods":["2.2 Compatiblity","AchievementEnabler","Act Like it!","Ascension Unlocker","Aspiration","BaseMod","Better Altar","Better Match","Better Sensory Stone","Better Skull","Better Third Choice","BetterRewards","Block Reminder","Colored Map","Colored Powertips","Conspire","DNKmod","Disable Question Mark Monsters","Displayed Cursed Tome","Evolution","Friendly Minions","Hermit","Highlight Path","Humility","Infinite Spire","Jorbs\u0027s Wanderer Trilogy","Koishi","Marisa????????","Minty Spire (QoL Compilation)","Monster B Gone","MostiFishMod","Permanent Neow","Random Character Button","Relic Filter","Relic Stats","Replay The Spire","Spicy Shops","Spire Arcade","StSLib","Td1madao Mod","The Gatherer","Treasure Hunter","Wandering Minibosses","??????REMEMod"],"gold_per_floor":[110,110,35,35,48,48,48,60,83,133,153,153,166,197,197,272,272,614,614,614,633,763,763,197,209,261,261,36,36,53,17,17,0,0],"floor_reached":33,"language":"ENG","playtime":2623,"items_purged":[],"score":734,"play_id":"f58cc675-a2d1-4b79-8aa1-8cbae2cfd452","local_time":"20210207232039","is_ascension_mode":true,"campfire_choices":[{"data":"DarkMatter","floor":6,"key":"SMITH"},{"floor":12,"key":"REST"},{"floor":15,"key":"REST"},{"data":"EarthLightRay","floor":23,"key":"SMITH"},{"data":"DeepEcoloBomb","floor":27,"key":"SMITH"},{"data":"DC","floor":32,"key":"SMITH"}],"circlet_count":0,"master_deck":["AscendersBane","Strike_MRS","Strike_MRS","Strike_MRS","Strike_MRS","Defend_MRS","Defend_MRS","Defend_MRS","Defend_MRS","MasterSpark","SprinkleStarSeal","Replay:Sluggish","DarkMatter+1","ShootingEcho","ChargingUp","Injury","Amnesia","ReplayTheSpireMod:??????????????????????","NonDirectionalLaser","TH:CursedSword+1","ManaConvection","EscapeVelocity+1","UpSweep","JA+1","6A","TH:CursedSword+1","MachineGunSpark","TH:ElvenBoots+1","BlazingStar+1","EarthLightRay+1","Necronomicurse","DeepEcoloBomb+1","SuperPerseids","TH:TreasureMap+1","MilkyWay","EnergyRecoil","TH:BikiniMail+1","ReplayTheSpireMod:Faulty Equipment","DC+1","GalacticHalo+1"],"relics":["MiniHakkero","EVO:Axolotl","DaveBox","REME_ComplimentaryCards","The Courier","SynthV:TestCard","ReplayTheSpireMod:CursedCoin","BrkXgEgg","CultistMask","Smiling Mask","infinitespire:Lucky Rock","Coffee Dripper","Necronomicon","OrangePellets","BewitchedHakkero","wanderingMiniBosses:LockLocket","Oddly Smooth Stone","Boot","Pear","aspiration:HummingbirdHeart"],"acts_visited":["Exordium","TheCity"],"potions_floor_usage":[14,14],"damage_taken":[{"damage":7,"enemies":"Small Slimes","floor":1,"turns":3},{"damage":6,"enemies":"2 Louse","floor":5,"turns":3},{"damage":0,"enemies":"Cultist","floor":8,"turns":2},{"damage":0,"enemies":"Looter","floor":11,"turns":1},{"damage":0,"enemies":"2 Fungi Beasts","floor":13,"turns":2},{"damage":16,"enemies":"3 Sentries","floor":14,"turns":5},{"damage":18,"enemies":"Fading Forest","floor":16,"turns":13},{"damage":43,"enemies":"Spheric Guardian","floor":18,"turns":8},{"damage":0,"enemies":"2 Thieves","floor":21,"turns":2},{"damage":0,"enemies":"conspire:HollyBat","floor":22,"turns":5},{"damage":70,"enemies":"Slavers","floor":24,"turns":4},{"damage":12,"enemies":"Snake Plant","floor":25,"turns":2},{"damage":6,"enemies":"Cultist and Chosen","floor":30,"turns":3},{"damage":19,"enemies":"Centurion and Healer","floor":31,"turns":4},{"damage":4,"enemies":"Pondfish","floor":33,"turns":1}],"seed_played":"-1870745064601439636","potions_obtained":[{"floor":5,"key":"DuplicationPotion"},{"floor":8,"key":"EssenceOfSteel"},{"floor":16,"key":"Dexterity Potion"},{"floor":18,"key":"Dexterity Potion"}],"is_trial":false,"path_per_floor":["M","?","$","?","M","R","?","M","T","?","M","R","M","E","R","B",null,"M","?","AVR","M","M","R","E","M","T","R","$","?","M","M","R","B"],"character_chosen":"MARISA","items_purchased":["ReplayTheSpireMod:CursedCoin","BrkXgEgg","DarkMatter","ShootingEcho","Pear"],"campfire_rested":2,"item_purchase_floors":[3,3,3,3,28],"current_hp_per_floor":[38,38,38,38,32,32,32,32,32,32,32,53,53,37,58,54,66,23,2,2,6,10,10,7,1,1,1,11,11,5,1,1,0,0],"gold":0,"neow_bonus":"THREE_RARE_CARDS","is_daily":false,"chose_seed":false,"campfire_upgraded":4,"win_rate":0.0,"timestamp":1612758039,"path_taken":["M","?","$","?","?","R","?","M","T","?","M","R","M","E","R","BOSS","M","?","AVR","M","M","R","E","M","T","R","$","?","M","M","R","BOSS"],"items_purchased_type":["Relic","Relic","Card","Card","Relic"],"build_version":"2020-12-22","purchased_purges":0,"victory":false,"max_hp_per_floor":[70,70,70,70,70,70,70,70,70,70,70,70,70,70,70,70,70,70,70,70,70,70,70,70,70,70,70,80,80,80,80,80,80,80],"relic_stats":{"OrangePellets":[0],"counters":[62,233],"Necronomicon":[7],"Smiling Mask":0,"Boot":[31],"obtain_stats":[{"Vajra":55,"BloodWine":22,"MostiFishMod:AdaptiveDefenses":38,"EVO:Axolotl":0,"Whetstone":34,"Boot":26,"Blood Vial":63,"GuanYuAspect":34,"DollysMirror":28,"Iron Hammer":10,"Necronomicon":19,"Kunai":28,"Jackal-EndForJourney":0,"Replay:Blank Codex":30,"aspiration:StickyExplosives":13,"conspire:TreasureMap":0,"Pear":28,"wanderingMiniBosses:ThiefScarf":42,"ReplayTheSpireMod:CursedCoin":0,"Replay:Grab Bag":17,"Oddly Smooth Stone":0,"War Paint":7,"RhineCircuit":17,"infinitespire:EvilPickle":34,"OrangePellets":20,"Replay:Baseball":32,"Bottled Flame":12,"MutagenicStrength":20,"Molten Egg 2":25,"CultistMask":4,"ReplayTheSpireMod:TigerMarble":58,"Grinning Jar":11,"hermit:Momento":42,"Darkstone Periapt":0,"Regal Pillow":44,"DaveBox":0,"Singing Bowl":9,"Bag of Preparation":27,"Smiling Mask":9,"conspire:TopHat":22,"REME_DemonsWealth":17,"Nunchaku":26,"Chameleon Ring":0,"Red Mask":26,"Chemical X":36,"BewitchedHakkero":20,"wanderingMiniBosses:LockLocket":22,"BargainBundle":25,"NeowsBlessing":0,"PreservedInsect":24,"BrkXgEgg":3,"aspiration:HummingbirdHeart":29,"infinitespire:CheckeredPen":43,"infinitespire:Lucky Rock":14,"ThornShield":6,"MawBank":44,"ShroomBag":0,"SynthV:TestCard":1,"infinitespire:WardingShard":0,"stsjorbsmod:BookOfTrialsRelic":0,"infinitespire:Satchel":9,"ChewingGum":17,"REME_HandOfSuture":28,"Coffee Dripper":49,"Membership Card":0,"Toy Ornithopter":28,"REME_ComplimentaryCards":0},{"Vajra":16,"BloodWine":6,"MostiFishMod:AdaptiveDefenses":38,"EVO:Axolotl":0,"Whetstone":11,"Boot":59,"Blood Vial":17,"GuanYuAspect":37,"DollysMirror":33,"Iron Hammer":4,"Necronomicon":55,"Kunai":33,"Jackal-EndForJourney":0,"Replay:Blank Codex":10,"aspiration:StickyExplosives":5,"conspire:TreasureMap":18,"Pear":59,"wanderingMiniBosses:ThiefScarf":41,"ReplayTheSpireMod:CursedCoin":18,"Replay:Grab Bag":28,"Oddly Smooth Stone":18,"War Paint":3,"RhineCircuit":28,"infinitespire:EvilPickle":37,"OrangePellets":55,"Replay:Baseball":10,"Bottled Flame":26,"MutagenicStrength":30,"Molten Egg 2":8,"CultistMask":48,"ReplayTheSpireMod:TigerMarble":16,"Grinning Jar":26,"hermit:Momento":41,"Darkstone Periapt":42,"Regal Pillow":41,"DaveBox":0,"Singing Bowl":3,"Bag of Preparation":33,"Smiling Mask":50,"conspire:TopHat":31,"REME_DemonsWealth":28,"Nunchaku":33,"Chameleon Ring":18,"Red Mask":9,"Chemical X":11,"BewitchedHakkero":55,"wanderingMiniBosses:LockLocket":57,"BargainBundle":8,"NeowsBlessing":0,"PreservedInsect":32,"BrkXgEgg":48,"aspiration:HummingbirdHeart":59,"infinitespire:CheckeredPen":41,"infinitespire:Lucky Rock":53,"ThornShield":24,"MawBank":41,"ShroomBag":42,"SynthV:TestCard":1,"infinitespire:WardingShard":42,"stsjorbsmod:BookOfTrialsRelic":0,"infinitespire:Satchel":25,"ChewingGum":28,"REME_HandOfSuture":10,"Coffee Dripper":13,"Membership Card":18,"Toy Ornithopter":33,"REME_ComplimentaryCards":0},{"Vajra":44,"BloodWine":15,"MostiFishMod:AdaptiveDefenses":133,"EVO:Axolotl":0,"Whetstone":23,"Boot":225,"Blood Vial":49,"GuanYuAspect":124,"DollysMirror":111,"Iron Hammer":7,"Necronomicon":212,"Kunai":111,"Jackal-EndForJourney":0,"Replay:Blank Codex":21,"aspiration:StickyExplosives":10,"conspire:TreasureMap":51,"Pear":225,"wanderingMiniBosses:ThiefScarf":149,"ReplayTheSpireMod:CursedCoin":51,"Replay:Grab Bag":93,"Oddly Smooth Stone":51,"War Paint":4,"RhineCircuit":93,"infinitespire:EvilPickle":124,"OrangePellets":212,"Replay:Baseball":21,"Bottled Flame":81,"MutagenicStrength":99,"Molten Egg 2":17,"CultistMask":178,"ReplayTheSpireMod:TigerMarble":44,"Grinning Jar":81,"hermit:Momento":149,"Darkstone Periapt":153,"Regal Pillow":149,"DaveBox":0,"Singing Bowl":4,"Bag of Preparation":111,"Smiling Mask":183,"conspire:TopHat":105,"REME_DemonsWealth":93,"Nunchaku":111,"Chameleon Ring":51,"Red Mask":19,"Chemical X":23,"BewitchedHakkero":212,"wanderingMiniBosses:LockLocket":219,"BargainBundle":17,"NeowsBlessing":0,"PreservedInsect":107,"BrkXgEgg":178,"aspiration:HummingbirdHeart":225,"infinitespire:CheckeredPen":149,"infinitespire:Lucky Rock":191,"ThornShield":75,"MawBank":149,"ShroomBag":153,"SynthV:TestCard":1,"infinitespire:WardingShard":153,"stsjorbsmod:BookOfTrialsRelic":0,"infinitespire:Satchel":78,"ChewingGum":93,"REME_HandOfSuture":21,"Coffee Dripper":37,"Membership Card":51,"Toy Ornithopter":111,"REME_ComplimentaryCards":0}]},"card_choices":[{"not_picked":["BigCrunch","FinalSpark"],"picked":"JA","floor":0},{"not_picked":["WitchLeyline","AlicesGift"],"picked":"SprinkleStarSeal","floor":1},{"not_picked":["PowerUp","AsteroidBelt","ShootingEcho","OpenUniverse"],"picked":"ChargingUp","floor":5},{"not_picked":["ReplayTheSpireMod:Haul","infinitespire:UltimateForm"],"picked":"ReplayTheSpireMod:??????????????????????","floor":7},{"not_picked":["DarkMatter","Occultation","MysteriousBeam","OortCloud"],"picked":"NonDirectionalLaser","floor":8},{"not_picked":["TH:DeckOfManyThings","TH:Mimic","TH:CopperCoins"],"picked":"TH:CursedSword","floor":9},{"not_picked":["PowerUp","MillisecondPulsars+1","GalacticHalo","UnstableBomb"],"picked":"ManaConvection","floor":11},{"not_picked":["OortCloud","SporeBomb","MilkyWay","GalacticHalo"],"picked":"6A","floor":13},{"not_picked":["TH:DeckOfManyThings","TH:ElvenBoots","TH:BikiniMail"],"picked":"TH:CursedSword","floor":14},{"not_picked":["MilkyWay","AsteroidBelt","DragonMeteor","DoubleSpark"],"picked":"MachineGunSpark","floor":14},{"not_picked":["TH:Mimic","TH:BikiniMail","TH:DeckOfManyThings"],"picked":"TH:ElvenBoots","floor":16},{"not_picked":["TreasureHunter+1","CasketOfStar+1","BigCrunch+1","JA+1"],"picked":"BlazingStar+1","floor":16},{"not_picked":["IllusionStar","LuminesStrike","AsteroidBelt","MilkyWay"],"picked":"EarthLightRay","floor":18},{"not_picked":["EnergyFlow+1","MilkyWay","BlazeAway","MeteoricShower"],"picked":"DeepEcoloBomb","floor":21},{"not_picked":["EventHorizon+1","IllusionStar","Acceleration","FairyDestructionRay"],"picked":"SuperPerseids","floor":22},{"not_picked":["TH:EnergyPotion","TH:PixieDust","TH:DeckOfManyThings"],"picked":"TH:TreasureMap","floor":24},{"not_picked":["EscapeVelocity+1","StarBarrage","Acceleration","ShootingEcho"],"picked":"MilkyWay","floor":24},{"not_picked":["LuminesStrike","IllusionStar","MachineGunSpark+1","DeepEcoloBomb"],"picked":"EnergyRecoil","floor":25},{"not_picked":["TH:EnergyPotion","TH:DeckOfManyThings","TH:Mimic"],"picked":"TH:BikiniMail","floor":26},{"not_picked":["StarlightTyphoon","GalacticHalo","SporeBomb","MilkyWay+1"],"picked":"DC","floor":30},{"not_picked":["SporeBomb","MysteriousBeam","MagicAbsorber","MillisecondPulsars+1"],"picked":"GalacticHalo+1","floor":31}],"player_experience":576116,"relics_obtained":[{"floor":1,"key":"SynthV:TestCard"},{"floor":9,"key":"Smiling Mask"},{"floor":14,"key":"infinitespire:Lucky Rock"},{"floor":22,"key":"wanderingMiniBosses:LockLocket"},{"floor":24,"key":"Oddly Smooth Stone"},{"floor":26,"key":"Boot"}],"event_choices":[{"damage_healed":0,"gold_gain":0,"player_choice":"Trade","damage_taken":0,"relics_obtained":["CultistMask"],"max_hp_gain":0,"max_hp_loss":0,"event_name":"FaceTrader","floor":4,"gold_loss":0},{"damage_healed":0,"gold_gain":50,"player_choice":"Pray","damage_taken":0,"max_hp_gain":0,"max_hp_loss":0,"event_name":"Golden Shrine","floor":10,"gold_loss":0},{"damage_healed":0,"gold_gain":0,"player_choice":"Obtained Book","damage_taken":21,"max_hp_gain":0,"max_hp_loss":0,"event_name":"Cursed Tome","floor":19,"gold_loss":0}],"is_beta":false,"boss_relics":[{"not_picked":["SacredBark","EE1DDrone"],"picked":"Coffee Dripper"}],"items_purged_floors":[],"is_endless":false,"potions_floor_spawned":[5,8,11,16,18,22,24],"killed_by":"Pondfish","ascension_level":20,"is_humility":true}}