{"host":"ewns8ifhbubwkcum","time":1612811665,"event":{"mods":["BaseMod","Block Reminder","Colored Map","Colored Powertips","Downfall","Highlight Path","Minty Spire (QoL Compilation)","Permanent Neow","Quick Restart","Random Character Button","StSLib"],"gold_per_floor":[99,112,112,122,138,166,190,340,381,281,281,317,61,87,107,216,216,216,243,269,269,287,187,187,226,249,260,260,23,23,55,80,185,257,157,183,237,256,271,271,271,316,316,13,50,50,76,118,141,141,141,185,20,20,20,20],"floor_reached":57,"language":"ENG","playtime":5291,"items_purged":["downfall:Malfunctioning","downfall:Icky"],"score":1719,"play_id":"2c101870-135b-4d72-9d0f-d53db227df9c","local_time":"20210208131425","is_ascension_mode":true,"campfire_choices":[{"floor":1.0,"key":"RECALL"},{"data":"Guardian:Planning","floor":10,"key":"SMITH"},{"data":"Guardian:FuturePlans","floor":18,"key":"SMITH"},{"data":"Guardian:TimeCapacitor","floor":23,"key":"SMITH"},{"data":"Guardian:GatlingBeam","floor":30,"key":"SMITH"},{"data":"Guardian:Repulse","floor":35,"key":"SMITH"},{"data":"Guardian:Emergency","floor":40,"key":"SMITH"},{"data":"Guardian:ShieldCharger","floor":43,"key":"SMITH"},{"data":"Guardian:SphericShield","floor":46,"key":"SMITH"},{"data":"Guardian:ArmoredProtocol","floor":54,"key":"SMITH"}],"circlet_count":0,"master_deck":["Guardian:CurlUp","Guardian:TwinSlam","Bandage Up","Guardian:Planning+1","Guardian:ShieldCharger+1","Guardian:GatlingBeam+1","Guardian:ShieldCharger","Guardian:Reroute","Guardian:TimeCapacitor+1","Guardian:FuturePlans+1","Guardian:FierceBash","Guardian:BodySlam+1","Guardian:BronzeOrb","Guardian:SphericShield+1","Guardian:Incinerate","Guardian:TemporalStrike+1","Guardian:Incinerate","Guardian:Incinerate","Guardian:PrimingBeam","Guardian:Emergency+1","Guardian:VentSteam","Guardian:FuturePlans","Guardian:RollAttack","Guardian:Repulse+1","Guardian:ArmoredProtocol+1","Guardian:Incinerate+1","Guardian:PiercingHide+1","Guardian:PiercingHide+1","Guardian:DonusPower+1","Guardian:Clone+1","Guardian:StasisEngine","Guardian:PiercingHide+1","Guardian:Clone+1"],"relics":["Guardian:ModeShifter","hexamod:BolsterEngine","CeramicFish","downfall:HeartBlessingBlue","HornCleat","The Courier","Tiny Chest","SlaversCollar","downfall:HeartBlessingGreen","Guardian:StasisCodex","hexamod:CandleOfCauterizing","Frozen Eye","StrikeDummy","Pandora\u0027s Box","downfall:HeartBlessingRed","Dead Branch","Toxic Egg 2","Potion Belt","Membership Card","Omamori","Bag of Preparation","Ice Cream","Boot","Lantern","Incense Burner","PreservedInsect","Centennial Puzzle","Bottled Lightning","Bottled Tornado","sneckomod:BlankCard","Nunchaku"],"acts_visited":["Exordium","TheCity","TheBeyond","TheEnding"],"potions_floor_usage":[6,9,16,32,33,37,44,56,56,56],"damage_taken":[{"damage":6.0,"enemies":"Cultist","floor":2.0,"turns":5.0},{"damage":0.0,"enemies":"Jaw Worm","floor":4.0,"turns":5.0},{"damage":0.0,"enemies":"2 Louse","floor":5.0,"turns":2.0},{"damage":20,"enemies":"Lagavulin","floor":6,"turns":11},{"damage":23,"enemies":"Gremlin Nob","floor":9,"turns":6},{"damage":15,"enemies":"3 Sentries","floor":12,"turns":10},{"damage":0,"enemies":"downfall:FleeingMerchant","floor":13,"turns":4},{"damage":17,"enemies":"Exordium Thugs","floor":14,"turns":6},{"damage":0,"enemies":"Blue Slaver","floor":15,"turns":4},{"damage":37,"enemies":"WA_ARCHETYPE_RETAIN","floor":16,"turns":11},{"damage":4,"enemies":"Chosen","floor":19,"turns":5},{"damage":0,"enemies":"Spheric Guardian","floor":20,"turns":3},{"damage":7,"enemies":"Snake Plant","floor":22,"turns":4},{"damage":7,"enemies":"Book of Stabbing","floor":25,"turns":4},{"damage":0,"enemies":"Centurion and Healer","floor":26,"turns":6},{"damage":0,"enemies":"Cultist and Chosen","floor":27,"turns":5},{"damage":0,"enemies":"downfall:FleeingMerchant","floor":29,"turns":4},{"damage":30,"enemies":"Gremlin Leader","floor":31,"turns":6},{"damage":0,"enemies":"Shelled Parasite and Fungi","floor":32,"turns":4},{"damage":10,"enemies":"DF_ARCHETYPE_CLAW","floor":33,"turns":7},{"damage":4,"enemies":"Orb Walker","floor":36,"turns":3},{"damage":21,"enemies":"2 Orb Walkers","floor":37,"turns":6},{"damage":0,"enemies":"3 Darklings","floor":38,"turns":4},{"damage":0,"enemies":"Maw","floor":39,"turns":6},{"damage":0,"enemies":"downfall:FleeingMerchant","floor":44,"turns":3},{"damage":0,"enemies":"Giant Head","floor":45,"turns":4},{"damage":0,"enemies":"Nemesis","floor":48,"turns":3},{"damage":0,"enemies":"Writhing Mass","floor":49,"turns":3},{"damage":0,"enemies":"IC_BLOCK_ARCHETYPE","floor":50,"turns":7},{"damage":30,"enemies":"downfall:CharBossMerchant","floor":52,"turns":5},{"damage":4,"enemies":"downfall:NeowBoss","floor":55,"turns":12},{"damage":0,"enemies":"downfall:NeowBossFinal","floor":56,"turns":8}],"seed_played":"-1418838128594425538","potions_obtained":[{"floor":4.0,"key":"DuplicationPotion"},{"floor":6,"key":"AttackPotion"},{"floor":14,"key":"AttackPotion"},{"floor":16,"key":"Regen Potion"},{"floor":19,"key":"EssenceOfSteel"},{"floor":26,"key":"Block Potion"},{"floor":33,"key":"LiquidBronze"},{"floor":36,"key":"bronze:BurnAndBuffPotion"},{"floor":38,"key":"SteroidPotion"},{"floor":45,"key":"FairyPotion"},{"floor":52,"key":"hexamod:SoulburnPotion"}],"is_trial":false,"path_per_floor":["R","M","?","M","M","E","T","?","E","R","T","E","$","M","M","B",null,"R","M","M","?","M","R","T","E","M","M","?","$","R","E","M","B",null,"R","M","?","M","M","R","T","T","R","$","E","R","?","E","M","B",null,"E","$","R","B","B",null],"character_chosen":"GUARDIAN","items_purchased":["Guardian:TimeCapacitor","Tiny Chest","Guardian:Gem_Crimson","Guardian:Incinerate","Frozen Eye","Membership Card","Omamori","Bag of Preparation","Ice Cream","Boot","Lantern","Incense Burner","Guardian:PiercingHide+1","Guardian:PiercingHide+1","Guardian:Gem_White","Guardian:Gem_Green","sneckomod:BlankCard","Nunchaku","Guardian:PiercingHide+1","Guardian:Clone+1"],"campfire_rested":0,"item_purchase_floors":[13,13,13,29,29,44,44,44,44,44,44,44,44,44,44,53,53,53,53,53],"current_hp_per_floor":[80,78,78,80,80,60,60,60,41,51,51,40,44,31,35,2,90,90,86,86,68,65,65,65,62,66,70,70,74,74,48,60,54,95,95,91,74,78,82,82,82,82,82,82,82,82,82,82,82,86,95,65,65,65,65,69],"gold":20,"neow_bonus":"RANDOM_COLORLESS","is_daily":false,"chose_seed":false,"campfire_upgraded":9,"win_rate":0.0,"timestamp":1612811665,"path_taken":["R","M","?","M","M","E","T","?","E","R","?","E","$","M","M","BOSS","R","M","M","?","M","R","T","E","M","M","?","$","R","E","M","BOSS","R","M","?","M","M","R","T","?","R","$","E","R","?","E","M","BOSS","E","$","R","BOSS","BOSS"],"items_purchased_type":["Card","Relic","Card","Card","Relic","Relic","Relic","Relic","Relic","Relic","Relic","Relic","Card","Card","Card","Card","Relic","Relic","Card","Card"],"build_version":"2020-12-22","purchased_purges":2,"victory":true,"max_hp_per_floor":[80,80,80,80,80,80,80,80,80,90,90,90,90,90,90,90,90,90,90,90,95,95,95,95,95,95,95,95,95,95,95,95,95,95,95,95,95,95,95,95,95,95,95,95,95,95,95,95,95,95,95,95,95,95,95,95],"card_choices":[{"not_picked":["Panacea","PanicButton"],"picked":"Bandage Up","floor":0.0},{"not_picked":["Guardian:PrimingBeam","Guardian:Reroute"],"picked":"Guardian:Planning","floor":2.0},{"not_picked":["Guardian:WalkerClaw","Guardian:Gem_Red","Guardian:VentSteam"],"picked":"SKIP","floor":4.0},{"not_picked":["Guardian:Gem_Purple","Guardian:TemporalShield"],"picked":"Guardian:ShieldCharger","floor":5.0},{"not_picked":["Guardian:Gem_Cyan","Guardian:Gem_Lightblue"],"picked":"Guardian:GatlingBeam","floor":6},{"not_picked":["Guardian:FloatingOrbs","Guardian:SpikerProtocol"],"picked":"Guardian:ShieldCharger","floor":9},{"not_picked":["Guardian:SpikerProtocol","Guardian:PiercingHide"],"picked":"Guardian:Reroute","floor":12},{"not_picked":["Guardian:Gem_Red","Guardian:Reroute","Guardian:PolyBeam"],"picked":"SKIP","floor":13},{"not_picked":["Guardian:TemporalShield","Guardian:PiercingHide"],"picked":"Guardian:FuturePlans","floor":14},{"not_picked":["Guardian:Gem_Blue","Guardian:DonusPower"],"picked":"Guardian:Gem_White","floor":15},{"not_picked":["Guardian:ExploitGems","Guardian:CompilePackage"],"picked":"Guardian:FierceBash","floor":16},{"not_picked":["Guardian:Reroute","Guardian:Gem_Green"],"picked":"Guardian:BodySlam+1","floor":19},{"not_picked":["Guardian:ShieldCharger+1","Guardian:Gem_White"],"picked":"Guardian:BronzeOrb","floor":20},{"not_picked":["Guardian:EvasiveProtocol","Guardian:Gem_Lightblue","Guardian:CrystalBeam+1"],"picked":"SKIP","floor":22},{"not_picked":["Guardian:CrystalBeam+1","Guardian:RollAttack+1"],"picked":"Guardian:SphericShield","floor":25},{"not_picked":["Guardian:WalkerClaw","Guardian:ChargeUp"],"picked":"Guardian:Incinerate","floor":26},{"not_picked":["Guardian:Suspension","Guardian:Gem_Lightblue","Guardian:PiercingHide"],"picked":"SKIP","floor":27},{"not_picked":["Guardian:Gem_Cyan","Guardian:BodySlam"],"picked":"Guardian:TemporalStrike+1","floor":29},{"not_picked":["Guardian:CrystalBeam","Guardian:VentSteam+1","Guardian:Preprogram"],"picked":"SKIP","floor":31},{"not_picked":["Guardian:StasisField","Guardian:Gem_Lightblue"],"picked":"Guardian:Incinerate","floor":32},{"not_picked":["Guardian:Gem_Orange","Guardian:GemFire"],"picked":"Guardian:Gem_Synthetic","floor":33},{"not_picked":["Guardian:Planning+1","Guardian:Gem_Lightblue"],"picked":"Guardian:Gem_Purple","floor":36},{"not_picked":["Guardian:Recover","Guardian:TimeBomb"],"picked":"Guardian:Incinerate+1","floor":37},{"not_picked":["Guardian:PiercingHide+1","Guardian:PrimingBeam+1"],"picked":"Guardian:Gem_Blue","floor":38},{"not_picked":["Guardian:RollAttack","Guardian:VentSteam","Guardian:CrystalBeam+1"],"picked":"SKIP","floor":39},{"not_picked":["Guardian:Gem_Orange","Guardian:VentSteam+1","Guardian:GuardianWhirl"],"picked":"SKIP","floor":44},{"not_picked":["Guardian:Gem_Red","Guardian:ShieldCharger+1"],"picked":"Guardian:DonusPower+1","floor":45},{"not_picked":["Guardian:Gem_Cyan","Guardian:VentSteam+1"],"picked":"Guardian:Clone+1","floor":48},{"not_picked":["Guardian:ShieldCharger+1","Guardian:ShieldSpikes+1"],"picked":"Guardian:Gem_Fragmented","floor":49},{"not_picked":["Guardian:RollAttack+1","Guardian:Gem_Blue"],"picked":"Guardian:StasisEngine","floor":52}],"player_experience":1146567,"relics_obtained":[{"floor":6,"key":"hexamod:BolsterEngine"},{"floor":9,"key":"CeramicFish"},{"floor":11,"key":"HornCleat"},{"floor":12,"key":"The Courier"},{"floor":24,"key":"Guardian:StasisCodex"},{"floor":25,"key":"hexamod:CandleOfCauterizing"},{"floor":31,"key":"StrikeDummy"},{"floor":37,"key":"Dead Branch"},{"floor":41,"key":"Toxic Egg 2"},{"floor":42,"key":"Potion Belt"},{"floor":45,"key":"PreservedInsect"},{"floor":47,"key":"Centennial Puzzle"},{"floor":48,"key":"Bottled Lightning"},{"floor":52,"key":"Bottled Tornado"}],"event_choices":[{"damage_healed":0,"gold_gain":0,"player_choice":"Fight","damage_taken":0,"max_hp_gain":0,"max_hp_loss":0,"event_name":"Mysterious Sphere","floor":37,"gold_loss":0}],"is_beta":false,"boss_relics":[{"not_picked":["Cursed Key","Tiny House"],"picked":"SlaversCollar"},{"not_picked":["Runic Pyramid","SacredBark"],"picked":"Pandora\u0027s Box"}],"items_purged_floors":[13,29],"is_endless":false,"potions_floor_spawned":[4,6,14,16,19,26,31,33,36,38,45,52],"ascension_level":4}}