{"host":"nsc6ozq3atyrdr3m","time":1612822473,"event":{"mods":["BaseMod","Colored Map","Minty Spire (QoL Compilation)"],"gold_per_floor":[113,128,142,142,160,160,191,34,34,48,64,64,64,81,81,176,176,188,188,188,199,224,224,239,239,239,58,58,6,6,38,38,143,143,156,211,433,449,468,496,496,496,520,539,23,40,40,50,50,50],"floor_reached":51,"language":"FRA","playtime":955,"items_purged":["Strike_R"],"score":833,"play_id":"ce7cd48a-c239-4fb2-be0e-8f7d4eb4b8b7","local_time":"20210208231433","is_ascension_mode":true,"campfire_choices":[{"data":"Bash","floor":6,"key":"SMITH"},{"data":"Flex","floor":12,"key":"SMITH"},{"data":"Pummel","floor":15,"key":"SMITH"},{"data":"Whirlwind","floor":23,"key":"SMITH"},{"data":"Limit Break","floor":25,"key":"SMITH"},{"data":"Limit Break","floor":30,"key":"SMITH"},{"floor":32,"key":"REST"},{"floor":41,"key":"RECALL"},{"floor":49,"key":"REST"}],"circlet_count":0,"master_deck":["Strike_R","Strike_R","Strike_R","Strike_R","Defend_R","Defend_R","Bash+1","Cleave","Inflame","Uppercut+1","Flex+1","Pummel+1","Limit Break+1","Whirlwind+1","Disarm","Inflame","Limit Break+1","Heavy Blade"],"relics":["Burning Blood","NeowsBlessing","Magic Flower","Akabeko","Mercury Hourglass","Busted Crown","Red Mask","Bottled Lightning","Singing Bowl","Empty Cage","Peace Pipe","Shuriken","Happy Flower","Meat on the Bone","Pen Nib"],"acts_visited":["Exordium","TheCity","TheBeyond"],"potions_floor_usage":[31,31,44,50,50,50],"damage_taken":[{"damage":0,"enemies":"Cultist","floor":1,"turns":1},{"damage":0,"enemies":"Jaw Worm","floor":2,"turns":1},{"damage":0,"enemies":"Small Slimes","floor":3,"turns":1},{"damage":2,"enemies":"Exordium Wildlife","floor":5,"turns":4},{"damage":16,"enemies":"Lagavulin","floor":7,"turns":5},{"damage":7,"enemies":"2 Fungi Beasts","floor":10,"turns":2},{"damage":0,"enemies":"3 Louse","floor":11,"turns":2},{"damage":8,"enemies":"Lots of Slimes","floor":14,"turns":2},{"damage":0,"enemies":"Slime Boss","floor":16,"turns":5},{"damage":17,"enemies":"3 Byrds","floor":18,"turns":3},{"damage":10,"enemies":"2 Thieves","floor":21,"turns":2},{"damage":23,"enemies":"Masked Bandits","floor":22,"turns":4},{"damage":15,"enemies":"Centurion and Healer","floor":24,"turns":3},{"damage":15,"enemies":"Book of Stabbing","floor":31,"turns":3},{"damage":58,"enemies":"Collector","floor":33,"turns":6},{"damage":3,"enemies":"3 Darklings","floor":35,"turns":2},{"damage":18,"enemies":"2 Orb Walkers","floor":36,"turns":2},{"damage":0,"enemies":"Orb Walker","floor":38,"turns":1},{"damage":24,"enemies":"4 Shapes","floor":39,"turns":4},{"damage":39,"enemies":"Giant Head","floor":40,"turns":6},{"damage":17,"enemies":"3 Darklings","floor":44,"turns":4},{"damage":11,"enemies":"Sphere and 2 Shapes","floor":46,"turns":3},{"damage":11,"enemies":"Maw","floor":48,"turns":5},{"damage":109,"enemies":"Awakened One","floor":50,"turns":6}],"seed_played":"-3321466947799482242","potions_obtained":[{"floor":2,"key":"Regen Potion"},{"floor":10,"key":"PowerPotion"},{"floor":11,"key":"Swift Potion"},{"floor":31,"key":"Fruit Juice"},{"floor":33,"key":"PowerPotion"},{"floor":40,"key":"DistilledChaos"}],"is_trial":false,"path_per_floor":["M","M","M","?","M","R","E","$","T","M","M","R","$","M","R","B",null,"M","?","?","M","?","R","M","R","T","$","?","$","R","E","R","B",null,"M","?","?","M","M","E","R","?","T","M","$","M","$","M","R","B",null],"character_chosen":"IRONCLAD","items_purchased":["Akabeko","Inflame","Limit Break","SteroidPotion","Meat on the Bone","Pen Nib","BloodPotion"],"campfire_rested":2,"item_purchase_floors":[8,27,27,29,45,45,45],"current_hp_per_floor":[80,80,80,80,80,80,70,70,70,72,80,80,80,80,80,80,80,72,72,72,71,57,57,51,51,51,51,51,51,51,66,87,40,89,91,84,84,93,80,52,52,52,52,46,46,64,64,64,94,42],"gold":50,"neow_bonus":"THREE_ENEMY_KILL","is_daily":false,"chose_seed":false,"campfire_upgraded":6,"win_rate":0.0,"timestamp":1612822473,"path_taken":["M","?","M","?","?","R","E","$","T","M","M","R","?","M","R","BOSS","M","?","?","?","?","R","M","R","T","$","?","$","R","E","R","BOSS","M","?","?","M","M","E","R","?","T","?","$","M","?","M","R","BOSS"],"items_purchased_type":["Relic","Card","Card","Potion","Relic","Relic","Potion"],"build_version":"2020-12-22","purchased_purges":1,"victory":true,"max_hp_per_floor":[80,80,80,80,80,80,80,80,80,80,80,80,80,80,80,80,80,80,80,80,80,80,80,80,80,80,80,80,80,80,87,87,89,89,91,93,93,93,95,97,97,97,97,99,99,101,101,103,103,103],"card_choices":[{"not_picked":["Havoc","Twin Strike"],"picked":"Cleave","floor":1},{"not_picked":["True Grit","Body Slam"],"picked":"Inflame","floor":2},{"not_picked":["Warcry","Clothesline"],"picked":"Uppercut","floor":3},{"not_picked":["Ghostly Armor","Iron Wave","Searing Blow"],"picked":"SKIP","floor":5},{"not_picked":["Clothesline","Searing Blow","Body Slam"],"picked":"SKIP","floor":7},{"not_picked":["Armaments","Iron Wave"],"picked":"Flex","floor":10},{"not_picked":["Power Through","Bludgeon"],"picked":"Pummel","floor":11},{"not_picked":["Armaments","Body Slam","Clash"],"picked":"SKIP","floor":14},{"not_picked":["Immolate","Double Tap"],"picked":"Limit Break","floor":16},{"not_picked":["Cleave"],"picked":"SKIP","floor":18},{"not_picked":[],"picked":"Disarm","floor":21},{"not_picked":["Twin Strike"],"picked":"SKIP","floor":24},{"not_picked":["Thunderclap+1"],"picked":"Singing Bowl","floor":31},{"not_picked":["Impervious"],"picked":"Singing Bowl","floor":33},{"not_picked":["Anger+1"],"picked":"Singing Bowl","floor":35},{"not_picked":["True Grit+1"],"picked":"Singing Bowl","floor":36},{"not_picked":[],"picked":"Heavy Blade","floor":38},{"not_picked":["Havoc+1"],"picked":"Singing Bowl","floor":39},{"not_picked":["Rupture"],"picked":"Singing Bowl","floor":40},{"not_picked":["Body Slam+1"],"picked":"Singing Bowl","floor":44},{"not_picked":["Intimidate+1"],"picked":"Singing Bowl","floor":46},{"not_picked":["Shrug It Off"],"picked":"Singing Bowl","floor":48}],"player_experience":382529,"relics_obtained":[{"floor":7,"key":"Magic Flower"},{"floor":9,"key":"Mercury Hourglass"},{"floor":22,"key":"Red Mask"},{"floor":26,"key":"Bottled Lightning"},{"floor":31,"key":"Singing Bowl"},{"floor":36,"key":"Peace Pipe"},{"floor":40,"key":"Shuriken"},{"floor":43,"key":"Happy Flower"}],"event_choices":[{"damage_healed":0,"gold_gain":0,"player_choice":"Upgraded","damage_taken":0,"max_hp_gain":0,"max_hp_loss":0,"event_name":"Upgrade Shrine","floor":4,"gold_loss":0,"cards_upgraded":["Uppercut"]},{"damage_healed":0,"gold_gain":0,"player_choice":"Read","damage_taken":0,"max_hp_gain":0,"max_hp_loss":0,"event_name":"The Library","floor":19,"gold_loss":0,"cards_obtained":["Whirlwind"]},{"damage_healed":0,"gold_gain":0,"player_choice":"0 cards matched","damage_taken":0,"max_hp_gain":0,"max_hp_loss":0,"event_name":"Match and Keep!","floor":20,"gold_loss":0,"cards_obtained":[]},{"damage_healed":0,"gold_gain":0,"player_choice":"Fought Bandits","damage_taken":0,"max_hp_gain":0,"max_hp_loss":0,"event_name":"Masked Bandits","floor":22,"gold_loss":0},{"damage_healed":0,"gold_gain":0,"player_choice":"Ignored","damage_taken":0,"max_hp_gain":0,"max_hp_loss":0,"event_name":"Ghosts","floor":28,"gold_loss":0},{"damage_healed":0,"gold_gain":0,"player_choice":"Fight","damage_taken":0,"max_hp_gain":0,"max_hp_loss":0,"event_name":"Mysterious Sphere","floor":36,"gold_loss":0},{"damage_healed":0,"gold_gain":222,"player_choice":"Wore Mask","damage_taken":0,"max_hp_gain":0,"max_hp_loss":0,"event_name":"Tomb of Lord Red Mask","floor":37,"gold_loss":0},{"damage_healed":0,"gold_gain":0,"player_choice":"Ignored","damage_taken":0,"max_hp_gain":0,"max_hp_loss":0,"event_name":"Transmorgrifier","floor":42,"gold_loss":0}],"is_beta":false,"boss_relics":[{"not_picked":["Calling Bell","SlaversCollar"],"picked":"Busted Crown"},{"not_picked":["Pandora\u0027s Box","Runic Dome"],"picked":"Empty Cage"}],"items_purged_floors":[45],"is_endless":false,"potions_floor_spawned":[2,10,11,24,31,33,36,40],"ascension_level":1}}