{"host":"kw4o7b3ro2ktmmbe","time":1612758364,"event":{"mods":["BaseMod","Bossed Relics","Evolution","Minty Spire (QoL Compilation)","Treasure Hunter"],"gold_per_floor":[113,38,38,55,55,80,80,107,134,209,209,259,338,393,393,472,472,552,592,638,13,13,13,44,44,94,124,124,156,200,218,218,292,292,307,307,307,18,96,96,128,45,45,45,150,190,246,264,264,264],"floor_reached":51,"language":"ENG","playtime":4682,"items_purged":["Writhe"],"score":1576,"play_id":"2030f11e-0eaa-4c06-96ba-a75853af6bb2","local_time":"20210208172604","is_ascension_mode":true,"campfire_choices":[{"data":"Wish","floor":7.0,"key":"SMITH"},{"data":"Wish","floor":11.0,"key":"SMITH"},{"floor":15.0,"key":"REST"},{"data":"ForeignInfluence","floor":23.0,"key":"SMITH"},{"data":"Ragnarok","floor":25.0,"key":"SMITH"},{"floor":28.0,"key":"REST"},{"floor":32.0,"key":"REST"},{"data":"Devotion","floor":40.0,"key":"SMITH"},{"data":"Wish","floor":44.0,"key":"SMITH"},{"floor":49,"key":"REST"}],"circlet_count":0,"master_deck":["AscendersBane","CutThroughFate","CutThroughFate","CutThroughFate","CutThroughFate","Evaluate","Evaluate","Evaluate","Evaluate","Consecrate","Wish+1","TH:BikiniMail","Tantrum","TH:BikiniMail","Wish+1","TH:CursedSword","ForeignInfluence+1","TH:BikiniMail","Devotion+1","FearNoEvil","TH:DeckOfManyThings","Ragnarok+1","TH:ElvenBoots","TH:Mimic","TH:BikiniMail","Fasting2","TH:CursedSword","Wish+1","TH:TreasureMap","TH:ElvenBoots","TalkToTheHand","TH:ElvenBoots","Scrawl","Evaluate+1"],"relics":["PureWater","EVO:Axolotl","Ancient Tea Set","Oddly Smooth Stone","Regal Pillow","Odd Mushroom","Snecko Eye","Eternal Feather","CaptainsWheel","Toy Ornithopter","Potion Belt","Damaru","InkBottle","Pandora\u0027s Box","Membership Card","Anchor","Happy Flower","TheAbacus","Sundial","Bronze Scales"],"acts_visited":["Exordium","TheCity","TheBeyond"],"potions_floor_usage":[48,50],"damage_taken":[{"damage":0.0,"enemies":"2 Louse","floor":1.0,"turns":3.0},{"damage":0.0,"enemies":"Small Slimes","floor":4.0,"turns":2.0},{"damage":4.0,"enemies":"3 Sentries","floor":6.0,"turns":7.0},{"damage":0.0,"enemies":"Lagavulin","floor":8.0,"turns":3.0},{"damage":0.0,"enemies":"Jaw Worm","floor":12.0,"turns":4.0},{"damage":27.0,"enemies":"Large Slime","floor":13.0,"turns":7.0},{"damage":13.0,"enemies":"The Mushroom Lair","floor":14.0,"turns":4.0},{"damage":0.0,"enemies":"Slime Boss","floor":16.0,"turns":3.0},{"damage":9.0,"enemies":"3 Byrds","floor":18.0,"turns":4.0},{"damage":28.0,"enemies":"Shell Parasite","floor":19.0,"turns":7.0},{"damage":7.0,"enemies":"Snecko","floor":20.0,"turns":4.0},{"damage":14.0,"enemies":"Slavers","floor":24.0,"turns":4.0},{"damage":31.0,"enemies":"Gremlin Leader","floor":27.0,"turns":5.0},{"damage":33.0,"enemies":"Book of Stabbing","floor":29.0,"turns":4.0},{"damage":14.0,"enemies":"Snake Plant","floor":30.0,"turns":3.0},{"damage":2.0,"enemies":"Sentry and Sphere","floor":31.0,"turns":5.0},{"damage":36.0,"enemies":"Collector","floor":33.0,"turns":6.0},{"damage":0.0,"enemies":"Orb Walker","floor":35.0,"turns":1.0},{"damage":17.0,"enemies":"3 Darklings","floor":39.0,"turns":4.0},{"damage":7.0,"enemies":"Reptomancer","floor":41.0,"turns":2.0},{"damage":7.0,"enemies":"Spire Growth","floor":45.0,"turns":6.0},{"damage":9.0,"enemies":"Jaw Worm Horde","floor":46.0,"turns":3.0},{"damage":42.0,"enemies":"Nemesis","floor":47.0,"turns":5.0},{"damage":19,"enemies":"Sphere and 2 Shapes","floor":48,"turns":4},{"damage":23,"enemies":"Time Eater","floor":50,"turns":6}],"seed_played":"2700644571408674734","potions_obtained":[{"floor":1.0,"key":"GamblersBrew"},{"floor":4.0,"key":"SpeedPotion"},{"floor":13.0,"key":"Fire Potion"},{"floor":14.0,"key":"StancePotion"},{"floor":18.0,"key":"StancePotion"},{"floor":24.0,"key":"SneckoOil"},{"floor":27.0,"key":"FearPotion"},{"floor":30.0,"key":"EssenceOfSteel"},{"floor":35.0,"key":"Dexterity Potion"},{"floor":45.0,"key":"Explosive Potion"},{"floor":46.0,"key":"SteroidPotion"}],"is_trial":false,"path_per_floor":["M","?","?","M","$","E","R","E","T","?","R","M","M","?","R","B",null,"M","M","M","$","?","R","E","R","T","E","R","E","M","M","R","B",null,"M","?","?","$","M","R","E","$","T","R","M","M","E","M","R","B",null],"character_chosen":"WATCHER","items_purchased":["Eternal Feather","CaptainsWheel","Membership Card","Anchor","TheAbacus"],"campfire_rested":4,"item_purchase_floors":[21,21,38,38,42],"current_hp_per_floor":[72,72,65,65,65,61,61,61,61,50,50,50,23,10,48,48,71,62,34,27,27,27,39,25,37,37,11,61,28,19,27,79,43,70,70,70,79,79,62,77,70,70,70,79,72,63,26,12,68,50],"gold":264,"neow_bonus":"TEN_PERCENT_HP_BONUS","is_daily":false,"chose_seed":false,"campfire_upgraded":6,"win_rate":0.0,"timestamp":1612758364,"path_taken":["M","?","?","M","?","E","R","E","T","?","R","M","M","?","R","BOSS","M","M","M","$","?","R","E","R","T","E","R","E","M","M","R","BOSS","M","?","?","$","M","R","E","?","T","R","M","M","E","?","R","BOSS"],"items_purchased_type":["Relic","Relic","Relic","Relic","Relic"],"build_version":"2020-12-22","purchased_purges":1,"victory":true,"max_hp_per_floor":[79,79,79,79,79,79,79,79,79,79,79,79,79,79,79,79,79,79,79,79,79,79,79,79,79,79,79,79,79,79,79,79,79,79,79,79,79,79,79,79,79,79,79,79,79,79,79,79,79,79],"card_choices":[{"not_picked":["Sanctity","ClearTheMind"],"picked":"Consecrate","floor":1.0},{"not_picked":["PathToVictory","ThirdEye"],"picked":"Wish","floor":4.0},{"not_picked":["TH:PixieDust"],"picked":"TH:BikiniMail","floor":6.0},{"not_picked":["Evaluate","Wireheading"],"picked":"Tantrum","floor":6.0},{"not_picked":["TH:Mimic"],"picked":"TH:BikiniMail","floor":8.0},{"not_picked":["PathToVictory","Evaluate"],"picked":"Wish","floor":8.0},{"not_picked":["TH:Mimic"],"picked":"TH:CursedSword","floor":9.0},{"not_picked":["ThirdEye","Prostrate","CutThroughFate"],"picked":"SKIP","floor":12.0},{"not_picked":["PathToVictory","CutThroughFate"],"picked":"ForeignInfluence","floor":13.0},{"not_picked":["TH:ArmorSpikes"],"picked":"TH:BikiniMail","floor":16.0},{"not_picked":["Establishment","DeusExMachina"],"picked":"Devotion","floor":16.0},{"not_picked":["Crescendo","Indignation","SashWhip"],"picked":"SKIP","floor":18.0},{"not_picked":["CutThroughFate","SashWhip"],"picked":"FearNoEvil","floor":19.0},{"not_picked":["Indignation","Evaluate","Halt"],"picked":"SKIP","floor":20.0},{"not_picked":["TH:Mimic"],"picked":"TH:DeckOfManyThings","floor":24.0},{"not_picked":["PathToVictory","Crescendo"],"picked":"Ragnarok","floor":24.0},{"not_picked":["TH:DeckOfManyThings"],"picked":"TH:ElvenBoots","floor":26.0},{"not_picked":["TH:CopperCoins"],"picked":"TH:Mimic","floor":27.0},{"not_picked":["FearNoEvil","FlyingSleeves","Evaluate"],"picked":"SKIP","floor":27.0},{"not_picked":["TH:DeckOfManyThings"],"picked":"TH:BikiniMail","floor":29.0},{"not_picked":["Indignation","JustLucky","Pray"],"picked":"SKIP","floor":29.0},{"not_picked":["CutThroughFate","Study","InnerPeace"],"picked":"SKIP","floor":30.0},{"not_picked":["Consecrate+1","WreathOfFlame"],"picked":"Fasting2","floor":31.0},{"not_picked":["TH:PixieDust"],"picked":"TH:CursedSword","floor":33.0},{"not_picked":["MasterReality","DeusExMachina"],"picked":"Wish","floor":33.0},{"not_picked":["FlurryOfBlows","FlyingSleeves+1","Prostrate+1"],"picked":"SKIP","floor":35.0},{"not_picked":["Evaluate","FlyingSleeves","ClearTheMind"],"picked":"SKIP","floor":39.0},{"not_picked":["TH:BikiniMail"],"picked":"TH:TreasureMap","floor":41.0},{"not_picked":["Halt","Protect","BowlingBash+1"],"picked":"SKIP","floor":41.0},{"not_picked":["TH:CopperCoins"],"picked":"TH:ElvenBoots","floor":43.0},{"not_picked":["CutThroughFate","Meditate"],"picked":"TalkToTheHand","floor":45.0},{"not_picked":["MentalFortress","Consecrate+1","Protect"],"picked":"SKIP","floor":46.0},{"not_picked":["TH:DeckOfManyThings"],"picked":"TH:ElvenBoots","floor":47.0},{"not_picked":["Indignation","PathToVictory"],"picked":"Scrawl","floor":47.0},{"not_picked":["SashWhip","EmptyFist"],"picked":"Evaluate+1","floor":48}],"player_experience":1837587,"relics_obtained":[{"floor":6.0,"key":"Ancient Tea Set"},{"floor":8.0,"key":"Oddly Smooth Stone"},{"floor":9.0,"key":"Regal Pillow"},{"floor":14.0,"key":"Odd Mushroom"},{"floor":24.0,"key":"Toy Ornithopter"},{"floor":26.0,"key":"Potion Belt"},{"floor":27.0,"key":"Damaru"},{"floor":29.0,"key":"InkBottle"},{"floor":41.0,"key":"Happy Flower"},{"floor":43.0,"key":"Sundial"},{"floor":47.0,"key":"Bronze Scales"}],"event_choices":[{"cards_removed":["Eruption"],"damage_healed":0.0,"max_hp_gain":0.0,"max_hp_loss":0.0,"gold_gain":0.0,"event_name":"The Cleric","player_choice":"Card Removal","floor":2.0,"gold_loss":75.0,"damage_taken":0.0},{"cards_removed":["Vigilance"],"damage_healed":0.0,"max_hp_gain":0.0,"max_hp_loss":0.0,"gold_gain":0.0,"event_name":"Golden Wing","player_choice":"Card Removal","floor":3.0,"gold_loss":0.0,"damage_taken":7.0},{"damage_healed":0.0,"max_hp_gain":0.0,"max_hp_loss":0.0,"gold_gain":75.0,"event_name":"World of Goop","player_choice":"Gather Gold","floor":10.0,"gold_loss":0.0,"damage_taken":11.0},{"damage_healed":0.0,"max_hp_gain":0.0,"max_hp_loss":0.0,"gold_gain":0.0,"event_name":"Mushrooms","player_choice":"Fought Mushrooms","floor":14.0,"gold_loss":0.0,"damage_taken":0.0},{"damage_healed":0.0,"max_hp_gain":0.0,"max_hp_loss":0.0,"gold_gain":0.0,"event_name":"Vampires","player_choice":"Ignored","floor":22.0,"gold_loss":0.0,"damage_taken":0.0},{"damage_healed":0.0,"max_hp_gain":0.0,"max_hp_loss":0.0,"gold_gain":0.0,"event_name":"Mysterious Sphere","player_choice":"Ignored","floor":36.0,"gold_loss":0.0,"damage_taken":0.0},{"damage_healed":16.0,"max_hp_gain":0.0,"max_hp_loss":0.0,"gold_gain":0.0,"event_name":"Winding Halls","player_choice":"Writhe","floor":37.0,"gold_loss":0.0,"damage_taken":0.0,"cards_obtained":["Writhe"]}],"is_beta":false,"boss_relics":[{"not_picked":["Fusion Hammer","Busted Crown"],"picked":"Snecko Eye"},{"not_picked":["Runic Dome","Velvet Choker"],"picked":"Pandora\u0027s Box"}],"items_purged_floors":[38],"is_endless":false,"potions_floor_spawned":[1,4,13,14,18,24,27,30,35,45,46],"ascension_level":17}}