{"host":"665g8wmplxs7g59h","time":1612798633,"event":{"mods":["AchievementEnabler","BaseMod","Colored Map","DeckTracker","Minty Spire (QoL Compilation)","Permanent Neow","SuperFastMode"],"gold_per_floor":[15,15,33,33,53,53,53,53,53,3,21,21,21,21,21,123,123,136,61,61,0,15,15,15,31,31,31,47,47,47],"floor_reached":29,"language":"KOR","playtime":1028,"items_purged":["Strike_G+1"],"score":261,"play_id":"8557ebcd-33d6-4fcd-ade9-e203a191cc4a","local_time":"20210209003713","is_ascension_mode":false,"campfire_choices":[{"data":"Survivor","floor":6,"key":"SMITH"},{"data":"Dash","floor":8,"key":"SMITH"},{"data":"Corpse Explosion","floor":15,"key":"SMITH"},{"data":"Tactician","floor":23,"key":"SMITH"},{"floor":27,"key":"REST"}],"circlet_count":0,"master_deck":["Defend_G+1","Defend_G","Defend_G","Defend_G","Defend_G","Survivor+1","Neutralize","Dash+1","Tactician+1","Prepared","Corpse Explosion+1","Calculated Gamble","Ghostly","Ghostly","Ghostly","Ghostly","Ghostly","Backflip","Deadly Poison"],"relics":["Ring of the Snake","Ginger","White Beast Statue","Dead Branch"],"acts_visited":["Exordium","TheCity"],"potions_floor_usage":[16,16,16,25,25],"damage_taken":[{"damage":0,"enemies":"2 Louse","floor":1,"turns":3},{"damage":0,"enemies":"Small Slimes","floor":3,"turns":5},{"damage":4,"enemies":"Jaw Worm","floor":5,"turns":7},{"damage":0,"enemies":"Blue Slaver","floor":11,"turns":4},{"damage":50,"enemies":"Slime Boss","floor":16,"turns":17},{"damage":0,"enemies":"Chosen","floor":18,"turns":5},{"damage":2,"enemies":"Shell Parasite","floor":22,"turns":6},{"damage":27,"enemies":"3 Cultists","floor":25,"turns":7},{"damage":3,"enemies":"Centurion and Healer","floor":28,"turns":10},{"damage":15,"enemies":"Snake Plant","floor":29,"turns":3}],"seed_played":"-4209609192075659114","potions_obtained":[{"floor":1,"key":"BlessingOfTheForge"},{"floor":5,"key":"Regen Potion"},{"floor":11,"key":"Fire Potion"},{"floor":16,"key":"Dexterity Potion"},{"floor":18,"key":"LiquidBronze"},{"floor":22,"key":"Dexterity Potion"},{"floor":25,"key":"SteroidPotion"},{"floor":28,"key":"AttackPotion"}],"is_trial":false,"path_per_floor":["M","?","M","?","M","R","?","R","T","?","M","?","T","$","R","B",null,"M","$","?","?","M","R","?","M","T","R","M","M"],"character_chosen":"THE_SILENT","items_purchased":[],"campfire_rested":1,"item_purchase_floors":[],"current_hp_per_floor":[70,70,70,58,54,54,70,70,70,70,70,56,56,56,56,21,70,70,70,35,35,33,33,29,2,2,14,11,0,0],"gold":47,"neow_bonus":"REMOVE_TWO","is_daily":false,"chose_seed":false,"campfire_upgraded":4,"win_rate":0.0,"timestamp":1612798633,"path_taken":["M","?","M","?","?","R","?","R","T","?","M","?","?","$","R","BOSS","M","$","?","?","M","R","?","M","T","R","M","M"],"items_purchased_type":[],"build_version":"2020-12-22","purchased_purges":1,"victory":false,"max_hp_per_floor":[70,70,70,70,70,70,70,70,70,70,70,70,70,70,70,70,70,70,70,35,35,35,35,40,40,40,40,40,40,40],"card_choices":[{"not_picked":["Bane","Underhanded Strike"],"picked":"Dash","floor":1},{"not_picked":["Blade Dance","Quick Slash"],"picked":"Tactician","floor":3},{"not_picked":["All Out Attack","Cloak And Dagger"],"picked":"Prepared","floor":5},{"not_picked":["Cloak And Dagger","Reflex"],"picked":"Corpse Explosion","floor":11},{"not_picked":["Outmaneuver","Deflect"],"picked":"Calculated Gamble","floor":18},{"not_picked":["Slice+1","Dodge and Roll","Deflect+1"],"picked":"SKIP","floor":22},{"not_picked":["Calculated Gamble","Acrobatics+1"],"picked":"Backflip","floor":25},{"not_picked":["PiercingWail","Dagger Spray"],"picked":"Deadly Poison","floor":28}],"player_experience":67193,"relics_obtained":[{"floor":9,"key":"White Beast Statue"},{"floor":26,"key":"Dead Branch"}],"event_choices":[{"cards_removed":["Strike_G"],"damage_healed":0,"gold_gain":0,"player_choice":"Forget","damage_taken":0,"max_hp_gain":0,"max_hp_loss":0,"event_name":"Living Wall","floor":2,"gold_loss":0},{"damage_healed":0,"gold_gain":0,"player_choice":"Success","damage_taken":12,"relics_obtained":["Ginger"],"max_hp_gain":0,"max_hp_loss":0,"event_name":"Scrap Ooze","floor":4,"gold_loss":0},{"damage_healed":23,"gold_gain":0,"player_choice":"Banana","damage_taken":0,"max_hp_gain":0,"max_hp_loss":0,"event_name":"Big Fish","floor":7,"gold_loss":0},{"cards_removed":["Strike_G"],"damage_healed":0,"gold_gain":0,"player_choice":"Card Removal","damage_taken":0,"max_hp_gain":0,"max_hp_loss":0,"event_name":"The Cleric","floor":10,"gold_loss":50},{"damage_healed":0,"gold_gain":0,"player_choice":"Entered Light","damage_taken":14,"max_hp_gain":0,"max_hp_loss":0,"event_name":"Shining Light","floor":12,"gold_loss":0,"cards_upgraded":["Defend_G","Strike_G"]},{"damage_healed":0,"gold_gain":0,"player_choice":"Became a Ghost","damage_taken":0,"max_hp_gain":0,"max_hp_loss":35,"event_name":"Ghosts","floor":20,"gold_loss":0,"cards_obtained":["Ghostly","Ghostly","Ghostly","Ghostly","Ghostly"]},{"damage_healed":0,"gold_gain":0,"player_choice":"Paid Fearfully","damage_taken":0,"max_hp_gain":0,"max_hp_loss":0,"event_name":"Masked Bandits","floor":21,"gold_loss":61},{"damage_healed":0,"gold_gain":0,"player_choice":"Shed Blood","damage_taken":9,"max_hp_gain":5,"max_hp_loss":0,"event_name":"Forgotten Altar","floor":24,"gold_loss":0}],"is_beta":false,"boss_relics":[{"not_picked":["Fusion Hammer","Runic Dome","Cursed Key"]}],"items_purged_floors":[19],"is_endless":false,"potions_floor_spawned":[1,5,11,16,18,22,25,28],"killed_by":"Snake Plant","ascension_level":0}}