{"host":"ixpjvd0r4p7lnmut","time":1612763652,"event":{"mods":["Act Like it!","BaseMod","Block Reminder","Colored Map","Colored Powertips","Minty Spire (QoL Compilation)","Rare Cards Sparkle","Relic Stats","StSLib","The Bug Knight"],"gold_per_floor":[119,49,61,61,72,106,106,135,162,162,162,162,18,36,36,132,132,149,149,4,4,19,19,48,62,62,62,62,62],"floor_reached":28,"language":"ENG","playtime":1063,"items_purged":["Parasite"],"score":244,"play_id":"f8711542-7ddb-43c4-b42f-f48f57daebe0","local_time":"20210207215412","is_ascension_mode":false,"campfire_choices":[{"data":"HollowMod:GreatSlash","floor":7,"key":"SMITH"},{"data":"HollowMod:MantisMark","floor":12,"key":"SMITH"},{"data":"HollowMod:GrimmsGift","floor":15,"key":"SMITH"},{"data":"HollowMod:BrokenVessel","floor":23,"key":"SMITH"},{"floor":27,"key":"REST"}],"circlet_count":0,"master_deck":["HollowMod:NailStrikeStart","HollowMod:NailStrikeStart","HollowMod:NailStrikeStart","HollowMod:NailStrikeStart","HollowMod:QuickDashStart","HollowMod:QuickDashStart","HollowMod:QuickDashStart","HollowMod:QuickDashStart","HollowMod:PogoStrike","HollowMod:MantisMark+1","HollowMod:DungDefenderAura","HollowMod:CycloneSlash","HollowMod:GrimmsGift+1","HollowMod:SharpenedNail","HollowMod:GreatSlash+1","HollowMod:HerrahsAnger+1","HollowMod:RecoilStrike","HollowMod:SlysStrikes","HollowMod:MothsMistake","HollowMod:MothsMistake","HollowMod:BrokenVessel+1","HollowMod:CornifersMapStart"],"relics":["HollowMod:KingsSoulRelic","NeowsBlessing","Pen Nib","Nunchaku","HollowMod:PaleOreRelic","PreservedInsect","Akabeko","HollowMod:LifeEnderRelic"],"acts_visited":["Exordium","TheCity"],"potions_floor_usage":[6,8,16,28],"damage_taken":[{"damage":0,"enemies":"Cultist","floor":1,"turns":1},{"damage":0,"enemies":"Jaw Worm","floor":3,"turns":1},{"damage":0,"enemies":"Small Slimes","floor":5,"turns":1},{"damage":13,"enemies":"3 Sentries","floor":6,"turns":4},{"damage":16,"enemies":"Lagavulin","floor":8,"turns":6},{"damage":1,"enemies":"3 Louse","floor":14,"turns":3},{"damage":6,"enemies":"Slime Boss","floor":16,"turns":7},{"damage":0,"enemies":"3 Byrds","floor":18,"turns":3},{"damage":7,"enemies":"Chosen","floor":22,"turns":4},{"damage":1,"enemies":"Gremlin Leader","floor":24,"turns":4},{"damage":61,"enemies":"Snake Plant","floor":25,"turns":6},{"damage":29,"enemies":"Centurion and Healer","floor":28,"turns":3}],"seed_played":"-1787094374663971709","potions_obtained":[{"floor":3,"key":"Strength Potion"},{"floor":5,"key":"Regen Potion"},{"floor":8,"key":"Energy Potion"},{"floor":25,"key":"Dexterity Potion"}],"is_trial":false,"path_per_floor":["M","$","M","?","M","E","R","E","T","$","?","R","$","M","R","B",null,"M","?","$","?","M","R","E","M","T","R","M"],"character_chosen":"THE_BUGKNIGHT","items_purchased":["HollowMod:DungDefenderAura","PreservedInsect","HollowMod:MothsMistake"],"campfire_rested":1,"item_purchase_floors":[2,13,20],"current_hp_per_floor":[75,75,75,75,75,62,62,61,61,61,61,61,61,60,60,54,75,75,75,72,72,65,65,64,3,3,24,0,0],"gold":62,"neow_bonus":"THREE_ENEMY_KILL","is_daily":false,"chose_seed":false,"campfire_upgraded":4,"win_rate":0.0,"timestamp":1612763652,"path_taken":["M","$","?","?","M","E","R","E","T","?","?","R","$","M","R","BOSS","M","?","?","?","M","R","E","M","T","R","M"],"items_purchased_type":["Card","Relic","Card"],"build_version":"2020-12-22","purchased_purges":1,"victory":false,"max_hp_per_floor":[75,75,75,75,75,75,75,75,75,75,75,75,75,75,75,75,75,75,75,72,72,72,72,72,72,72,72,72,72],"relic_stats":{"Nunchaku":[6],"counters":[12,43],"Pen Nib":[7],"PreservedInsect":46,"obtain_stats":[{"Nunchaku":8,"HollowMod:LifeEnderRelic":26,"NeowsBlessing":0,"HollowMod:VesselMask":0,"Pen Nib":6,"PreservedInsect":13,"HollowMod:PaleOreRelic":9,"Akabeko":24,"HollowMod:KingsSoulRelic":17},{"Nunchaku":5,"HollowMod:LifeEnderRelic":11,"NeowsBlessing":0,"HollowMod:VesselMask":0,"Pen Nib":4,"PreservedInsect":5,"HollowMod:PaleOreRelic":5,"Akabeko":10,"HollowMod:KingsSoulRelic":7},{"Nunchaku":13,"HollowMod:LifeEnderRelic":40,"NeowsBlessing":0,"HollowMod:VesselMask":0,"Pen Nib":7,"PreservedInsect":13,"HollowMod:PaleOreRelic":13,"Akabeko":34,"HollowMod:KingsSoulRelic":23}]},"card_choices":[{"not_picked":["HollowMod:SiblingsSouls","HollowMod:VengefulSpirit"],"picked":"HollowMod:MantisMark","floor":1},{"not_picked":["HollowMod:TaintedHusks","HollowMod:HeavyBlow"],"picked":"HollowMod:CycloneSlash","floor":3},{"not_picked":["HollowMod:QuirrelsAssistance","HollowMod:HeavyBlow"],"picked":"HollowMod:SharpenedNail","floor":5},{"not_picked":["HollowMod:AbyssShriek","HollowMod:SiblingsShadow"],"picked":"HollowMod:GreatSlash","floor":6},{"not_picked":["HollowMod:DoubleDash","HollowMod:SoulStrike"],"picked":"HollowMod:HerrahsAnger","floor":8},{"not_picked":["HollowMod:QuirrelsAssistance","HollowMod:CloakDash"],"picked":"HollowMod:RecoilStrike","floor":14},{"not_picked":["HollowMod:SoulMaster","HollowMod:theNailsmith"],"picked":"HollowMod:SlysStrikes","floor":16},{"not_picked":["HollowMod:BlackTendrils","HollowMod:ShadowDash","HollowMod:NewLittleFool+1"],"picked":"SKIP","floor":18},{"not_picked":["HollowMod:WraithStrike+1","HollowMod:CloakDash+1"],"picked":"HollowMod:BrokenVessel","floor":22},{"not_picked":["HollowMod:FastStrike","HollowMod:DescendingDark+1","HollowMod:SharpenedNail+1"],"picked":"SKIP","floor":24},{"not_picked":["HollowMod:HeavyBlow+1","HollowMod:MidwifesHunger"],"picked":"HollowMod:CornifersMapStart","floor":25}],"player_experience":144892,"relics_obtained":[{"floor":6,"key":"Pen Nib"},{"floor":8,"key":"Nunchaku"},{"floor":9,"key":"HollowMod:PaleOreRelic"},{"floor":24,"key":"Akabeko"},{"floor":26,"key":"HollowMod:LifeEnderRelic"}],"event_choices":[{"damage_healed":0,"gold_gain":0,"cards_transformed":["HollowMod:FocusHealStart"],"player_choice":"Transformed","damage_taken":0,"max_hp_gain":0,"max_hp_loss":0,"event_name":"Transmorgrifier","floor":4,"gold_loss":0,"cards_obtained":["HollowMod:GrimmsGift"]},{"damage_healed":0,"gold_gain":0,"player_choice":"Grow","damage_taken":0,"max_hp_gain":0,"max_hp_loss":0,"event_name":"Living Wall","floor":11,"gold_loss":0,"cards_upgraded":["HollowMod:HerrahsAnger"]},{"damage_healed":0,"gold_gain":0,"player_choice":"2 cards matched","damage_taken":0,"max_hp_gain":0,"max_hp_loss":0,"event_name":"Match and Keep!","floor":19,"gold_loss":0,"cards_obtained":["HollowMod:MothsMistake","Parasite"]}],"is_beta":false,"boss_relics":[{"not_picked":["Velvet Choker","SacredBark"],"picked":"HollowMod:KingsSoulRelic"}],"items_purged_floors":[20],"is_endless":false,"potions_floor_spawned":[3,5,8,25],"killed_by":"Centurion and Healer","ascension_level":0}}