{"host":"37ccm3d17clopct7","time":1612761392,"event":{"mods":["BaseMod","Hermit","Lobotomy","Minty Spire (QoL Compilation)","StSLib","The Bug Knight","The Cursed","The Hierophant","The Jungle","The Runesmith"],"gold_per_floor":[113,63,63,77,89,89,89,89,115,126,146,146,181,195,195,297,297,316,151,162,162,162,162,179,179,226,243,243,254,267,80,80,180,180,191,210,226,226,136,163,163,174,174,174,7,7,7,18,18,18,18],"floor_reached":50,"language":"KOR","playtime":3456,"items_purged":["BigBadWolf"],"score":524,"play_id":"1aeee2a7-9b74-4e99-8a2a-5bf8dbd40677","local_time":"20210208141632","is_ascension_mode":false,"campfire_choices":[{"floor":15,"key":"REST"},{"floor":25,"key":"REST"},{"floor":32,"key":"REST"},{"floor":41,"key":"REST"}],"circlet_count":0,"master_deck":["SpecialBullet","SpecialBullet","SpecialBullet","SpecialBullet","SpecialBullet","WelfareCode","TrainingCode","OldLady","CrimsonScar","ShyLook","ScreamingWedge+1","Bloodbath","Beak","OSAHOGD","Justitia+1","Wellcheers","Laetitia_ego+1","Scorched","Wingbeat+1","UniverseFragment","Mimicry","DisciplinaryCode","ShedSkin+1","BlackArmy","Moonlight+1","Necronomicurse","Beak","GoldRush+1","Tough+1","Hornet+1","WristCuter+1","HandOfGreed","DaCapo+1","NakedNest","ScreamingWedge+1","SecurityCode","TodaysExpression+1"],"relics":["CogitoBucket","Anchor","Toxic Egg 2","Bag of Preparation","Pear","FleshIdol","SlaversCollar","Membership Card","MutagenicStrength","Nunchaku","Necronomicon","ClockworkSouvenir","HollowMod:PaleOreRelic","SacredBark","BehaviorAdjustment","AtMidnight","PreservedInsect","Bag of Marbles","Bottled Lightning"],"acts_visited":["Exordium","TheCity","TheBeyond"],"potions_floor_usage":[24,24,24,29,37,50,50],"damage_taken":[{"damage":1,"enemies":"Jaw Worm","floor":1,"turns":2},{"damage":0,"enemies":"2 Louse","floor":4,"turns":2},{"damage":0,"enemies":"Cultist","floor":5,"turns":3},{"damage":0,"enemies":"2 Fungi Beasts","floor":10,"turns":2},{"damage":0,"enemies":"3 Louse","floor":11,"turns":1},{"damage":27,"enemies":"Gremlin Nob","floor":13,"turns":4},{"damage":38,"enemies":"Blue Slaver","floor":14,"turns":4},{"damage":69,"enemies":"Hexaghost","floor":16,"turns":15},{"damage":16,"enemies":"Shell Parasite","floor":18,"turns":6},{"damage":28,"enemies":"Snake Plant","floor":20,"turns":4},{"damage":1,"enemies":"Chosen and Byrds","floor":24,"turns":3},{"damage":41,"enemies":"Centurion and Healer","floor":27,"turns":7},{"damage":0,"enemies":"3 Cultists","floor":29,"turns":1},{"damage":8,"enemies":"Snecko","floor":30,"turns":3},{"damage":33,"enemies":"Champ","floor":33,"turns":9},{"damage":10,"enemies":"Orb Walker","floor":35,"turns":4},{"damage":30,"enemies":"3 Darklings","floor":36,"turns":3},{"damage":1,"enemies":"Spire Growth","floor":37,"turns":2},{"damage":2,"enemies":"HollowMod:StalkingDevout","floor":40,"turns":3},{"damage":1,"enemies":"4 Shapes","floor":42,"turns":1},{"damage":0,"enemies":"3 Darklings","floor":48,"turns":2},{"damage":160,"enemies":"Time Eater","floor":50,"turns":5}],"seed_played":"2834224913029201970","potions_obtained":[{"floor":5,"key":"Strength Potion"},{"floor":11,"key":"GamblersBrew"},{"floor":13,"key":"Weak Potion"},{"floor":16,"key":"Dexterity Potion"},{"floor":18,"key":"DuplicationPotion"},{"floor":27,"key":"Regen Potion"},{"floor":33,"key":"BlessingOfTheForge"},{"floor":35,"key":"Explosive Potion"},{"floor":37,"key":"EssenceOfSteel"},{"floor":40,"key":"ColorlessPotion"},{"floor":48,"key":"Weak Potion"}],"is_trial":false,"path_per_floor":["M","?","?","M","M","R","?","$","T","M","M","R","E","M","R","B",null,"M","$","M","?","?","R","M","R","T","M","?","M","M","$","R","B",null,"M","M","M","?","?","E","R","M","T","?","$","R","$","M","R","B"],"character_chosen":"Angela","items_purchased":["Membership Card","ShedSkin+1","ClockworkSouvenir","HollowMod:PaleOreRelic","ScreamingWedge+1","Bottled Lightning"],"campfire_rested":4,"item_purchase_floors":[19,19,31,31,45,45],"current_hp_per_floor":[69,69,66,66,66,66,66,66,66,67,68,68,52,22,46,20,80,70,70,43,43,43,43,45,69,69,38,22,25,18,18,42,30,80,71,41,44,44,44,43,67,67,67,67,67,67,67,75,75,0,0],"gold":18,"neow_bonus":"RANDOM_COMMON_RELIC","is_daily":false,"chose_seed":false,"campfire_upgraded":0,"win_rate":0.0,"timestamp":1612761392,"path_taken":["M","?","?","M","M","R","?","$","T","M","M","R","E","M","R","BOSS","M","$","M","?","?","R","M","R","T","M","?","M","M","?","R","BOSS","M","M","?","?","?","E","R","?","T","?","$","R","?","M","R","BOSS"],"items_purchased_type":["Relic","Card","Relic","Relic","Card","Relic"],"build_version":"2020-12-22","purchased_purges":1,"victory":false,"max_hp_per_floor":[70,70,70,70,70,70,70,70,70,70,70,70,80,80,80,80,80,80,80,80,80,80,80,80,80,80,80,80,80,80,80,80,80,80,80,80,80,80,80,80,80,80,80,80,80,80,80,80,80,80,80],"card_choices":[{"not_picked":["BigBird","FieryBird"],"picked":"OldLady","floor":1},{"not_picked":["Mimicry"],"picked":"CrimsonScar","floor":1},{"not_picked":["Murderer","PunishingBird"],"picked":"ShyLook","floor":4},{"not_picked":["TodaysExpression+1"],"picked":"ScreamingWedge+1","floor":4},{"not_picked":["BeautyBeast","Wellcheers"],"picked":"Bloodbath","floor":5},{"not_picked":["GrinderMk4"],"picked":"Beak","floor":5},{"not_picked":["FairyFestival","WallGazer"],"picked":"OSAHOGD","floor":10},{"not_picked":["Horn"],"picked":"Justitia","floor":10},{"not_picked":["FairyFestival","SpiderBud"],"picked":"Wellcheers","floor":11},{"not_picked":["Noise+1"],"picked":"Laetitia_ego+1","floor":11},{"not_picked":["MHz","SilentOrchestra"],"picked":"Scorched","floor":13},{"not_picked":["BlueScar+1"],"picked":"Wingbeat+1","floor":13},{"not_picked":["MeatLantern","CherryBlossoms"],"picked":"UniverseFragment","floor":14},{"not_picked":["Justitia","Christmas"],"picked":"SKIP","floor":14},{"not_picked":["Twilight"],"picked":"Mimicry","floor":16},{"not_picked":["Loneliness+1","Lantern+1"],"picked":"SKIP","floor":18},{"not_picked":["MHz","LongBird"],"picked":"BigBadWolf","floor":20},{"not_picked":["BloodyDesire+1","BlueScar+1"],"picked":"SKIP","floor":20},{"not_picked":["QueenBee","GreedKing"],"picked":"BlackArmy","floor":24},{"not_picked":["Mimicry","GrinderMk4"],"picked":"SKIP","floor":24},{"not_picked":["BlackSwan_ego+1"],"picked":"Moonlight+1","floor":27},{"not_picked":["RapturousDream+1","Loneliness+1"],"picked":"SKIP","floor":29},{"not_picked":["Penitence+1"],"picked":"Beak","floor":30},{"not_picked":["CENSORED_ego+1"],"picked":"GoldRush","floor":33},{"not_picked":["Loneliness+1"],"picked":"Tough+1","floor":35},{"not_picked":["Wingbeat+1"],"picked":"Hornet+1","floor":36},{"not_picked":["Regret_ego"],"picked":"WristCuter+1","floor":37},{"not_picked":["Metamorphosis+1"],"picked":"HandOfGreed","floor":38},{"not_picked":["WristCuter"],"picked":"DaCapo+1","floor":40},{"not_picked":["WallGazer","QueenOfHatred"],"picked":"NakedNest","floor":42},{"not_picked":["TodaysExpression+1","Penitence+1"],"picked":"SKIP","floor":42},{"not_picked":["FourthMatchFlame"],"picked":"TodaysExpression+1","floor":48}],"player_experience":137527,"relics_obtained":[{"floor":9,"key":"Bag of Preparation"},{"floor":13,"key":"Pear"},{"floor":26,"key":"Nunchaku"},{"floor":28,"key":"Necronomicon"},{"floor":36,"key":"AtMidnight"},{"floor":40,"key":"PreservedInsect"},{"floor":43,"key":"Bag of Marbles"}],"event_choices":[{"cards_removed":["SpecialBullet"],"damage_healed":0,"gold_gain":0,"player_choice":"Card Removal","damage_taken":0,"max_hp_gain":0,"max_hp_loss":0,"event_name":"The Cleric","floor":2,"gold_loss":50},{"damage_healed":0,"gold_gain":0,"player_choice":"Success","damage_taken":3,"relics_obtained":["Toxic Egg 2"],"max_hp_gain":0,"max_hp_loss":0,"event_name":"Scrap Ooze","floor":3,"gold_loss":0},{"damage_healed":0,"gold_gain":0,"player_choice":"Ignored","damage_taken":0,"max_hp_gain":0,"max_hp_loss":0,"event_name":"NoteForYourself","floor":7,"gold_loss":0},{"damage_healed":0,"gold_gain":0,"player_choice":"Inject Mutagens","damage_taken":0,"relics_obtained":["MutagenicStrength"],"max_hp_gain":0,"max_hp_loss":0,"event_name":"Drug Dealer","floor":21,"gold_loss":0},{"damage_healed":0,"gold_gain":0,"player_choice":"Ignored","damage_taken":0,"max_hp_gain":0,"max_hp_loss":0,"event_name":"Vampires","floor":22,"gold_loss":0},{"damage_healed":0,"gold_gain":0,"player_choice":"Obtained Book","damage_taken":16,"max_hp_gain":0,"max_hp_loss":0,"event_name":"Cursed Tome","floor":28,"gold_loss":0},{"damage_healed":0,"gold_gain":0,"player_choice":"Memory 1","damage_taken":0,"max_hp_gain":0,"max_hp_loss":0,"event_name":"SensoryStone","floor":38,"gold_loss":0},{"cards_removed":["InformationCode"],"damage_healed":0,"gold_gain":0,"player_choice":"Upgrade and Remove","damage_taken":0,"max_hp_gain":0,"max_hp_loss":0,"event_name":"Designer","floor":39,"gold_loss":90,"cards_upgraded":["Justitia"]},{"damage_healed":0,"gold_gain":0,"player_choice":"Forge","damage_taken":0,"max_hp_gain":0,"max_hp_loss":0,"event_name":"Accursed Blacksmith","floor":44,"gold_loss":0,"cards_upgraded":["GoldRush"]}],"is_beta":false,"boss_relics":[{"not_picked":["Coffee Dripper","Calling Bell"],"picked":"SlaversCollar"},{"not_picked":["Velvet Choker","Astrolabe"],"picked":"SacredBark"}],"items_purged_floors":[31],"is_endless":false,"potions_floor_spawned":[5,11,13,14,16,18,27,33,35,37,40,48],"killed_by":"Time Eater","ascension_level":0}}