{"host":"lehbxtjrpalkmwwj","time":1612803330,"event":{"mods":["Aspiration","BaseMod","Colored Map","Colored Powertips","Conspire","GungeonMod","KomeijiMod","Lobotomy","Minty Spire (QoL Compilation)","Quick Restart","Replay The Spire","Shop Mod","StSLib","The Cursed","The Poker Player","[IsaacMod]ÒÔÈö¼âËþ"],"gold_per_floor":[118,118,133,196,212,212,212,212],"floor_reached":7,"language":"ZHS","playtime":178,"items_purged":[],"score":45,"play_id":"9e724048-868f-4266-8eba-a54001fca15c","local_time":"20210209005530","is_ascension_mode":true,"campfire_choices":[{"floor":6,"key":"RECALL"}],"circlet_count":0,"master_deck":["Strike_R","Strike_R","Strike_R","Strike_R","Strike_R","Defend_R+1","Defend_R","Defend_R+1","Defend_R","Bash","SuicideKing","Searing Blow","ReplayTheSpireMod:Stacked"],"relics":["Burning Blood","HushsDoor","HowToJump","aspiration:Nostalgia","Replay:M_StaffOfTheSnake","Golden Idol","DemoMod:DecoyRelic","Simple Rune","DemoMod:GlassGuonStoneRelic"],"acts_visited":["Exordium"],"potions_floor_usage":[],"damage_taken":[{"damage":7.0,"enemies":"Jaw Worm","floor":1.0,"turns":3.0},{"damage":0.0,"enemies":"Small Slimes","floor":3.0,"turns":1.0},{"damage":69.0,"enemies":"Hiden Room Battle","floor":4.0,"turns":5.0},{"damage":0,"enemies":"Cultist","floor":5,"turns":4},{"damage":99999999,"enemies":"3 Sentries","floor":7,"turns":2}],"seed_played":"6777948653198421755","potions_obtained":[{"floor":1.0,"key":"DuplicationPotion"},{"floor":3.0,"key":"BloodPotion"}],"is_trial":false,"path_per_floor":["M","?","M","?","M","R","E"],"character_chosen":"IRONCLAD","items_purchased":[],"campfire_rested":0,"item_purchase_floors":[],"current_hp_per_floor":[79,59,65,18,24,24,0,0],"gold":212,"neow_bonus":"NOSTALGIA","is_daily":false,"chose_seed":false,"campfire_upgraded":0,"win_rate":0.0,"timestamp":1612803330,"path_taken":["M","?","?","?","?","R","E"],"items_purchased_type":[],"build_version":"2020-12-22","purchased_purges":0,"victory":false,"max_hp_per_floor":[80,80,80,80,80,80,80,80],"card_choices":[{"not_picked":[],"picked":"SuicideKing","floor":0.0},{"not_picked":[],"picked":"SuicideKing","floor":0.0},{"not_picked":["ReplayTheSpireMod:Stacked","Body Slam"],"picked":"Bomb","floor":1.0},{"not_picked":["Clothesline","Replay:Undeath\u0027s Touch"],"picked":"Bomb","floor":3.0},{"not_picked":["Wild Strike","Massacre"],"picked":"Searing Blow","floor":4.0},{"not_picked":["Anger","JustLucky"],"picked":"ReplayTheSpireMod:Stacked","floor":5}],"player_experience":149946,"relics_obtained":[{"floor":4.0,"key":"DemoMod:DecoyRelic"},{"floor":4.0,"key":"Simple Rune"}],"event_choices":[{"damage_healed":0.0,"max_hp_gain":0.0,"max_hp_loss":0.0,"gold_gain":0.0,"event_name":"Golden Idol","player_choice":"Take Damage","floor":2.0,"gold_loss":0.0,"damage_taken":20.0,"relics_obtained":["Golden Idol"]},{"damage_healed":0.0,"max_hp_gain":0.0,"max_hp_loss":0.0,"gold_gain":0.0,"event_name":"HidenRoomEvent","player_choice":"Fight","floor":4.0,"gold_loss":0.0,"damage_taken":0.0}],"is_beta":false,"boss_relics":[],"items_purged_floors":[],"is_endless":false,"potions_floor_spawned":[1,3],"killed_by":"3 Sentries","ascension_level":2}}