{"host":"q57ekfojy3i00x9o","time":1612809845,"event":{"mods":["Act Like it!","Arknights","Aspiration","BaseMod","Colored Map","Energized Spire","Hermit","Minty Spire (QoL Compilation)","Quick Restart","Spicy Shops","Spikes Relics","StSLib","slay the spire mod where everything is the same but ironclad has a cowboy hat"],"gold_per_floor":[115,115,33,48,48,48,73,73,98,98,132,132,7,17,17,118,118,138,26,26,26,45,45,73,73,120,120,120],"floor_reached":27,"language":"RUS","playtime":602,"items_purged":["Parasite"],"score":318,"play_id":"8269bdc9-8ee9-41a5-9db7-9b6db308da85","local_time":"20210208234405","is_ascension_mode":true,"campfire_choices":[{"data":"ats:Thermite Blade","floor":6.0,"key":"SMITH"},{"floor":10.0,"key":"REST"},{"floor":15.0,"key":"REST"},{"floor":23,"key":"REST"}],"circlet_count":0,"master_deck":["ats:Strike G","ats:Armor Crushing Shot","ats:Defend","ats:Defend","ats:Defend","ats:Defend","ats:Emotion Absorption","ats:Disruption Kick+1","ats:Hammer On","ats:Leaping Hammer","ats:Thermite Blade+1","ats:Hammer On","ats:Echo Reverb","Injury","ats:Poison Spread+1","ats:Consecutive Shot Auto+1","ats:Rat Pack","ats:Defend Order+1","ats:Guardian Obelisk+1","ats:True Silver Slash+1","ats:Collapsing Strike+1","ats:Consecutive Shot Auto+1","ats:Closed Bolt Burst Fire+1","ats:Overload+1","ats:Leaping Hammer+1"],"relics":["ats:Sanity","ats:Ability Aura","Odd Mushroom","Darkstone Periapt","Strawberry","ats:Originium","SpikesRelics:ToyHorsey","Molten Egg 2","Astrolabe","aspiration:HiddenCompartment","SnailShell"],"acts_visited":["Exordium","TheCity"],"potions_floor_usage":[22],"damage_taken":[{"damage":0.0,"enemies":"Small Slimes","floor":1.0,"turns":3.0},{"damage":14.0,"enemies":"Jaw Worm","floor":4.0,"turns":3.0},{"damage":23.0,"enemies":"The Mushroom Lair","floor":7.0,"turns":5.0},{"damage":22.0,"enemies":"3 Sentries","floor":11.0,"turns":8.0},{"damage":0.0,"enemies":"2 Louse","floor":14.0,"turns":1.0},{"damage":71.0,"enemies":"The Guardian","floor":16.0,"turns":11.0},{"damage":54.0,"enemies":"2 Thieves","floor":18.0,"turns":4.0},{"damage":0,"enemies":"3 Byrds","floor":22,"turns":2},{"damage":18,"enemies":"Gremlin Leader","floor":24,"turns":5},{"damage":21,"enemies":"Snake Plant","floor":27,"turns":2}],"seed_played":"-1417297652357773098","potions_obtained":[{"floor":1.0,"key":"Block Potion"},{"floor":7.0,"key":"BlessingOfTheForge"},{"floor":18.0,"key":"ats:Burn Big Potion"}],"is_trial":false,"path_per_floor":["M","?","$","M","?","R","?","T","T","R","E","?","$","M","R","B",null,"M","$","?","$","M","R","E","?","T","M"],"character_chosen":"DOCTOR_CLASS","items_purchased":["ats:Ability Aura","ats:Leaping Hammer","ats:Poison Spread+1","ats:Consecutive Shot Auto+1","ats:Closed Bolt Burst Fire+1"],"campfire_rested":3,"item_purchase_floors":[3,3,13,19,19],"current_hp_per_floor":[65,70,70,56,56,56,33,33,40,65,43,49,49,49,75,4,66,12,12,12,12,12,38,20,20,20,0,0],"gold":120,"neow_bonus":"ONE_RANDOM_RARE_CARD","is_daily":false,"chose_seed":false,"campfire_upgraded":1,"win_rate":0.0,"timestamp":1612809845,"path_taken":["M","?","$","M","?","R","?","?","T","R","E","?","$","M","R","BOSS","M","$","?","$","M","R","E","?","T","M"],"items_purchased_type":["Relic","Card","Card","Card","Card"],"build_version":"2020-12-22","purchased_purges":1,"victory":false,"max_hp_per_floor":[72,77,77,77,77,77,77,77,84,84,84,90,87,87,87,87,87,87,87,87,87,87,87,87,87,87,87,87],"card_choices":[{"not_picked":["ats:Encircling Forest","ats:Curse Doll"],"picked":"ats:Hammer On","floor":1.0},{"not_picked":["ats:Hammer On","ats:Steam Pump"],"picked":"ats:Thermite Blade","floor":4.0},{"not_picked":["ats:Revitalization","ats:Assault Order"],"picked":"ats:Hammer On","floor":7.0},{"not_picked":["ats:Leaping Hammer","ats:Healing Strengthening"],"picked":"ats:Echo Reverb","floor":11.0},{"not_picked":["ats:Absolute Focus","ats:Healing Strengthening"],"picked":"ats:Consecutive Shot Auto+1","floor":14.0},{"not_picked":["ats:Wolf Pack+1","ats:Roar Of Ursus"],"picked":"ats:Rat Pack","floor":16.0},{"not_picked":["ats:Beaten Up","ats:Leaping Hammer+1"],"picked":"ats:Collapsing Strike+1","floor":18.0},{"not_picked":["ats:Support Order","ats:Thermite Blade+1"],"picked":"ats:Overload+1","floor":22},{"not_picked":["ats:Ignite+1","ats:Flexible Camouflage"],"picked":"ats:Leaping Hammer+1","floor":24}],"player_experience":753422,"relics_obtained":[{"floor":7.0,"key":"Odd Mushroom"},{"floor":8.0,"key":"Darkstone Periapt"},{"floor":9.0,"key":"Strawberry"},{"floor":11.0,"key":"ats:Originium"},{"floor":11.0,"key":"SpikesRelics:ToyHorsey"},{"floor":24,"key":"ats:Originium"},{"floor":24,"key":"aspiration:HiddenCompartment"},{"floor":26,"key":"SnailShell"}],"event_choices":[{"damage_healed":0.0,"max_hp_gain":5.0,"max_hp_loss":0.0,"gold_gain":0.0,"event_name":"Big Fish","player_choice":"Donut","floor":2.0,"gold_loss":0.0,"damage_taken":0.0},{"damage_healed":0.0,"max_hp_gain":0.0,"max_hp_loss":0.0,"gold_gain":0.0,"event_name":"Living Wall","player_choice":"Grow","floor":5.0,"gold_loss":0.0,"damage_taken":0.0,"cards_upgraded":["ats:Disruption Kick"]},{"damage_healed":0.0,"max_hp_gain":0.0,"max_hp_loss":0.0,"gold_gain":0.0,"event_name":"Mushrooms","player_choice":"Fought Mushrooms","floor":7.0,"gold_loss":0.0,"damage_taken":0.0},{"damage_healed":0.0,"max_hp_gain":0.0,"max_hp_loss":0.0,"gold_gain":0.0,"event_name":"Ghosts","player_choice":"Ignored","floor":20.0,"gold_loss":0.0,"damage_taken":0.0}],"is_beta":false,"boss_relics":[{"not_picked":["Black Star","energizedSpire:SpiderWeb"],"picked":"Astrolabe"}],"items_purged_floors":[13],"is_endless":false,"potions_floor_spawned":[1,7,18],"killed_by":"Snake Plant","ascension_level":6}}