{"host":"3498uni0c31c9bdm","time":1612813692,"event":{"mods":["BaseMod","Better Match","Better Note","Better Sensory Stone","Better Skull","Better Third Choice","Colored Map","Minty Spire (QoL Compilation)","Quick Restart","RNG Fix","Random Character Button","Replay The Spire","Shop Mod","Smile Girya","StSLib","Unceasing Turn Reminder"],"gold_per_floor":[117,467,31,31,51,51,69,69,69,96,109,109,109,175,239,336,336,346,346,346,366,376,376,81,114,138,138,167,201,217,229,229,333,333,344,356,266,266,266,266,280,309,309,309,359,379,138,167,167,167,167,167,30,61,61],"floor_reached":56,"language":"ENG","playtime":2644,"items_purged":["Normality","Regret"],"score":2596,"play_id":"b3b910ae-3f72-459a-a81d-0073084784c3","local_time":"20210209064812","is_ascension_mode":true,"campfire_choices":[{"floor":6,"key":"RECALL"},{"floor":12,"key":"REST"},{"floor":23,"key":"REST"},{"floor":32,"key":"REST"},{"data":"Machine Learning","floor":40,"key":"SMITH"},{"floor":44,"key":"REST"},{"data":"ReplayTheSpireMod:Omega Cannon","floor":49,"key":"SMITH"},{"data":"ReplaySolidLightProjector","floor":52,"key":"SMITH"}],"circlet_count":0,"master_deck":["AscendersBane","Strike_B+1","Strike_B","Strike_B","Strike_B","Defend_B","Defend_B+1","Defend_B","Defend_B","Zap+1","Dualcast","White Noise+1","Hallucinations","Shame","ReplayTheSpireMod:Omega Cannon+1","Burn","Sunder","Heatsinks","ReplayTheSpireMod:Doomed","Lockon","Sickly","Machine Learning+1","Go for the Eyes","Shame","ReplaySolidLightProjector+1","Streamline","Injury","ReplayTheSpireMod:Doomed","Defragment","Loop+1","Hallucinations","Thunder Strike","ReplayTheSpireMod:Splinters","Ball Lightning","Tempest","Defragment","Looming Evil","Electrodynamics","Doom and Gloom","Steam+1","Parasite","ReplayTheSpireMod:IOU","Storm","Storm","ReplayTheSpireMod:IOU","ReplayTheSpireMod:IOU","ReplayTheSpireMod:Restless Dread","Replay:Parry","Beam Cell+1","Echo Form","Shame","Steam Power","Gash","Echo Form","ReplayTheSpireMod:IOU","ReplayTheSpireMod:Private Reserves+1","Go for the Eyes","Consume","Conserve Battery","ReplayTheSpireMod:IOU","ReplayTheSpireMod:IOU","ReplayTheSpireMod:Splinters","ReplayTheSpireMod:IOU","ReplayTheSpireMod:IOU","Amnesia","Barrage","Barrage","Steam","ReplayTheSpireMod:IOU","ReplayTheSpireMod:IOU","Amnesia","Panache+1","ReplayTheSpireMod:IOU","ReplayTheSpireMod:IOU","ReplayTheSpireMod:IOU"],"relics":["Cracked Core","Ring of Misfortune","Ring of Greed","HornCleat","Chameleon Ring","Darkstone Periapt","Counterbalance","Nuclear Battery","Toy Ornithopter","Orichalcum","ReplayTheSpireMod:CursedCoin","Ornamental Fan","Replay:Rubber Ducky","Dead Branch","Blue Doll","Replay:Wax Seal","Ice Cream","Busted Crown","ChewingGum","SacredBark","MerchantsRug","ClockworkSouvenir","Quantum Egg","Pantograph","Gambling Chip","Art of War","DollysMirror","Bottled Flame","Ginger","ReplayFunnel","Garlic","Pen Nib"],"acts_visited":["Exordium","TheCity","TheBeyond","TheEnding"],"potions_floor_usage":[16,25,33],"damage_taken":[{"damage":0,"enemies":"2 Louse","floor":1,"turns":2},{"damage":0,"enemies":"Small Slimes","floor":5,"turns":3},{"damage":0,"enemies":"Cultist","floor":7,"turns":2},{"damage":9,"enemies":"Replay:BlueRogue","floor":10,"turns":7},{"damage":6,"enemies":"2 Fungi Beasts","floor":11,"turns":2},{"damage":11,"enemies":"Lagavulin Event","floor":15,"turns":5},{"damage":16,"enemies":"Fading Forest","floor":16,"turns":11},{"damage":14,"enemies":"Shell Parasite","floor":18,"turns":6},{"damage":5,"enemies":"3 Byrds","floor":21,"turns":4},{"damage":27,"enemies":"Cultist and Chosen","floor":22,"turns":6},{"damage":26,"enemies":"Book of Stabbing","floor":25,"turns":5},{"damage":1,"enemies":"Gremlin Leader","floor":28,"turns":4},{"damage":9,"enemies":"Snecko","floor":30,"turns":5},{"damage":8,"enemies":"Snake Plant","floor":31,"turns":3},{"damage":1,"enemies":"Pondfish","floor":33,"turns":10},{"damage":12,"enemies":"Orb Walker","floor":35,"turns":4},{"damage":11,"enemies":"3 Darklings","floor":36,"turns":3},{"damage":0,"enemies":"Sphere and 2 Shapes","floor":41,"turns":4},{"damage":0,"enemies":"R_Hoarder","floor":42,"turns":4},{"damage":0,"enemies":"Mind Bloom Boss Battle","floor":45,"turns":4},{"damage":0,"enemies":"Maw","floor":46,"turns":3},{"damage":8,"enemies":"Nemesis","floor":48,"turns":7},{"damage":53,"enemies":"Awakened One","floor":50,"turns":10},{"damage":0,"enemies":"Shield and Spear","floor":54,"turns":6},{"damage":19,"enemies":"The Heart","floor":55,"turns":9}],"seed_played":"2591883274976341348","potions_obtained":[{"floor":7,"key":"FairyPotion"},{"floor":10,"key":"ColorlessPotion"},{"floor":21,"key":"Strength Potion"},{"floor":25,"key":"Elixir"},{"floor":28,"key":"Dexterity Potion"},{"floor":35,"key":"PotionOfCapacity"},{"floor":41,"key":"Regen Potion"}],"is_trial":false,"path_per_floor":["M","?","$","?","M","R","M","?","T","E","M","R","$","?","R_BF","B",null,"M","?","?","M","M","R","$","E","T","?","E","?","M","M","R","B",null,"M","M","$","?","?","R","M","E","T","R","?","M","$","E","R","B",null,"R","$","E","B",null],"character_chosen":"DEFECT","items_purchased":["HornCleat","Guide Book","ReplayTheSpireMod:CursedCoin","Defragment","Ornamental Fan","Replay:Rubber Ducky","MerchantsRug","ClockworkSouvenir","Storm","Quantum Egg","Art of War","DollysMirror","ReplayTheSpireMod:Private Reserves+1","Go for the Eyes","Consume","Conserve Battery","Bottled Flame","Barrage","ReplayFunnel","Panache+1","Garlic"],"campfire_rested":4,"item_purchase_floors":[3,3,24,24,24,24,37,37,37,37,47,47,47,47,47,47,47,47,53,53,53],"current_hp_per_floor":[68,68,68,68,68,68,68,68,68,59,53,75,75,81,70,60,80,66,66,72,67,40,67,79,58,64,64,63,69,60,52,87,97,117,105,94,124,124,124,124,124,124,124,153,159,159,201,193,193,148,188,188,230,230,224],"gold":61,"neow_bonus":"RANDOM_EVENT","is_daily":false,"chose_seed":false,"campfire_upgraded":3,"win_rate":0.0,"timestamp":1612813692,"path_taken":["M","?","$","?","M","R","M","?","T","E","?","R","?","?","R_BF","BOSS","M","?","?","M","M","R","$","E","T","?","E","?","M","M","R","BOSS","M","M","$","?","?","R","?","E","T","R","?","?","$","E","R","BOSS","R","$","E","BOSS"],"items_purchased_type":["Relic","Relic","Relic","Card","Relic","Relic","Relic","Relic","Card","Relic","Relic","Relic","Card","Card","Card","Card","Relic","Card","Relic","Card","Relic"],"build_version":"2020-12-22","purchased_purges":2,"victory":true,"max_hp_per_floor":[75,75,75,75,75,75,75,75,75,75,75,75,75,81,81,87,87,87,87,93,93,93,93,105,105,111,111,111,117,117,117,117,123,123,123,123,153,153,153,153,153,153,153,153,159,159,201,201,201,201,201,201,243,243,243],"card_choices":[{"not_picked":["Stack","Cold Snap"],"picked":"White Noise","floor":1},{"not_picked":["Capacitor","Force Field"],"picked":"ReplayTheSpireMod:Omega Cannon","floor":5},{"not_picked":["BasicCrystalCard","Panic Button"],"picked":"Turbo","floor":7},{"not_picked":["ReplayTheSpireMod:Omega Cannon","Reprogram"],"picked":"Sunder","floor":10},{"not_picked":["Reinforced Body","Scrape"],"picked":"Heatsinks","floor":11},{"not_picked":["Cold Snap","Stack"],"picked":"Lockon","floor":15},{"not_picked":["ReplayTheSpireMod:Omega Cannon","Multi-Cast"],"picked":"Machine Learning","floor":16},{"not_picked":["Stack","Panic Button"],"picked":"Go for the Eyes","floor":18},{"not_picked":["Steam Power","Cold Snap"],"picked":"ReplaySolidLightProjector","floor":21},{"not_picked":["Turbo","Coolheaded"],"picked":"Streamline","floor":22},{"not_picked":["Beam Cell","Darkness"],"picked":"Loop+1","floor":25},{"not_picked":["Compile Driver+1","Melter"],"picked":"Thunder Strike","floor":28},{"not_picked":["Hologram","BasicCrystalCard+1"],"picked":"Ball Lightning","floor":29},{"not_picked":["Rebound","BasicCrystalCard"],"picked":"Tempest","floor":30},{"not_picked":["Go for the Eyes","Streamline+1"],"picked":"Defragment","floor":31},{"not_picked":["Thunder Strike","ReplayTheSpireMod:Fabricate Wheel"],"picked":"Electrodynamics","floor":33},{"not_picked":[],"picked":"Doom and Gloom","floor":35},{"not_picked":[],"picked":"Steam+1","floor":36},{"not_picked":[],"picked":"Replay:Parry","floor":39},{"not_picked":[],"picked":"Beam Cell+1","floor":41},{"not_picked":[],"picked":"Echo Form","floor":42},{"not_picked":[],"picked":"Steam Power","floor":45},{"not_picked":[],"picked":"Gash","floor":46},{"not_picked":[],"picked":"Steam","floor":48},{"not_picked":["Rebound+1"],"picked":"SKIP","floor":54}],"player_experience":856207,"relics_obtained":[{"floor":2,"key":"Ring of Misfortune"},{"floor":2,"key":"Ring of Greed"},{"floor":2,"key":"Old Coin"},{"floor":2,"key":"Smiling Mask"},{"floor":9,"key":"Chameleon Ring"},{"floor":10,"key":"Darkstone Periapt"},{"floor":25,"key":"Dead Branch"},{"floor":26,"key":"Blue Doll"},{"floor":28,"key":"Replay:Wax Seal"},{"floor":29,"key":"Ice Cream"},{"floor":42,"key":"Pantograph"},{"floor":45,"key":"Gambling Chip"},{"floor":48,"key":"Ginger"},{"floor":54,"key":"Pen Nib"}],"event_choices":[{"damage_healed":0,"gold_gain":0,"player_choice":"Grow","damage_taken":0,"max_hp_gain":0,"max_hp_loss":0,"event_name":"Living Wall","floor":4,"gold_loss":0,"cards_upgraded":["Zap"]},{"damage_healed":68,"gold_gain":0,"player_choice":"Embrace Burn","damage_taken":0,"max_hp_gain":0,"max_hp_loss":75,"event_name":"betterThird:BetterShining","floor":8,"gold_loss":0},{"damage_healed":0,"gold_gain":66,"player_choice":"Gained Gold","damage_taken":0,"max_hp_gain":0,"max_hp_loss":0,"event_name":"Golden Wing","floor":14,"gold_loss":0},{"damage_healed":0,"gold_gain":0,"player_choice":"Searched \u00272\u0027 times","damage_taken":0,"relics_obtained":["Counterbalance"],"max_hp_gain":0,"max_hp_loss":0,"event_name":"Dead Adventurer","floor":15,"gold_loss":0},{"damage_healed":0,"gold_gain":0,"player_choice":"Stole Relic","damage_taken":0,"relics_obtained":["Orichalcum"],"max_hp_gain":0,"max_hp_loss":0,"event_name":"Addict","floor":20,"gold_loss":0,"cards_obtained":["Shame"]},{"damage_healed":0,"gold_gain":0,"player_choice":"Adaptability","damage_taken":0,"max_hp_gain":0,"max_hp_loss":0,"event_name":"betterThird:BetterWriting","floor":27,"gold_loss":0},{"cards_removed":["Turbo"],"damage_healed":0,"gold_gain":0,"player_choice":"Removed Skill","damage_taken":0,"max_hp_gain":0,"max_hp_loss":0,"event_name":"Falling","floor":38,"gold_loss":0},{"damage_healed":0,"gold_gain":3,"player_choice":"1","damage_taken":0,"max_hp_gain":0,"max_hp_loss":0,"event_name":"betterStone:BetterStone","floor":39,"gold_loss":0},{"damage_healed":0,"gold_gain":0,"player_choice":"Fight","damage_taken":0,"max_hp_gain":0,"max_hp_loss":0,"event_name":"MindBloom","floor":45,"gold_loss":0}],"is_beta":false,"boss_relics":[{"not_picked":["Astrolabe","ReplayTheSpireMod:DimensionalGlitch"],"picked":"Nuclear Battery"},{"not_picked":["Empty Cage","Replay:Drink Me"],"picked":"Replay:Grab Bag"},{"not_picked":["Replay:Wanted Poster","Runic Dome"],"picked":"Busted Crown"},{"not_picked":["Coffee Dripper","Philosopher\u0027s Stone"],"picked":"ChewingGum"},{"not_picked":["Kintsugi","Runic Pyramid"],"picked":"SacredBark"}],"items_purged_floors":[3,53],"is_endless":false,"potions_floor_spawned":[7,10,21,25,28,30,35,41,45,54],"ascension_level":12}}