{"host":"0u8wq8q0l49hd262","time":1612772366,"event":{"mods":["2.2 Compatiblity","AchievementEnabler","Act Like it!","BaseMod","Better Note","Better Third Choice","Block Reminder","Colored Map","Colored Powertips","GifTheSpireLib","Highlight Path","Minty Spire (QoL Compilation)","Pale of the Ancients","Permanent Neow","Quick Restart","Rare Cards Sparkle","Relic Sorter","Relic Stats","StSLib","Transform Curses","egg","everything is the same but u backflip on backflip"],"gold_per_floor":[115,115,126,301,318,346,363,363,418,418,437,437,437],"floor_reached":12,"language":"ENG","playtime":529,"items_purged":[],"score":80,"play_id":"f7ac19a7-9c37-440b-8faa-6457b6ca0b27","local_time":"20210208091926","is_ascension_mode":false,"campfire_choices":[{"data":"Armaments","floor":8,"key":"SMITH"},{"data":"Limit Break","floor":10,"key":"SMITH"}],"circlet_count":0,"master_deck":["Strike_R","Strike_R","Strike_R","Strike_R","Strike_R","Defend_R","Defend_R","Defend_R","Defend_R","Bash","Cleave","Armaments+1","Doubt","Thunderclap","Shrug It Off","Limit Break+1","Flex"],"relics":["Burning Blood","NeowsBlessing","Molten Egg 2","Centennial Puzzle"],"acts_visited":[],"potions_floor_usage":[12],"damage_taken":[{"damage":0,"enemies":"Jaw Worm","floor":1,"turns":1},{"damage":0,"enemies":"Small Slimes","floor":3,"turns":1},{"damage":0,"enemies":"2 Louse","floor":5,"turns":1},{"damage":58,"enemies":"Lagavulin","floor":6,"turns":7},{"damage":15,"enemies":"Looter","floor":7,"turns":4},{"damage":9,"enemies":"2 Fungi Beasts","floor":11,"turns":5},{"damage":48,"enemies":"Gremlin Nob","floor":12,"turns":5}],"seed_played":"-3039708278534786329","potions_obtained":[{"floor":5,"key":"SneckoOil"},{"floor":7,"key":"BloodPotion"}],"is_trial":false,"path_per_floor":["M","?","M","?","M","E","M","R","T","R","M","E"],"character_chosen":"IRONCLAD","items_purchased":[],"campfire_rested":0,"item_purchase_floors":[],"current_hp_per_floor":[80,85,85,85,85,33,24,24,24,24,21,0,0],"gold":437,"neow_bonus":"THREE_ENEMY_KILL","is_daily":false,"chose_seed":false,"campfire_upgraded":2,"win_rate":0.0,"timestamp":1612772366,"path_taken":["M","?","M","?","M","E","M","R","T","R","M","E"],"items_purchased_type":[],"build_version":"2020-12-22","purchased_purges":0,"victory":false,"max_hp_per_floor":[80,85,85,85,85,85,85,85,85,85,85,85,85],"relic_stats":{"Centennial Puzzle":[6],"counters":[7,24],"obtain_stats":[{"Centennial Puzzle":9,"NeowsBlessing":0,"Molten Egg 2":6,"Burning Blood":0},{"Centennial Puzzle":5,"NeowsBlessing":0,"Molten Egg 2":4,"Burning Blood":0},{"Centennial Puzzle":14,"NeowsBlessing":0,"Molten Egg 2":10,"Burning Blood":0}],"Burning Blood":18},"card_choices":[{"not_picked":["Clothesline","Wild Strike"],"picked":"Cleave","floor":1},{"not_picked":["Clothesline","True Grit"],"picked":"Armaments","floor":3},{"not_picked":["Twin Strike","Iron Wave"],"picked":"Thunderclap","floor":5},{"not_picked":["Reckless Charge+1","Ghostly Armor"],"picked":"Shrug It Off","floor":6},{"not_picked":["Sword Boomerang+1","Clash+1"],"picked":"Limit Break","floor":7},{"not_picked":["Thunderclap+1","Dual Wield"],"picked":"Flex","floor":11}],"player_experience":384081,"relics_obtained":[{"floor":6,"key":"Molten Egg 2"},{"floor":9,"key":"Centennial Puzzle"}],"event_choices":[{"damage_healed":0,"gold_gain":0,"player_choice":"Donut","damage_taken":0,"max_hp_gain":5,"max_hp_loss":0,"event_name":"Big Fish","floor":2,"gold_loss":0},{"damage_healed":0,"gold_gain":175,"player_choice":"AGREE","damage_taken":126,"max_hp_gain":0,"max_hp_loss":0,"event_name":"betterThird:BetterSerpent","floor":4,"gold_loss":0}],"is_beta":false,"boss_relics":[],"items_purged_floors":[],"is_endless":false,"potions_floor_spawned":[5,7],"killed_by":"Gremlin Nob","ascension_level":0}}