{"host":"0mk07bycsqo1qk03","time":1612770380,"event":{"mods":["BaseMod","Downfall","Hermit","Hubris","Minty Spire (QoL Compilation)","Reliquary","Replay The Spire","StSLib","The Cursed"],"gold_per_floor":[99,112,125,125,125,125,195,208,259,271,336,336,336,336],"floor_reached":12,"language":"ENG","playtime":283,"items_purged":[],"score":77,"play_id":"9012e001-0f17-4f4f-a3a7-d3ccb4932f92","local_time":"20210208084620","is_ascension_mode":true,"campfire_choices":[{"data":"sneckomod:UnknownRareAttack","floor":1.0,"key":"SMITH"}],"circlet_count":0,"master_deck":["sneckomod:Strike","sneckomod:Strike","sneckomod:Strike","sneckomod:Defend","sneckomod:Defend","sneckomod:Defend","sneckomod:TailWhip","sneckomod:SnekBite","sneckomod:Unknown","sneckomod:Unknown+1","sneckomod:UnknownRareAttack+1","sneckomod:UnknownUncommonSkill","sneckomod:UnknownClassRED","Hallucinations","sneckomod:UnknownDraw","sneckomod:TrashToTreasure","sneckomod:UnknownExhaust","sneckomod:SnakeSap"],"relics":["sneckomod:SneckoSoul","Ring of Hypnosis","ReplayTheSpireMod:Ring of Challenge","Omamori","hubris:TenFootPole"],"acts_visited":["Exordium"],"potions_floor_usage":[11,11,12],"damage_taken":[{"damage":1.0,"enemies":"Cultist","floor":2.0,"turns":3.0},{"damage":0.0,"enemies":"Jaw Worm","floor":3.0,"turns":1.0},{"damage":0.0,"enemies":"2 Louse","floor":8.0,"turns":2.0},{"damage":0.0,"enemies":"Blue Slaver","floor":10.0,"turns":1.0},{"damage":34,"enemies":"Exordium Thugs","floor":11,"turns":4},{"damage":30,"enemies":"Lagavulin","floor":12,"turns":8}],"seed_played":"1749361971570766910","potions_obtained":[{"floor":3.0,"key":"SteroidPotion"},{"floor":7.0,"key":"Fruit Juice"},{"floor":7.0,"key":"Elixir"},{"floor":8.0,"key":"Fruit Juice"},{"floor":11,"key":"Weak Potion"}],"is_trial":false,"path_per_floor":["R","M","M","?","PTL","PTL","?","M","T","M","M","E"],"character_chosen":"THE_SNECKO","items_purchased":[],"campfire_rested":0,"item_purchase_floors":[],"current_hp_per_floor":[90,89,89,89,89,89,58,58,58,58,29,0,0,0],"gold":336,"neow_bonus":"ONE_RANDOM_RARE_CARD","is_daily":false,"chose_seed":false,"campfire_upgraded":1,"win_rate":0.0,"timestamp":1612770380,"path_taken":["R","M","M","?","PTL","PTL","?","M","T","M","M","E"],"items_purchased_type":[],"build_version":"2020-12-22","purchased_purges":0,"victory":false,"max_hp_per_floor":[90,90,90,90,90,90,95,95,95,95,100,100,100,100],"card_choices":[{"not_picked":["sneckomod:MixItUp","sneckomod:UnknownBlock"],"picked":"sneckomod:UnknownUncommonSkill","floor":2.0},{"not_picked":["sneckomod:TrashToTreasure","sneckomod:UnknownExhaust"],"picked":"sneckomod:UnknownClassRED","floor":3.0},{"not_picked":["sneckomod:UnknownCommonSkill","sneckomod:SoulRoll"],"picked":"sneckomod:UnknownDraw","floor":7.0},{"not_picked":["sneckomod:MasterEye","sneckomod:UnknownClassRED"],"picked":"sneckomod:TrashToTreasure","floor":8.0},{"not_picked":["sneckomod:UnknownClassGREEN","sneckomod:UnknownCommonAttack"],"picked":"sneckomod:UnknownExhaust","floor":10.0},{"not_picked":["sneckomod:Memorize","sneckomod:UnknownCommonAttack"],"picked":"sneckomod:SnakeSap","floor":11}],"player_experience":1021008,"relics_obtained":[{"floor":4.0,"key":"Ring of Hypnosis"},{"floor":4.0,"key":"ReplayTheSpireMod:Ring of Challenge"},{"floor":7.0,"key":"Omamori"},{"floor":9.0,"key":"hubris:TenFootPole"}],"event_choices":[],"is_beta":false,"boss_relics":[],"items_purged_floors":[],"is_endless":false,"potions_floor_spawned":[3,8,11],"killed_by":"Lagavulin","ascension_level":2}}