{"host":"h7xtspmc2x3i8s2i","time":1612823882,"event":{"mods":["2.2 Compatiblity","AchievementEnabler","Act Like it!","AlwaysNeverKeys","Aspiration","Astrologer","BaseMod","Bestiary","Better Altar","Better Match","Better Note","Better Sensory Stone","Better Skull","Better Third Choice","Better Vampires","Better-Laid Plans","Colored Map","Colored Powertips","Conjunction","Curses Come First","Defuse TimeMaze Blight","Dio Mod","Disable Question Mark Monsters","Dota2Spire","Downfall","EXCEPTION","Emptier Cage","Energized Spire","Evolution","Friendly Minions","GifTheSpireLib","Gold Saver","Gremlin Skip","Halation","Hubris","Hyrulean Relics","Jedi Mod","Key Reminder","Marked Mod","Minty Spire (QoL Compilation)","Permanent Neow","Potion Indicator Mod","Quick Restart","Random Character Button","Random Character Mod","Rare Cards Sparkle","Relic Filter","Relic Stats","Reliquary","Replay The Spire","SacredBarkPlus","Shop Mod","Smile Girya","Somnambulant","Spicy Shops","Spikes Relics","Spire Birthday Party","StSLib","Steal the Spire","Stuff the Spire","SuperFastMode","The Awakened One except there are too many feathers","The Blue Laboratory","The Cursed","The Death Knight","The Edgeheg","The Problem Sleuth","The Runesmith","The Wild Card","Trackpad","Transform Curses","Uncapped","Unceasing Turn Reminder","Virulent Crown","Wide Potions","everything is the same but u backflip on backflip","slay the spire mod where everything is the same but ironclad has a cowboy hat"],"gold_per_floor":[119,119,119,148,175,224,48,80,153,153,192,192,192,234,234,392,392,471,471,548,548,566,597,597,627,650,675,774,774,774,774,774,876,876,891,891,891,902,902,902,935,972,972,991,991,1008,1020,1035,1035,1035,1035,1035,165,196,196],"floor_reached":56,"language":"ENG","playtime":2769,"items_purged":["Decay"],"score":1993,"play_id":"fc227872-85cb-431f-aa09-872ceef5deb8","local_time":"20210208173802","is_ascension_mode":true,"campfire_choices":[{"floor":13,"key":"RECALL"},{"data":"TheCursedMod:CleanUpWorkshop","floor":15,"key":"SMITH"},{"data":"jedi:forcepull","floor":24,"key":"SMITH"},{"floor":30,"key":"REST"},{"floor":32,"key":"REST"},{"data":"TheCursedMod:Grudge","floor":40,"key":"SMITH"},{"data":"TheCursedMod:SpitefulPlan","floor":49,"key":"SMITH"},{"data":"TheCursedMod:LuckyCharm","floor":52,"key":"SMITH"}],"circlet_count":0,"master_deck":["TheCursedMod:CleanUpWorkshop+1","TheCursedMod:CursedSpellbook+1","TheCursedMod:CursedArmor","TheCursedMod:SpitefulPlan+1","TheCursedMod:LuckyCharm+1","TheCursedMod:ShockAndAwe","TheCursedMod:CircleOfBlood","TheCursedMod:CircleOfFocus","TheCursedMod:CircleOfAmplification","TheCursedMod:VoidForm","TheCursedMod:ForbiddenAlchemy","TheCursedMod:SpitefulStrike+1","jedi:forcepull+1","TheCursedMod:Wield+1","TheCursedMod:Wield+1","TheCursedMod:ManaCirculation+1","TheCursedMod:RapidMovement","TheCursedMod:ReleasedStrength","TheCursedMod:AbyssShockwave","TheCursedMod:DemonicPact","TheCursedMod:Grudge+1","TheCursedMod:SpitefulStrike","TheCursedMod:ForbiddenAlchemy","Clumsy","TheCursedMod:CircleOfWindfury","TheCursedMod:DemonicPact","TheCursedMod:Evocation+1","TheCursedMod:WearCloak+1","TheCursedMod:Wield+1","ReplayTheSpireMod:Faulty Equipment","TheCursedMod:ReleasedStrength+1","TheCursedMod:DemonicPact","Conjunction:Offense","Conjunction:Defense","TheCursedMod:SpitefulPlan","TheCursedMod:DemonSword"],"relics":["TheCursedMod:OminousMark","EVO:Axolotl","Gremlin Food","MerchantsRug","Vajra","trackpad:BottledTsunami","jedi:angrymask","Cursed Key","Garlic","Dota2Spire:BattleFury","Dota2Spire:MantaStyle","aspiration:FetidBarrel","trackpad:BiPhaseBiplane","Mercury Hourglass","hubris:Towel","StuffTheSpire:EmeraldSignet","hubris:64BitClover","Darkstone Periapt","Mango","Conjunction:SoulLantern","halation:LettersToHer","Runesmith:AutoHammer"],"acts_visited":["Exordium","TheCity","TheBeyond","TheEnding"],"potions_floor_usage":[4,4,5,6,6,8,8,8,11,11,11,11,16,16,16,18,18,20,20,23,23,23,33,35,35,38,38,46,47,47,48,50,50,50,54,54,55,55,55,55,55,55,55,55,55],"damage_taken":[{"damage":4,"enemies":"2 Louse","floor":1,"turns":3},{"damage":3,"enemies":"Cultist","floor":4,"turns":3},{"damage":0,"enemies":"Jaw Worm","floor":5,"turns":3},{"damage":0,"enemies":"Gremlin Nob","floor":6,"turns":3},{"damage":0,"enemies":"Exordium Wildlife","floor":8,"turns":4},{"damage":0,"enemies":"3 Louse","floor":11,"turns":3},{"damage":10,"enemies":"Blue Slaver","floor":14,"turns":3},{"damage":2,"enemies":"Fading Forest","floor":16,"turns":6},{"damage":0,"enemies":"Spheric Guardian","floor":18,"turns":2},{"damage":14,"enemies":"Shell Parasite","floor":20,"turns":3},{"damage":0,"enemies":"Snecko","floor":22,"turns":3},{"damage":0,"enemies":"Book of Stabbing","floor":23,"turns":2},{"damage":5,"enemies":"Gremlin Leader","floor":25,"turns":4},{"damage":3,"enemies":"Slavers","floor":27,"turns":2},{"damage":0,"enemies":"Pondfish","floor":33,"turns":6},{"damage":0,"enemies":"Orb Walker","floor":35,"turns":3},{"damage":6,"enemies":"3 Darklings","floor":38,"turns":3},{"damage":0,"enemies":"Giant Head","floor":41,"turns":4},{"damage":2,"enemies":"R_Hoarder","floor":42,"turns":5},{"damage":6,"enemies":"4 Shapes","floor":44,"turns":3},{"damage":2,"enemies":"Sphere and 2 Shapes","floor":46,"turns":3},{"damage":0,"enemies":"Jaw Worm Horde","floor":47,"turns":2},{"damage":5,"enemies":"4 Shapes","floor":48,"turns":3},{"damage":0,"enemies":"Awakened One","floor":50,"turns":5},{"damage":0,"enemies":"Shield and Spear","floor":54,"turns":3},{"damage":46,"enemies":"The Heart","floor":55,"turns":4}],"seed_played":"6300758183035521051","potions_obtained":[{"floor":6,"key":"blueLaboratory:PolymorphPotion"},{"floor":8,"key":"blueLaboratory:CorrosionFlask"},{"floor":14,"key":"blueLaboratory:Moonshine"},{"floor":16,"key":"Weak Potion"},{"floor":20,"key":"blueLaboratory:Moonshine"},{"floor":22,"key":"sneckomod:MuddlingPotion"},{"floor":23,"key":"blueLaboratory:HorrorPotion"},{"floor":35,"key":"jedi:wingpotion"},{"floor":37,"key":"SmokeBomb"},{"floor":37,"key":"SteroidPotion"},{"floor":44,"key":"Cursed Concoction"}],"is_trial":false,"path_per_floor":["M","$","?","M","M","E","$","M","T","T","M","T","R","M","R","B",null,"M","?","M","?","M","E","R","E","T","E","?","T","R","$","R","B",null,"M","?","?","M","?","R","E","E","T","M","?","M","M","M","R","B",null,"R","$","E","B",null],"character_chosen":"THE_CURSED","items_purchased":["MerchantsRug","Vajra","trackpad:BiPhaseBiplane","Mercury Hourglass","Mango","Conjunction:SoulLantern","halation:LettersToHer","TheCursedMod:SpitefulPlan"],"campfire_rested":2,"item_purchase_floors":[7,7,31,31,53,53,53,53],"current_hp_per_floor":[71,71,71,68,72,75,75,75,75,75,75,75,75,65,65,73,75,75,75,61,61,61,61,61,56,56,53,53,53,75,48,70,75,75,75,75,75,75,75,75,75,75,75,69,73,75,75,70,70,75,75,75,89,89,48],"gold":196,"neow_bonus":"ONE_RANDOM_RARE_CARD","is_daily":false,"chose_seed":false,"campfire_upgraded":5,"win_rate":0.0,"timestamp":1612823882,"path_taken":["M","$","?","M","M","E","$","?","T","?","?","?","R","M","R","BOSS","M","?","M","?","?","E","R","E","T","E","?","?","R","?","R","BOSS","M","?","?","?","?","R","E","E","T","M","?","M","?","M","R","BOSS","R","$","E","BOSS"],"items_purchased_type":["Relic","Relic","Relic","Relic","Relic","Relic","Relic","Card"],"build_version":"2020-12-22","purchased_purges":1,"victory":true,"max_hp_per_floor":[75,75,75,75,75,75,75,75,75,75,75,75,75,75,75,75,75,75,75,75,75,75,75,75,75,75,75,75,75,75,75,75,75,75,75,75,75,75,75,75,75,75,75,75,75,75,75,75,75,75,75,75,89,89,89],"relic_stats":{"Darkstone Periapt":0,"counters":[26,88],"Cursed Key":3,"obtain_stats":[{"Gremlin Food":6,"Darkstone Periapt":43,"MerchantsRug":7,"jedi:angrymask":12,"Dota2Spire:MantaStyle":27,"aspiration:FetidBarrel":29,"hubris:64BitClover":42,"Vajra":7,"Mango":53,"Conjunction:SoulLantern":53,"Dota2Spire:BattleFury":25,"StuffTheSpire:EmeraldSignet":41,"EVO:Axolotl":0,"hubris:Towel":36,"Cursed Key":17,"Mercury Hourglass":31,"keyreminder:keyreminder":6,"TheCursedMod:OminousMark":0,"reliquary:Buckler":26,"Garlic":23,"Runesmith:AutoHammer":54,"trackpad:BottledTsunami":10,"trackpad:BiPhaseBiplane":31,"halation:LettersToHer":53},{"Gremlin Food":4,"Darkstone Periapt":19,"MerchantsRug":4,"jedi:angrymask":6,"Dota2Spire:MantaStyle":14,"aspiration:FetidBarrel":14,"hubris:64BitClover":19,"Vajra":4,"Mango":24,"Conjunction:SoulLantern":24,"Dota2Spire:BattleFury":13,"StuffTheSpire:EmeraldSignet":18,"EVO:Axolotl":0,"hubris:Towel":16,"Cursed Key":8,"Mercury Hourglass":14,"keyreminder:keyreminder":4,"TheCursedMod:OminousMark":0,"reliquary:Buckler":13,"Garlic":12,"Runesmith:AutoHammer":25,"trackpad:BottledTsunami":5,"trackpad:BiPhaseBiplane":14,"halation:LettersToHer":24},{"Gremlin Food":12,"Darkstone Periapt":65,"MerchantsRug":12,"jedi:angrymask":19,"Dota2Spire:MantaStyle":44,"aspiration:FetidBarrel":44,"hubris:64BitClover":65,"Vajra":12,"Mango":81,"Conjunction:SoulLantern":81,"Dota2Spire:BattleFury":42,"StuffTheSpire:EmeraldSignet":60,"EVO:Axolotl":0,"hubris:Towel":53,"Cursed Key":28,"Mercury Hourglass":44,"keyreminder:keyreminder":12,"TheCursedMod:OminousMark":0,"reliquary:Buckler":42,"Garlic":38,"Runesmith:AutoHammer":84,"trackpad:BottledTsunami":16,"trackpad:BiPhaseBiplane":44,"halation:LettersToHer":81}],"Mercury Hourglass":[203]},"card_choices":[{"not_picked":["TheCursedMod:SoulReap","TheCursedMod:Stretching"],"picked":"TheCursedMod:SpitefulStrike","floor":1},{"not_picked":["HandOfGreed","Thinking Ahead"],"picked":"jedi:forcepull","floor":3},{"not_picked":["TheCursedMod:TacticalStrike","TheCursedMod:CircleOfFlame"],"picked":"TheCursedMod:Wield","floor":4},{"not_picked":["TheCursedMod:CursedShiv","TheCursedMod:CursedBoomerang"],"picked":"TheCursedMod:Wield","floor":5},{"not_picked":["TheCursedMod:CircleOfBlood","TheCursedMod:LuckyCharm"],"picked":"TheCursedMod:ManaCirculation","floor":6},{"not_picked":["TheCursedMod:FleshFromBone","TheCursedMod:SoulCrush"],"picked":"TheCursedMod:RapidMovement","floor":8},{"not_picked":["TheCursedMod:CursedShiv","TheCursedMod:SaltUponWound"],"picked":"TheCursedMod:ReleasedStrength","floor":11},{"not_picked":["TheCursedMod:CursedMace","TheCursedMod:EmpowerCircles"],"picked":"TheCursedMod:AbyssShockwave","floor":14},{"not_picked":["TheCursedMod:DarkBarrier","TheCursedMod:ShockAndAwe"],"picked":"TheCursedMod:DemonicPact","floor":16},{"not_picked":["TheCursedMod:Torture","TheCursedMod:Stretching"],"picked":"TheCursedMod:Grudge","floor":18},{"not_picked":["TheCursedMod:CursedShiv","TheCursedMod:ReleasedKnowledge+1"],"picked":"TheCursedMod:SpitefulStrike","floor":20},{"not_picked":["TheCursedMod:RavingStaff","TheCursedMod:FleshFromBone+1","TheCursedMod:SmokeScreen"],"picked":"SKIP","floor":22},{"not_picked":["TheCursedMod:CircleOfCorruption","TheCursedMod:ParallelWorld"],"picked":"TheCursedMod:ForbiddenAlchemy","floor":23},{"not_picked":["TheCursedMod:RapidMovement","TheCursedMod:CursedAmulet","TheCursedMod:AntiAging"],"picked":"SKIP","floor":25},{"not_picked":["TheCursedMod:UltimatePain","TheCursedMod:Obscuration+1"],"picked":"TheCursedMod:CircleOfWindfury","floor":27},{"not_picked":["TheCursedMod:CursedRelics","TheCursedMod:UltimatePain"],"picked":"TheCursedMod:DemonicPact","floor":33},{"not_picked":["TheCursedMod:RavingStaff","TheCursedMod:CircleOfCorruption+1"],"picked":"TheCursedMod:Evocation+1","floor":35},{"not_picked":["TheCursedMod:CircleOfFlame","TheCursedMod:Mangle+1"],"picked":"TheCursedMod:WearCloak+1","floor":38},{"not_picked":["TheCursedMod:ReleasedKnowledge","TheCursedMod:CircleOfAbyss"],"picked":"TheCursedMod:Wield+1","floor":41},{"not_picked":["TheCursedMod:CursedStaff","TheCursedMod:SmokeScreen","TheCursedMod:OutForBlood"],"picked":"SKIP","floor":42},{"not_picked":["TheCursedMod:SoulReap+1","TheCursedMod:CircleOfFocus+1"],"picked":"TheCursedMod:ReleasedStrength+1","floor":44},{"not_picked":["TheCursedMod:Obscuration+1","TheCursedMod:Stretching+1","TheCursedMod:VitalStrike+1"],"picked":"SKIP","floor":46},{"not_picked":["TheCursedMod:Wield","TheCursedMod:Hemoplague"],"picked":"TheCursedMod:DemonicPact","floor":47},{"not_picked":["TheCursedMod:Stretching+1","TheCursedMod:Obscuration+1","TheCursedMod:TacticalStrike+1"],"picked":"SKIP","floor":48},{"not_picked":["TheCursedMod:CursedStaff+1","TheCursedMod:CursedArmor"],"picked":"TheCursedMod:DemonSword","floor":54}],"player_experience":391289,"relics_obtained":[{"floor":6,"key":"Gremlin Food"},{"floor":10,"key":"trackpad:BottledTsunami"},{"floor":12,"key":"jedi:angrymask"},{"floor":23,"key":"Garlic"},{"floor":25,"key":"Dota2Spire:BattleFury"},{"floor":26,"key":"reliquary:Buckler"},{"floor":27,"key":"Dota2Spire:MantaStyle"},{"floor":29,"key":"aspiration:FetidBarrel"},{"floor":41,"key":"StuffTheSpire:EmeraldSignet"},{"floor":42,"key":"hubris:64BitClover"},{"floor":43,"key":"Darkstone Periapt"},{"floor":54,"key":"Runesmith:AutoHammer"}],"event_choices":[{"damage_healed":0,"gold_gain":1,"player_choice":"1","damage_taken":0,"max_hp_gain":0,"max_hp_loss":0,"event_name":"betterStone:BetterStone","floor":3,"gold_loss":0},{"cards_removed":["hubris:Greed","hubris:Greed","hubris:Greed","hubris:Greed","hubris:Greed","hubris:Greed","hubris:Greed","hubris:Greed","hubris:Greed","hubris:Greed","Clumsy","hubris:Greed","hubris:Greed","hubris:Greed"],"damage_healed":0,"gold_gain":0,"player_choice":"Removed Curses","damage_taken":0,"max_hp_gain":0,"max_hp_loss":0,"event_name":"Fountain of Cleansing","floor":21,"gold_loss":0},{"damage_healed":0,"gold_gain":99,"player_choice":"Steal","damage_taken":0,"max_hp_gain":0,"max_hp_loss":0,"event_name":"betterThird:BetterNest","floor":28,"gold_loss":0},{"damage_healed":0,"gold_gain":0,"player_choice":"Got Potions","damage_taken":0,"max_hp_gain":0,"max_hp_loss":0,"event_name":"Lab","floor":37,"gold_loss":0},{"damage_healed":0,"gold_gain":0,"player_choice":"Random: Green","damage_taken":0,"max_hp_gain":0,"max_hp_loss":0,"event_name":"betterThird:BetterPortal","floor":45,"gold_loss":0},{"damage_healed":4,"gold_gain":0,"player_choice":"LEAVE ","damage_taken":0,"relics_obtained":[],"max_hp_gain":0,"max_hp_loss":0,"event_name":"betterSkull:BetterSkull","floor":45,"gold_loss":0,"cards_upgraded":[]}],"is_beta":false,"boss_relics":[{"not_picked":["StuffTheSpire:RunicConfusion","Snecko Eye"],"picked":"Cursed Key"},{"not_picked":["jedi:hotpepper","reliquary:Ember","hubris:RunicObelisk"]}],"items_purged_floors":[53],"is_endless":false,"potions_floor_spawned":[6,8,14,16,20,22,23,35,44],"ascension_level":1}}