{"host":"qhn6g0owdgjb77rz","time":1612750226,"event":{"mods":["BaseMod","BetterRewards","Colored Map","Downfall","Minty Spire (QoL Compilation)","Relic Sorter","Reliquary","Spire Arcade","StSLib"],"gold_per_floor":[99,111,128,139,139,155,155,185,56,67,67,87,87,121,140,243,243,143,156,167,177,126,143,191,291,324,342,352,384,184,196,216,314,314,314,314],"floor_reached":34,"language":"ENG","playtime":2512,"items_purged":["Pain"],"score":483,"play_id":"ffebc431-7617-4e8e-b384-94fd2db4ed26","local_time":"20210208111026","is_ascension_mode":true,"campfire_choices":[{"floor":1.0,"key":"RECALL"},{"data":"Slimebound:GrowthPunch","floor":11.0,"key":"SMITH"},{"data":"Slimebound:GoopSpray","floor":13.0,"key":"SMITH"},{"data":"Slimebound:DuplicatedForm","floor":18.0,"key":"SMITH"},{"data":"Slimebound:TongueLash","floor":30.0,"key":"SMITH"}],"circlet_count":0,"master_deck":["Slimebound:Strike_Slimebound","Slimebound:Strike_Slimebound","Slimebound:Strike_Slimebound","Slimebound:Defend_Slimebound","Slimebound:Defend_Slimebound","Slimebound:Defend_Slimebound","Slimebound:Defend_Slimebound","Slimebound:Split","Slimebound:CorrosiveSpit","Slimebound:WasteNot","Slimebound:SamplingLick","Slimebound:Nibble","Slimebound:HauntingLick","Slimebound:HauntingLick","Slimebound:Schlurp","Slimebound:GrowthPunch+1","Slimebound:HauntingLick","Slimebound:GoopSpray+1","Slimebound:DuplicatedForm+1","Slimebound:SplitSpecialist","Slimebound:Grow","Slimebound:LeadByExample+1","Slimebound:Prepare+1","Slimebound:MegaLick","J.A.X.","Slimebound:PressTheAttack","Slimebound:WasteNot","Slimebound:TongueLash+1","Slimebound:SamplingLick"],"relics":["Slimebound:AbsorbEndCombat","WarpedTongs","Slimebound:MaxSlimesRelic","reliquary:QuartzCube","Bird Faced Urn","reliquary:Ember","downfall:HeartBlessingRed","MutagenicStrength","Shovel","Guardian:PocketSentry","downfall:HeartBlessingBlue","downfall:HeartBlessingGreen"],"acts_visited":["Exordium","TheCity","TheBeyond"],"potions_floor_usage":[],"damage_taken":[{"damage":5.0,"enemies":"Cultist","floor":2.0,"turns":4.0},{"damage":0.0,"enemies":"2 Louse","floor":3.0,"turns":3.0},{"damage":5.0,"enemies":"Small Slimes","floor":4.0,"turns":4.0},{"damage":19.0,"enemies":"Exordium Wildlife","floor":6.0,"turns":5.0},{"damage":14.0,"enemies":"3 Sentries","floor":8.0,"turns":7.0},{"damage":5.0,"enemies":"downfall:FleeingMerchant","floor":9.0,"turns":4.0},{"damage":0.0,"enemies":"3 Louse","floor":10.0,"turns":3.0},{"damage":6.0,"enemies":"2 Fungi Beasts","floor":12.0,"turns":3.0},{"damage":4.0,"enemies":"Gremlin Nob","floor":14.0,"turns":3.0},{"damage":10.0,"enemies":"Blue Slaver","floor":15.0,"turns":2.0},{"damage":15.0,"enemies":"WA_ARCHETYPE_RETAIN","floor":16.0,"turns":5.0},{"damage":0.0,"enemies":"3 Byrds","floor":19.0,"turns":5.0},{"damage":14.0,"enemies":"Shell Parasite","floor":20.0,"turns":4.0},{"damage":22.0,"enemies":"Cultist and Chosen","floor":21.0,"turns":7.0},{"damage":15.0,"enemies":"downfall:FleeingMerchant","floor":22.0,"turns":4.0},{"damage":28.0,"enemies":"Shelled Parasite and Fungi","floor":23.0,"turns":6.0},{"damage":49.0,"enemies":"downfall:Augmenter","floor":25.0,"turns":5.0},{"damage":22.0,"enemies":"Book of Stabbing","floor":26.0,"turns":3.0},{"damage":21.0,"enemies":"Snecko","floor":27.0,"turns":5.0},{"damage":28.0,"enemies":"Snake Plant","floor":28.0,"turns":4.0},{"damage":42.0,"enemies":"Gremlin Leader","floor":29.0,"turns":5.0},{"damage":15.0,"enemies":"3 Cultists","floor":31.0,"turns":4.0},{"damage":15.0,"enemies":"Chosen and Byrds","floor":32.0,"turns":4.0},{"damage":54.0,"enemies":"IC_MUSHROOM_ARCHETYPE","floor":33.0,"turns":7.0}],"seed_played":"1267556781172118895","potions_obtained":[{"floor":4.0,"key":"Slimebound:SlimedPotion"},{"floor":12.0,"key":"SteroidPotion"},{"floor":14.0,"key":"Ancient Potion"},{"floor":15.0,"key":"DuplicationPotion"},{"floor":26.0,"key":"GamblersBrew"},{"floor":29.0,"key":"SpeedPotion"},{"floor":33.0,"key":"Regen Potion"}],"is_trial":false,"path_per_floor":["R","M","M","M","?","M","T","E","$","M","R","M","R","E","M","B",null,"R","M","M","M","$","M","T","?","E","M","M","E","R","M","M","B",null],"character_chosen":"SLIMEBOUND","items_purchased":["Slimebound:GrowthPunch","Slimebound:MegaLick"],"campfire_rested":0,"item_purchase_floors":[9,22],"current_hp_per_floor":[65,61,65,60,60,49,49,41,44,50,50,48,48,52,48,58,65,65,65,57,60,65,47,47,29,34,38,33,20,30,42,50,25,75,75,75],"gold":314,"neow_bonus":"ONE_RANDOM_RARE_CARD","is_daily":false,"chose_seed":false,"campfire_upgraded":4,"win_rate":0.0,"timestamp":1612750226,"path_taken":["R","M","M","M","?","M","T","E","$","M","R","M","R","E","M","BOSS","R","M","M","M","$","M","T","?","E","M","M","E","R","M","M","BOSS"],"items_purchased_type":["Card","Card"],"build_version":"2020-12-22","purchased_purges":1,"victory":false,"max_hp_per_floor":[65,65,65,65,65,65,65,65,65,65,65,65,65,65,65,65,65,65,65,65,65,65,65,65,65,65,65,65,65,75,75,75,75,75,75,75],"card_choices":[{"not_picked":["Slimebound:SlimeSpikes","Slimebound:BestDefense"],"picked":"Slimebound:SamplingLick","floor":2.0},{"not_picked":["Slimebound:SplitAcid","Slimebound:ComboTackle"],"picked":"Slimebound:Nibble","floor":3.0},{"not_picked":["Slimebound:GoopSpray","Slimebound:DivideAndConquer"],"picked":"Slimebound:HauntingLick","floor":4.0},{"not_picked":["Slimebound:BestDefense","Slimebound:SplitMire"],"picked":"Slimebound:HauntingLick","floor":6.0},{"not_picked":["Slimebound:LivingWall","Slimebound:DisruptingSlam"],"picked":"Slimebound:Schlurp","floor":8.0},{"not_picked":["Slimebound:GoopTackle","Slimebound:LeechingTouch","Slimebound:PressTheAttack"],"picked":"SKIP","floor":9.0},{"not_picked":["Slimebound:RainOfGoop","Slimebound:PressTheAttack"],"picked":"Slimebound:HauntingLick","floor":10.0},{"not_picked":["Slimebound:SplitMire","Slimebound:Equalize"],"picked":"Slimebound:GoopSpray","floor":12.0},{"not_picked":["Slimebound:Nibble","Slimebound:SlimeSpikes"],"picked":"Slimebound:DuplicatedForm","floor":14.0},{"not_picked":["Slimebound:TongueLash","Slimebound:SamplingLick"],"picked":"Slimebound:SplitSpecialist","floor":15.0},{"not_picked":["Slimebound:SplitSpecialist","Slimebound:GoopSpray"],"picked":"Slimebound:Grow","floor":19.0},{"not_picked":["Slimebound:ComboTackle+1","Slimebound:Prepare"],"picked":"Slimebound:LeadByExample+1","floor":20.0},{"not_picked":["Slimebound:FormOfPuddle","Slimebound:LivingWall"],"picked":"Slimebound:Prepare+1","floor":21.0},{"not_picked":["Slimebound:MassRepurpose","Slimebound:LeechEnergy","Slimebound:SplitSpecialist"],"picked":"SKIP","floor":22.0},{"not_picked":["Slimebound:ComboTackle","Slimebound:FlameTackle+1","Slimebound:LivingWall"],"picked":"SKIP","floor":23.0},{"not_picked":[],"picked":"J.A.X.","floor":25.0},{"not_picked":["Slimebound:Nibble","Slimebound:GoopSpray+1"],"picked":"Slimebound:WasteNot","floor":26.0},{"not_picked":["Slimebound:HungryTackle","Slimebound:GoopTackle","Slimebound:GoopSpray"],"picked":"SKIP","floor":27.0},{"not_picked":["Slimebound:ServeAndProtect","Slimebound:Prepare+1"],"picked":"Slimebound:TongueLash","floor":28.0},{"not_picked":["Slimebound:ComboTackle","Slimebound:SelfFormingGoo","Slimebound:SlimeTap"],"picked":"SKIP","floor":29.0},{"not_picked":["Slimebound:SplitBruiser","Slimebound:SplitLeeching"],"picked":"Slimebound:SamplingLick","floor":31.0},{"not_picked":["Slimebound:Chomp+1","Slimebound:Dissolve","Slimebound:DivideAndConquer+1"],"picked":"SKIP","floor":32.0}],"player_experience":672751,"relics_obtained":[{"floor":7.0,"key":"Slimebound:MaxSlimesRelic"},{"floor":8.0,"key":"reliquary:QuartzCube"},{"floor":14.0,"key":"Bird Faced Urn"},{"floor":25.0,"key":"MutagenicStrength"},{"floor":26.0,"key":"Shovel"},{"floor":29.0,"key":"Guardian:PocketSentry"}],"event_choices":[{"damage_healed":0.0,"max_hp_gain":0.0,"max_hp_loss":0.0,"gold_gain":0.0,"event_name":"Accursed Blacksmith","player_choice":"Rummage","floor":5.0,"gold_loss":0.0,"damage_taken":0.0,"relics_obtained":["WarpedTongs"],"cards_obtained":["Pain"]}],"is_beta":false,"boss_relics":[{"not_picked":["Empty Cage","SlaversCollar"],"picked":"reliquary:Ember"},{"not_picked":["reliquary:WritOfMandamus","Snecko Eye","Velvet Choker"]}],"items_purged_floors":[9],"is_endless":false,"potions_floor_spawned":[4,12,14,15,16,23,25,26,29,33],"ascension_level":1}}