{"host":"pm6tps78s2qrawcb","time":1612808828,"event":{"mods":["BaseMod","BetterRewards","Colored Map","DeckTracker","Downfall","Hubris","Infinite Spire","Mimic Mod","Minty Spire (QoL Compilation)","Reliquary","Shop Mod","StSLib"],"gold_per_floor":[99,119,138,138,238,413,439,467,482,513,513,532,532,532,532],"floor_reached":13,"language":"ENG","playtime":794,"items_purged":[],"score":93,"play_id":"33ff46bd-8d67-4d73-97f3-a80edb8ee287","local_time":"20210208182708","is_ascension_mode":false,"campfire_choices":[{"data":"Guardian:CurlUp","floor":1.0,"key":"SMITH"}],"circlet_count":0,"master_deck":["Guardian:Strike_Guardian","Guardian:Strike_Guardian","Guardian:Strike_Guardian","Guardian:Strike_Guardian","Guardian:Defend_Guardian","Guardian:Defend_Guardian","Guardian:Defend_Guardian","Guardian:CurlUp+1","Guardian:TwinSlam","Guardian:ShieldSpikes","Guardian:WalkerClaw","Doubt","Guardian:SphericShield","Guardian:RollAttack","Guardian:Gem_Green"],"relics":["Guardian:ModeShifter","Ancient Tea Set","reliquary:Knoch","downfall:BrokenWingStatue"],"acts_visited":["Exordium"],"potions_floor_usage":[],"damage_taken":[{"damage":16.0,"enemies":"Jaw Worm","floor":2.0,"turns":5.0},{"damage":0.0,"enemies":"2 Louse","floor":3.0,"turns":4.0},{"damage":15.0,"enemies":"3 Sentries","floor":8.0,"turns":16.0},{"damage":5.0,"enemies":"Cultist","floor":9.0,"turns":6.0},{"damage":14.0,"enemies":"Gremlin Nob","floor":10.0,"turns":4.0},{"damage":0.0,"enemies":"Large Slime","floor":12.0,"turns":5.0},{"damage":39,"enemies":"3 Sentries","floor":13,"turns":13}],"seed_played":"8986219951942981327","potions_obtained":[{"floor":8.0,"key":"Energy Potion"},{"floor":10.0,"key":"Swift Potion"}],"is_trial":false,"path_per_floor":["R","M","M","?","?","?","T","E","M","E","?","M","E"],"character_chosen":"GUARDIAN","items_purchased":[],"campfire_rested":0,"item_purchase_floors":[],"current_hp_per_floor":[88,72,72,72,72,72,72,57,52,38,38,38,0,0,0],"gold":532,"neow_bonus":"TEN_PERCENT_HP_BONUS","is_daily":false,"chose_seed":false,"campfire_upgraded":1,"win_rate":0.0,"timestamp":1612808828,"path_taken":["R","M","M","?","?","?","T","E","M","E","?","M","E"],"items_purchased_type":[],"build_version":"2020-12-22","purchased_purges":0,"victory":false,"max_hp_per_floor":[88,88,88,88,88,88,88,88,88,88,88,88,88,88,88],"card_choices":[{"not_picked":["Guardian:ChargeCore","Guardian:Gem_Red"],"picked":"Guardian:ShieldSpikes","floor":2.0},{"not_picked":["Guardian:Reroute","Guardian:Planning"],"picked":"Guardian:WalkerClaw","floor":3.0},{"not_picked":["Guardian:Repulse","Guardian:VentSteam"],"picked":"Guardian:SphericShield","floor":8.0},{"not_picked":["Guardian:CrystalBeam","Guardian:Recover"],"picked":"Guardian:RollAttack","floor":9.0},{"not_picked":["Guardian:CrystalBeam","Guardian:WalkerClaw"],"picked":"Guardian:Gem_Green","floor":10.0},{"not_picked":["Guardian:Gem_Cyan","Guardian:Planning","Guardian:ShieldSpikes"],"picked":"SKIP","floor":12}],"player_experience":276709,"relics_obtained":[{"floor":8.0,"key":"Ancient Tea Set"},{"floor":10.0,"key":"reliquary:Knoch"}],"event_choices":[],"is_beta":false,"boss_relics":[],"items_purged_floors":[],"is_endless":false,"potions_floor_spawned":[8,10],"killed_by":"3 Sentries","ascension_level":0}}