{"host":"aw6ta4ll26ap9lu8","time":1612745040,"event":{"mods":["AchievementEnabler","AlwaysNeverKeys","BaseMod","Bestiary","Block Reminder","Colored Map","Colored Powertips","Dark Map","DeckTracker","Highlight Path","Minty Spire (QoL Compilation)","Permanent Neow","Quick Restart","Relic Stats","StSLib"],"gold_per_floor":[111,129,143,143,143,143,68,68,150,175,175,206,219,247,247,346,346,358,358,273,291,216,244,244,244],"floor_reached":24,"language":"ENG","playtime":656,"items_purged":["Strike_P"],"score":491,"play_id":"627c219e-2779-46af-98dc-dc96c1a372cf","local_time":"20210207194400","is_ascension_mode":true,"campfire_choices":[{"data":"Consecrate","floor":6,"key":"SMITH"},{"data":"FlyingSleeves","floor":8,"key":"SMITH"},{"floor":11,"key":"REST"},{"data":"FlyingSleeves","floor":15,"key":"SMITH"}],"circlet_count":0,"master_deck":["AscendersBane","Strike_P","Defend_P+1","Eruption+1","Vigilance","FlyingSleeves+1","Consecrate+1","TalkToTheHand+1","FlyingSleeves+1","DevaForm"],"relics":["PureWater","Pantograph","Regal Pillow","Damaru","Ice Cream","Empty Cage","MealTicket","Pen Nib"],"acts_visited":["Exordium","TheCity"],"potions_floor_usage":[10,13,18,24],"damage_taken":[{"damage":11,"enemies":"2 Louse","floor":1,"turns":3},{"damage":3,"enemies":"Small Slimes","floor":2,"turns":4},{"damage":0,"enemies":"Cultist","floor":3,"turns":2},{"damage":6,"enemies":"Lagavulin","floor":10,"turns":4},{"damage":0,"enemies":"Gremlin Nob","floor":12,"turns":2},{"damage":4,"enemies":"Exordium Wildlife","floor":13,"turns":2},{"damage":12,"enemies":"3 Sentries","floor":14,"turns":6},{"damage":0,"enemies":"Slime Boss","floor":16,"turns":6},{"damage":1,"enemies":"3 Byrds","floor":18,"turns":3},{"damage":4,"enemies":"Chosen","floor":21,"turns":4},{"damage":59,"enemies":"Slavers","floor":23,"turns":10},{"damage":16,"enemies":"Snake Plant","floor":24,"turns":1}],"seed_played":"3611909318074347087","potions_obtained":[{"floor":1,"key":"Explosive Potion"},{"floor":2,"key":"PowerPotion"},{"floor":14,"key":"Explosive Potion"},{"floor":18,"key":"Strength Potion"},{"floor":21,"key":"Dexterity Potion"}],"is_trial":false,"path_per_floor":["M","M","M","?","?","R","$","R","T","E","R","E","M","E","R","B",null,"M","?","?","M","?","E","M"],"character_chosen":"WATCHER","items_purchased":[],"campfire_rested":1,"item_purchase_floors":[],"current_hp_per_floor":[54,51,51,37,37,37,37,37,37,31,67,67,63,51,51,72,72,71,71,71,67,67,8,0,0],"gold":244,"neow_bonus":"REMOVE_CARD","is_daily":false,"chose_seed":false,"campfire_upgraded":3,"win_rate":0.0,"timestamp":1612745040,"path_taken":["M","M","M","?","?","R","$","R","T","E","R","E","?","E","R","BOSS","M","?","?","M","?","E","M"],"items_purchased_type":[],"build_version":"2020-12-22","purchased_purges":1,"victory":false,"max_hp_per_floor":[72,72,72,72,72,72,72,72,72,72,72,72,72,72,72,72,72,72,72,72,72,72,72,72,72],"relic_stats":{"Regal Pillow":15,"counters":[12,47],"Pantograph":21,"MealTicket":0,"Pen Nib":[0],"obtain_stats":[{"Ice Cream":14,"Regal Pillow":10,"Pantograph":9,"Damaru":12,"MealTicket":20,"Pen Nib":23,"PureWater":0,"Empty Cage":17},{"Ice Cream":7,"Regal Pillow":4,"Pantograph":3,"Damaru":5,"MealTicket":9,"Pen Nib":11,"PureWater":0,"Empty Cage":8},{"Ice Cream":23,"Regal Pillow":13,"Pantograph":9,"Damaru":15,"MealTicket":32,"Pen Nib":46,"PureWater":0,"Empty Cage":29}]},"card_choices":[{"not_picked":["Conclude","Wireheading"],"picked":"FlyingSleeves","floor":1},{"not_picked":["Tantrum","EmptyFist"],"picked":"Consecrate","floor":2},{"not_picked":["WheelKick","BowlingBash"],"picked":"TalkToTheHand","floor":3},{"not_picked":["ClearTheMind","PathToVictory","MentalFortress"],"picked":"SKIP","floor":10},{"not_picked":["WaveOfTheHand","Consecrate","Protect"],"picked":"SKIP","floor":12},{"not_picked":["SignatureMove","BowlingBash"],"picked":"FlyingSleeves","floor":13},{"not_picked":["EmptyFist","Weave","Worship"],"picked":"SKIP","floor":14},{"not_picked":["Alpha","Blasphemy"],"picked":"DevaForm","floor":16},{"not_picked":["JustLucky","Pray","Perseverance"],"picked":"SKIP","floor":18},{"not_picked":["EmptyBody","FlurryOfBlows","WaveOfTheHand"],"picked":"SKIP","floor":21},{"not_picked":["EmptyFist","Worship","EmptyBody+1"],"picked":"SKIP","floor":23}],"player_experience":634774,"relics_obtained":[{"floor":9,"key":"Pantograph"},{"floor":10,"key":"Regal Pillow"},{"floor":12,"key":"Damaru"},{"floor":14,"key":"Ice Cream"},{"floor":23,"key":"Pen Nib"}],"event_choices":[{"damage_healed":0,"gold_gain":0,"player_choice":"Entered Light","damage_taken":14,"max_hp_gain":0,"max_hp_loss":0,"event_name":"Shining Light","floor":4,"gold_loss":0,"cards_upgraded":["Defend_P","Eruption"]},{"damage_healed":0,"gold_gain":0,"player_choice":"Forge","damage_taken":0,"max_hp_gain":0,"max_hp_loss":0,"event_name":"Accursed Blacksmith","floor":5,"gold_loss":0,"cards_upgraded":["TalkToTheHand"]},{"cards_removed":["Defend_P"],"damage_healed":0,"gold_gain":0,"player_choice":"Elegance","damage_taken":0,"max_hp_gain":0,"max_hp_loss":0,"event_name":"Back to Basics","floor":19,"gold_loss":0},{"damage_healed":0,"gold_gain":0,"player_choice":"Obtained Relic","damage_taken":0,"relics_obtained":["MealTicket"],"max_hp_gain":0,"max_hp_loss":0,"event_name":"Addict","floor":20,"gold_loss":85},{"cards_removed":["Defend_P"],"damage_healed":0,"gold_gain":0,"player_choice":"Gave Gold","damage_taken":0,"max_hp_gain":0,"max_hp_loss":0,"event_name":"Beggar","floor":22,"gold_loss":75}],"is_beta":false,"boss_relics":[{"not_picked":["Snecko Eye","Pandora\u0027s Box"],"picked":"Empty Cage"}],"items_purged_floors":[7],"is_endless":false,"potions_floor_spawned":[1,2,3,14,18,21,23],"killed_by":"Snake Plant","ascension_level":12}}