{"host":"1v3mnj67s3trvm6y","time":1612768679,"event":{"mods":["BaseMod","Challenge The Spire","Downfall","Minty Spire (QoL Compilation)","StSLib"],"gold_per_floor":[99,119,139,157,185,185,212,228,128,141,141,159,200,226,252,252,252,252],"floor_reached":16,"language":"ENG","playtime":1215,"items_purged":[],"score":108,"play_id":"98d30ad9-3bb8-4065-9897-ee546a2013c1","local_time":"20210208161759","is_ascension_mode":false,"campfire_choices":[{"data":"hexamod:Float","floor":1,"key":"SMITH"},{"data":"hexamod:Sear","floor":6,"key":"SMITH"},{"floor":9,"key":"REST"}],"circlet_count":0,"master_deck":["hexamod:Strike","hexamod:Strike","hexamod:Strike","hexamod:Strike","hexamod:Defend","hexamod:Defend","hexamod:Defend","hexamod:Sear+1","hexamod:Float+1","hexamod:Again","hexamod:SecondSeal","hexamod:InspiringFlames","hexamod:PhantomCloak","hexamod:AdvancingGuard","hexamod:TimeWarp","hexamod:TimeWarp","hexamod:TimeOfNeed","hexamod:FastForward","hexamod:FourthSeal"],"relics":["hexamod:SpiritBrand","downfall:HeartBlessingBlue","Potion Belt"],"acts_visited":["Exordium"],"potions_floor_usage":[10,13,13,13,16],"damage_taken":[{"damage":0,"enemies":"Cultist","floor":2,"turns":3},{"damage":0,"enemies":"Small Slimes","floor":3,"turns":3},{"damage":0,"enemies":"2 Louse","floor":4,"turns":3},{"damage":16,"enemies":"Exordium Wildlife","floor":5,"turns":6},{"damage":6,"enemies":"2 Fungi Beasts","floor":8,"turns":5},{"damage":28,"enemies":"Gremlin Gang","floor":10,"turns":6},{"damage":12,"enemies":"2 Fungi Beasts","floor":12,"turns":5},{"damage":4,"enemies":"Lagavulin","floor":13,"turns":5},{"damage":17,"enemies":"Large Slime","floor":14,"turns":5},{"damage":0,"enemies":"Red Slaver","floor":15,"turns":4},{"damage":22,"enemies":"IC_STATUS_ARCHETYPE","floor":16,"turns":8}],"seed_played":"319311836330688740","potions_obtained":[{"floor":2,"key":"DuplicationPotion"},{"floor":3,"key":"Strength Potion"},{"floor":10,"key":"Energy Potion"},{"floor":12,"key":"EntropicBrew"},{"floor":13,"key":"Dexterity Potion"}],"is_trial":false,"path_per_floor":["R","M","M","M","M","R","T","M","R","M","?","M","E","M","M","B"],"character_chosen":"THE_SPIRIT","items_purchased":[],"campfire_rested":1,"item_purchase_floors":[],"current_hp_per_floor":[70,70,70,70,54,54,54,48,80,52,52,40,36,19,19,0,0,0],"gold":252,"neow_bonus":"REMOVE_CARD","is_daily":false,"chose_seed":false,"campfire_upgraded":2,"win_rate":0.0,"timestamp":1612768679,"path_taken":["R","M","M","M","?","R","T","M","R","M","?","M","E","M","M","BOSS"],"items_purchased_type":[],"build_version":"2020-12-22","purchased_purges":0,"victory":false,"max_hp_per_floor":[70,70,70,70,70,70,70,70,80,80,80,80,80,80,80,80,80,80],"card_choices":[{"not_picked":["hexamod:Rewind","hexamod:PowerFromBeyond"],"picked":"hexamod:Again","floor":2},{"not_picked":["hexamod:Hexaguard","hexamod:NightmareGuise"],"picked":"hexamod:SecondSeal","floor":3},{"not_picked":["hexamod:FlamesFromBeyond","hexamod:HeatMetal"],"picked":"hexamod:InspiringFlames","floor":4},{"not_picked":["hexamod:Hexaguard","hexamod:DynamicBlow"],"picked":"hexamod:PhantomCloak","floor":5},{"not_picked":["hexamod:RecurringNightmare","hexamod:SwordOfDarkness"],"picked":"hexamod:AdvancingGuard","floor":8},{"not_picked":["hexamod:RetreatToShadows","hexamod:BacktrackSmack"],"picked":"hexamod:TimeWarp","floor":10},{"not_picked":["hexamod:NightmareStrike","hexamod:GhostShield","hexamod:FlamesFromBeyond"],"picked":"SKIP","floor":12},{"not_picked":["hexamod:FlamesFromBeyond","hexamod:EtherealExpedition"],"picked":"hexamod:TimeOfNeed","floor":13},{"not_picked":["hexamod:BacktrackSmack","hexamod:NightmareGuise"],"picked":"hexamod:FastForward","floor":14},{"not_picked":["hexamod:NightmareGuise","hexamod:NecessarySacrifice"],"picked":"hexamod:FourthSeal","floor":15}],"player_experience":1766121,"relics_obtained":[{"floor":13,"key":"Potion Belt"}],"event_choices":[],"is_beta":false,"boss_relics":[],"items_purged_floors":[],"is_endless":false,"potions_floor_spawned":[2,3,10,12,13],"killed_by":"IC_STATUS_ARCHETYPE","ascension_level":0}}