{"host":"l8n3qytufxtuz5eu","time":1612828761,"event":{"mods":["BaseMod","Colored Map","Minty Spire (QoL Compilation)","Relic Stats"],"gold_per_floor":[111,122,122,122,132,163,163,179,204,236,236,267,267,267,267,387,387,410,33,53,53,53,53,53,53],"floor_reached":24,"language":"ENG","playtime":1816,"items_purged":["Strike_B"],"score":318,"play_id":"f876f862-ea0c-4b0a-b890-17ba685e5b15","local_time":"20210208155921","is_ascension_mode":true,"campfire_choices":[{"data":"Hologram","floor":7.0,"key":"SMITH"},{"floor":11.0,"key":"REST"},{"data":"Sunder","floor":13.0,"key":"SMITH"},{"data":"Creative AI","floor":15.0,"key":"SMITH"},{"data":"Electrodynamics","floor":23,"key":"SMITH"}],"circlet_count":0,"master_deck":["AscendersBane","Strike_B","Strike_B","Strike_B","Defend_B","Defend_B","Defend_B","Defend_B","Zap","Dualcast","Rainbow","Gash","Capacitor","Conserve Battery","Electrodynamics+1","Sunder+1","Hologram+1","Loop","Chill","Creative AI+1","Core Surge","Conserve Battery","Gash","Recycle"],"relics":["Cracked Core","Oddly Smooth Stone","Orichalcum","Regal Pillow","Bottled Flame","Golden Idol","Cursed Key","Eternal Feather","CultistMask"],"acts_visited":["Exordium","TheCity"],"potions_floor_usage":[20,20],"damage_taken":[{"damage":5.0,"enemies":"2 Louse","floor":1.0,"turns":2.0},{"damage":8.0,"enemies":"Small Slimes","floor":2.0,"turns":3.0},{"damage":10.0,"enemies":"Cultist","floor":5.0,"turns":4.0},{"damage":23.0,"enemies":"3 Sentries","floor":6.0,"turns":3.0},{"damage":4.0,"enemies":"Exordium Wildlife","floor":8.0,"turns":3.0},{"damage":15.0,"enemies":"Lagavulin","floor":10.0,"turns":5.0},{"damage":4.0,"enemies":"3 Sentries","floor":12.0,"turns":6.0},{"damage":10.0,"enemies":"Slime Boss","floor":16.0,"turns":7.0},{"damage":14.0,"enemies":"Chosen","floor":18.0,"turns":5.0},{"damage":30,"enemies":"2 Thieves","floor":20,"turns":3},{"damage":32,"enemies":"Centurion and Healer","floor":24,"turns":4}],"seed_played":"-6346530986108080630","potions_obtained":[{"floor":1.0,"key":"FocusPotion"},{"floor":2.0,"key":"LiquidMemories"},{"floor":10.0,"key":"Energy Potion"},{"floor":16.0,"key":"Swift Potion"},{"floor":18.0,"key":"ColorlessPotion"}],"is_trial":false,"path_per_floor":["M","M","?","?","M","E","R","M","T","E","R","E","R","?","R","B",null,"M","$","M","?","?","R","M"],"character_chosen":"DEFECT","items_purchased":["Gash","Eternal Feather"],"campfire_rested":1,"item_purchase_floors":[19,19],"current_hp_per_floor":[63,55,60,60,50,27,27,23,23,8,47,43,43,43,43,33,64,50,50,20,20,20,32,0,0],"gold":53,"neow_bonus":"ONE_RANDOM_RARE_CARD","is_daily":false,"chose_seed":false,"campfire_upgraded":4,"win_rate":0.0,"timestamp":1612828761,"path_taken":["M","M","?","?","?","E","R","M","T","E","R","E","R","?","R","BOSS","M","$","M","?","?","R","?"],"items_purchased_type":["Card","Relic"],"build_version":"2020-12-22","purchased_purges":1,"victory":false,"max_hp_per_floor":[75,75,80,80,80,80,80,80,80,80,80,80,80,74,74,74,74,74,74,74,74,74,74,74,74],"relic_stats":{"Regal Pillow":15,"counters":[11,45],"Golden Idol":33,"Eternal Feather":12,"Orichalcum":[36],"Cursed Key":0,"obtain_stats":[{"Regal Pillow":10,"Bottled Flame":12,"Golden Idol":14,"Oddly Smooth Stone":6,"Eternal Feather":19,"CultistMask":22,"Orichalcum":9,"Cracked Core":0,"Cursed Key":17},{"Regal Pillow":6,"Bottled Flame":7,"Golden Idol":7,"Oddly Smooth Stone":4,"Eternal Feather":9,"CultistMask":10,"Orichalcum":5,"Cracked Core":0,"Cursed Key":8},{"Regal Pillow":20,"Bottled Flame":26,"Golden Idol":26,"Oddly Smooth Stone":12,"Eternal Feather":38,"CultistMask":41,"Orichalcum":15,"Cracked Core":0,"Cursed Key":33}]},"card_choices":[{"not_picked":["Force Field","Stack"],"picked":"Gash","floor":1.0},{"not_picked":["Blizzard","Storm"],"picked":"Capacitor","floor":2.0},{"not_picked":["Go for the Eyes","Ball Lightning","Hello World"],"picked":"SKIP","floor":5.0},{"not_picked":["Auto Shields","Conserve Battery"],"picked":"Hologram","floor":6.0},{"not_picked":["Force Field","Conserve Battery"],"picked":"Loop","floor":8.0},{"not_picked":["Beam Cell","Auto Shields"],"picked":"Chill","floor":10.0},{"not_picked":["Cold Snap","Turbo"],"picked":"Creative AI","floor":12.0},{"not_picked":["Hyperbeam","Rainbow"],"picked":"Core Surge","floor":16.0},{"not_picked":["Compile Driver","Cold Snap"],"picked":"Conserve Battery","floor":18.0},{"not_picked":["Chill","Go for the Eyes+1"],"picked":"Recycle","floor":20}],"player_experience":1483051,"relics_obtained":[{"floor":6.0,"key":"Oddly Smooth Stone"},{"floor":9.0,"key":"Orichalcum"},{"floor":10.0,"key":"Regal Pillow"},{"floor":12.0,"key":"Bottled Flame"}],"event_choices":[{"damage_healed":0.0,"max_hp_gain":5.0,"max_hp_loss":0.0,"gold_gain":0.0,"event_name":"Big Fish","player_choice":"Donut","floor":3.0,"gold_loss":0.0,"damage_taken":0.0},{"damage_healed":0.0,"max_hp_gain":0.0,"max_hp_loss":0.0,"gold_gain":0.0,"event_name":"Match and Keep!","player_choice":"3 cards matched","floor":4.0,"gold_loss":0.0,"damage_taken":0.0,"cards_obtained":["Conserve Battery","Electrodynamics","Sunder"]},{"damage_healed":0.0,"max_hp_gain":0.0,"max_hp_loss":6.0,"gold_gain":0.0,"event_name":"Golden Idol","player_choice":"Lose Max HP","floor":14.0,"gold_loss":0.0,"damage_taken":0.0,"relics_obtained":["Golden Idol"]},{"damage_healed":0,"gold_gain":0,"player_choice":"Ignored","damage_taken":0,"max_hp_gain":0,"max_hp_loss":0,"event_name":"Ghosts","floor":21,"gold_loss":0},{"damage_healed":0,"gold_gain":0,"player_choice":"Trade","damage_taken":0,"relics_obtained":["CultistMask"],"max_hp_gain":0,"max_hp_loss":0,"event_name":"FaceTrader","floor":22,"gold_loss":0}],"is_beta":false,"boss_relics":[{"not_picked":["Black Star","FrozenCore"],"picked":"Cursed Key"}],"items_purged_floors":[19],"is_endless":false,"potions_floor_spawned":[1,2,10,16,18],"killed_by":"Centurion and Healer","ascension_level":10}}