{"host":"4h8o09gisu0rxdvb","time":1612753078,"event":{"mods":["BaseMod","Better Third Choice","Downfall","Hermit","Minty Spire (QoL Compilation)","Reliquary","StSLib","The Construct","The Death Knight","The Hierophant","The Runesmith"],"gold_per_floor":[99,114,131,131,35,48,71,71,101,120,145,145,163,178,190,293,293,293,309,65,84,105,135,135,168,168,168,168,161,174,213,238,238,238,238],"floor_reached":33,"language":"ENG","playtime":4397,"items_purged":["hexamod:Strike"],"score":335,"play_id":"0bd907a7-9e83-4d92-a906-cb377bd39c28","local_time":"20210207215758","is_ascension_mode":true,"campfire_choices":[{"data":"hexamod:Float","floor":1,"key":"SMITH"},{"floor":12,"key":"REST"},{"data":"hexamod:SearingWound","floor":18,"key":"SMITH"},{"floor":26,"key":"REST"}],"circlet_count":0,"master_deck":["hexamod:Strike","hexamod:Defend","hexamod:Defend","hexamod:Defend","hexamod:Defend","hexamod:Sear","hexamod:Float+1","hexamod:Firestarter","hexamod:FastForward","hexamod:GhostOfSpireFuture","hexamod:ThirdSeal","hexamod:WildfireWeapon","hexamod:ThermalTransfer+1","Discovery","hexamod:Hexaguard","hexamod:FourthSeal","hexamod:FlamesFromBeyond","hexamod:SoulSteal","hexamod:Incineration","hexamod:WildfireWeapon","hexamod:SearingWound+1","hexamod:ChargedBarrage","hexamod:SecondSeal","hexamod:Hexaguard+1","hexamod:FirstSeal","hexamod:BurningTouch+1","hexamod:FastForward+1"],"relics":["hexamod:SpiritBrand","Bag of Preparation","Nunchaku","Lantern","reliquary:SharkskinSheath","bronze:MakeshiftBattery","Lee\u0027s Waffle","Meat on the Bone","hexamod:SoulConsumer","reliquary:Firecrackers","reliquary:PurpleTingedLeaf"],"acts_visited":["Exordium","TheCity"],"potions_floor_usage":[13,16,16,23,23,25,29,31,31],"damage_taken":[{"damage":0,"enemies":"2 Louse","floor":2,"turns":3},{"damage":0,"enemies":"Jaw Worm","floor":3,"turns":3},{"damage":0,"enemies":"downfall:FleeingMerchant","floor":5,"turns":4},{"damage":0,"enemies":"Cultist","floor":6,"turns":4},{"damage":3,"enemies":"Lagavulin","floor":9,"turns":6},{"damage":7,"enemies":"Blue Slaver","floor":10,"turns":3},{"damage":27,"enemies":"Gremlin Nob","floor":11,"turns":4},{"damage":7,"enemies":"Large Slime","floor":13,"turns":3},{"damage":1,"enemies":"Gremlin Gang","floor":14,"turns":3},{"damage":10,"enemies":"3 Louse","floor":15,"turns":3},{"damage":19,"enemies":"DF_ARCHETYPE_STREAMLINE","floor":16,"turns":10},{"damage":18,"enemies":"3 Byrds","floor":19,"turns":3},{"damage":0,"enemies":"downfall:FleeingMerchant","floor":20,"turns":4},{"damage":25,"enemies":"Snake Plant","floor":21,"turns":4},{"damage":14,"enemies":"Centurion and Healer","floor":22,"turns":5},{"damage":35,"enemies":"Book of Stabbing","floor":23,"turns":6},{"damage":19,"enemies":"Gremlin Leader","floor":25,"turns":6},{"damage":0,"enemies":"downfall:FleeingMerchant","floor":29,"turns":4},{"damage":0,"enemies":"Shelled Parasite and Fungi","floor":30,"turns":3},{"damage":29,"enemies":"Slavers","floor":31,"turns":6},{"damage":3,"enemies":"Snake Plant","floor":32,"turns":3},{"damage":0,"enemies":"WA_ARCHETYPE_CALM","floor":33,"turns":2}],"seed_played":"-4607463570044982144","potions_obtained":[{"floor":6,"key":"FairyPotion"},{"floor":10,"key":"construct:ShiftPotion"},{"floor":10,"key":"champ:CounterPotion"},{"floor":11,"key":"Swift Potion"},{"floor":13,"key":"LiquidBronze"},{"floor":19,"key":"sneckomod:MuddlingPotion"},{"floor":19,"key":"hexamod:InfernoChargePotion"},{"floor":22,"key":"Weak Potion"},{"floor":23,"key":"Regen Potion"},{"floor":23,"key":"Weak Potion"},{"floor":25,"key":"Guardian:BlockOnCardUsePotion"},{"floor":25,"key":"Dexterity Potion"},{"floor":29,"key":"GamblersBrew"},{"floor":31,"key":"AttackPotion"}],"is_trial":false,"path_per_floor":["R","M","M","?","$","M","T","?","E","M","E","R","M","M","M","B",null,"R","M","$","M","M","E","T","E","R","?","?","$","M","E","M","B"],"character_chosen":"THE_SPIRIT","items_purchased":["hexamod:ThirdSeal","Lee\u0027s Waffle"],"campfire_rested":2,"item_purchase_floors":[5,20],"current_hp_per_floor":[70,70,70,70,70,70,70,70,67,60,33,54,47,46,36,17,70,70,52,77,52,38,10,10,40,63,63,63,77,77,59,68,68,68,68],"gold":238,"neow_bonus":"RANDOM_COMMON_RELIC","is_daily":false,"chose_seed":false,"campfire_upgraded":2,"win_rate":0.0,"timestamp":1612753078,"path_taken":["R","M","M","?","$","M","T","?","E","?","E","R","M","M","M","BOSS","R","M","$","M","M","E","T","E","R","?","?","$","M","E","M","BOSS"],"items_purchased_type":["Card","Relic"],"build_version":"2020-12-22","purchased_purges":1,"victory":false,"max_hp_per_floor":[70,70,70,70,70,70,70,70,70,70,70,70,70,70,70,70,70,70,70,77,77,77,77,77,77,77,77,77,77,77,77,77,77,77,77],"card_choices":[{"not_picked":["hexamod:GhostShield","hexamod:AdvancingGuard"],"picked":"hexamod:Firestarter","floor":2},{"not_picked":["hexamod:BacktrackSmack","hexamod:GhostLash"],"picked":"hexamod:FastForward","floor":3},{"not_picked":["hexamod:SwordOfDarkness","hexamod:HeatCrush"],"picked":"hexamod:GhostOfSpireFuture","floor":5},{"not_picked":["hexamod:SkipABeat","hexamod:SwordOfDarkness"],"picked":"hexamod:WildfireWeapon","floor":6},{"not_picked":["hexamod:AdvancingGuard","hexamod:RainOfEmbers"],"picked":"hexamod:ThermalTransfer","floor":6},{"not_picked":["hexamod:InspiringFlames","hexamod:SpectersWail"],"picked":"hexamod:FourthSeal","floor":9},{"not_picked":["hexamod:Firestarter","hexamod:BurningTouch"],"picked":"hexamod:FlamesFromBeyond","floor":9},{"not_picked":["hexamod:InspiringFlames","hexamod:SkipABeat"],"picked":"hexamod:SoulSteal","floor":10},{"not_picked":["hexamod:ThermalTransfer","hexamod:InspiringFlames","hexamod:Firestarter"],"picked":"SKIP","floor":10},{"not_picked":["hexamod:PhantomFireball","hexamod:Rewind"],"picked":"hexamod:Incineration","floor":11},{"not_picked":["hexamod:GhostShield","hexamod:SwordOfDarkness","hexamod:FastForward"],"picked":"SKIP","floor":11},{"not_picked":["hexamod:StepThrough","hexamod:InspiringFlames","hexamod:GhostShield"],"picked":"SKIP","floor":13},{"not_picked":["hexamod:FastForward","hexamod:InspiringFlames","hexamod:SpectersWail"],"picked":"SKIP","floor":14},{"not_picked":["hexamod:GhostLash","hexamod:GhostShield","hexamod:Incineration"],"picked":"SKIP","floor":15},{"not_picked":["hexamod:HexaLevel","hexamod:TimeOfNeed"],"picked":"hexamod:WildfireWeapon","floor":16},{"not_picked":["hexamod:UnlimitedPower","hexamod:TimeWarp"],"picked":"hexamod:SearingWound","floor":16},{"not_picked":["hexamod:SoulSteal","hexamod:FourthSeal"],"picked":"hexamod:ChargedBarrage","floor":19},{"not_picked":["hexamod:FlamesFromBeyond","hexamod:GhostLash","hexamod:SpectralAdrenaline"],"picked":"SKIP","floor":19},{"not_picked":["hexamod:EmpoweredFlame","hexamod:FastForward"],"picked":"hexamod:SecondSeal","floor":20},{"not_picked":["hexamod:BurningTouch","hexamod:ShieldOfDarkness","hexamod:GhostLash"],"picked":"SKIP","floor":20},{"not_picked":["hexamod:BacktrackSmack","hexamod:SwordOfDarkness"],"picked":"hexamod:Hexaguard+1","floor":21},{"not_picked":["hexamod:BurningTouch","hexamod:InspiringFlames","hexamod:GhostLash"],"picked":"SKIP","floor":21},{"not_picked":["hexamod:HeatMetal+1","hexamod:HauntingEcho"],"picked":"hexamod:FirstSeal","floor":22},{"not_picked":["hexamod:InspiringFlames","hexamod:ChargedBarrage","hexamod:FlamesFromBeyond"],"picked":"SKIP","floor":22},{"not_picked":["hexamod:PhantomCloak","hexamod:SpectralAdrenaline+1"],"picked":"hexamod:BurningTouch+1","floor":23},{"not_picked":["hexamod:Haunt","hexamod:DynamicBlow","hexamod:EtherealExpedition+1"],"picked":"SKIP","floor":23},{"not_picked":["hexamod:HeatMetal","hexamod:NightmareStrike","hexamod:Firestarter+1"],"picked":"SKIP","floor":25},{"not_picked":["hexamod:GhostflameInferno","hexamod:Hexaguard","hexamod:RetreatToShadows"],"picked":"SKIP","floor":25},{"not_picked":["hexamod:BurningTouch","hexamod:GhostOfSpirePast","hexamod:ThirdSeal"],"picked":"SKIP","floor":29},{"not_picked":["hexamod:InspiringFlames","hexamod:Hexaguard","hexamod:ThermalTransfer"],"picked":"SKIP","floor":29},{"not_picked":["hexamod:NightmareGuise","hexamod:RecurringNightmare","hexamod:CatchUp"],"picked":"SKIP","floor":30},{"not_picked":["hexamod:NightmareGuise","hexamod:Rewind","hexamod:GhostLash"],"picked":"SKIP","floor":30},{"not_picked":["hexamod:Hexaguard","hexamod:BacktrackSmack"],"picked":"hexamod:FastForward+1","floor":31},{"not_picked":["hexamod:StepThrough","hexamod:Firestarter","hexamod:BurningTouch"],"picked":"SKIP","floor":31},{"not_picked":["hexamod:ForkedFlame","hexamod:GhostLash","hexamod:ThermalTransfer"],"picked":"SKIP","floor":32}],"player_experience":514041,"relics_obtained":[{"floor":7,"key":"Nunchaku"},{"floor":9,"key":"Lantern"},{"floor":11,"key":"reliquary:SharkskinSheath"},{"floor":23,"key":"Meat on the Bone"},{"floor":24,"key":"hexamod:SoulConsumer"},{"floor":25,"key":"reliquary:Firecrackers"},{"floor":31,"key":"reliquary:PurpleTingedLeaf"}],"event_choices":[{"damage_healed":0,"gold_gain":0,"player_choice":"Forge","damage_taken":0,"max_hp_gain":0,"max_hp_loss":0,"event_name":"Accursed Blacksmith","floor":28,"gold_loss":0,"cards_upgraded":["hexamod:ThermalTransfer"]}],"is_beta":false,"boss_relics":[{"not_picked":["Runic Pyramid","Empty Cage"],"picked":"bronze:MakeshiftBattery"}],"items_purged_floors":[20],"is_endless":false,"potions_floor_spawned":[6,10,11,13,19,21,23,25],"killed_by":"WA_ARCHETYPE_CALM","ascension_level":1}}