{"host":"y3h3n3f7seyagppx","time":1612768331,"event":{"mods":["AlwaysNeverKeys","BaseMod","Better Vampires","Colored Powertips","DeckTracker","Emptier Cage","Minty Spire (QoL Compilation)","Permanent Neow","Quick Restart","Rare Cards Sparkle","Relic Sorter","Relic Stats","StSLib","Transform Curses"],"gold_per_floor":[111,131,142,157,170,170,503,523,523,555,480,509,5,23,23,99,99,116,133,150,167,185,220,220,250,250,250,263,263,298,314,314,385,385,403,415,415,10,60,114,114,166,166,179,206,274,274,352,352,352,352,352,352,18,49,49],"floor_reached":57,"language":"ENG","playtime":9983,"items_purged":[],"score":3456,"play_id":"cda52220-bc1e-4a06-9339-fcff87616c0c","local_time":"20210208021211","is_ascension_mode":true,"campfire_choices":[{"data":"BowlingBash","floor":6.0,"key":"SMITH"},{"data":"Transmutation","floor":15.0,"key":"SMITH"},{"floor":24.0,"key":"REST"},{"data":"MentalFortress","floor":27.0,"key":"SMITH"},{"data":"Protect","floor":32.0,"key":"SMITH"},{"data":"Wish","floor":47.0,"key":"SMITH"},{"data":"TalkToTheHand","floor":49.0,"key":"SMITH"},{"data":"Halt","floor":53.0,"key":"SMITH"}],"circlet_count":0,"master_deck":["AscendersBane","Strike_P+1","Strike_P+1","Strike_P+1","Strike_P+1","Eruption+1","Vigilance+1","CutThroughFate+1","Protect+1","CutThroughFate+1","BowlingBash+1","Vault+1","FearNoEvil+1","WaveOfTheHand+1","LessonLearned+1","Transmutation+1","Omniscience+1","InnerPeace+1","Worship+1","MentalFortress+1","WheelKick+1","Indignation+1","Wireheading+1","Ragnarok+1","Fasting2+1","Alpha+1","Wireheading+1","EmptyBody+1","WheelKick+1","Wish+1","Wallop+1","Halt+1","Vault+1","TalkToTheHand+1","TalkToTheHand+1"],"relics":["Snecko Eye","Old Coin","Question Card","StoneCalendar","Sundial","Potion Belt","Chemical X","Philosopher\u0027s Stone","Bottled Flame","Anchor","Tiny Chest","Pen Nib","Astrolabe","Toolbox","TungstenRod","Shuriken","Pantograph","Smiling Mask","Incense Burner","Oddly Smooth Stone","ClockworkSouvenir","Damaru","Bag of Preparation"],"acts_visited":["Exordium","TheCity","TheBeyond","TheEnding"],"potions_floor_usage":[56,56],"damage_taken":[{"damage":1.0,"enemies":"2 Louse","floor":1.0,"turns":2.0},{"damage":2.0,"enemies":"Jaw Worm","floor":2.0,"turns":4.0},{"damage":0.0,"enemies":"Cultist","floor":3.0,"turns":3.0},{"damage":0.0,"enemies":"3 Louse","floor":4.0,"turns":4.0},{"damage":0.0,"enemies":"2 Fungi Beasts","floor":5.0,"turns":4.0},{"damage":0.0,"enemies":"Gremlin Nob","floor":7.0,"turns":3.0},{"damage":4.0,"enemies":"Exordium Thugs","floor":8.0,"turns":4.0},{"damage":0.0,"enemies":"Lagavulin","floor":10.0,"turns":3.0},{"damage":0.0,"enemies":"3 Sentries","floor":12.0,"turns":6.0},{"damage":2.0,"enemies":"Large Slime","floor":14.0,"turns":4.0},{"damage":6.0,"enemies":"Hexaghost","floor":16.0,"turns":7.0},{"damage":0.0,"enemies":"Spheric Guardian","floor":18.0,"turns":3.0},{"damage":8.0,"enemies":"3 Byrds","floor":19.0,"turns":5.0},{"damage":0.0,"enemies":"Sentry and Sphere","floor":20.0,"turns":4.0},{"damage":28.0,"enemies":"Snake Plant","floor":21.0,"turns":5.0},{"damage":0.0,"enemies":"Snecko","floor":22.0,"turns":2.0},{"damage":0.0,"enemies":"Book of Stabbing","floor":23.0,"turns":3.0},{"damage":0.0,"enemies":"Gremlin Leader","floor":25.0,"turns":6.0},{"damage":2.0,"enemies":"3 Cultists","floor":28.0,"turns":4.0},{"damage":0.0,"enemies":"Slavers","floor":30.0,"turns":4.0},{"damage":0.0,"enemies":"Centurion and Healer","floor":31.0,"turns":5.0},{"damage":9.0,"enemies":"Automaton","floor":33.0,"turns":7.0},{"damage":4.0,"enemies":"3 Shapes","floor":35.0,"turns":6.0},{"damage":0.0,"enemies":"Orb Walker","floor":36.0,"turns":1.0},{"damage":0.0,"enemies":"Mind Bloom Boss Battle","floor":39.0,"turns":6.0},{"damage":0.0,"enemies":"Reptomancer","floor":40.0,"turns":5.0},{"damage":0.0,"enemies":"Giant Head","floor":42.0,"turns":4.0},{"damage":0.0,"enemies":"Writhing Mass","floor":44.0,"turns":5.0},{"damage":0.0,"enemies":"Reptomancer","floor":45.0,"turns":5.0},{"damage":0.0,"enemies":"Maw","floor":46.0,"turns":4.0},{"damage":8.0,"enemies":"4 Shapes","floor":48.0,"turns":7.0},{"damage":7.0,"enemies":"Time Eater","floor":50.0,"turns":6.0},{"damage":0.0,"enemies":"Awakened One","floor":51.0,"turns":13.0},{"damage":0.0,"enemies":"Shield and Spear","floor":55.0,"turns":4.0},{"damage":49,"enemies":"The Heart","floor":56,"turns":10}],"seed_played":"4553213485557503671","potions_obtained":[{"floor":2.0,"key":"Energy Potion"},{"floor":3.0,"key":"SmokeBomb"},{"floor":4.0,"key":"Fire Potion"},{"floor":10.0,"key":"Ancient Potion"},{"floor":16.0,"key":"Fruit Juice"},{"floor":19.0,"key":"Strength Potion"},{"floor":20.0,"key":"AttackPotion"},{"floor":25.0,"key":"Explosive Potion"},{"floor":30.0,"key":"DistilledChaos"},{"floor":33.0,"key":"SpeedPotion"},{"floor":39.0,"key":"PowerPotion"}],"is_trial":false,"path_per_floor":["M","M","M","M","M","R","E","M","T","E","?","E","$","M","R","B",null,"M","M","M","M","M","E","R","E","T","R","M","?","E","M","R","B",null,"M","M","?","$","?","E","T","E","T","M","E","M","R","M","R","B","B",null,"R","$","E","B",null],"character_chosen":"WATCHER","items_purchased":["Potion Belt","Chemical X","Transmutation","Wish","Toolbox","StancePotion","ClockworkSouvenir","Damaru"],"campfire_rested":1,"item_purchase_floors":[13,13,13,38,38,38,54,54],"current_hp_per_floor":[60,58,58,58,58,58,58,54,54,54,54,54,54,52,52,46,63,63,55,55,27,27,27,47,47,47,47,45,26,31,31,31,22,64,60,60,60,60,60,60,60,60,60,60,60,60,60,52,52,67,74,74,74,74,74,25],"gold":49,"neow_bonus":"BOSS_RELIC","is_daily":false,"chose_seed":false,"campfire_upgraded":7,"win_rate":0.0,"timestamp":1612768331,"path_taken":["M","M","M","M","M","R","E","M","T","E","?","E","?","M","R","BOSS","M","M","M","M","M","E","R","E","T","R","M","?","E","M","R","BOSS","M","M","?","$","?","E","?","E","T","M","E","M","R","?","R","BOSS","BOSS","R","$","E","BOSS"],"items_purchased_type":["Relic","Relic","Card","Card","Relic","Potion","Relic","Relic"],"build_version":"2020-12-22","purchased_purges":0,"victory":true,"max_hp_per_floor":[68,68,68,68,68,68,68,68,68,68,68,68,68,68,68,68,68,68,68,68,68,68,68,68,68,68,68,68,73,78,78,78,78,78,78,78,74,74,74,74,74,74,74,74,74,74,74,74,74,74,74,74,74,74,74,74],"relic_stats":{"counters":[35,168],"Astrolabe":["Fasting2","Alpha","Wireheading"],"StoneCalendar":[93],"Pen Nib":[16],"Bag of Preparation":[2],"Question Card":25,"Smiling Mask":0,"Sundial":[26],"Shuriken":[17],"Pantograph":29,"Snecko Eye":[316,323,301,314],"Tiny Chest":1,"Chemical X":[24],"obtain_stats":[{"Potion Belt":13,"Astrolabe":34,"Oddly Smooth Stone":45,"Damaru":54,"StoneCalendar":10,"Pen Nib":30,"Incense Burner":43,"Bag of Preparation":55,"Question Card":9,"Smiling Mask":42,"Old Coin":7,"ClockworkSouvenir":54,"Bottled Flame":23,"Anchor":25,"Sundial":12,"Shuriken":40,"Pantograph":41,"Snecko Eye":0,"Toolbox":38,"Philosopher\u0027s Stone":17,"Tiny Chest":26,"Chemical X":13,"PureWater":0,"TungstenRod":39},{"Potion Belt":9,"Astrolabe":22,"Oddly Smooth Stone":29,"Damaru":33,"StoneCalendar":8,"Pen Nib":20,"Incense Burner":27,"Bag of Preparation":34,"Question Card":7,"Smiling Mask":27,"Old Coin":6,"ClockworkSouvenir":33,"Bottled Flame":17,"Anchor":18,"Sundial":9,"Shuriken":26,"Pantograph":26,"Snecko Eye":0,"Toolbox":24,"Philosopher\u0027s Stone":11,"Tiny Chest":18,"Chemical X":9,"PureWater":0,"TungstenRod":25},{"Potion Belt":33,"Astrolabe":92,"Oddly Smooth Stone":124,"Damaru":154,"StoneCalendar":27,"Pen Nib":80,"Incense Burner":114,"Bag of Preparation":158,"Question Card":24,"Smiling Mask":114,"Old Coin":20,"ClockworkSouvenir":154,"Bottled Flame":66,"Anchor":72,"Sundial":33,"Shuriken":110,"Pantograph":110,"Snecko Eye":0,"Toolbox":99,"Philosopher\u0027s Stone":44,"Tiny Chest":72,"Chemical X":33,"PureWater":0,"TungstenRod":105}],"TungstenRod":24},"card_choices":[{"not_picked":["BattleHymn","Wireheading"],"picked":"CutThroughFate","floor":1.0},{"not_picked":["SignatureMove","CutThroughFate"],"picked":"Protect","floor":2.0},{"not_picked":["Halt","Perseverance"],"picked":"CutThroughFate","floor":3.0},{"not_picked":["ClearTheMind","SashWhip"],"picked":"BowlingBash","floor":4.0},{"not_picked":["Wallop","WreathOfFlame"],"picked":"Vault","floor":5.0},{"not_picked":["JustLucky","BowlingBash"],"picked":"FearNoEvil","floor":7.0},{"not_picked":["Crescendo","CrushJoints"],"picked":"WaveOfTheHand","floor":8.0},{"not_picked":["WaveOfTheHand","Consecrate","FlurryOfBlows","PathToVictory"],"picked":"SKIP","floor":10.0},{"not_picked":["Conclude","LikeWater","JustLucky"],"picked":"LessonLearned","floor":12.0},{"not_picked":["Crescendo","Protect","BattleHymn","Consecrate"],"picked":"SKIP","floor":14.0},{"not_picked":["Blasphemy","ConjureBlade","Devotion"],"picked":"Omniscience","floor":16.0},{"not_picked":["Meditate","Prostrate","Evaluate"],"picked":"InnerPeace+1","floor":18.0},{"not_picked":["FollowUp","CrushJoints","EmptyFist","Fasting2"],"picked":"SKIP","floor":19.0},{"not_picked":["SashWhip","FlurryOfBlows","Consecrate"],"picked":"Worship","floor":20.0},{"not_picked":["EmptyFist","SignatureMove","BowlingBash","Nirvana+1"],"picked":"SKIP","floor":21.0},{"not_picked":["FollowUp","EmptyBody","Evaluate+1","CutThroughFate"],"picked":"SKIP","floor":22.0},{"not_picked":["FlyingSleeves","EmptyBody","Crescendo"],"picked":"MentalFortress","floor":23.0},{"not_picked":["SashWhip","PathToVictory","ThirdEye"],"picked":"WheelKick","floor":25.0},{"not_picked":["ConjureBlade","Evaluate","SandsOfTime","Consecrate"],"picked":"SKIP","floor":28.0},{"not_picked":["MasterReality","Sanctity","JustLucky"],"picked":"Indignation+1","floor":30.0},{"not_picked":["Prostrate","BowlingBash","CutThroughFate"],"picked":"Wireheading","floor":31.0},{"not_picked":["Judgement","Blasphemy","Scrawl"],"picked":"Ragnarok","floor":33.0},{"not_picked":["CutThroughFate","Consecrate","ClearTheMind"],"picked":"EmptyBody+1","floor":35.0},{"not_picked":["PathToVictory+1","FlyingSleeves","Worship"],"picked":"WheelKick","floor":36.0},{"not_picked":["Perseverance","Devotion","Crescendo"],"picked":"Wallop+1","floor":39.0},{"not_picked":["EmptyBody","Nirvana","FlurryOfBlows"],"picked":"Halt","floor":40.0},{"not_picked":["Collect+1","LikeWater","SashWhip"],"picked":"Vault","floor":42.0},{"not_picked":["EmptyFist","BowlingBash","InnerPeace"],"picked":"TalkToTheHand+1","floor":44.0},{"not_picked":["FlyingSleeves","FollowUp","BowlingBash","WindmillStrike"],"picked":"SKIP","floor":45.0},{"not_picked":["FlyingSleeves+1","ClearTheMind","Alpha","ThirdEye"],"picked":"SKIP","floor":46.0},{"not_picked":["FlyingSleeves+1","ClearTheMind","Alpha","ThirdEye"],"picked":"SKIP","floor":46.0},{"not_picked":["Fasting2+1","PathToVictory","BowlingBash"],"picked":"TalkToTheHand","floor":48.0},{"not_picked":["ThirdEye","CutThroughFate+1","Halt","BowlingBash"],"picked":"SKIP","floor":55.0}],"player_experience":21981348,"relics_obtained":[{"floor":7.0,"key":"Old Coin"},{"floor":9.0,"key":"Question Card"},{"floor":10.0,"key":"StoneCalendar"},{"floor":12.0,"key":"Sundial"},{"floor":23.0,"key":"Bottled Flame"},{"floor":25.0,"key":"Anchor"},{"floor":26.0,"key":"Tiny Chest"},{"floor":30.0,"key":"Pen Nib"},{"floor":39.0,"key":"TungstenRod"},{"floor":40.0,"key":"Shuriken"},{"floor":41.0,"key":"Pantograph"},{"floor":42.0,"key":"Smiling Mask"},{"floor":43.0,"key":"Incense Burner"},{"floor":45.0,"key":"Oddly Smooth Stone"},{"floor":55.0,"key":"Bag of Preparation"}],"event_choices":[{"cards_removed":["Defend_P"],"damage_healed":0.0,"max_hp_gain":0.0,"max_hp_loss":0.0,"gold_gain":0.0,"event_name":"The Cleric","player_choice":"Card Removal","floor":11.0,"gold_loss":75.0,"damage_taken":0.0},{"damage_healed":0.0,"max_hp_gain":5.0,"max_hp_loss":0.0,"gold_gain":0.0,"event_name":"Forgotten Altar","player_choice":"Shed Blood","floor":29.0,"gold_loss":0.0,"damage_taken":24.0},{"damage_healed":0.0,"max_hp_gain":0.0,"max_hp_loss":4.0,"gold_gain":0.0,"event_name":"Winding Halls","player_choice":"Max HP","floor":37.0,"gold_loss":0.0,"damage_taken":0.0},{"damage_healed":0.0,"max_hp_gain":0.0,"max_hp_loss":0.0,"gold_gain":0.0,"event_name":"MindBloom","player_choice":"Fight","floor":39.0,"gold_loss":0.0,"damage_taken":0.0}],"is_beta":false,"boss_relics":[{"not_picked":["VioletLotus","Tiny House"],"picked":"Philosopher\u0027s Stone"},{"not_picked":["Busted Crown","Coffee Dripper"],"picked":"Astrolabe"}],"items_purged_floors":[],"is_endless":false,"potions_floor_spawned":[2,3,4,10,16,19,20,25,30,33,39,40,48,55],"ascension_level":20}}