{"host":"kvo7eymyd21g9abd","time":1612816793,"event":{"mods":["AchievementEnabler","BaseMod","Bestiary","Colored Map","Minty Spire (QoL Compilation)","StSLib"],"gold_per_floor":[117,117,117,117,128,157,169,182,182,213,213,229,248,268,268,370,370,388,402,317,347,168,168,168],"floor_reached":23,"language":"ENG","playtime":654,"items_purged":[],"score":228,"play_id":"5e4adb9a-61d8-4ab5-b710-3eaa8ead2fa8","local_time":"20210208153953","is_ascension_mode":false,"campfire_choices":[{"floor":11.0,"key":"REST"},{"floor":15.0,"key":"RECALL"}],"circlet_count":0,"master_deck":["Strike_B","Strike_B","Strike_B+1","Defend_B","Defend_B","Defend_B","Zap+1","Dualcast","Genetic Algorithm+1","Gash","Redo","Streamline","Go for the Eyes","Steam","FTL","Hologram","Core Surge","Streamline","Beam Cell","All For One","Apotheosis"],"relics":["Cracked Core","NeowsBlessing","Bottled Flame","Meat on the Bone","Mercury Hourglass","Empty Cage","Bag of Preparation","Red Mask"],"acts_visited":["Exordium","TheCity"],"potions_floor_usage":[],"damage_taken":[{"damage":0.0,"enemies":"Cultist","floor":1.0,"turns":1.0},{"damage":0.0,"enemies":"Jaw Worm","floor":5.0,"turns":1.0},{"damage":0.0,"enemies":"Lagavulin","floor":6.0,"turns":2.0},{"damage":0.0,"enemies":"2 Louse","floor":7.0,"turns":2.0},{"damage":37.0,"enemies":"Gremlin Gang","floor":8.0,"turns":5.0},{"damage":21.0,"enemies":"Gremlin Nob","floor":10.0,"turns":4.0},{"damage":1.0,"enemies":"3 Louse","floor":12.0,"turns":2.0},{"damage":0.0,"enemies":"Looter","floor":13.0,"turns":3.0},{"damage":7.0,"enemies":"Blue Slaver","floor":14.0,"turns":3.0},{"damage":23.0,"enemies":"Hexaghost","floor":16.0,"turns":13.0},{"damage":13,"enemies":"3 Byrds","floor":18,"turns":4},{"damage":21,"enemies":"2 Thieves","floor":19,"turns":4},{"damage":29,"enemies":"Masked Bandits","floor":21,"turns":3},{"damage":25,"enemies":"Gremlin Leader","floor":23,"turns":3}],"seed_played":"-8434570036113573645","potions_obtained":[{"floor":1.0,"key":"EssenceOfSteel"},{"floor":6.0,"key":"Ancient Potion"},{"floor":8.0,"key":"EssenceOfSteel"},{"floor":12.0,"key":"Block Potion"},{"floor":19,"key":"GamblersBrew"}],"is_trial":false,"path_per_floor":["M","?","?","?","M","E","M","M","T","E","R","M","M","M","R","B",null,"M","M","?","?","$","E"],"character_chosen":"DEFECT","items_purchased":["Apotheosis"],"campfire_rested":1,"item_purchase_floors":[22],"current_hp_per_floor":[75,75,60,60,60,60,60,23,23,14,36,47,47,40,40,29,75,62,41,41,24,24,0,0],"gold":168,"neow_bonus":"THREE_ENEMY_KILL","is_daily":false,"chose_seed":false,"campfire_upgraded":0,"win_rate":0.0,"timestamp":1612816793,"path_taken":["M","?","?","?","M","E","?","M","T","E","R","M","M","M","R","BOSS","M","M","?","?","$","E"],"items_purchased_type":["Card"],"build_version":"2020-12-22","purchased_purges":0,"victory":false,"max_hp_per_floor":[75,75,75,75,75,75,75,75,75,75,75,75,75,75,75,75,75,75,75,75,75,75,75,75],"card_choices":[{"not_picked":["Steam","Streamline"],"picked":"Genetic Algorithm","floor":1.0},{"not_picked":["Melter","FTL"],"picked":"Gash","floor":5.0},{"not_picked":["Storm","Lockon"],"picked":"Redo","floor":6.0},{"not_picked":["Darkness","Sweeping Beam"],"picked":"Streamline","floor":7.0},{"not_picked":["Coolheaded","Compile Driver"],"picked":"Go for the Eyes","floor":8.0},{"not_picked":["Cold Snap","Consume"],"picked":"Steam","floor":10.0},{"not_picked":["Skim","Glacier"],"picked":"FTL","floor":12.0},{"not_picked":["Recycle","Storm","Coolheaded"],"picked":"SKIP","floor":13.0},{"not_picked":["Recycle","Rebound"],"picked":"Hologram","floor":14.0},{"not_picked":["Multi-Cast","Fission"],"picked":"Core Surge","floor":16.0},{"not_picked":["Compile Driver","Defragment"],"picked":"Streamline","floor":18},{"not_picked":["Sweeping Beam","Chill"],"picked":"Beam Cell","floor":19},{"not_picked":["Tempest+1","Sunder"],"picked":"All For One","floor":21}],"player_experience":449894,"relics_obtained":[{"floor":6.0,"key":"Bottled Flame"},{"floor":9.0,"key":"Meat on the Bone"},{"floor":10.0,"key":"Mercury Hourglass"},{"floor":21,"key":"Red Mask"}],"event_choices":[{"damage_healed":0.0,"max_hp_gain":0.0,"max_hp_loss":0.0,"gold_gain":0.0,"event_name":"Golden Wing","player_choice":"Ignored","floor":2.0,"gold_loss":0.0,"damage_taken":0.0},{"damage_healed":0.0,"max_hp_gain":0.0,"max_hp_loss":0.0,"gold_gain":0.0,"event_name":"Shining Light","player_choice":"Entered Light","floor":3.0,"gold_loss":0.0,"damage_taken":15.0,"cards_upgraded":["Strike_B","Genetic Algorithm"]},{"damage_healed":0.0,"max_hp_gain":0.0,"max_hp_loss":0.0,"gold_gain":0.0,"event_name":"Upgrade Shrine","player_choice":"Upgraded","floor":4.0,"gold_loss":0.0,"damage_taken":0.0,"cards_upgraded":["Zap"]},{"damage_healed":0,"gold_gain":0,"player_choice":"Obtained Relic","damage_taken":0,"relics_obtained":["Bag of Preparation"],"max_hp_gain":0,"max_hp_loss":0,"event_name":"Addict","floor":20,"gold_loss":85},{"damage_healed":0,"gold_gain":0,"player_choice":"Fought Bandits","damage_taken":0,"max_hp_gain":0,"max_hp_loss":0,"event_name":"Masked Bandits","floor":21,"gold_loss":0}],"is_beta":false,"boss_relics":[{"not_picked":["Inserter","Snecko Eye"],"picked":"Empty Cage"}],"items_purged_floors":[],"is_endless":false,"potions_floor_spawned":[1,6,8,12,14,19],"killed_by":"Gremlin Leader","ascension_level":0}}