{"host":"3po7ngt2j61s4rmj","time":1612744630,"event":{"mods":["Act Like it!","BaseMod","Elementarium","Minty Spire (QoL Compilation)","Relic Stats","Shade Mod","StSLib","The Cursed"],"gold_per_floor":[112,130,130,148,148,148,192,192,267,302,302,318,351,376,376,500,500,513,534,558,558,582,623,623,623,648,648,666,705,830,845,845,974,974,987,1008,56,119,79,79,94,94,148,183,247,247,580,596,596,596,596,596,5,32,32],"floor_reached":56,"language":"ENG","playtime":6619,"items_purged":["TheCursedMod:Strike_TheCursed"],"score":1495,"play_id":"4ef24013-fac6-4aa7-90b5-adaaed2bbc16","local_time":"20210207173710","is_ascension_mode":true,"campfire_choices":[{"data":"TheCursedMod:CursedWand","floor":6.0,"key":"SMITH"},{"floor":8.0,"key":"REST"},{"data":"TheCursedMod:CircleOfAbyss","floor":11.0,"key":"SMITH"},{"floor":15.0,"key":"REST"},{"data":"TheCursedMod:CircleOfFlame","floor":25.0,"key":"SMITH"},{"data":"TheCursedMod:CircleOfFocus","floor":27.0,"key":"SMITH"},{"data":"TheCursedMod:ManaBullet","floor":32.0,"key":"SMITH"},{"floor":40,"key":"RECALL"},{"floor":42,"key":"DIG"},{"floor":49,"key":"DIG"},{"floor":52,"key":"DIG"}],"circlet_count":0,"master_deck":["TheCursedMod:Strike_TheCursed","TheCursedMod:Strike_TheCursed","TheCursedMod:Strike_TheCursed","TheCursedMod:Defend_TheCursed+1","TheCursedMod:Defend_TheCursed","TheCursedMod:Defend_TheCursed","TheCursedMod:Defend_TheCursed","TheCursedMod:CursedWand+1","TheCursedMod:CleanUpWorkshop","TheCursedMod:Dregs","TheCursedMod:BlessingInDisguise","TheCursedMod:CircleOfFlame+1","TheCursedMod:Wield","Injury","TheCursedMod:RavingStaff","TheCursedMod:CircleOfAbyss+1","TheCursedMod:TacticalStrike","TheCursedMod:WearCloak","TheCursedMod:LuckyCharm","TheCursedMod:DemonicPact","TheCursedMod:CircleOfAmplification+1","TheCursedMod:CircleOfFocus+1","TheCursedMod:SaltUponWound","TheCursedMod:DoubleShield+1","TheCursedMod:CursedShiv","Necronomicurse","TheCursedMod:FuryStrike","TheCursedMod:ManaBullet+1","TheCursedMod:Evocation+1","TheCursedMod:CircleOfCorruption","TheCursedMod:CircleOfFlame+1","TheCursedMod:SaltUponWound+1","TheCursedMod:EmpowerCircles","Chrysalis","TheCursedMod:EmpowerCircles+1","TheCursedMod:AntiAging","TheCursedMod:RavingStaff+1","TheCursedMod:SaltUponWound+1","Writhe","TheCursedMod:RapidMovement+1","Apotheosis+1"],"relics":["TheCursedMod:BlackMagic101","Incense Burner","Oddly Smooth Stone","InkBottle","TheCursedMod:SoulVessel","Vajra","Odd Mushroom","Coffee Dripper","Matryoshka","Eternal Feather","Necronomicon","Question Card","Happy Flower","White Beast Statue","StoneCalendar","Bottled Tornado","Snecko Eye","Chemical X","Pantograph","Meat on the Bone","Shovel","Shuriken","Boot","Toxic Egg 2","Torii","War Paint","Ornamental Fan","Mummified Hand","Mango"],"acts_visited":["Exordium","TheCity","TheBeyond","TheEnding"],"potions_floor_usage":[44,44,50,50,55,55],"damage_taken":[{"damage":1.0,"enemies":"Cultist","floor":1.0,"turns":4.0},{"damage":1.0,"enemies":"Jaw Worm","floor":2.0,"turns":4.0},{"damage":0.0,"enemies":"2 Louse","floor":4.0,"turns":3.0},{"damage":28.0,"enemies":"Gremlin Nob","floor":7.0,"turns":5.0},{"damage":11.0,"enemies":"3 Sentries","floor":10.0,"turns":9.0},{"damage":2.0,"enemies":"Blue Slaver","floor":12.0,"turns":4.0},{"damage":5.0,"enemies":"Gremlin Nob","floor":13.0,"turns":4.0},{"damage":0.0,"enemies":"The Mushroom Lair","floor":14.0,"turns":4.0},{"damage":22.0,"enemies":"Slime Boss","floor":16.0,"turns":15.0},{"damage":1.0,"enemies":"Chosen","floor":18.0,"turns":6.0},{"damage":3.0,"enemies":"Shell Parasite","floor":19.0,"turns":5.0},{"damage":2.0,"enemies":"Snake Plant","floor":20.0,"turns":4.0},{"damage":18.0,"enemies":"Cultist and Chosen","floor":22.0,"turns":6.0},{"damage":10.0,"enemies":"Book of Stabbing","floor":23.0,"turns":7.0},{"damage":1.0,"enemies":"Snecko","floor":28.0,"turns":5.0},{"damage":25.0,"enemies":"Gremlin Leader","floor":29.0,"turns":3.0},{"damage":0.0,"enemies":"Colosseum Slavers","floor":30.0,"turns":3.0},{"damage":15.0,"enemies":"Colosseum Nobs","floor":30.0,"turns":5.0},{"damage":4.0,"enemies":"Centurion and Healer","floor":31.0,"turns":7.0},{"damage":12.0,"enemies":"Collector","floor":33.0,"turns":9.0},{"damage":0.0,"enemies":"3 Shapes","floor":35.0,"turns":3.0},{"damage":11.0,"enemies":"3 Darklings","floor":36.0,"turns":3.0},{"damage":0.0,"enemies":"Mind Bloom Boss Battle","floor":38.0,"turns":3.0},{"damage":22,"enemies":"Transient","floor":41,"turns":5},{"damage":23,"enemies":"Nemesis","floor":44,"turns":5},{"damage":0,"enemies":"2 Orb Walkers","floor":45,"turns":2},{"damage":0,"enemies":"4 Shapes","floor":48,"turns":3},{"damage":9,"enemies":"Donu and Deca","floor":50,"turns":5},{"damage":0,"enemies":"Shield and Spear","floor":54,"turns":2},{"damage":47,"enemies":"The Heart","floor":55,"turns":5}],"seed_played":"-573456580820627033","potions_obtained":[{"floor":1.0,"key":"BlessingOfTheForge"},{"floor":2.0,"key":"GamblersBrew"},{"floor":3.0,"key":"SneckoOil"},{"floor":3.0,"key":"SneckoOil"},{"floor":3.0,"key":"LiquidBronze"},{"floor":12.0,"key":"Dexterity Potion"},{"floor":13.0,"key":"TheCursedMod:DregsPotion"},{"floor":18.0,"key":"GamblersBrew"},{"floor":19.0,"key":"Fire Potion"},{"floor":23.0,"key":"GamblersBrew"},{"floor":28.0,"key":"Strength Potion"},{"floor":30.0,"key":"Swift Potion"},{"floor":31.0,"key":"Block Potion"},{"floor":33.0,"key":"FearPotion"},{"floor":36.0,"key":"LiquidBronze"},{"floor":39,"key":"BlessingOfTheForge"},{"floor":39,"key":"GamblersBrew"},{"floor":44,"key":"DistilledChaos"},{"floor":45,"key":"Strength Potion"},{"floor":48,"key":"Ancient Potion"}],"is_trial":false,"path_per_floor":["M","M","?","M","?","R","E","R","T","E","R","M","E","?","R","B",null,"M","M","M","?","M","E","?","R","T","R","M","E","?","M","R","B",null,"M","M","$","?","?","R","M","R","T","E","?","?","?","M","R","B",null,"R","$","E","B",null],"character_chosen":"THE_CURSED","items_purchased":["Chemical X","Pantograph","TheCursedMod:EmpowerCircles","Meat on the Bone","Chrysalis","Apotheosis+1","Mummified Hand","FairyPotion","SteroidPotion"],"campfire_rested":2,"item_purchase_floors":[37,37,37,37,37,53,53,53,53],"current_hp_per_floor":[53,52,52,52,52,52,24,46,46,35,35,35,33,35,57,39,75,75,75,74,74,60,55,39,54,54,69,69,45,32,31,49,44,75,75,64,64,75,75,75,59,75,75,58,58,77,77,77,77,70,77,77,77,91,55],"gold":32,"neow_bonus":"ONE_RARE_RELIC","is_daily":false,"chose_seed":false,"campfire_upgraded":5,"win_rate":0.0,"timestamp":1612744630,"path_taken":["M","M","?","?","?","R","E","R","T","E","R","M","E","?","R","BOSS","M","M","M","?","M","E","?","R","T","R","M","E","?","M","R","BOSS","M","M","$","?","?","R","?","R","T","E","?","?","?","M","R","BOSS","R","$","E","BOSS"],"items_purchased_type":["Relic","Relic","Card","Relic","Card","Card","Relic","Potion","Potion"],"build_version":"2020-12-22","purchased_purges":1,"victory":true,"max_hp_per_floor":[75,75,75,75,75,75,75,75,75,75,75,75,75,75,75,75,75,75,75,75,75,75,75,75,75,75,75,75,75,75,75,75,75,75,75,75,75,75,75,75,75,75,75,77,77,77,77,77,77,77,77,77,77,91,97],"relic_stats":{"Happy Flower":[22],"Torii":16,"counters":[30,148],"Eternal Feather":64,"StoneCalendar":[52],"War Paint":["TheCursedMod:DoubleShield","TheCursedMod:Defend_TheCursed"],"Question Card":13,"Boot":[84],"Shovel":3,"Shuriken":[10],"Ornamental Fan":[12],"Mummified Hand":[9],"Pantograph":11,"Snecko Eye":[62,54,66,48],"Necronomicon":[41],"Chemical X":[23],"obtain_stats":[{"Torii":45,"Vajra":13,"StoneCalendar":30,"Mango":54,"Incense Burner":0,"Bottled Tornado":30,"Boot":43,"Matryoshka":21,"Shovel":38,"Mummified Hand":53,"Pantograph":37,"Necronomicon":24,"Chemical X":37,"Toxic Egg 2":44,"InkBottle":9,"TheCursedMod:BlackMagic101":0,"Happy Flower":26,"Golden Idol":5,"Oddly Smooth Stone":7,"Eternal Feather":23,"Odd Mushroom":14,"War Paint":49,"Question Card":26,"White Beast Statue":29,"Shuriken":42,"Ornamental Fan":52,"Snecko Eye":34,"Coffee Dripper":17,"TheCursedMod:SoulVessel":10,"Meat on the Bone":37},{"Torii":26,"Vajra":7,"StoneCalendar":18,"Mango":29,"Incense Burner":0,"Bottled Tornado":18,"Boot":24,"Matryoshka":12,"Shovel":23,"Mummified Hand":28,"Pantograph":22,"Necronomicon":14,"Chemical X":22,"Toxic Egg 2":25,"InkBottle":4,"TheCursedMod:BlackMagic101":0,"Happy Flower":14,"Golden Idol":3,"Oddly Smooth Stone":4,"Eternal Feather":14,"Odd Mushroom":8,"War Paint":27,"Question Card":14,"White Beast Statue":16,"Shuriken":24,"Ornamental Fan":28,"Snecko Eye":20,"Coffee Dripper":9,"TheCursedMod:SoulVessel":5,"Meat on the Bone":22},{"Torii":133,"Vajra":33,"StoneCalendar":96,"Mango":143,"Incense Burner":0,"Bottled Tornado":96,"Boot":126,"Matryoshka":67,"Shovel":121,"Mummified Hand":141,"Pantograph":118,"Necronomicon":80,"Chemical X":118,"Toxic Egg 2":131,"InkBottle":16,"TheCursedMod:BlackMagic101":0,"Happy Flower":80,"Golden Idol":11,"Oddly Smooth Stone":16,"Eternal Feather":80,"Odd Mushroom":37,"War Paint":136,"Question Card":80,"White Beast Statue":88,"Shuriken":126,"Ornamental Fan":141,"Snecko Eye":112,"Coffee Dripper":52,"TheCursedMod:SoulVessel":25,"Meat on the Bone":118}],"InkBottle":[51],"Meat on the Bone":0},"card_choices":[{"not_picked":["TheCursedMod:Stigma","TheCursedMod:CursedBlade"],"picked":"TheCursedMod:BlessingInDisguise","floor":1.0},{"not_picked":["TheCursedMod:SpitefulStrike","TheCursedMod:FleshFromBone"],"picked":"TheCursedMod:CircleOfFlame","floor":2.0},{"not_picked":["TheCursedMod:WearCloak","TheCursedMod:VitalStrike"],"picked":"TheCursedMod:Wield","floor":4.0},{"not_picked":["TheCursedMod:SmokeScreen","TheCursedMod:Torture"],"picked":"TheCursedMod:RavingStaff","floor":7.0},{"not_picked":["TheCursedMod:CursedMace","TheCursedMod:CursedRelics"],"picked":"TheCursedMod:CircleOfAbyss","floor":10.0},{"not_picked":["TheCursedMod:SpitefulStrike","TheCursedMod:CircleOfBlood"],"picked":"TheCursedMod:TacticalStrike","floor":12.0},{"not_picked":["TheCursedMod:RavingStaff","TheCursedMod:CursedBlade"],"picked":"TheCursedMod:WearCloak","floor":13.0},{"not_picked":["TheCursedMod:StingEye","TheCursedMod:Stretching"],"picked":"TheCursedMod:LuckyCharm","floor":14.0},{"not_picked":["TheCursedMod:ShockAndAwe","TheCursedMod:CursedRelics"],"picked":"TheCursedMod:DemonicPact","floor":16.0},{"not_picked":["TheCursedMod:Wield","TheCursedMod:CircleOfFlame"],"picked":"TheCursedMod:CircleOfAmplification+1","floor":18.0},{"not_picked":["TheCursedMod:RapidMovement","TheCursedMod:Stigma"],"picked":"TheCursedMod:CircleOfFocus","floor":19.0},{"not_picked":["TheCursedMod:CursedSpellbook","TheCursedMod:CursedArmor"],"picked":"TheCursedMod:SaltUponWound","floor":20.0},{"not_picked":["TheCursedMod:Obscuration","TheCursedMod:CircleOfWindfury"],"picked":"TheCursedMod:DoubleShield","floor":22.0},{"not_picked":["TheCursedMod:SurpriseAttack","TheCursedMod:BlessingInDisguise"],"picked":"TheCursedMod:CursedShiv","floor":23.0},{"not_picked":["TheCursedMod:SpitefulStrike","TheCursedMod:TroublousMinions+1","TheCursedMod:SpitefulPray"],"picked":"TheCursedMod:FuryStrike","floor":28.0},{"not_picked":["TheCursedMod:CursedBoomerang","TheCursedMod:CursedArmor","TheCursedMod:CursedRelics"],"picked":"TheCursedMod:ManaBullet","floor":29.0},{"not_picked":["TheCursedMod:CircleOfCorruption","TheCursedMod:Hemoplague","TheCursedMod:TacticalStrike"],"picked":"TheCursedMod:Evocation+1","floor":30.0},{"not_picked":["TheCursedMod:FuryStrike","TheCursedMod:VitalStrike+1","TheCursedMod:CursedBlade"],"picked":"TheCursedMod:CircleOfCorruption","floor":31.0},{"not_picked":["TheCursedMod:CursedBoomerang+1","TheCursedMod:CursedAmulet+1","TheCursedMod:Mangle+1"],"picked":"TheCursedMod:CircleOfFlame+1","floor":35.0},{"not_picked":["TheCursedMod:WearCloak+1","TheCursedMod:DemonSword","TheCursedMod:CursedShiv"],"picked":"TheCursedMod:SaltUponWound+1","floor":36.0},{"not_picked":["TheCursedMod:SurpriseAttack","TheCursedMod:SpitefulStrike","TheCursedMod:Obscuration"],"picked":"TheCursedMod:EmpowerCircles+1","floor":38.0},{"not_picked":["TheCursedMod:Torture+1","TheCursedMod:CircleOfAmplification+1","TheCursedMod:Stretching+1"],"picked":"TheCursedMod:AntiAging","floor":41},{"not_picked":["TheCursedMod:Stigma","TheCursedMod:SpitefulStrike","TheCursedMod:Stretching+1"],"picked":"TheCursedMod:RavingStaff+1","floor":44},{"not_picked":["TheCursedMod:SpitefulStrike","TheCursedMod:StingEye+1","TheCursedMod:Stigma"],"picked":"TheCursedMod:SaltUponWound+1","floor":45},{"not_picked":["TheCursedMod:FleshFromBone+1","TheCursedMod:Wield","TheCursedMod:StingEye+1"],"picked":"TheCursedMod:RapidMovement+1","floor":48},{"not_picked":["TheCursedMod:CursedAmulet+1","TheCursedMod:AbyssShockwave+1","TheCursedMod:VitalStrike","TheCursedMod:Torture+1"],"picked":"SKIP","floor":54}],"player_experience":1066474,"relics_obtained":[{"floor":7.0,"key":"Oddly Smooth Stone"},{"floor":9.0,"key":"InkBottle"},{"floor":10.0,"key":"TheCursedMod:SoulVessel"},{"floor":13.0,"key":"Vajra"},{"floor":14.0,"key":"Odd Mushroom"},{"floor":23.0,"key":"Eternal Feather"},{"floor":24.0,"key":"Necronomicon"},{"floor":26.0,"key":"Question Card"},{"floor":26.0,"key":"Happy Flower"},{"floor":29.0,"key":"White Beast Statue"},{"floor":30.0,"key":"StoneCalendar"},{"floor":30.0,"key":"Bottled Tornado"},{"floor":38.0,"key":"Shovel"},{"floor":42,"key":"Shuriken"},{"floor":43,"key":"Boot"},{"floor":44,"key":"Toxic Egg 2"},{"floor":45,"key":"Torii"},{"floor":49,"key":"War Paint"},{"floor":52,"key":"Ornamental Fan"},{"floor":54,"key":"Mango"}],"event_choices":[{"damage_healed":0.0,"max_hp_gain":0.0,"max_hp_loss":0.0,"gold_gain":0.0,"event_name":"Lab","player_choice":"Got Potions","floor":3.0,"gold_loss":0.0,"damage_taken":0.0},{"damage_healed":0.0,"max_hp_gain":0.0,"max_hp_loss":0.0,"gold_gain":0.0,"event_name":"Golden Idol","player_choice":"Take Wound","floor":5.0,"gold_loss":0.0,"damage_taken":0.0,"relics_obtained":["Golden Idol"],"cards_obtained":["Injury"]},{"damage_healed":0.0,"max_hp_gain":0.0,"max_hp_loss":0.0,"gold_gain":0.0,"event_name":"Mushrooms","player_choice":"Fought Mushrooms","floor":14.0,"gold_loss":0.0,"damage_taken":0.0},{"damage_healed":0.0,"max_hp_gain":0.0,"max_hp_loss":0.0,"gold_gain":0.0,"event_name":"The Mausoleum","player_choice":"Opened","floor":21.0,"gold_loss":0.0,"damage_taken":0.0,"relics_obtained":["Matryoshka"]},{"damage_healed":0.0,"max_hp_gain":0.0,"max_hp_loss":0.0,"gold_gain":0.0,"event_name":"Cursed Tome","player_choice":"Obtained Book","floor":24.0,"gold_loss":0.0,"damage_taken":16.0},{"damage_healed":0.0,"max_hp_gain":0.0,"max_hp_loss":0.0,"gold_gain":0.0,"event_name":"Colosseum","player_choice":"Fight","floor":30.0,"gold_loss":0.0,"damage_taken":0.0},{"damage_healed":0.0,"max_hp_gain":0.0,"max_hp_loss":0.0,"gold_gain":0.0,"event_name":"Colosseum","player_choice":"Fought Nobs","floor":30.0,"gold_loss":0.0,"damage_taken":0.0},{"damage_healed":0.0,"max_hp_gain":0.0,"max_hp_loss":0.0,"gold_gain":0.0,"event_name":"MindBloom","player_choice":"Fight","floor":38.0,"gold_loss":0.0,"damage_taken":0.0},{"damage_healed":0,"gold_gain":0,"player_choice":"Bought 3 Potions","damage_taken":0,"max_hp_gain":0,"max_hp_loss":0,"event_name":"The Woman in Blue","floor":39,"gold_loss":0},{"damage_healed":0,"gold_gain":0,"player_choice":"Fight","damage_taken":0,"max_hp_gain":0,"max_hp_loss":0,"event_name":"Mysterious Sphere","floor":45,"gold_loss":0},{"damage_healed":19,"gold_gain":0,"player_choice":"Writhe","damage_taken":0,"max_hp_gain":0,"max_hp_loss":0,"event_name":"Winding Halls","floor":46,"gold_loss":0,"cards_obtained":["Writhe"]},{"damage_healed":0,"gold_gain":333,"player_choice":"Gave Idol","damage_taken":0,"max_hp_gain":0,"max_hp_loss":0,"event_name":"The Moai Head","floor":47,"relics_lost":["Golden Idol"],"gold_loss":0}],"is_beta":false,"boss_relics":[{"not_picked":["Empty Cage","Busted Crown"],"picked":"Coffee Dripper"},{"not_picked":["Cursed Key","Astrolabe"],"picked":"Snecko Eye"}],"items_purged_floors":[37],"is_endless":false,"potions_floor_spawned":[1,2,12,13,18,19,23,28,30,30,31,33,35,36,38,41,44,45,48,54],"ascension_level":4}}