{"host":"ydg0vn0pu4pubmdt","time":1612803272,"event":{"mods":["AchievementEnabler","BaseMod","Colored Map","Gold Saver","Minty Spire (QoL Compilation)","Quick Restart","SuperFastMode"],"gold_per_floor":[114,126,126,126,126,126,144,144,216,216,230,62,62,98,98,219,282,303,72,96,72,72,107,107,121,121,121,144,178,178,192,192,320,320,333,333,333,164,85,85,85,106,106,106,119,132,58,71,71,71],"floor_reached":51,"language":"KOR","playtime":851,"items_purged":["Strike_P","Strike_P"],"score":733,"play_id":"17dbe421-7ed2-4346-8b13-cc9eaa175c48","local_time":"20210209015432","is_ascension_mode":false,"campfire_choices":[{"data":"Eruption","floor":6.0,"key":"SMITH"},{"data":"MentalFortress","floor":8.0,"key":"SMITH"},{"data":"Vigilance","floor":10.0,"key":"SMITH"},{"data":"Apotheosis","floor":15.0,"key":"SMITH"},{"floor":27.0,"key":"REST"},{"floor":30.0,"key":"RECALL"},{"floor":32.0,"key":"REST"},{"data":"Tantrum","floor":40.0,"key":"SMITH"},{"data":"Adaptation","floor":49.0,"key":"SMITH"}],"circlet_count":0,"master_deck":["Strike_P","Strike_P+1","Defend_P+1","Defend_P","Defend_P","Eruption+1","Vigilance+1","MentalFortress+1","Apotheosis+1","WheelKick","Adaptation","CrushJoints","Adaptation+1","FlurryOfBlows","Deep Breath+1","Tantrum+1","FearNoEvil","InnerPeace+1"],"relics":["PureWater","NeowsBlessing","Golden Idol","Bag of Marbles","Gremlin Horn","Darkstone Periapt","Tiny House","DollysMirror","Vajra","Ornamental Fan","Toxic Egg 2","Bottled Tornado","Cursed Key"],"acts_visited":["Exordium","TheCity","TheBeyond"],"potions_floor_usage":[],"damage_taken":[{"damage":0.0,"enemies":"Jaw Worm","floor":1.0,"turns":1.0},{"damage":0.0,"enemies":"2 Louse","floor":2.0,"turns":1.0},{"damage":0.0,"enemies":"Cultist","floor":7.0,"turns":1.0},{"damage":6.0,"enemies":"Exordium Wildlife","floor":11.0,"turns":2.0},{"damage":0.0,"enemies":"Gremlin Nob","floor":14.0,"turns":2.0},{"damage":27.0,"enemies":"The Guardian","floor":16.0,"turns":10.0},{"damage":0.0,"enemies":"Shell Parasite","floor":18.0,"turns":1.0},{"damage":2.0,"enemies":"Spheric Guardian","floor":20.0,"turns":3.0},{"damage":12.0,"enemies":"Book of Stabbing","floor":23.0,"turns":4.0},{"damage":37.0,"enemies":"Shelled Parasite and Fungi","floor":25.0,"turns":4.0},{"damage":0.0,"enemies":"Snecko","floor":28.0,"turns":3.0},{"damage":0.0,"enemies":"Gremlin Leader","floor":29.0,"turns":3.0},{"damage":0.0,"enemies":"3 Cultists","floor":31.0,"turns":3.0},{"damage":10.0,"enemies":"Collector","floor":33.0,"turns":5.0},{"damage":3.0,"enemies":"3 Shapes","floor":35.0,"turns":3.0},{"damage":0.0,"enemies":"3 Darklings","floor":42.0,"turns":2.0},{"damage":2.0,"enemies":"Spire Growth","floor":45.0,"turns":3.0},{"damage":0.0,"enemies":"Sphere and 2 Shapes","floor":46.0,"turns":2.0},{"damage":0.0,"enemies":"Writhing Mass","floor":48.0,"turns":3.0},{"damage":2,"enemies":"Donu and Deca","floor":50,"turns":4}],"seed_played":"8048881696811748834","potions_obtained":[{"floor":1.0,"key":"SpeedPotion"},{"floor":2.0,"key":"DistilledChaos"},{"floor":13.0,"key":"Fire Potion"},{"floor":17.0,"key":"SpeedPotion"},{"floor":25.0,"key":"FearPotion"},{"floor":28.0,"key":"Block Potion"},{"floor":29.0,"key":"LiquidMemories"},{"floor":31.0,"key":"LiquidMemories"},{"floor":45.0,"key":"StancePotion"}],"is_trial":false,"path_per_floor":["M","M","?","?","?","R","M","R","T","R","M","$","?","E","R","B",null,"M","$","M","$","?","E","T","M","T","R","M","E","R","M","R","B",null,"M","?","?","$","$","R","?","M","T","?","M","M","$","M","R","B",null],"character_chosen":"WATCHER","items_purchased":["Apotheosis","DollysMirror","FlurryOfBlows","Tantrum","FearNoEvil","InnerPeace+1"],"campfire_rested":2,"item_purchase_floors":[12,19,21,38,39,47],"current_hp_per_floor":[72,72,54,51,37,37,37,37,37,37,31,31,31,31,31,4,77,77,77,75,75,75,63,63,26,26,49,49,49,49,49,72,62,77,74,74,64,64,64,64,64,64,64,64,62,62,62,62,62,60],"gold":71,"neow_bonus":"THREE_ENEMY_KILL","is_daily":false,"chose_seed":false,"campfire_upgraded":6,"win_rate":0.0,"timestamp":1612803272,"path_taken":["M","M","?","?","?","R","M","R","T","R","M","$","?","E","R","BOSS","M","$","M","$","?","E","?","M","T","R","M","E","R","M","R","BOSS","M","?","?","?","$","R","?","?","T","?","M","M","$","M","R","BOSS"],"items_purchased_type":["Card","Relic","Card","Card","Card","Card"],"build_version":"2020-12-22","purchased_purges":2,"victory":true,"max_hp_per_floor":[72,72,72,72,72,72,72,72,72,72,72,72,72,72,72,72,77,77,77,77,77,77,77,77,77,77,77,77,77,77,77,77,77,77,77,77,77,77,77,77,73,73,73,73,73,73,73,73,73,73],"card_choices":[{"not_picked":["CutThroughFate","Vengeance"],"picked":"MentalFortress","floor":1.0},{"not_picked":["CutThroughFate","PathToVictory","FlyingSleeves"],"picked":"SKIP","floor":2.0},{"not_picked":["WaveOfTheHand","Prostrate","CutThroughFate"],"picked":"SKIP","floor":7.0},{"not_picked":["BattleHymn","Indignation","Meditate"],"picked":"SKIP","floor":11.0},{"not_picked":["FlyingSleeves","CutThroughFate"],"picked":"WheelKick","floor":14.0},{"not_picked":["Devotion","Blasphemy"],"picked":"Ragnarok","floor":16.0},{"not_picked":["EmptyBody","EmptyMind"],"picked":"Adaptation","floor":17.0},{"not_picked":["Worship","Consecrate"],"picked":"CrushJoints","floor":18.0},{"not_picked":["Worship","EmptyMind","CutThroughFate+1"],"picked":"SKIP","floor":20.0},{"not_picked":["DeceiveReality","DeusExMachina","ClearTheMind+1"],"picked":"SKIP","floor":23.0},{"not_picked":["Prostrate","Crescendo","Protect"],"picked":"SKIP","floor":25.0},{"not_picked":["FlurryOfBlows","Perseverance+1","CrushJoints"],"picked":"SKIP","floor":28.0},{"not_picked":["Evaluate+1","WaveOfTheHand+1","ThirdEye+1"],"picked":"SKIP","floor":29.0},{"not_picked":["BattleHymn+1","FlyingSleeves","Halt+1"],"picked":"SKIP","floor":31.0},{"not_picked":["FollowUp","CutThroughFate+1","EmptyFist"],"picked":"SKIP","floor":35.0},{"not_picked":["Good Instincts+1","Panacea+1"],"picked":"Deep Breath+1","floor":37.0},{"not_picked":["Protect+1","Fasting2","Weave"],"picked":"SKIP","floor":42.0},{"not_picked":["CrushJoints+1","WaveOfTheHand+1","LikeWater+1"],"picked":"SKIP","floor":45.0},{"not_picked":["Wallop+1","SashWhip+1","WaveOfTheHand+1"],"picked":"SKIP","floor":46.0},{"not_picked":["Halt+1","WreathOfFlame+1","FlurryOfBlows"],"picked":"SKIP","floor":48.0}],"player_experience":502076,"relics_obtained":[{"floor":9.0,"key":"Gremlin Horn"},{"floor":14.0,"key":"Darkstone Periapt"},{"floor":23.0,"key":"Vajra"},{"floor":24.0,"key":"Ornamental Fan"},{"floor":26.0,"key":"Toxic Egg 2"},{"floor":29.0,"key":"Bottled Tornado"}],"event_choices":[{"damage_healed":0.0,"max_hp_gain":0.0,"max_hp_loss":0.0,"gold_gain":0.0,"event_name":"Golden Idol","player_choice":"Take Damage","floor":3.0,"gold_loss":0.0,"damage_taken":18.0,"relics_obtained":["Golden Idol"]},{"damage_healed":0.0,"max_hp_gain":0.0,"max_hp_loss":0.0,"gold_gain":0.0,"event_name":"Scrap Ooze","player_choice":"Success","floor":4.0,"gold_loss":0.0,"damage_taken":3.0,"relics_obtained":["Bag of Marbles"]},{"damage_healed":0.0,"max_hp_gain":0.0,"max_hp_loss":0.0,"gold_gain":0.0,"event_name":"Shining Light","player_choice":"Entered Light","floor":5.0,"gold_loss":0.0,"damage_taken":14.0,"cards_upgraded":["Defend_P","Strike_P"]},{"damage_healed":0.0,"max_hp_gain":0.0,"max_hp_loss":0.0,"gold_gain":0.0,"event_name":"Lab","player_choice":"Got Potions","floor":13.0,"gold_loss":0.0,"damage_taken":0.0},{"cards_removed":["Defend_P"],"damage_healed":0.0,"max_hp_gain":0.0,"max_hp_loss":0.0,"gold_gain":0.0,"event_name":"Back to Basics","player_choice":"Elegance","floor":22.0,"gold_loss":0.0,"damage_taken":0.0},{"damage_healed":0.0,"max_hp_gain":0.0,"max_hp_loss":0.0,"gold_gain":0.0,"event_name":"Mysterious Sphere","player_choice":"Ignored","floor":36.0,"gold_loss":0.0,"damage_taken":0.0},{"damage_healed":0.0,"max_hp_gain":0.0,"max_hp_loss":0.0,"gold_gain":0.0,"event_name":"SensoryStone","player_choice":"Memory 3","floor":37.0,"gold_loss":0.0,"damage_taken":10.0},{"damage_healed":0.0,"max_hp_gain":0.0,"max_hp_loss":4.0,"gold_gain":0.0,"event_name":"Winding Halls","player_choice":"Max HP","floor":41.0,"gold_loss":0.0,"damage_taken":0.0},{"cards_removed":["Ragnarok"],"damage_healed":0.0,"max_hp_gain":0.0,"max_hp_loss":0.0,"gold_gain":0.0,"event_name":"Falling","player_choice":"Removed Attack","floor":44.0,"gold_loss":0.0,"damage_taken":0.0}],"is_beta":false,"boss_relics":[{"not_picked":["Coffee Dripper","Busted Crown"],"picked":"Tiny House"},{"not_picked":["Pandora\u0027s Box","Calling Bell"],"picked":"Cursed Key"}],"items_purged_floors":[19,38],"is_endless":false,"potions_floor_spawned":[1,2,25,28,29,31,45],"ascension_level":0}}