{"host":"oopoa2qluour3scl","time":1612784684,"event":{"mods":["2.2 Compatiblity","AchievementEnabler","AlwaysNeverKeys","BaseMod","Better Match","Better Note","Better Sensory Stone","Better Synergies","Better Third Choice","Better Vampires","BetterRewards","Bossed Relics","Colored Powertips","Communication Mod","Minty Spire (QoL Compilation)","Practice Mode","Random Character Button","Relic Filter Mod","Relic Stats","Smile Girya","StS++","StSLib","SuperFastMode","Swap Starting Deck Mod","Weighted Paths"],"gold_per_floor":[119,133,145,145,220,249,249,129,129,164,12,12,22,33,33,133,133,143,155,155,0,17,17,48,48,102,102,102,102,115,115,115,216,216,236,236,46,46,60,89,89,101,153,168,168,168,198,215,215,215,215,215,90,119,119],"floor_reached":56,"language":"ENG","playtime":2333,"items_purged":["Strike_G","Slice","Defend_G+1"],"score":1608,"play_id":"4a87caf0-aede-406e-9165-7fa2ae041c84","local_time":"20210208124444","is_ascension_mode":false,"campfire_choices":[{"floor":7,"key":"REST"},{"data":"StSpp:Dive","floor":12,"key":"SMITH"},{"data":"Catalyst","floor":15,"key":"SMITH"},{"data":"Burst","floor":23,"key":"SMITH"},{"data":"Blade Dance","floor":25,"key":"SMITH"},{"floor":27,"key":"REST"},{"data":"Skewer","floor":32,"key":"SMITH"},{"data":"Malaise","floor":41,"key":"SMITH"},{"data":"Acrobatics","floor":45,"key":"SMITH"},{"data":"Deadly Poison","floor":49,"key":"SMITH"},{"data":"Choke","floor":52,"key":"SMITH"}],"circlet_count":0,"master_deck":["Strike_G+1","Strike_G+1","Strike_G+1","Strike_G+1","Defend_G+1","Defend_G+1","Defend_G+1","Defend_G+1","Survivor","Neutralize","Bouncing Flask+1","Catalyst+1","Backflip","Blur","Dash","StSpp:Dive+1","Die Die Die","Blade Dance+1","Envenom+1","Backflip","Enlightenment+1","Burst+1","Skewer+1","Predator","Malaise+1","StSpp:TimeParadox+1","Noxious Fumes+1","Deadly Poison+1","Choke+1","StSpp:AbandonFlesh","Acrobatics+1","Escape Plan","StSpp:SwitchWeapon+1","Catalyst+1"],"relics":["Ring of the Snake","StSpp:XCola","Chemical X","Lizard Tail","Frozen Egg 2","Snake Skull","Tiny Chest","StSpp:PileOfSugar","Mango","Pen Nib","Bottled Lightning","Philosopher\u0027s Stone","StSpp:WoodenStick","StSpp:Monolith","Bronze Scales","Molten Egg 2","Juzu Bracelet","Bag of Preparation"],"acts_visited":["Exordium","TheCity","TheBeyond","TheEnding"],"potions_floor_usage":[13,18,55,55],"damage_taken":[{"damage":6,"enemies":"Jaw Worm","floor":1,"turns":3},{"damage":0,"enemies":"Small Slimes","floor":2,"turns":3},{"damage":0,"enemies":"2 Louse","floor":3,"turns":3},{"damage":13,"enemies":"Lagavulin","floor":6,"turns":4},{"damage":7,"enemies":"Gremlin Nob","floor":10,"turns":3},{"damage":7,"enemies":"Exordium Thugs","floor":13,"turns":4},{"damage":0,"enemies":"Blue Slaver","floor":14,"turns":2},{"damage":16,"enemies":"Slime Boss","floor":16,"turns":5},{"damage":5,"enemies":"3 Byrds","floor":18,"turns":3},{"damage":30,"enemies":"Chosen","floor":19,"turns":2},{"damage":6,"enemies":"Centurion and Healer","floor":22,"turns":5},{"damage":0,"enemies":"Book of Stabbing","floor":24,"turns":2},{"damage":10,"enemies":"Shelled Parasite and Fungi","floor":30,"turns":3},{"damage":0,"enemies":"Collector","floor":33,"turns":3},{"damage":0,"enemies":"3 Shapes","floor":35,"turns":2},{"damage":0,"enemies":"Orb Walker","floor":39,"turns":2},{"damage":0,"enemies":"Reptomancer","floor":40,"turns":2},{"damage":0,"enemies":"Jaw Worm Horde","floor":42,"turns":3},{"damage":30,"enemies":"Sphere and 2 Shapes","floor":44,"turns":2},{"damage":0,"enemies":"Nemesis","floor":47,"turns":3},{"damage":0,"enemies":"Spire Growth","floor":48,"turns":3},{"damage":10,"enemies":"Awakened One","floor":50,"turns":6},{"damage":70,"enemies":"Shield and Spear","floor":54,"turns":4},{"damage":72,"enemies":"The Heart","floor":55,"turns":5}],"seed_played":"-6109775362023968414","potions_obtained":[{"floor":2,"key":"DistilledChaos"},{"floor":3,"key":"Energy Potion"},{"floor":6,"key":"Explosive Potion"},{"floor":13,"key":"SmokeBomb"},{"floor":30,"key":"Regen Potion"},{"floor":33,"key":"StSpp:InhibitionPotion"},{"floor":47,"key":"Poison Potion"}],"is_trial":false,"path_per_floor":["M","M","M","?","?","E","R","$","T","E","$","R","M","M","R","B",null,"M","M","?","$","M","R","E","R","T","R","?","?","M","T","R","B",null,"M","?","$","?","M","E","R","M","T","M","R","T","E","M","R","B",null,"R","$","E","B",null],"character_chosen":"THE_SILENT","items_purchased":["StSpp:XCola","Chemical X","Bouncing Flask","Slice","StSpp:Dive","Tiny Chest","Burst","Noxious Fumes+1","Deadly Poison"],"campfire_rested":2,"item_purchase_floors":[0,0,0,0,8,11,21,37,37],"current_hp_per_floor":[64,64,64,64,53,40,61,61,61,54,54,54,47,47,47,31,70,65,35,35,35,29,29,43,43,43,68,68,60,50,50,50,50,84,84,84,84,84,84,84,84,84,84,54,54,54,54,54,54,44,84,84,84,14,43],"gold":119,"neow_bonus":"","is_daily":false,"chose_seed":false,"campfire_upgraded":9,"win_rate":0.0,"timestamp":1612784684,"path_taken":["M","M","M","?","?","E","R","?","T","E","$","R","M","M","R","BOSS","M","M","?","$","M","R","E","R","T","R","?","?","M","?","R","BOSS","M","?","$","?","M","E","R","?","T","M","R","?","E","M","R","BOSS","R","$","E","BOSS"],"items_purchased_type":["Relic","Relic","Card","Card","Card","Relic","Card","Card","Card"],"build_version":"2020-12-22","purchased_purges":3,"victory":true,"max_hp_per_floor":[70,70,70,70,70,70,70,70,70,70,70,70,70,70,70,70,70,70,70,70,70,70,70,84,84,84,84,84,84,84,84,84,84,84,84,84,84,84,84,84,84,84,84,84,84,84,84,84,84,84,84,84,84,84,84],"relic_stats":{"Lizard Tail":42,"counters":[41,125],"Bronze Scales":[87],"Tiny Chest":2,"Snake Skull":[308],"Pen Nib":[19],"Juzu Bracelet":4,"Bag of Preparation":[2],"Chemical X":[28],"obtain_stats":[{"Regal Pillow":26,"CeramicFish":10,"Mango":24,"Snake Skull":10,"Juzu Bracelet":6,"Bag of Preparation":54,"Lizard Tail":6,"WristBlade":34,"Ninja Scroll":43,"Tiny Chest":11,"Philosopher\u0027s Stone":34,"Chemical X":0,"Kunai":50,"StSpp:WoodenStick":38,"StSpp:XCola":0,"StSpp:Monolith":40,"Ring of the Snake":0,"Happy Flower":29,"Golden Idol":14,"swapstartingdeckmod:Bellows":0,"Pen Nib":23,"betterThird:NestCultRelic":28,"Omamori":3,"Orichalcum":40,"Frozen Egg 2":9,"Shuriken":38,"Bronze Scales":43,"Molten Egg 2":46,"Coffee Dripper":17,"Bottled Lightning":31,"StSpp:PileOfSugar":17,"Toy Ornithopter":9,"Pocketwatch":39},{"Regal Pillow":8,"CeramicFish":4,"Mango":29,"Snake Skull":22,"Juzu Bracelet":3,"Bag of Preparation":40,"Lizard Tail":21,"WristBlade":11,"Ninja Scroll":16,"Tiny Chest":22,"Philosopher\u0027s Stone":31,"Chemical X":17,"Kunai":39,"StSpp:WoodenStick":32,"StSpp:XCola":17,"StSpp:Monolith":34,"Ring of the Snake":0,"Happy Flower":9,"Golden Idol":4,"swapstartingdeckmod:Bellows":0,"Pen Nib":8,"betterThird:NestCultRelic":8,"Omamori":1,"Orichalcum":15,"Frozen Egg 2":21,"Shuriken":13,"Bronze Scales":35,"Molten Egg 2":36,"Coffee Dripper":5,"Bottled Lightning":30,"StSpp:PileOfSugar":25,"Toy Ornithopter":3,"Pocketwatch":14},{"Regal Pillow":17,"CeramicFish":6,"Mango":87,"Snake Skull":64,"Juzu Bracelet":4,"Bag of Preparation":120,"Lizard Tail":61,"WristBlade":29,"Ninja Scroll":46,"Tiny Chest":64,"Philosopher\u0027s Stone":93,"Chemical X":48,"Kunai":113,"StSpp:WoodenStick":95,"StSpp:XCola":48,"StSpp:Monolith":99,"Ring of the Snake":0,"Happy Flower":22,"Golden Idol":6,"swapstartingdeckmod:Bellows":0,"Pen Nib":17,"betterThird:NestCultRelic":17,"Omamori":1,"Orichalcum":43,"Frozen Egg 2":61,"Shuriken":35,"Bronze Scales":102,"Molten Egg 2":104,"Coffee Dripper":10,"Bottled Lightning":90,"StSpp:PileOfSugar":75,"Toy Ornithopter":4,"Pocketwatch":38}],"Ring of the Snake":[82]},"card_choices":[{"not_picked":["Eviscerate","Underhanded Strike"],"picked":"Catalyst","floor":1},{"not_picked":["Backstab","Concentrate"],"picked":"Backflip","floor":2},{"not_picked":["Deflect","Dodge and Roll"],"picked":"Blur","floor":3},{"not_picked":["Slice","Tactician"],"picked":"Dash","floor":6},{"not_picked":["Backflip","Dodge and Roll"],"picked":"Die Die Die","floor":10},{"not_picked":["Caltrops+1","Dagger Spray"],"picked":"Blade Dance","floor":13},{"not_picked":["Quick Slash","Flying Knee","Riddle With Holes"],"picked":"SKIP","floor":14},{"not_picked":["Grand Finale","StSpp:AbandonFlesh"],"picked":"Envenom+1","floor":16},{"not_picked":["Deflect+1","Dagger Throw"],"picked":"Backflip","floor":18},{"not_picked":["Backflip","PiercingWail","Slice+1"],"picked":"SKIP","floor":19},{"not_picked":["Underhanded Strike","StSpp:ChainedTrap+1"],"picked":"Skewer","floor":22},{"not_picked":["Predator","Dagger Spray","Eviscerate"],"picked":"SKIP","floor":24},{"not_picked":["Dagger Spray","Eviscerate"],"picked":"Predator","floor":24},{"not_picked":["Poisoned Stab","Blur","Dodge and Roll"],"picked":"SKIP","floor":30},{"not_picked":["Tools of the Trade+1","Phantasmal Killer"],"picked":"Malaise","floor":33},{"not_picked":["StSpp:Anticipation","Deflect+1"],"picked":"StSpp:TimeParadox+1","floor":35},{"not_picked":["StSpp:PoisonousPunch","Tactician"],"picked":"Choke","floor":39},{"not_picked":["StSpp:PoisonousPunch","Masterful Stab+1","Poisoned Stab"],"picked":"SKIP","floor":40},{"not_picked":["Finisher+1","Masterful Stab+1"],"picked":"StSpp:AbandonFlesh","floor":42},{"not_picked":["StSpp:Lure","StSpp:StrikeFirst"],"picked":"Acrobatics","floor":44},{"not_picked":["Caltrops+1","StSpp:PoisonousPunch+1"],"picked":"Escape Plan","floor":47},{"not_picked":["StSpp:TimeParadox","Skewer+1"],"picked":"StSpp:SwitchWeapon+1","floor":48},{"not_picked":["Leg Sweep+1","StSpp:Throw"],"picked":"Catalyst+1","floor":54}],"player_experience":493937,"relics_obtained":[{"floor":6,"key":"Lizard Tail"},{"floor":9,"key":"Frozen Egg 2"},{"floor":10,"key":"Snake Skull"},{"floor":24,"key":"Mango"},{"floor":26,"key":"Pen Nib"},{"floor":31,"key":"Bottled Lightning"},{"floor":38,"key":"StSpp:WoodenStick"},{"floor":40,"key":"StSpp:Monolith"},{"floor":43,"key":"Bronze Scales"},{"floor":46,"key":"Molten Egg 2"},{"floor":47,"key":"Juzu Bracelet"},{"floor":54,"key":"Bag of Preparation"}],"event_choices":[{"damage_healed":0,"gold_gain":0,"player_choice":"Grow","damage_taken":0,"max_hp_gain":0,"max_hp_loss":0,"event_name":"Living Wall","floor":4,"gold_loss":0,"cards_upgraded":["Bouncing Flask"]},{"damage_healed":0,"gold_gain":75,"player_choice":"Gold","damage_taken":11,"max_hp_gain":0,"max_hp_loss":0,"event_name":"betterThird:BetterGoop","floor":5,"gold_loss":0},{"cards_removed":["StSpp:Dive"],"damage_healed":0,"gold_gain":0,"player_choice":"Take \u0026 Give","damage_taken":0,"max_hp_gain":0,"max_hp_loss":0,"event_name":"betterNote:BetterNote","floor":20,"gold_loss":0,"cards_obtained":["Enlightenment"]},{"damage_healed":0,"gold_gain":0,"player_choice":"Simplicity","damage_taken":0,"max_hp_gain":0,"max_hp_loss":9,"event_name":"betterThird:BetterWriting","floor":28,"gold_loss":0},{"damage_healed":0,"gold_gain":0,"player_choice":"Damaged","damage_taken":8,"max_hp_gain":0,"max_hp_loss":0,"event_name":"Wheel of Change","floor":29,"gold_loss":0},{"damage_healed":0,"gold_gain":0,"player_choice":"Ignored","damage_taken":0,"max_hp_gain":0,"max_hp_loss":0,"event_name":"Tomb of Lord Red Mask","floor":36,"gold_loss":0},{"damage_healed":0,"gold_gain":0,"player_choice":"Relic","damage_taken":0,"max_hp_gain":0,"max_hp_loss":0,"event_name":"Wheel of Change","floor":38,"gold_loss":0}],"is_beta":false,"boss_relics":[{"not_picked":["HoveringKite","Fusion Hammer"],"picked":"StSpp:PileOfSugar"},{"not_picked":["SacredBark","Empty Cage"],"picked":"Philosopher\u0027s Stone"}],"items_purged_floors":[8,37,53],"is_endless":false,"potions_floor_spawned":[2,3,6,13,30,33,40,47,54],"ascension_level":0}}