{"host":"rhakyh2m1vy6smuu","time":1612796862,"event":{"mods":["BaseMod","Minty Spire (QoL Compilation)","StSLib","The Cursed"],"gold_per_floor":[361,140,151,151,151,151,181,181,232,252,272,301,46,62,62,165,165,180,180,196,209,134,134,161,161,185,185,205,48,79,89,89,194,194,206,223,233,285,285,285,285,285,310,344,354,365,155,170,170,170,170,170,18,43,43],"floor_reached":56,"language":"ENG","playtime":4444,"items_purged":["TheCursedMod:Strike_TheCursed"],"score":1273,"play_id":"008319fd-4a23-4350-beab-5f2ea989877a","local_time":"20210208080742","is_ascension_mode":true,"campfire_choices":[{"data":"TheCursedMod:CursedBlade","floor":6,"key":"SMITH"},{"data":"TheCursedMod:FleshFromBone","floor":8,"key":"SMITH"},{"data":"TheCursedMod:HellfireBreathing","floor":15,"key":"SMITH"},{"data":"TheCursedMod:CursedSpellbook","floor":23,"key":"SMITH"},{"data":"TheCursedMod:CursedShiv","floor":25,"key":"SMITH"},{"data":"TheCursedMod:LuckyCharm","floor":32,"key":"SMITH"},{"data":"TheCursedMod:Hemoplague","floor":40,"key":"SMITH"},{"data":"TheCursedMod:StingEye","floor":42,"key":"SMITH"},{"floor":49,"key":"RECALL"},{"data":"TheCursedMod:OutForBlood","floor":52,"key":"SMITH"}],"circlet_count":0,"master_deck":["TheCursedMod:Strike_TheCursed","TheCursedMod:Strike_TheCursed","TheCursedMod:Defend_TheCursed+1","TheCursedMod:Defend_TheCursed","TheCursedMod:Defend_TheCursed","TheCursedMod:Defend_TheCursed","TheCursedMod:CursedWand","TheCursedMod:CleanUpWorkshop","TheCursedMod:Dregs","TheCursedMod:CursedSpellbook+1","TheCursedMod:SoulReap","TheCursedMod:Hemoplague+1","TheCursedMod:CursedBlade+1","TheCursedMod:ReleasedStrength","TheCursedMod:SurpriseAttack","TheCursedMod:FleshFromBone+1","TheCursedMod:CursedAmulet+1","TheCursedMod:SmokeScreen","TheCursedMod:StingEye+1","TheCursedMod:HellfireBreathing+1","TheCursedMod:WearCloak","TheCursedMod:DemonSword","TheCursedMod:Obscuration+1","TheCursedMod:CursedShiv+1","TheCursedMod:SpitefulPlan","TheCursedMod:TacticalStrike+1","TheCursedMod:LuckyCharm+1","TheCursedMod:SmokeScreen+1","TheCursedMod:OutForBlood+1","CurseOfTheBell","TheCursedMod:SpitefulPray+1","TheCursedMod:TroublousMinions+1","TheCursedMod:HellsGateOpen+1","TheCursedMod:Torture+1","TheCursedMod:CircleOfCorruption+1","TheCursedMod:CursedArmor+1","Finesse+1","TheCursedMod:CursedSpellbook+1","TheCursedMod:ManaCirculation","TheCursedMod:CursedShiv+1"],"relics":["TheCursedMod:BlackMagic101","Shuriken","CultistMask","InkBottle","Bag of Preparation","Nunchaku","Orichalcum","TheCursedMod:OminousMark","Toxic Egg 2","Pen Nib","War Paint","Bottled Tornado","Calling Bell","Regal Pillow","Sundial","Dead Branch","Du-Vu Doll","StrikeDummy","Membership Card","Toy Ornithopter","Oddly Smooth Stone"],"acts_visited":["Exordium","TheCity","TheBeyond","TheEnding"],"potions_floor_usage":[7,12,12,16,16,18,24,30,36,38,44,55,55],"damage_taken":[{"damage":0,"enemies":"Cultist","floor":1,"turns":4},{"damage":8,"enemies":"Small Slimes","floor":3,"turns":4},{"damage":27,"enemies":"Lagavulin","floor":7,"turns":7},{"damage":0,"enemies":"2 Louse","floor":10,"turns":2},{"damage":6,"enemies":"Looter","floor":11,"turns":3},{"damage":2,"enemies":"Gremlin Nob","floor":12,"turns":3},{"damage":7,"enemies":"Blue Slaver","floor":14,"turns":4},{"damage":13,"enemies":"The Guardian","floor":16,"turns":8},{"damage":5,"enemies":"2 Thieves","floor":18,"turns":3},{"damage":4,"enemies":"Spheric Guardian","floor":20,"turns":3},{"damage":0,"enemies":"Snake Plant","floor":21,"turns":3},{"damage":38,"enemies":"Slavers","floor":24,"turns":4},{"damage":8,"enemies":"Snecko","floor":28,"turns":5},{"damage":16,"enemies":"Book of Stabbing","floor":30,"turns":5},{"damage":1,"enemies":"3 Cultists","floor":31,"turns":3},{"damage":11,"enemies":"Champ","floor":33,"turns":8},{"damage":0,"enemies":"3 Shapes","floor":35,"turns":4},{"damage":0,"enemies":"Orb Walker","floor":36,"turns":3},{"damage":0,"enemies":"Maw","floor":37,"turns":6},{"damage":6,"enemies":"2 Orb Walkers","floor":38,"turns":4},{"damage":0,"enemies":"Nemesis","floor":44,"turns":3},{"damage":3,"enemies":"Spire Growth","floor":45,"turns":3},{"damage":0,"enemies":"3 Darklings","floor":46,"turns":2},{"damage":0,"enemies":"Sphere and 2 Shapes","floor":48,"turns":2},{"damage":19,"enemies":"Donu and Deca","floor":50,"turns":9},{"damage":15,"enemies":"Shield and Spear","floor":54,"turns":5},{"damage":10,"enemies":"The Heart","floor":55,"turns":7}],"seed_played":"8189358940279468904","potions_obtained":[{"floor":3,"key":"SpeedPotion"},{"floor":7,"key":"PowerPotion"},{"floor":11,"key":"EntropicBrew"},{"floor":20,"key":"FairyPotion"},{"floor":21,"key":"Strength Potion"},{"floor":28,"key":"PowerPotion"},{"floor":33,"key":"PowerPotion"},{"floor":37,"key":"Fruit Juice"},{"floor":38,"key":"Fire Potion"},{"floor":44,"key":"BlessingOfTheForge"},{"floor":48,"key":"Dexterity Potion"}],"is_trial":false,"path_per_floor":["M","$","M","?","?","R","E","R","T","M","M","E","$","M","R","B",null,"M","?","M","M","?","R","E","R","T","?","M","$","E","M","R","B",null,"M","M","M","?","?","R","?","R","T","E","M","M","$","M","R","B",null,"R","$","E","B",null],"character_chosen":"THE_CURSED","items_purchased":["TheCursedMod:SoulReap","TheCursedMod:Hemoplague","TheCursedMod:CursedBlade","TheCursedMod:ReleasedStrength","TheCursedMod:StingEye","TheCursedMod:HellfireBreathing","Orichalcum","War Paint","Membership Card","TheCursedMod:CursedArmor+1","Finesse+1","TheCursedMod:ManaCirculation","Toy Ornithopter"],"campfire_rested":0,"item_purchase_floors":[2,2,2,2,13,13,13,29,47,47,47,53,53],"current_hp_per_floor":[68,68,68,65,65,65,47,47,47,53,47,55,55,48,48,45,68,68,68,64,64,64,64,38,38,38,60,60,60,51,58,58,55,68,68,68,68,67,67,67,60,60,60,72,71,71,71,73,73,54,73,73,73,73,68],"gold":43,"neow_bonus":"TWO_FIFTY_GOLD","is_daily":false,"chose_seed":false,"campfire_upgraded":9,"win_rate":0.0,"timestamp":1612796862,"path_taken":["M","$","M","?","?","R","E","R","T","?","M","E","$","M","R","BOSS","M","?","?","M","?","R","E","R","T","?","M","?","E","M","R","BOSS","M","M","M","?","?","R","?","R","T","E","M","M","$","?","R","BOSS","R","$","E","BOSS"],"items_purchased_type":["Card","Card","Card","Card","Card","Card","Relic","Relic","Relic","Card","Card","Card","Relic"],"build_version":"2020-12-22","purchased_purges":1,"victory":true,"max_hp_per_floor":[68,68,68,68,68,68,68,68,68,68,68,68,68,68,68,68,68,68,68,68,68,68,68,68,68,68,68,68,68,68,68,68,68,68,68,68,68,73,73,73,73,73,73,73,73,73,73,73,73,73,73,73,73,73,73],"card_choices":[{"not_picked":["TheCursedMod:Stretching","TheCursedMod:WearCloak"],"picked":"TheCursedMod:CursedSpellbook","floor":1},{"not_picked":["TheCursedMod:Grudge","TheCursedMod:TacticalStrike"],"picked":"TheCursedMod:SurpriseAttack","floor":3},{"not_picked":["TheCursedMod:Stigma","TheCursedMod:Torture"],"picked":"TheCursedMod:FleshFromBone","floor":7},{"not_picked":["TheCursedMod:CircleOfFocus","TheCursedMod:SmokeScreen"],"picked":"TheCursedMod:CursedAmulet","floor":10},{"not_picked":["TheCursedMod:TacticalStrike","TheCursedMod:Wield","TheCursedMod:CursedBlade"],"picked":"SKIP","floor":11},{"not_picked":["TheCursedMod:DemonicPact","TheCursedMod:Obscuration"],"picked":"TheCursedMod:SmokeScreen","floor":12},{"not_picked":["TheCursedMod:SpitefulStrike","TheCursedMod:CircleOfCorruption"],"picked":"TheCursedMod:WearCloak","floor":14},{"not_picked":["TheCursedMod:UltimatePain","TheCursedMod:DemonicPact"],"picked":"TheCursedMod:DemonSword","floor":16},{"not_picked":["TheCursedMod:Wield","TheCursedMod:FuryStrike"],"picked":"TheCursedMod:Obscuration+1","floor":18},{"not_picked":["TheCursedMod:SpreadPlague","TheCursedMod:Obscuration"],"picked":"TheCursedMod:CursedShiv","floor":20},{"not_picked":["TheCursedMod:RavingStaff","TheCursedMod:Obscuration","TheCursedMod:RapidMovement"],"picked":"SKIP","floor":21},{"not_picked":["TheCursedMod:Stigma","TheCursedMod:SaltUponWound+1"],"picked":"TheCursedMod:SpitefulPlan","floor":24},{"not_picked":["TheCursedMod:CircleOfFlame+1","TheCursedMod:WearCloak+1"],"picked":"TheCursedMod:TacticalStrike+1","floor":28},{"not_picked":["TheCursedMod:CursedShiv+1","TheCursedMod:CursedBlade"],"picked":"TheCursedMod:LuckyCharm","floor":30},{"not_picked":["TheCursedMod:CursedAmulet+1","TheCursedMod:CursedShiv"],"picked":"TheCursedMod:SmokeScreen+1","floor":31},{"not_picked":["TheCursedMod:ManaCirculation","TheCursedMod:StunningStrike"],"picked":"TheCursedMod:OutForBlood","floor":33},{"not_picked":["TheCursedMod:SpitefulStrike","TheCursedMod:CircleOfWindfury+1"],"picked":"TheCursedMod:SpitefulPray+1","floor":35},{"not_picked":["TheCursedMod:CursedAmulet+1","TheCursedMod:SmokeScreen+1"],"picked":"TheCursedMod:TroublousMinions+1","floor":36},{"not_picked":["TheCursedMod:ReleasedStrength+1","TheCursedMod:CursedArmor+1"],"picked":"TheCursedMod:HellsGateOpen+1","floor":37},{"not_picked":["TheCursedMod:Hemoplague","TheCursedMod:HellsGateOpen"],"picked":"TheCursedMod:Torture+1","floor":38},{"not_picked":["TheCursedMod:CursedMace","TheCursedMod:CircleOfAbyss+1"],"picked":"TheCursedMod:CircleOfCorruption+1","floor":44},{"not_picked":["TheCursedMod:EmpowerCircles+1","TheCursedMod:CursedStaff","TheCursedMod:DoubleShield+1"],"picked":"SKIP","floor":45},{"not_picked":["TheCursedMod:RapidMovement+1","TheCursedMod:ReleasedKnowledge+1","TheCursedMod:SpreadPlague+1"],"picked":"SKIP","floor":46},{"not_picked":["TheCursedMod:Torture+1","TheCursedMod:SpitefulStrike"],"picked":"TheCursedMod:CursedSpellbook+1","floor":48},{"not_picked":["TheCursedMod:CursedBoomerang","TheCursedMod:CircleOfFocus+1"],"picked":"TheCursedMod:CursedShiv+1","floor":54}],"player_experience":1534315,"relics_obtained":[{"floor":7,"key":"InkBottle"},{"floor":9,"key":"Bag of Preparation"},{"floor":12,"key":"Nunchaku"},{"floor":24,"key":"Toxic Egg 2"},{"floor":26,"key":"Pen Nib"},{"floor":30,"key":"Bottled Tornado"},{"floor":34,"key":"Regal Pillow"},{"floor":34,"key":"Sundial"},{"floor":34,"key":"Dead Branch"},{"floor":38,"key":"Du-Vu Doll"},{"floor":44,"key":"StrikeDummy"},{"floor":54,"key":"Oddly Smooth Stone"}],"event_choices":[{"damage_healed":0,"gold_gain":0,"player_choice":"Success","damage_taken":3,"relics_obtained":["Shuriken"],"max_hp_gain":0,"max_hp_loss":0,"event_name":"Scrap Ooze","floor":4,"gold_loss":0},{"damage_healed":0,"gold_gain":0,"player_choice":"Trade","damage_taken":0,"relics_obtained":["CultistMask"],"max_hp_gain":0,"max_hp_loss":0,"event_name":"FaceTrader","floor":5,"gold_loss":0},{"damage_healed":0,"gold_gain":0,"player_choice":"Ignored","damage_taken":0,"max_hp_gain":0,"max_hp_loss":0,"event_name":"N\u0027loth","floor":19,"gold_loss":0},{"cards_removed":["TheCursedMod:Strike_TheCursed"],"damage_healed":0,"gold_gain":0,"player_choice":"Gave Gold","damage_taken":0,"max_hp_gain":0,"max_hp_loss":0,"event_name":"Beggar","floor":22,"gold_loss":75},{"damage_healed":22,"gold_gain":0,"player_choice":"Heal","damage_taken":0,"max_hp_gain":0,"max_hp_loss":0,"event_name":"The Library","floor":27,"gold_loss":0},{"damage_healed":0,"gold_gain":0,"player_choice":"Fight","damage_taken":0,"max_hp_gain":0,"max_hp_loss":0,"event_name":"Mysterious Sphere","floor":38,"gold_loss":0},{"damage_healed":0,"gold_gain":0,"player_choice":"Ignored","damage_taken":0,"max_hp_gain":0,"max_hp_loss":0,"event_name":"Tomb of Lord Red Mask","floor":39,"gold_loss":0},{"damage_healed":0,"gold_gain":0,"player_choice":"Damaged","damage_taken":7,"max_hp_gain":0,"max_hp_loss":0,"event_name":"Wheel of Change","floor":41,"gold_loss":0}],"is_beta":false,"boss_relics":[{"not_picked":["Ectoplasm","Runic Dome"],"picked":"TheCursedMod:OminousMark"},{"not_picked":["Empty Cage","Velvet Choker"],"picked":"Calling Bell"}],"items_purged_floors":[53],"is_endless":false,"potions_floor_spawned":[3,7,11,20,21,28,33,37,38,44,48,54],"ascension_level":1}}