{"host":"2r70pi9mmcwi9gz4","time":1612803096,"event":{"mods":["AchievementEnabler","BaseMod","Colored Map","Colored Powertips","Minty Spire (QoL Compilation)","Permanent Neow","Quick Restart","StSLib"],"gold_per_floor":[111,121,131,131,96,125,125,125,198,198,144,162,10,28,28,132,132,146,146,166,106,120,120,135,155,155,155,169,169,185,185,185,285,285,305,319,319,339,339,339,358,126,126,126,143,143,163,163,163,163,163],"floor_reached":50,"language":"ENG","playtime":2377,"items_purged":["Normality"],"score":496,"play_id":"46237a2a-deb2-484d-9458-b371a5df20ee","local_time":"20210208185136","is_ascension_mode":false,"campfire_choices":[{"floor":7,"key":"REST"},{"data":"Rampage","floor":10,"key":"SMITH"},{"data":"Anger","floor":15,"key":"SMITH"},{"floor":23,"key":"REST"},{"floor":27,"key":"REST"},{"floor":32,"key":"REST"},{"floor":40,"key":"REST"},{"floor":46,"key":"REST"},{"floor":49,"key":"REST"}],"circlet_count":0,"master_deck":["Strike_R+1","Strike_R+1","Strike_R+1","Defend_R+1","Defend_R+1","Defend_R+1","Bash","Cleave","Rampage+1","Iron Wave","Pommel Strike","Anger+1","Twin Strike","Immolate","Rampage","Perfected Strike","Dropkick","Iron Wave+1","Twin Strike","Immolate","Flex","Madness","Madness","Shrug It Off+1","Infernal Blade+1","Normality","Mayhem"],"relics":["Burning Blood","Bronze Scales","Pear","Whetstone","Cursed Key","Ornamental Fan","MutagenicStrength","SlaversCollar","Bag of Marbles","HornCleat"],"acts_visited":["Exordium","TheCity","TheBeyond"],"potions_floor_usage":[24,33,33,50,50,50],"damage_taken":[{"damage":0,"enemies":"Small Slimes","floor":1,"turns":4},{"damage":0,"enemies":"2 Louse","floor":2,"turns":3},{"damage":16,"enemies":"Jaw Worm","floor":3,"turns":4},{"damage":15,"enemies":"3 Sentries","floor":6,"turns":8},{"damage":3,"enemies":"Exordium Wildlife","floor":12,"turns":3},{"damage":0,"enemies":"Red Slaver","floor":14,"turns":4},{"damage":47,"enemies":"Hexaghost","floor":16,"turns":9},{"damage":17,"enemies":"Shell Parasite","floor":18,"turns":4},{"damage":10,"enemies":"Spheric Guardian","floor":20,"turns":3},{"damage":18,"enemies":"Snecko","floor":22,"turns":5},{"damage":34,"enemies":"Snake Plant","floor":24,"turns":4},{"damage":17,"enemies":"Cultist and Chosen","floor":25,"turns":4},{"damage":20,"enemies":"Centurion and Healer","floor":28,"turns":4},{"damage":10,"enemies":"3 Cultists","floor":30,"turns":5},{"damage":38,"enemies":"Collector","floor":33,"turns":7},{"damage":6,"enemies":"3 Darklings","floor":35,"turns":2},{"damage":2,"enemies":"Orb Walker","floor":36,"turns":3},{"damage":21,"enemies":"Jaw Worm Horde","floor":38,"turns":3},{"damage":6,"enemies":"Sphere and 2 Shapes","floor":41,"turns":3},{"damage":58,"enemies":"Spire Growth","floor":45,"turns":6},{"damage":0,"enemies":"3 Darklings","floor":47,"turns":3},{"damage":123,"enemies":"Donu and Deca","floor":50,"turns":9}],"seed_played":"-4709967402124771866","potions_obtained":[{"floor":1,"key":"Regen Potion"},{"floor":14,"key":"LiquidBronze"},{"floor":20,"key":"AttackPotion"},{"floor":24,"key":"CultistPotion"},{"floor":25,"key":"BloodPotion"},{"floor":29,"key":"HeartOfIron"},{"floor":38,"key":"Strength Potion"},{"floor":45,"key":"Block Potion"}],"is_trial":false,"path_per_floor":["M","M","M","?","?","E","R","?","T","R","$","M","$","M","R","B",null,"M","?","M","?","M","R","M","M","T","R","M","?","M","?","R","B",null,"M","M","?","M","?","R","M","$","T","?","M","R","M","?","R","B"],"character_chosen":"IRONCLAD","items_purchased":["Anger","Whetstone","Bag of Marbles"],"campfire_rested":7,"item_purchase_floors":[11,13,42],"current_hp_per_floor":[88,88,78,60,82,73,88,81,91,91,91,94,94,98,98,57,98,87,87,83,83,71,98,70,59,59,88,74,74,70,70,98,66,98,98,98,86,71,71,98,98,98,98,98,46,75,81,81,98,0,0],"gold":163,"neow_bonus":"TEN_PERCENT_HP_BONUS","is_daily":false,"chose_seed":false,"campfire_upgraded":2,"win_rate":0.0,"timestamp":1612803096,"path_taken":["M","M","M","?","?","E","R","?","T","R","?","?","$","M","R","BOSS","M","?","M","?","?","R","M","M","T","R","M","?","?","?","R","BOSS","M","M","?","M","?","R","?","$","T","?","M","R","M","?","R","BOSS"],"items_purchased_type":["Card","Relic","Relic"],"build_version":"2020-12-22","purchased_purges":1,"victory":false,"max_hp_per_floor":[88,88,88,88,88,88,88,88,98,98,98,98,98,98,98,98,98,98,98,98,98,98,98,98,98,98,98,98,98,98,98,98,98,98,98,98,98,98,98,98,98,98,98,98,98,98,98,98,98,98,98],"card_choices":[{"not_picked":["Combust","Heavy Blade"],"picked":"Cleave","floor":1},{"not_picked":["Iron Wave","Armaments"],"picked":"Rampage","floor":2},{"not_picked":["Armaments","Pommel Strike"],"picked":"Iron Wave","floor":3},{"not_picked":["Flame Barrier","Heavy Blade"],"picked":"Pommel Strike","floor":6},{"not_picked":["Perfected Strike","Bloodletting","Power Through"],"picked":"SKIP","floor":12},{"not_picked":["True Grit","Perfected Strike"],"picked":"Twin Strike","floor":14},{"not_picked":["Berserk","Feed"],"picked":"Immolate","floor":16},{"not_picked":["Dark Embrace","Burning Pact","Anger"],"picked":"SKIP","floor":18},{"not_picked":["True Grit","Warcry"],"picked":"Rampage","floor":20},{"not_picked":["Warcry","Thunderclap","Clash"],"picked":"SKIP","floor":22},{"not_picked":["Inflame+1","Thunderclap","Intimidate"],"picked":"SKIP","floor":24},{"not_picked":["Shrug It Off","Body Slam"],"picked":"Iron Wave+1","floor":25},{"not_picked":["Feed","Thunderclap+1"],"picked":"Twin Strike","floor":28},{"not_picked":["Rupture+1","Body Slam","Evolve"],"picked":"SKIP","floor":30},{"not_picked":["Double Tap","Feed"],"picked":"Immolate","floor":33},{"not_picked":["Sever Soul+1","Sword Boomerang","Wild Strike"],"picked":"SKIP","floor":35},{"not_picked":["Searing Blow+1","Rupture+1"],"picked":"Flex","floor":36},{"not_picked":["Wild Strike+1","Perfected Strike+1"],"picked":"Shrug It Off+1","floor":38},{"not_picked":["Rage+1","Clash"],"picked":"Infernal Blade+1","floor":41},{"not_picked":["Swift Strike","Panache"],"picked":"Mayhem","floor":44},{"not_picked":["Armaments","Iron Wave+1","Cleave"],"picked":"SKIP","floor":45},{"not_picked":["Sword Boomerang+1","Burning Pact","Shrug It Off"],"picked":"SKIP","floor":47}],"player_experience":27209,"relics_obtained":[{"floor":6,"key":"Bronze Scales"},{"floor":9,"key":"Pear"},{"floor":26,"key":"Ornamental Fan"},{"floor":43,"key":"HornCleat"}],"event_choices":[{"damage_healed":0,"gold_gain":0,"player_choice":"Entered Light","damage_taken":18,"max_hp_gain":0,"max_hp_loss":0,"event_name":"Shining Light","floor":4,"gold_loss":0,"cards_upgraded":["Defend_R","Defend_R"]},{"damage_healed":22,"gold_gain":0,"player_choice":"Healed","damage_taken":0,"max_hp_gain":0,"max_hp_loss":0,"event_name":"The Cleric","floor":5,"gold_loss":35},{"cards_removed":["Strike_R"],"damage_healed":0,"gold_gain":0,"player_choice":"Card Removal","damage_taken":7,"max_hp_gain":0,"max_hp_loss":0,"event_name":"Golden Wing","floor":8,"gold_loss":0},{"damage_healed":0,"gold_gain":0,"player_choice":"Simplicity","damage_taken":0,"max_hp_gain":0,"max_hp_loss":0,"event_name":"Back to Basics","floor":19,"gold_loss":0,"cards_upgraded":["Strike_R","Strike_R","Defend_R","Defend_R"]},{"damage_healed":0,"gold_gain":0,"cards_transformed":["Strike_R","Defend_R"],"player_choice":"Transformed Cards","damage_taken":0,"max_hp_gain":0,"max_hp_loss":0,"event_name":"Designer","floor":21,"gold_loss":60,"cards_obtained":["Perfected Strike","Dropkick"]},{"damage_healed":0,"gold_gain":0,"player_choice":"Got Potions","damage_taken":0,"max_hp_gain":0,"max_hp_loss":0,"event_name":"Lab","floor":29,"gold_loss":0},{"damage_healed":0,"gold_gain":0,"player_choice":"Inject Mutagens","damage_taken":0,"relics_obtained":["MutagenicStrength"],"max_hp_gain":0,"max_hp_loss":0,"event_name":"Drug Dealer","floor":31,"gold_loss":0},{"damage_healed":0,"gold_gain":0,"player_choice":"Embrace Madness","damage_taken":12,"max_hp_gain":0,"max_hp_loss":0,"event_name":"Winding Halls","floor":37,"gold_loss":0,"cards_obtained":["Madness","Madness"]},{"damage_healed":0,"gold_gain":0,"player_choice":"Ignored","damage_taken":0,"max_hp_gain":0,"max_hp_loss":0,"event_name":"Tomb of Lord Red Mask","floor":39,"gold_loss":0},{"damage_healed":0,"gold_gain":0,"player_choice":"Memory 1","damage_taken":0,"max_hp_gain":0,"max_hp_loss":0,"event_name":"SensoryStone","floor":44,"gold_loss":0},{"damage_healed":0,"gold_gain":0,"player_choice":"Ignored","damage_taken":0,"max_hp_gain":0,"max_hp_loss":0,"event_name":"Mysterious Sphere","floor":48,"gold_loss":0}],"is_beta":false,"boss_relics":[{"not_picked":["Fusion Hammer","Empty Cage"],"picked":"Cursed Key"},{"not_picked":["Philosopher\u0027s Stone","Runic Dome"],"picked":"SlaversCollar"}],"items_purged_floors":[42],"is_endless":false,"potions_floor_spawned":[1,14,20,24,25,28,38,45,47],"killed_by":"Donu and Deca","ascension_level":0}}