{"host":"sav7uxregyirlf69","time":1612763695,"event":{"mods":["AchievementEnabler","BaseMod","Colored Map","DeckTracker","Keyboard Shortcuts","Minty Spire (QoL Compilation)","READ ME - Guardian Mod","StSLib","SuperFastMode"],"gold_per_floor":[125,150,162,193,12,12,12,37,37,52,52,67,87,162,162,237,237,253,178,196,216,54,54,82,82,82,93,112,112,147,147,147,224,224,242,242,253,253,253],"floor_reached":38,"language":"KOR","playtime":703,"items_purged":["Strike_G"],"score":832,"play_id":"1877e7bb-bc98-4b81-98aa-2ba6fb1f9138","local_time":"20210208145455","is_ascension_mode":true,"campfire_choices":[{"data":"Terror","floor":6.0,"key":"SMITH"},{"floor":11.0,"key":"REST"},{"data":"Strike_G","floor":15.0,"key":"PURGE"},{"data":"Tactician","floor":23.0,"key":"SMITH"},{"floor":29.0,"key":"REST"},{"data":"Acrobatics","floor":32.0,"key":"SMITH"}],"circlet_count":0,"master_deck":["AscendersBane","Strike_G","Defend_G","Defend_G","Defend_G","Defend_G","Survivor","Neutralize","Finisher","Quick Slash","Terror+1","Dagger Spray","Prepared+1","Adrenaline","Noxious Fumes","Grand Finale","Acrobatics+1","Footwork","Tactician+1","After Image"],"relics":["Ring of the Snake","MawBank","Potion Belt","Pocketwatch","Peace Pipe","Shuriken","Runic Pyramid","Akabeko","Kunai","Question Card","MealTicket","HoveringKite"],"acts_visited":["Exordium","TheCity","TheBeyond"],"potions_floor_usage":[38,38],"damage_taken":[{"damage":0.0,"enemies":"Cultist","floor":1.0,"turns":4.0},{"damage":5.0,"enemies":"2 Louse","floor":2.0,"turns":4.0},{"damage":2.0,"enemies":"Jaw Worm","floor":4.0,"turns":3.0},{"damage":22.0,"enemies":"Lagavulin","floor":8.0,"turns":7.0},{"damage":1.0,"enemies":"Looter","floor":10.0,"turns":2.0},{"damage":3.0,"enemies":"Blue Slaver","floor":12.0,"turns":4.0},{"damage":5.0,"enemies":"Exordium Thugs","floor":13.0,"turns":3.0},{"damage":23.0,"enemies":"The Guardian","floor":16.0,"turns":9.0},{"damage":0.0,"enemies":"Spheric Guardian","floor":18.0,"turns":3.0},{"damage":2.0,"enemies":"Chosen","floor":20.0,"turns":3.0},{"damage":19.0,"enemies":"Shelled Parasite and Fungi","floor":21.0,"turns":3.0},{"damage":10.0,"enemies":"Book of Stabbing","floor":24.0,"turns":4.0},{"damage":0.0,"enemies":"Snecko","floor":27.0,"turns":2.0},{"damage":11.0,"enemies":"Snake Plant","floor":28.0,"turns":4.0},{"damage":4.0,"enemies":"Slavers","floor":30.0,"turns":2.0},{"damage":7.0,"enemies":"Automaton","floor":33.0,"turns":6.0},{"damage":38.0,"enemies":"3 Darklings","floor":35.0,"turns":5.0},{"damage":2.0,"enemies":"Orb Walker","floor":37.0,"turns":2.0},{"damage":23,"enemies":"Jaw Worm Horde","floor":38,"turns":2}],"seed_played":"2046704177621742159","potions_obtained":[{"floor":1.0,"key":"LiquidBronze"},{"floor":4.0,"key":"Explosive Potion"},{"floor":10.0,"key":"Energy Potion"},{"floor":12.0,"key":"Poison Potion"},{"floor":16.0,"key":"Weak Potion"},{"floor":20.0,"key":"PowerPotion"},{"floor":21.0,"key":"DuplicationPotion"},{"floor":28.0,"key":"SpeedPotion"},{"floor":35.0,"key":"ColorlessPotion"}],"is_trial":false,"path_per_floor":["M","M","?","M","$","R","?","E","T","M","R","M","M","T","R","B",null,"M","?","M","M","$","R","E","T","T","M","M","R","E","?","R","B",null,"M","?","M","M"],"character_chosen":"THE_SILENT","items_purchased":["Dagger Spray","Potion Belt","Tactician"],"campfire_rested":2,"item_purchase_floors":[5,5,22],"current_hp_per_floor":[59,54,54,52,52,52,45,23,23,22,41,38,33,33,33,10,52,52,52,50,31,31,31,21,21,21,21,10,29,25,25,25,18,54,16,16,14,0,0],"gold":253,"neow_bonus":"RANDOM_COMMON_RELIC","is_daily":false,"chose_seed":false,"campfire_upgraded":3,"win_rate":0.0,"timestamp":1612763695,"path_taken":["M","?","?","M","?","R","?","E","T","?","R","M","M","?","R","BOSS","M","?","M","?","?","R","E","?","T","M","M","R","E","?","R","BOSS","M","?","?","M"],"items_purchased_type":["Card","Relic","Card"],"build_version":"2020-12-22","purchased_purges":1,"victory":false,"max_hp_per_floor":[66,66,66,66,66,66,66,66,66,66,66,66,66,66,66,66,66,66,66,66,66,66,66,66,66,66,66,66,66,66,66,66,66,66,66,66,66,66,66],"card_choices":[{"not_picked":["Underhanded Strike","Slice"],"picked":"Finisher","floor":1.0},{"not_picked":["Caltrops","Backflip"],"picked":"Quick Slash","floor":2.0},{"not_picked":["Outmaneuver","All Out Attack","Setup"],"picked":"SKIP","floor":4.0},{"not_picked":["Flying Knee","Poisoned Stab","Deflect"],"picked":"SKIP","floor":8.0},{"not_picked":["Dagger Spray","Flying Knee"],"picked":"Prepared","floor":10.0},{"not_picked":["Dodge and Roll","Escape Plan"],"picked":"Adrenaline","floor":12.0},{"not_picked":["Quick Slash","PiercingWail"],"picked":"Noxious Fumes","floor":13.0},{"not_picked":["Doppelganger","Adrenaline"],"picked":"Grand Finale","floor":16.0},{"not_picked":["Dodge and Roll","Underhanded Strike"],"picked":"Acrobatics","floor":18.0},{"not_picked":["PiercingWail","Blade Dance"],"picked":"Footwork","floor":20.0},{"not_picked":["Skewer","Deadly Poison","Poisoned Stab"],"picked":"SKIP","floor":21.0},{"not_picked":["Eviscerate","Quick Slash","Catalyst"],"picked":"SKIP","floor":24.0},{"not_picked":["Poisoned Stab","Dodge and Roll+1","Dagger Spray","Skewer"],"picked":"SKIP","floor":27.0},{"not_picked":["Bouncing Flask","Flechettes","Deflect","Storm of Steel"],"picked":"SKIP","floor":28.0},{"not_picked":["Slice","Dash+1","Sucker Punch","Envenom"],"picked":"SKIP","floor":30.0},{"not_picked":["Die Die Die","Grand Finale","Venomology"],"picked":"After Image","floor":33.0},{"not_picked":["Finisher+1","PiercingWail","Choke","Deflect"],"picked":"SKIP","floor":35.0},{"not_picked":["All Out Attack","PiercingWail","Accuracy","Quick Slash"],"picked":"SKIP","floor":37.0}],"player_experience":1518811,"relics_obtained":[{"floor":8.0,"key":"Pocketwatch"},{"floor":9.0,"key":"Peace Pipe"},{"floor":14.0,"key":"Shuriken"},{"floor":24.0,"key":"Akabeko"},{"floor":25.0,"key":"Kunai"},{"floor":26.0,"key":"Question Card"},{"floor":30.0,"key":"MealTicket"}],"event_choices":[{"damage_healed":0.0,"max_hp_gain":0.0,"max_hp_loss":0.0,"gold_gain":0.0,"cards_transformed":["Strike_G"],"event_name":"Living Wall","player_choice":"Change","floor":3.0,"gold_loss":0.0,"damage_taken":0.0,"cards_obtained":["Terror"]},{"cards_removed":["Defend_G"],"damage_healed":0.0,"max_hp_gain":0.0,"max_hp_loss":0.0,"gold_gain":0.0,"event_name":"Golden Wing","player_choice":"Card Removal","floor":7.0,"gold_loss":0.0,"damage_taken":7.0},{"cards_removed":["Strike_G"],"damage_healed":0.0,"max_hp_gain":0.0,"max_hp_loss":0.0,"gold_gain":0.0,"event_name":"Designer","player_choice":"Single Remove","floor":19.0,"gold_loss":75.0,"damage_taken":0.0},{"damage_healed":0.0,"max_hp_gain":0.0,"max_hp_loss":0.0,"gold_gain":0.0,"event_name":"Ghosts","player_choice":"Ignored","floor":31.0,"gold_loss":0.0,"damage_taken":0.0},{"damage_healed":0.0,"max_hp_gain":0.0,"max_hp_loss":0.0,"gold_gain":0.0,"event_name":"Accursed Blacksmith","player_choice":"Forge","floor":36.0,"gold_loss":0.0,"damage_taken":0.0,"cards_upgraded":["Prepared"]}],"is_beta":false,"boss_relics":[{"not_picked":["WristBlade","Coffee Dripper"],"picked":"Runic Pyramid"},{"not_picked":["Snecko Eye","Sozu"],"picked":"HoveringKite"}],"items_purged_floors":[22],"is_endless":false,"potions_floor_spawned":[1,4,10,12,16,20,21,28,35],"killed_by":"Jaw Worm Horde","ascension_level":20}}