{"host":"szp1d6dso4pv7ddl","time":1612749730,"event":{"mods":["AchievementEnabler","Alarm Clock","BaseMod","Bestiary","Block Reminder","Colored Map","Colored Powertips","Curses Come First","Dark Map","Displayed Cursed Tome","Highlight Path","Minty Spire (QoL Compilation)","Permanent Neow","Quick Restart","Relic Sorter","Relic Stats","StSLib","Synergy Search"],"gold_per_floor":[119,119,130,150,170,170,170,187,256,271,271,221,256,256,256,357,407,419,419,430,127,142,142,142],"floor_reached":23,"language":"ENG","playtime":1469,"items_purged":["Strike_P"],"score":241,"play_id":"09acdddd-6e1c-4f20-a681-47dc4982331e","local_time":"20210207180210","is_ascension_mode":true,"campfire_choices":[{"data":"Crescendo","floor":6,"key":"SMITH"},{"data":"FlurryOfBlows","floor":11,"key":"SMITH"},{"data":"EmptyMind","floor":15,"key":"SMITH"}],"circlet_count":0,"master_deck":["Strike_P","Strike_P","Defend_P","Defend_P","Defend_P","Eruption+1","Vigilance","Crescendo+1","FlurryOfBlows+1","FollowUp","SignatureMove+1","FollowUp","EmptyMind+1","ConjureBlade","EmptyBody","ClearTheMind","LessonLearned","Wireheading","Crescendo"],"relics":["Velvet Choker","Bottled Flame","FossilizedHelix","Omamori","Tiny House","Membership Card"],"acts_visited":["Exordium","TheCity"],"potions_floor_usage":[16,23],"damage_taken":[{"damage":0,"enemies":"2 Louse","floor":1,"turns":2},{"damage":0,"enemies":"Cultist","floor":3,"turns":2},{"damage":7,"enemies":"Jaw Worm","floor":4,"turns":3},{"damage":0,"enemies":"Looter","floor":5,"turns":2},{"damage":4,"enemies":"2 Fungi Beasts","floor":8,"turns":2},{"damage":0,"enemies":"Large Slime","floor":10,"turns":2},{"damage":12,"enemies":"3 Sentries","floor":13,"turns":5},{"damage":31,"enemies":"Hexaghost","floor":16,"turns":6},{"damage":0,"enemies":"3 Byrds","floor":18,"turns":4},{"damage":11,"enemies":"Spheric Guardian","floor":20,"turns":4},{"damage":3,"enemies":"Snecko","floor":22,"turns":4},{"damage":56,"enemies":"Shelled Parasite and Fungi","floor":23,"turns":4}],"seed_played":"7384563848899808374","potions_obtained":[{"floor":3,"key":"StancePotion"},{"floor":4,"key":"Weak Potion"},{"floor":16,"key":"BlessingOfTheForge"},{"floor":17,"key":"AttackPotion"},{"floor":18,"key":"DuplicationPotion"}],"is_trial":false,"path_per_floor":["M","?","M","M","M","R","?","M","T","M","R","?","E","?","R","B",null,"M","?","M","$","M","M"],"character_chosen":"WATCHER","items_purchased":["Membership Card","LessonLearned","Wireheading"],"campfire_rested":0,"item_purchase_floors":[21,21,21],"current_hp_per_floor":[72,72,72,65,65,65,65,61,61,61,61,61,49,46,46,15,63,63,63,52,52,49,0,0],"gold":142,"neow_bonus":"BOSS_RELIC","is_daily":false,"chose_seed":false,"campfire_upgraded":3,"win_rate":0.0,"timestamp":1612749730,"path_taken":["M","?","?","M","M","R","?","M","T","M","R","?","E","?","R","BOSS","M","?","M","$","M","M"],"items_purchased_type":["Relic","Card","Card"],"build_version":"2020-12-22","purchased_purges":1,"victory":false,"max_hp_per_floor":[72,72,72,72,72,72,72,72,72,72,72,72,72,72,72,72,77,77,77,77,77,77,77,77],"relic_stats":{"counters":[12,40],"obtain_stats":[{"Bottled Flame":9,"Tiny House":17,"Velvet Choker":0,"Omamori":14,"Membership Card":21,"PureWater":0,"FossilizedHelix":13},{"Bottled Flame":5,"Tiny House":8,"Velvet Choker":0,"Omamori":7,"Membership Card":10,"PureWater":0,"FossilizedHelix":7},{"Bottled Flame":11,"Tiny House":24,"Velvet Choker":0,"Omamori":18,"Membership Card":32,"PureWater":0,"FossilizedHelix":18}]},"card_choices":[{"not_picked":["PathToVictory","BowlingBash"],"picked":"Crescendo","floor":1},{"not_picked":["Prostrate","CrushJoints","JustLucky"],"picked":"SKIP","floor":3},{"not_picked":["FollowUp","BowlingBash"],"picked":"FlurryOfBlows","floor":4},{"not_picked":["Crescendo","Swivel"],"picked":"FollowUp","floor":5},{"not_picked":["WindmillStrike","WreathOfFlame"],"picked":"SignatureMove","floor":8},{"not_picked":["Swivel","SashWhip"],"picked":"FollowUp","floor":10},{"not_picked":["BattleHymn","Study"],"picked":"EmptyMind","floor":13},{"not_picked":["Ragnarok","Establishment"],"picked":"ConjureBlade","floor":16},{"not_picked":["WreathOfFlame","FlyingSleeves"],"picked":"EmptyBody","floor":17},{"not_picked":["FlyingSleeves","WindmillStrike+1","BowlingBash"],"picked":"SKIP","floor":18},{"not_picked":["PathToVictory","Prostrate"],"picked":"ClearTheMind","floor":20},{"not_picked":["ClearTheMind+1","ForeignInfluence"],"picked":"Crescendo","floor":22}],"player_experience":1399247,"relics_obtained":[{"floor":9,"key":"Bottled Flame"},{"floor":13,"key":"FossilizedHelix"}],"event_choices":[{"cards_removed":["Defend_P"],"damage_healed":0,"gold_gain":0,"player_choice":"Purged","damage_taken":0,"max_hp_gain":0,"max_hp_loss":0,"event_name":"Purifier","floor":2,"gold_loss":0},{"damage_healed":0,"gold_gain":0,"player_choice":"Grow","damage_taken":0,"max_hp_gain":0,"max_hp_loss":0,"event_name":"Living Wall","floor":7,"gold_loss":0,"cards_upgraded":["Eruption"]},{"cards_removed":["Strike_P"],"damage_healed":0,"gold_gain":0,"player_choice":"Card Removal","damage_taken":0,"max_hp_gain":0,"max_hp_loss":0,"event_name":"The Cleric","floor":12,"gold_loss":50},{"damage_healed":0,"gold_gain":0,"player_choice":"Success","damage_taken":3,"relics_obtained":["Omamori"],"max_hp_gain":0,"max_hp_loss":0,"event_name":"Scrap Ooze","floor":14,"gold_loss":0},{"damage_healed":0,"gold_gain":0,"player_choice":"Ignored","damage_taken":0,"max_hp_gain":0,"max_hp_loss":0,"event_name":"Vampires","floor":19,"gold_loss":0}],"is_beta":false,"boss_relics":[{"not_picked":["Snecko Eye","SacredBark"],"picked":"Tiny House"}],"items_purged_floors":[21],"is_endless":false,"potions_floor_spawned":[3,4,16,18,20,22],"killed_by":"Shelled Parasite and Fungi","ascension_level":5}}