{"host":"6h0diz2ap0m56grs","time":1612762439,"event":{"mods":["2.2 Compatiblity","BaseMod","Colored Map","Marisa????????","Minty Spire (QoL Compilation)","Quick Restart","Replay The Spire","Shop Mod","StSLib","The Servant 0.9.4"],"gold_per_floor":[116,133,231,231,231,260,294,328,328,345,345,345,345,377,377,474,474,486,486,517,517,44,72,97,128,206,206,206,232,232,261,261,358,358,376,121,121,171,171,199,199,199,199,199,199,224,26,57,57,57],"floor_reached":51,"language":"ENG","playtime":1371,"items_purged":[],"score":1463,"play_id":"8a30ee40-23ae-4dc6-a50a-b0c195655ab6","local_time":"20210207233359","daily_mods":["SealedDeck","Heirloom","Time Dilation","Flight"],"is_ascension_mode":true,"campfire_choices":[{"data":"MeteoricShower","floor":12,"key":"SMITH"},{"data":"ShootingEcho","floor":13,"key":"SMITH"},{"data":"AsteroidBelt","floor":15,"key":"SMITH"},{"data":"DragonMeteor","floor":28,"key":"SMITH"},{"data":"DarkMatter","floor":30,"key":"SMITH"},{"data":"AsteroidBelt","floor":32,"key":"SMITH"},{"data":"SuperNova","floor":42,"key":"SMITH"},{"data":"OortCloud","floor":42,"key":"SMITH"},{"data":"GasGiant","floor":44,"key":"SMITH"},{"data":"GasGiant","floor":44,"key":"SMITH"},{"data":"GasGiant","floor":45,"key":"SMITH"},{"data":"GalacticHalo","floor":45,"key":"SMITH"},{"floor":49,"key":"DIG"}],"circlet_count":0,"master_deck":["AsteroidBelt+1","AsteroidBelt+1","GalacticHalo+1","ShootingEcho+1","WitchLeyline","WitchLeyline","SuperPerseids","MeteoricShower+1","WitchLeyline","WitchLeyline","GasGiant+1","WitchLeyline","SporeBomb+1","DragonMeteor+1","DarkMatter+1","SuperNova+1","AbeCurse","OortCloud+1","GasGiant+1","GasGiant+1"],"relics":["MiniHakkero","replay:Trail_Library","Replay:Bottled Flurry","Juzu Bracelet","Bottled Flame","Akabeko","ReplayTheSpireMod:Lightbulb","Onion Ring","ReplayTheSpireMod:DimensionalGlitch","Red Mask","Chemical X","MerchantsRug","Divine Protection","Snack Pack","Pen Nib","Thread and Needle","ReplayTheSpireMod:Shallot","Nilry\u0027s Codex","Abe\u0027s Treasure","Bottled Tornado","Ginger","Sundial","Replay:Arrowhead","Letter Opener","Replay:Multitool","MealTicket","SimpleLauncher","Pocketwatch","Replay:Rubber Ducky"],"acts_visited":["Exordium","TheCity","TheBeyond"],"potions_floor_usage":[38,50,50,50],"damage_taken":[{"damage":0,"enemies":"Jaw Worm","floor":1,"turns":1},{"damage":0,"enemies":"2 Louse","floor":2,"turns":1},{"damage":0,"enemies":"3 Sentries","floor":6,"turns":6},{"damage":0,"enemies":"Gremlin Nob","floor":7,"turns":2},{"damage":0,"enemies":"Lagavulin","floor":8,"turns":4},{"damage":0,"enemies":"Cultist","floor":10,"turns":1},{"damage":0,"enemies":"Gremlin Nob","floor":14,"turns":2},{"damage":0,"enemies":"Slime Boss","floor":16,"turns":2},{"damage":0,"enemies":"Spheric Guardian","floor":18,"turns":1},{"damage":0,"enemies":"Masked Bandits","floor":20,"turns":2},{"damage":0,"enemies":"Slavers","floor":23,"turns":3},{"damage":0,"enemies":"Book of Stabbing","floor":24,"turns":1},{"damage":4,"enemies":"Gremlin Leader","floor":25,"turns":2},{"damage":0,"enemies":"Replay:Snechameleon","floor":31,"turns":3},{"damage":0,"enemies":"Pondfish","floor":33,"turns":8},{"damage":0,"enemies":"Orb Walker","floor":35,"turns":1},{"damage":6,"enemies":"Mind Bloom Boss Battle","floor":38,"turns":3},{"damage":0,"enemies":"Nemesis","floor":40,"turns":5},{"damage":0,"enemies":"R_Hoarder","floor":46,"turns":4},{"damage":0,"enemies":"Nemesis","floor":48,"turns":3},{"damage":0,"enemies":"Awakened One","floor":50,"turns":6}],"seed_played":"8546308247922243127","potions_obtained":[{"floor":7,"key":"PowerPotion"},{"floor":8,"key":"StarNLove"},{"floor":14,"key":"Energy Potion"},{"floor":25,"key":"Fire Potion"},{"floor":38,"key":"FearPotion"},{"floor":46,"key":"Dexterity Potion"}],"is_trial":true,"path_per_floor":["M","M","?","T","?","E","E","E","T","M","?","R","R","E","R","B",null,"M","?","?","?","$","E","E","E","T","?","R","T","R","E","R","B",null,"M","$","?","?","T","E","T","R","T","R","R","E","$","E","R_BF","B",null],"character_chosen":"MARISA","items_purchased":["Chemical X","MerchantsRug","Divine Protection","Bottled Tornado","SimpleLauncher"],"campfire_rested":0,"item_purchase_floors":[22,22,22,36,47],"current_hp_per_floor":[75,75,57,57,57,57,57,57,57,57,57,57,57,57,57,57,75,75,75,75,75,75,75,75,72,72,47,47,47,47,48,48,72,88,88,88,88,82,82,84,84,84,84,84,84,86,88,88,88,88],"gold":57,"neow_bonus":"","is_daily":false,"chose_seed":false,"campfire_upgraded":12,"win_rate":0.0,"timestamp":1612762439,"path_taken":["M","M","?","?","?","E","E","E","T","M","?","R","R","E","R","BOSS","M","?","?","?","$","E","E","E","T","?","R","?","R","E","R","BOSS","M","$","?","?","?","E","?","R","T","R","R","E","$","E","R_BF","BOSS"],"items_purchased_type":["Relic","Relic","Relic","Relic","Relic"],"build_version":"2020-12-22","purchased_purges":0,"victory":true,"max_hp_per_floor":[75,75,75,75,75,75,75,75,75,75,75,75,75,75,75,75,75,75,75,75,75,75,75,75,75,75,75,75,75,75,75,75,88,88,88,88,88,88,88,88,88,88,88,88,88,88,88,88,88,88],"card_choices":[{"not_picked":["MachineGunSpark","DoubleSpark","ShootingEcho"],"picked":"SKIP","floor":1},{"not_picked":["ShootingEcho","PowerUp","Occultation"],"picked":"SKIP","floor":2},{"not_picked":["DeepEcoloBomb","OpenUniverse","GravityBeat"],"picked":"SKIP","floor":6},{"not_picked":["AlicesGift","PulseMagic","RefractionSpark"],"picked":"SKIP","floor":7},{"not_picked":["Orbital","IllusionStar","OpenUniverse"],"picked":"SKIP","floor":8},{"not_picked":["IllusionStar","Acceleration"],"picked":"GasGiant","floor":10},{"not_picked":["PropBag","MilkyWay"],"picked":"WitchLeyline","floor":14},{"not_picked":["ChargingUp","DC"],"picked":"SporeBomb+1","floor":18},{"not_picked":["ShootingEcho+1","ShootTheMoon+1","GrandCross"],"picked":"SKIP","floor":23},{"not_picked":["NonDirectionalLaser","PowerUp","ChargingUp"],"picked":"SKIP","floor":24},{"not_picked":["BinaryStars","DoubleSpark","SuperPerseids"],"picked":"SKIP","floor":25},{"not_picked":["6A","TreasureHunter","MeteoricShower"],"picked":"SKIP","floor":31},{"not_picked":["CollectingQuirk","BigCrunch"],"picked":"SuperNova","floor":33},{"not_picked":["AsteroidBelt","NonDirectionalLaser+1"],"picked":"OortCloud","floor":35},{"not_picked":["MeteoricShower","MaximisePower","WitchOfGreed+1"],"picked":"SKIP","floor":40},{"not_picked":["6A","Acceleration+1","PowerUp+1"],"picked":"SKIP","floor":46},{"not_picked":["Acceleration","ShootingEcho+1","MysteriousBeam+1"],"picked":"SKIP","floor":48},{"not_picked":["Acceleration","ShootingEcho+1","MysteriousBeam+1"],"picked":"SKIP","floor":48}],"player_experience":236165,"relics_obtained":[{"floor":4,"key":"Replay:Bottled Flurry"},{"floor":6,"key":"Juzu Bracelet"},{"floor":7,"key":"Bottled Flame"},{"floor":8,"key":"Akabeko"},{"floor":9,"key":"ReplayTheSpireMod:Lightbulb"},{"floor":14,"key":"Onion Ring"},{"floor":20,"key":"Red Mask"},{"floor":23,"key":"Snack Pack"},{"floor":24,"key":"Pen Nib"},{"floor":25,"key":"Thread and Needle"},{"floor":26,"key":"ReplayTheSpireMod:Shallot"},{"floor":27,"key":"Nilry\u0027s Codex"},{"floor":29,"key":"Dream Catcher"},{"floor":31,"key":"BreadOfAWashokuLover"},{"floor":38,"key":"Ginger"},{"floor":39,"key":"Sundial"},{"floor":40,"key":"Replay:Arrowhead"},{"floor":41,"key":"Letter Opener"},{"floor":43,"key":"Replay:Multitool"},{"floor":46,"key":"MealTicket"},{"floor":48,"key":"Pocketwatch"},{"floor":49,"key":"Replay:Rubber Ducky"}],"event_choices":[{"damage_healed":0,"gold_gain":0,"player_choice":"Ignored","damage_taken":0,"max_hp_gain":0,"max_hp_loss":0,"event_name":"Purifier","floor":5,"gold_loss":0},{"damage_healed":0,"gold_gain":0,"player_choice":"Leave","damage_taken":0,"max_hp_gain":0,"max_hp_loss":0,"event_name":"The Cleric","floor":11,"gold_loss":0},{"damage_healed":0,"gold_gain":0,"player_choice":"Ignored","damage_taken":0,"max_hp_gain":0,"max_hp_loss":0,"event_name":"Vampires","floor":19,"gold_loss":0},{"damage_healed":0,"gold_gain":0,"player_choice":"Fought Bandits","damage_taken":0,"max_hp_gain":0,"max_hp_loss":0,"event_name":"Masked Bandits","floor":20,"gold_loss":0},{"damage_healed":0,"gold_gain":0,"player_choice":"Obtained Book","damage_taken":16,"max_hp_gain":0,"max_hp_loss":0,"event_name":"Cursed Tome","floor":27,"gold_loss":0},{"damage_healed":0,"gold_gain":0,"player_choice":"Fight","damage_taken":0,"max_hp_gain":0,"max_hp_loss":0,"event_name":"MindBloom","floor":38,"gold_loss":0}],"is_beta":false,"boss_relics":[{"not_picked":["Ectoplasm","Kintsugi"],"picked":"ReplayTheSpireMod:DimensionalGlitch"},{"not_picked":["Black Star","ExperimentalFamiliar"],"picked":"Abe\u0027s Treasure"}],"items_purged_floors":[],"is_endless":false,"potions_floor_spawned":[7,8,14,20,24,25,35,38,40,46],"ascension_level":1}}