{"host":"u1dfzl6o6mfmauc3","time":1612742968,"event":{"mods":["2.2 Compatiblity","AchievementEnabler","BaseMod","Bestiary","Block Reminder","Challenge The Spire","Colored Map","Dark Map","Hermit","Highlight Path","Marisa????????","Minty Spire (QoL Compilation)","Random Character Button","Rare Cards Sparkle","Relic Stats","Robot Space Explorer","StSLib","The Disciple"],"gold_per_floor":[111,121,135,85,85,85,112,112,123,176,176,193,22,51,51,65,65,65,160,160,175,274,274,274,45,74,74,104,104,104,104,134,82,98,98,128,142,142,142,243,243,261,261,261,278,288,288,321,321,19,45,75,75,75],"floor_reached":53,"language":"ENG","playtime":1603,"items_purged":["Defend_R"],"score":829,"play_id":"91ee39c6-614c-46c7-a51f-264ae1956e2c","local_time":"20210207190928","is_ascension_mode":true,"campfire_choices":[{"data":"Carnage","floor":6,"key":"SMITH"},{"data":"Bash","floor":8,"key":"SMITH"},{"data":"Pommel Strike","floor":11,"key":"SMITH"},{"data":"Discovery","floor":17,"key":"SMITH"},{"data":"Shockwave","floor":18,"key":"SMITH"},{"floor":27,"key":"REST"},{"data":"Uppercut","floor":29,"key":"SMITH"},{"data":"Disarm","floor":35,"key":"SMITH"},{"floor":38,"key":"REST"},{"floor":39,"key":"REST"},{"floor":47,"key":"REST"},{"floor":49,"key":"REST"}],"circlet_count":0,"master_deck":["Defend_R","Defend_R","Carnage+1","Pommel Strike+1","Feel No Pain","Shockwave+1","Anger","Burning Pact","Discovery+1","Metallicize","Immolate","Dual Wield+1","Carnage+1","Dark Embrace+1","Disarm+1","Uppercut+1","Shockwave","True Grit","Corruption","Demon Form","Shrug It Off","Decay"],"relics":["Runic Dome","GremlinMask","Mercury Hourglass","MealTicket","Bronze Scales","Astrolabe","Potion Belt","CaptainsWheel","Nunchaku","Pear","Gremlin Horn","Ice Cream","Blood Vial","Black Star","Molten Egg 2","Pantograph","PreservedInsect","OrangePellets","Red Skull","Oddly Smooth Stone","White Beast Statue"],"acts_visited":["Exordium","TheCity","TheBeyond"],"potions_floor_usage":[26,28,28,28,34,40,48],"damage_taken":[{"damage":0,"enemies":"Cultist","floor":1,"turns":2},{"damage":4,"enemies":"Small Slimes","floor":2,"turns":3},{"damage":2,"enemies":"Jaw Worm","floor":3,"turns":2},{"damage":20,"enemies":"3 Sentries","floor":7,"turns":8},{"damage":16,"enemies":"Lots of Slimes","floor":9,"turns":3},{"damage":5,"enemies":"Red Slaver","floor":12,"turns":4},{"damage":0,"enemies":"Gremlin Nob","floor":14,"turns":2},{"damage":0,"enemies":"2 Fungi Beasts","floor":16,"turns":2},{"damage":16,"enemies":"Hexaghost","floor":19,"turns":6},{"damage":11,"enemies":"3 Byrds","floor":21,"turns":3},{"damage":45,"enemies":"Gremlin Leader","floor":26,"turns":5},{"damage":9,"enemies":"Slavers","floor":28,"turns":3},{"damage":24,"enemies":"Gremlin Leader","floor":32,"turns":4},{"damage":0,"enemies":"Shell Parasite","floor":34,"turns":4},{"damage":20,"enemies":"Book of Stabbing","floor":36,"turns":4},{"damage":12,"enemies":"Chosen and Byrds","floor":37,"turns":3},{"damage":42,"enemies":"Collector","floor":40,"turns":7},{"damage":12,"enemies":"3 Shapes","floor":42,"turns":4},{"damage":36,"enemies":"3 Darklings","floor":45,"turns":3},{"damage":17,"enemies":"Sphere and 2 Shapes","floor":46,"turns":2},{"damage":36,"enemies":"Nemesis","floor":48,"turns":9},{"damage":65,"enemies":"Reptomancer","floor":52,"turns":3},{"damage":12,"enemies":"Spire Growth","floor":53,"turns":1}],"seed_played":"-7308064701599884168","potions_obtained":[{"floor":1,"key":"SneckoOil"},{"floor":3,"key":"LiquidMemories"},{"floor":14,"key":"ElixirPotion"},{"floor":19,"key":"Energy Potion"},{"floor":26,"key":"Explosive Potion"},{"floor":36,"key":"GamblersBrew"},{"floor":40,"key":"Weak Potion"},{"floor":42,"key":"SteroidPotion"},{"floor":52,"key":"ColorlessPotion"}],"is_trial":false,"path_per_floor":["M","M","M","?","?","R","E","R","M","T","R","M","$","E","?","M","R","R","B",null,"M","?","?","?","$","E","R","E","R","T","T","E","$","M","R","E","M","R","R","B",null,"M","?","?","M","M","R","E","R","$","T","E","M"],"character_chosen":"IRONCLAD","items_purchased":["Burning Pact","Discovery","Potion Belt","Block Potion","PreservedInsect","OrangePellets"],"campfire_rested":5,"item_purchase_floors":[13,13,25,33,50,50],"current_hp_per_floor":[80,76,74,74,74,74,54,54,38,38,38,33,48,48,74,74,74,74,58,80,69,69,69,54,69,24,49,40,40,50,50,26,41,41,41,21,11,39,67,27,95,83,83,83,49,34,62,28,56,71,71,8,0,0],"gold":75,"neow_bonus":"BOSS_RELIC","is_daily":false,"chose_seed":false,"campfire_upgraded":7,"win_rate":0.0,"timestamp":1612742968,"path_taken":["M","M","?","?","?","R","E","R","M","T","R","?","?","E","?","M","R","R","BOSS","M","?","?","?","?","E","R","E","R","T","T","E","$","M","R","E","M","R","R","BOSS","M","?","?","?","?","R","E","R","$","T","E","?"],"items_purchased_type":["Card","Card","Relic","Potion","Relic","Relic"],"build_version":"2020-12-22","purchased_purges":1,"victory":false,"max_hp_per_floor":[80,80,80,80,80,80,80,80,80,80,80,80,80,80,80,80,80,80,80,80,80,80,80,85,85,85,85,85,85,95,95,95,95,95,95,95,95,95,95,95,95,95,95,95,95,95,95,95,95,95,95,95,95,95],"relic_stats":{"Gremlin Horn":[16,17],"counters":[23,87],"Astrolabe":["Dual Wield","Carnage","Dark Embrace"],"PreservedInsect":60,"Mercury Hourglass":[343],"Blood Vial":14,"OrangePellets":[1],"Nunchaku":[10],"Bronze Scales":[260],"Pantograph":0,"MealTicket":60,"Black Star":2,"obtain_stats":[{"Potion Belt":25,"Ice Cream":32,"Pear":30,"Gremlin Horn":31,"Astrolabe":20,"Oddly Smooth Stone":52,"GremlinMask":5,"PreservedInsect":50,"Burning Blood":0,"White Beast Statue":52,"Mercury Hourglass":7,"Blood Vial":36,"Runic Dome":0,"OrangePellets":50,"CaptainsWheel":26,"Nunchaku":28,"Bronze Scales":14,"Pantograph":48,"MealTicket":10,"Molten Egg 2":48,"Black Star":41,"Red Skull":51},{"Potion Belt":10,"Ice Cream":13,"Pear":12,"Gremlin Horn":12,"Astrolabe":9,"Oddly Smooth Stone":22,"GremlinMask":3,"PreservedInsect":21,"Burning Blood":0,"White Beast Statue":22,"Mercury Hourglass":4,"Blood Vial":15,"Runic Dome":0,"OrangePellets":21,"CaptainsWheel":11,"Nunchaku":12,"Bronze Scales":7,"Pantograph":21,"MealTicket":5,"Molten Egg 2":21,"Black Star":17,"Red Skull":21},{"Potion Belt":35,"Ice Cream":47,"Pear":43,"Gremlin Horn":43,"Astrolabe":32,"Oddly Smooth Stone":86,"GremlinMask":7,"PreservedInsect":83,"Burning Blood":0,"White Beast Statue":86,"Mercury Hourglass":15,"Blood Vial":55,"Runic Dome":0,"OrangePellets":83,"CaptainsWheel":40,"Nunchaku":43,"Bronze Scales":24,"Pantograph":83,"MealTicket":18,"Molten Egg 2":83,"Black Star":65,"Red Skull":83}]},"card_choices":[{"not_picked":["Sentinel","Sword Boomerang"],"picked":"Carnage","floor":1},{"not_picked":["Clash","Warcry"],"picked":"Pommel Strike","floor":2},{"not_picked":["Dark Embrace","Searing Blow"],"picked":"Feel No Pain","floor":3},{"not_picked":["Perfected Strike","Impervious"],"picked":"Shockwave","floor":7},{"not_picked":["Fire Breathing","Wild Strike"],"picked":"Anger","floor":9},{"not_picked":["Perfected Strike","Sever Soul","Clash"],"picked":"SKIP","floor":12},{"not_picked":["Power Through","Warcry","Rampage"],"picked":"SKIP","floor":14},{"not_picked":["Whirlwind","Blood for Blood"],"picked":"Metallicize","floor":16},{"not_picked":["Fiend Fire","Berserk"],"picked":"Immolate","floor":19},{"not_picked":["Ghostly Armor","Burning Pact"],"picked":"Disarm","floor":21},{"not_picked":["Cleave","Dropkick","Flex+1"],"picked":"SKIP","floor":26},{"not_picked":["Flex","Power Through","Bloodletting"],"picked":"SKIP","floor":28},{"not_picked":["Headbutt","Clothesline+1","Clash"],"picked":"SKIP","floor":32},{"not_picked":["Carnage","Thunderclap+1","Warcry+1"],"picked":"SKIP","floor":34},{"not_picked":["Flex","Twin Strike"],"picked":"True Grit","floor":36},{"not_picked":["Wild Strike","Clash+1"],"picked":"Corruption","floor":37},{"not_picked":["Reaper","Impervious"],"picked":"Demon Form","floor":40},{"not_picked":["Pommel Strike+1","Anger"],"picked":"Shrug It Off","floor":42},{"not_picked":["Clash","Anger","Body Slam+1"],"picked":"SKIP","floor":45},{"not_picked":["Flex","Anger","Body Slam+1"],"picked":"SKIP","floor":46},{"not_picked":["Perfected Strike+1","Sword Boomerang+1","Hemokinesis+1"],"picked":"SKIP","floor":48},{"not_picked":["Anger+1","Dual Wield","Double Tap"],"picked":"SKIP","floor":52}],"player_experience":241332,"relics_obtained":[{"floor":7,"key":"Mercury Hourglass"},{"floor":10,"key":"MealTicket"},{"floor":14,"key":"Bronze Scales"},{"floor":26,"key":"CaptainsWheel"},{"floor":28,"key":"Nunchaku"},{"floor":30,"key":"Pear"},{"floor":31,"key":"Gremlin Horn"},{"floor":32,"key":"Ice Cream"},{"floor":36,"key":"Blood Vial"},{"floor":48,"key":"Molten Egg 2"},{"floor":48,"key":"Pantograph"},{"floor":51,"key":"Red Skull"},{"floor":52,"key":"Oddly Smooth Stone"},{"floor":52,"key":"White Beast Statue"}],"event_choices":[{"cards_removed":["Strike_R"],"damage_healed":0,"gold_gain":0,"player_choice":"Card Removal","damage_taken":0,"max_hp_gain":0,"max_hp_loss":0,"event_name":"The Cleric","floor":4,"gold_loss":50},{"damage_healed":0,"gold_gain":0,"player_choice":"Trade","damage_taken":0,"relics_obtained":["GremlinMask"],"max_hp_gain":0,"max_hp_loss":0,"event_name":"FaceTrader","floor":5,"gold_loss":0},{"damage_healed":26,"gold_gain":0,"player_choice":"Banana","damage_taken":0,"max_hp_gain":0,"max_hp_loss":0,"event_name":"Big Fish","floor":15,"gold_loss":0},{"damage_healed":0,"gold_gain":99,"player_choice":"Stole From Cult","damage_taken":0,"max_hp_gain":0,"max_hp_loss":0,"event_name":"Nest","floor":22,"gold_loss":0},{"damage_healed":0,"gold_gain":0,"cards_transformed":["Strike_R","Defend_R"],"player_choice":"Became Test Subject","damage_taken":0,"max_hp_gain":0,"max_hp_loss":0,"event_name":"Drug Dealer","floor":23,"gold_loss":0,"cards_obtained":["Uppercut","Shockwave"]},{"damage_healed":0,"gold_gain":0,"player_choice":"Shed Blood","damage_taken":20,"max_hp_gain":5,"max_hp_loss":0,"event_name":"Forgotten Altar","floor":24,"gold_loss":0},{"cards_removed":["Bash"],"damage_healed":0,"gold_gain":0,"player_choice":"Removed Attack","damage_taken":0,"max_hp_gain":0,"max_hp_loss":0,"event_name":"Falling","floor":43,"gold_loss":0},{"damage_healed":0,"gold_gain":0,"player_choice":"Cursed","damage_taken":0,"max_hp_gain":0,"max_hp_loss":0,"event_name":"Wheel of Change","floor":44,"gold_loss":0,"cards_obtained":["Decay"]}],"is_beta":false,"boss_relics":[{"not_picked":["Busted Crown","Calling Bell"],"picked":"Astrolabe"},{"not_picked":["Sozu","Tiny House"],"picked":"Black Star"}],"items_purged_floors":[25],"is_endless":false,"potions_floor_spawned":[1,3,14,19,21,26,36,40,42,52],"killed_by":"Spire Growth","ascension_level":4}}