{"host":"h5wult4bedbgdxyl","time":1612807719,"event":{"mods":["AchievementEnabler","BaseMod","Colored Map","Minty Spire (QoL Compilation)","Quick Restart"],"gold_per_floor":[217,217,107,57,68,68,97,108,108,108,126,142,42,56,56,56,56],"floor_reached":16,"language":"ZHS","playtime":641,"items_purged":["Strike_R","Strike_R"],"score":112,"play_id":"bf1bd7e8-631e-4c64-a078-cc387109c687","local_time":"20210209020839","is_ascension_mode":true,"campfire_choices":[{"data":"Searing Blow","floor":6.0,"key":"SMITH"},{"data":"Searing Blow+1","floor":10.0,"key":"SMITH"},{"data":"Searing Blow+2","floor":15.0,"key":"SMITH"}],"circlet_count":0,"master_deck":["Strike_R","Defend_R","Defend_R","Defend_R","Defend_R","Bash","Searing Blow+3","Warcry"],"relics":["Burning Blood","Peace Pipe"],"acts_visited":["Exordium"],"potions_floor_usage":[16,16],"damage_taken":[{"damage":14.0,"enemies":"Jaw Worm","floor":1.0,"turns":3.0},{"damage":11.0,"enemies":"2 Louse","floor":5.0,"turns":2.0},{"damage":49.0,"enemies":"Lagavulin","floor":7.0,"turns":8.0},{"damage":0.0,"enemies":"Small Slimes","floor":8.0,"turns":3.0},{"damage":5.0,"enemies":"Exordium Wildlife","floor":11.0,"turns":4.0},{"damage":15.0,"enemies":"2 Fungi Beasts","floor":12.0,"turns":3.0},{"damage":13.0,"enemies":"3 Louse","floor":14.0,"turns":3.0},{"damage":24,"enemies":"The Guardian","floor":16,"turns":7}],"seed_played":"657085419644484155","potions_obtained":[{"floor":1.0,"key":"ColorlessPotion"},{"floor":8.0,"key":"ElixirPotion"},{"floor":12.0,"key":"BloodPotion"},{"floor":14.0,"key":"FearPotion"}],"is_trial":false,"path_per_floor":["M","?","$","?","M","R","E","M","T","R","M","M","$","M","R","B"],"character_chosen":"IRONCLAD","items_purchased":["Searing Blow"],"campfire_rested":0,"item_purchase_floors":[3],"current_hp_per_floor":[72,65,65,65,60,60,17,23,23,23,24,31,31,24,24,0,0],"gold":56,"neow_bonus":"HUNDRED_GOLD","is_daily":false,"chose_seed":true,"campfire_upgraded":3,"win_rate":0.0,"timestamp":1612807719,"path_taken":["M","?","$","?","M","R","E","M","T","R","M","M","$","M","R","BOSS"],"items_purchased_type":["Card"],"build_version":"2020-12-22","purchased_purges":2,"victory":false,"max_hp_per_floor":[80,80,80,80,80,80,80,80,80,80,80,80,80,80,80,80,80],"card_choices":[{"not_picked":["Ghostly Armor","Combust","Body Slam"],"picked":"SKIP","floor":1.0},{"not_picked":["Armaments","Rupture","Feel No Pain"],"picked":"SKIP","floor":5.0},{"not_picked":["Sword Boomerang","Headbutt","Twin Strike"],"picked":"SKIP","floor":7.0},{"not_picked":["Thunderclap","Rampage"],"picked":"Warcry","floor":8.0},{"not_picked":["Flex","Anger","Armaments"],"picked":"SKIP","floor":11.0},{"not_picked":["Reaper","Wild Strike","Evolve"],"picked":"SKIP","floor":12.0},{"not_picked":["Pummel","True Grit","Twin Strike"],"picked":"SKIP","floor":14.0}],"player_experience":63163,"relics_obtained":[{"floor":7.0,"key":"Peace Pipe"}],"event_choices":[{"cards_removed":["Strike_R"],"damage_healed":0.0,"max_hp_gain":0.0,"max_hp_loss":0.0,"gold_gain":0.0,"event_name":"Golden Wing","player_choice":"Card Removal","floor":2.0,"gold_loss":0.0,"damage_taken":7.0},{"cards_removed":["Strike_R"],"damage_healed":0.0,"max_hp_gain":0.0,"max_hp_loss":0.0,"gold_gain":0.0,"event_name":"The Cleric","player_choice":"Card Removal","floor":4.0,"gold_loss":50.0,"damage_taken":0.0}],"is_beta":false,"boss_relics":[],"items_purged_floors":[3,13],"is_endless":false,"potions_floor_spawned":[1,8,12,14],"killed_by":"The Guardian","ascension_level":2}}