{"host":"uhnh33uh34qot0et","time":1612749380,"event":{"mods":["BaseMod","Colored Map","Downfall","Hermit","Marisa????????","Minty Spire (QoL Compilation)","StSLib","The Bug Knight","The Cursed","The Servant 0.9.4"],"gold_per_floor":[115,61,13,13,79,79,110,285,285,315,334,334,354,42,42,172,172,195,208,168,144,160,160,160,160],"floor_reached":24,"language":"ENG","playtime":624,"items_purged":[],"score":192,"play_id":"edcd7145-fba8-42f5-bec3-a02d66f804bd","local_time":"20210208025620","is_ascension_mode":false,"campfire_choices":[{"data":"Streamline","floor":6,"key":"SMITH"},{"floor":12,"key":"REST"},{"floor":15,"key":"REST"},{"floor":23,"key":"REST"}],"circlet_count":0,"master_deck":["Strike_B","Strike_B","Strike_B+1","Strike_B","Defend_B","Defend_B","Defend_B","Defend_B","Zap","Dualcast","Streamline+1","Stack","Leap","Gash","Doubt","Self Repair","Go for the Eyes","Conserve Battery","Streamline","Rip and Tear+1","Echo Form","Double Energy+1","Stack+1","Leap","Gash"],"relics":["SlaversCollar","Golden Idol","Ginger","Bottled Flame","Toy Ornithopter","Blood Vial","Inserter"],"acts_visited":["Exordium","TheCity"],"potions_floor_usage":[7,16,19],"damage_taken":[{"damage":1,"enemies":"Cultist","floor":1,"turns":4},{"damage":14,"enemies":"3 Sentries","floor":7,"turns":8},{"damage":11,"enemies":"Jaw Worm","floor":11,"turns":2},{"damage":3,"enemies":"Small Slimes","floor":13,"turns":3},{"damage":25,"enemies":"The Guardian","floor":16,"turns":12},{"damage":10,"enemies":"Chosen","floor":18,"turns":6},{"damage":33,"enemies":"3 Byrds","floor":19,"turns":7},{"damage":24,"enemies":"Cultist and Chosen","floor":22,"turns":8},{"damage":58,"enemies":"Book of Stabbing","floor":24,"turns":7}],"seed_played":"-5280625102265646894","potions_obtained":[{"floor":1,"key":"Energy Potion"},{"floor":11,"key":"DistilledChaos"},{"floor":16,"key":"Fire Potion"}],"is_trial":false,"path_per_floor":["M","$","$","?","?","R","E","?","T","?","M","R","M","$","R","B",null,"M","M","?","$","M","R","E"],"character_chosen":"DEFECT","items_purchased":["Stack","Leap","Blood Vial","Conserve Battery","Streamline","Rip and Tear","Leap"],"campfire_rested":3,"item_purchase_floors":[2,3,14,14,14,14,21],"current_hp_per_floor":[74,74,74,56,56,56,42,42,42,42,31,53,57,57,75,62,75,65,39,39,39,31,53,0,0],"gold":160,"neow_bonus":"BOSS_RELIC","is_daily":false,"chose_seed":false,"campfire_upgraded":1,"win_rate":0.0,"timestamp":1612749380,"path_taken":["M","?","$","?","?","R","E","?","T","?","M","R","M","?","R","BOSS","M","M","?","$","M","R","E"],"items_purchased_type":["Card","Card","Relic","Card","Card","Card","Card"],"build_version":"2020-12-22","purchased_purges":0,"victory":false,"max_hp_per_floor":[75,75,75,75,75,75,75,75,75,75,75,75,75,75,75,75,75,75,75,75,75,75,75,75,75],"card_choices":[{"not_picked":["Heatsinks","Genetic Algorithm"],"picked":"Streamline","floor":1},{"not_picked":["Steam","Barrage"],"picked":"Gash","floor":7},{"not_picked":["Steam Power","Streamline"],"picked":"Self Repair","floor":11},{"not_picked":["Beam Cell","Conserve Battery"],"picked":"Go for the Eyes","floor":13},{"not_picked":["Creative AI","Seek"],"picked":"Echo Form","floor":16},{"not_picked":["Capacitor","Barrage+1"],"picked":"Double Energy+1","floor":18},{"not_picked":["Lockon","Barrage"],"picked":"Stack+1","floor":19},{"not_picked":["Barrage","Leap+1"],"picked":"Gash","floor":22}],"player_experience":25231,"relics_obtained":[{"floor":7,"key":"Ginger"},{"floor":9,"key":"Bottled Flame"}],"event_choices":[{"damage_healed":0,"gold_gain":0,"player_choice":"Take Damage","damage_taken":18,"relics_obtained":["Golden Idol"],"max_hp_gain":0,"max_hp_loss":0,"event_name":"Golden Idol","floor":4,"gold_loss":0},{"damage_healed":0,"gold_gain":66,"player_choice":"Gained Gold","damage_taken":0,"max_hp_gain":0,"max_hp_loss":0,"event_name":"Golden Wing","floor":5,"gold_loss":0},{"damage_healed":0,"gold_gain":175,"player_choice":"AGREE","damage_taken":0,"max_hp_gain":0,"max_hp_loss":0,"event_name":"Liars Game","floor":8,"gold_loss":0,"cards_obtained":["Doubt"]},{"damage_healed":0,"gold_gain":30,"player_choice":"Searched \u00272\u0027 times","damage_taken":0,"relics_obtained":["Toy Ornithopter"],"max_hp_gain":0,"max_hp_loss":0,"event_name":"Dead Adventurer","floor":10,"gold_loss":0},{"damage_healed":0,"gold_gain":0,"player_choice":"Upgraded Two","damage_taken":0,"max_hp_gain":0,"max_hp_loss":0,"event_name":"Designer","floor":20,"gold_loss":40,"cards_upgraded":["Strike_B","Rip and Tear"]}],"is_beta":false,"boss_relics":[{"not_picked":["Sozu","Fusion Hammer"],"picked":"Inserter"}],"items_purged_floors":[],"is_endless":false,"potions_floor_spawned":[1,11,16],"killed_by":"Book of Stabbing","ascension_level":0}}