{"host":"y1oqg7uy0jc6f5mb","time":1612803027,"event":{"mods":["AchievementEnabler","BaseMod","Better Altar","Better Match","Better Note","Better Sensory Stone","Better Skull","Better Third Choice","BetterRewards","Colored Map","Colored Powertips","Displayed Cursed Tome","Downfall","Highlight Path","Minty Spire (QoL Compilation)","Permanent Neow","Quick Restart","Relic Stats","Replay The Spire","Shop Mod","Smile Girya","StSLib"],"gold_per_floor":[99,117,117,27,47,47,95,95,112,22,22,39,39,50,63,166,166,66,81,97,108,125,158,185,196,196,196,220,38,38,63,73,176,176,176,188,188,188,188,207,275,20,20,20,1,31,89,89,103,103,103,103],"floor_reached":50,"language":"ENG","playtime":4502,"items_purged":["bronze:Defend","bronze:Strike","Replay:Hysterical Blindness","bronze:Defend"],"score":574,"play_id":"28835689-9385-40cc-b1e2-6d4bc595ad67","local_time":"20210209005027","is_ascension_mode":false,"campfire_choices":[{"floor":1.0,"key":"RECALL"},{"data":"bronze:Goto","floor":6.0,"key":"SMITH"},{"data":"bronze:Repulsor","floor":13.0,"key":"SMITH"},{"data":"bronze:Replicate","floor":18.0,"key":"SMITH"},{"floor":26.0,"key":"REST"},{"data":"bronze:Virus","floor":30.0,"key":"SMITH"},{"floor":35.0,"key":"REST"},{"floor":43.0,"key":"DIG"}],"circlet_count":0,"master_deck":["bronze:Replicate+1","bronze:Goto+1","bronze:Virus+1","bronze:Fortify","bronze:Repulsor+1","bronze:Safeguard","bronze:Shield","bronze:ChosenStrike","bronze:ThunderWave","bronze:MaxOutput+1","bronze:Return","bronze:Return","bronze:DelayedSlice","bronze:FollowUp","bronze:CleanCode","bronze:ChosenStrike","bronze:Frontload","bronze:BronzeArmor","bronze:DelayedGuard+1","bronze:Branch","bronze:DigitalCarnage+1","bronze:Flail","bronze:Boost+1","bronze:Safeguard","bronze:Backtrace+1","bronze:Allocate+1","bronze:Break+1","bronze:Optimize+1","bronze:Deprecate","bronze:FollowUp","bronze:Fortify","bronze:ChildClass","bronze:Deprecate","bronze:FollowUp","bronze:ClassDefault","bronze:Deprecate","bronze:Repair","bronze:ForLoop","bronze:Invalidate","bronze:Boost","bronze:BuggyMess+1"],"relics":["bronze:BronzeCore","Dream Catcher","ReplayTheSpireMod:DimensionalGlitch","downfall:HeartBlessingRed","Juzu Bracelet","ReplayTheSpireMod:TigerMarble","MealTicket","Vajra","Fusion Hammer","Shovel","Mirror","Omamori","Spirit Poop","Chemical X","Akabeko","Anchor"],"acts_visited":["Exordium","TheCity","TheBeyond"],"potions_floor_usage":[],"damage_taken":[{"damage":4.0,"enemies":"2 Louse","floor":2.0,"turns":4.0},{"damage":0.0,"enemies":"downfall:FleeingMerchant","floor":4.0,"turns":4.0},{"damage":6.0,"enemies":"Jaw Worm","floor":5.0,"turns":3.0},{"damage":0.0,"enemies":"Cultist","floor":8.0,"turns":1.0},{"damage":2.0,"enemies":"Exordium Wildlife","floor":9.0,"turns":4.0},{"damage":6.0,"enemies":"downfall:FleeingMerchant","floor":10.0,"turns":4.0},{"damage":0.0,"enemies":"Large Slime","floor":12.0,"turns":3.0},{"damage":5.0,"enemies":"Exordium Thugs","floor":14.0,"turns":5.0},{"damage":0.0,"enemies":"Gremlin Gang","floor":15.0,"turns":3.0},{"damage":16.0,"enemies":"IC_STATUS_ARCHETYPE","floor":16.0,"turns":6.0},{"damage":5.0,"enemies":"Shell Parasite","floor":19.0,"turns":4.0},{"damage":0.0,"enemies":"Chosen","floor":20.0,"turns":4.0},{"damage":0.0,"enemies":"Centurion and Healer","floor":21.0,"turns":5.0},{"damage":18.0,"enemies":"Shelled Parasite and Fungi","floor":22.0,"turns":5.0},{"damage":7.0,"enemies":"Book of Stabbing","floor":23.0,"turns":5.0},{"damage":14.0,"enemies":"3 Cultists","floor":25.0,"turns":5.0},{"damage":0.0,"enemies":"downfall:FleeingMerchant","floor":29.0,"turns":4.0},{"damage":0.0,"enemies":"Gremlin Leader","floor":31.0,"turns":4.0},{"damage":1.0,"enemies":"Snake Plant","floor":32.0,"turns":3.0},{"damage":4.0,"enemies":"WA_ARCHETYPE_CALM","floor":33.0,"turns":5.0},{"damage":24.0,"enemies":"3 Shapes","floor":36.0,"turns":2.0},{"damage":0.0,"enemies":"3 Darklings","floor":40.0,"turns":3.0},{"damage":2.0,"enemies":"downfall:FleeingMerchant","floor":42.0,"turns":4.0},{"damage":0.0,"enemies":"downfall:FleeingMerchant","floor":45.0,"turns":1.0},{"damage":41.0,"enemies":"Nemesis","floor":46.0,"turns":5.0},{"damage":7,"enemies":"Transient","floor":49,"turns":5},{"damage":59,"enemies":"SI_POISON_ARCHETYPE","floor":50,"turns":5}],"seed_played":"-5820092257468046226","potions_obtained":[{"floor":5.0,"key":"AttackPotion"},{"floor":9.0,"key":"Dexterity Potion"},{"floor":14.0,"key":"FearPotion"},{"floor":16.0,"key":"bronze:FreeFunctionsPotion"},{"floor":20.0,"key":"Swift Potion"},{"floor":22.0,"key":"Explosive Potion"},{"floor":23.0,"key":"bronze:CleanCodePotion"},{"floor":31.0,"key":"sneckomod:MuddlingPotion"},{"floor":47,"key":"DuplicationPotion"}],"is_trial":false,"path_per_floor":["R","M","?","$","M","R","T","M","M","$","?","M","R","M","M","B",null,"R","M","M","M","M","E","T","M","R","?","T","$","R","E","M","B",null,"R","M","?","?","T","M","T","$","R","?","$","E","?","$","M","B"],"character_chosen":"THE_AUTOMATON","items_purchased":["bronze:MaxOutput","bronze:Safeguard","bronze:ClassDefault","bronze:Deprecate","Chemical X","bronze:ForLoop"],"campfire_rested":2,"item_purchase_floors":[10,29,42,42,45,45],"current_hp_per_floor":[70,66,66,66,60,60,60,60,58,52,52,52,52,47,47,31,70,70,65,65,65,47,40,40,26,47,47,47,62,62,62,61,57,70,70,46,46,46,46,46,46,59,59,59,70,42,42,57,54,0,0,0],"gold":103,"neow_bonus":"TRANSFORM_CARD","is_daily":false,"chose_seed":false,"campfire_upgraded":4,"win_rate":0.0,"timestamp":1612803027,"path_taken":["R","M","?","$","M","R","T","M","M","$","?","M","R","M","M","BOSS","R","?","M","M","M","E","T","M","R","?","?","$","R","E","M","BOSS","R","M","?","?","?","M","T","$","R","?","$","E","?","?","M","BOSS"],"items_purchased_type":["Card","Card","Card","Card","Relic","Card"],"build_version":"2020-12-22","purchased_purges":4,"victory":false,"max_hp_per_floor":[70,70,70,70,70,70,70,70,70,70,70,70,70,70,70,70,70,70,70,70,70,70,70,70,70,70,70,70,70,70,70,70,70,70,70,70,70,70,70,70,70,70,70,70,70,70,70,70,70,70,70,70],"relic_stats":{"Dream Catcher":2,"Shovel":1,"counters":[27,106],"MealTicket":56,"Juzu Bracelet":3,"Chemical X":[4],"obtain_stats":[{"bronze:BronzeCore":0,"downfall:HeartBlessingRed":18,"Vajra":31,"Spirit Poop":44,"Juzu Bracelet":23,"Omamori":43,"Akabeko":46,"Dream Catcher":7,"Anchor":47,"downfall:BrokenWingStatue":3,"Shovel":39,"MealTicket":28,"Fusion Hammer":34,"ReplayTheSpireMod:TigerMarble":24,"Chemical X":45,"ReplayTheSpireMod:DimensionalGlitch":17,"Mirror":41},{"bronze:BronzeCore":0,"downfall:HeartBlessingRed":10,"Vajra":18,"Spirit Poop":23,"Juzu Bracelet":15,"Omamori":23,"Akabeko":25,"Dream Catcher":3,"Anchor":25,"downfall:BrokenWingStatue":1,"Shovel":21,"MealTicket":16,"Fusion Hammer":20,"ReplayTheSpireMod:TigerMarble":15,"Chemical X":24,"ReplayTheSpireMod:DimensionalGlitch":10,"Mirror":22},{"bronze:BronzeCore":0,"downfall:HeartBlessingRed":37,"Vajra":73,"Spirit Poop":90,"Juzu Bracelet":60,"Omamori":90,"Akabeko":96,"Dream Catcher":11,"Anchor":96,"downfall:BrokenWingStatue":4,"Shovel":83,"MealTicket":65,"Fusion Hammer":81,"ReplayTheSpireMod:TigerMarble":60,"Chemical X":91,"ReplayTheSpireMod:DimensionalGlitch":37,"Mirror":86}]},"card_choices":[{"not_picked":["bronze:BuggyMess","bronze:OilSpill"],"picked":"bronze:Fortify","floor":2.0},{"not_picked":["bronze:ChosenStrike","bronze:Backtrace"],"picked":"bronze:Repulsor","floor":4.0},{"not_picked":["bronze:ChildClass","bronze:Branch"],"picked":"bronze:Safeguard","floor":5.0},{"not_picked":["bronze:Branch","bronze:OilSpill"],"picked":"bronze:Shield","floor":8.0},{"not_picked":["bronze:WildBeam","bronze:OilSpill"],"picked":"bronze:ChosenStrike","floor":9.0},{"not_picked":["bronze:Deprecate","bronze:Turbo"],"picked":"bronze:ThunderWave","floor":10.0},{"not_picked":["bronze:BuggyMess","bronze:MaxOutput"],"picked":"bronze:Return","floor":12.0},{"not_picked":["bronze:Invalidate","bronze:Return"],"picked":"bronze:DelayedSlice","floor":14.0},{"not_picked":["bronze:BuggyMess","bronze:BugBarrage"],"picked":"bronze:FollowUp","floor":15.0},{"not_picked":["bronze:RecursiveStrike","bronze:BurnOut"],"picked":"bronze:CleanCode","floor":16.0},{"not_picked":["bronze:Frontload","bronze:OilSpill"],"picked":"bronze:ChosenStrike","floor":19.0},{"not_picked":["bronze:BitShift","bronze:Return"],"picked":"bronze:Frontload","floor":20.0},{"not_picked":["bronze:Iterate","bronze:Overheat"],"picked":"bronze:BronzeArmor","floor":21.0},{"not_picked":["bronze:FollowUp","bronze:Frontload"],"picked":"bronze:DelayedGuard+1","floor":22.0},{"not_picked":["bronze:ForLoop","bronze:MaxOutput+1"],"picked":"bronze:Branch","floor":23.0},{"not_picked":["bronze:Shield+1","bronze:OilSpill+1"],"picked":"bronze:DigitalCarnage+1","floor":25.0},{"not_picked":["bronze:Branch","bronze:BronzeArmor"],"picked":"bronze:Flail","floor":26.0},{"not_picked":["bronze:HardenedForm","bronze:Frontload"],"picked":"bronze:Boost+1","floor":29.0},{"not_picked":["bronze:FineTuning","bronze:OilSpill"],"picked":"bronze:Backtrace+1","floor":31.0},{"not_picked":["bronze:Iterate","bronze:WildBeam"],"picked":"bronze:Allocate+1","floor":32.0},{"not_picked":["bronze:RecursiveStrike","bronze:HyperBeam"],"picked":"bronze:Break","floor":33.0},{"not_picked":["bronze:BronzeArmor+1","bronze:OilSpill"],"picked":"bronze:Optimize+1","floor":35.0},{"not_picked":["bronze:Branch","bronze:BuggyMess"],"picked":"bronze:Deprecate","floor":36.0},{"not_picked":["bronze:Shield","bronze:Overheat"],"picked":"bronze:Deprecate","floor":40.0},{"not_picked":["bronze:WildBeam","bronze:Allocate"],"picked":"bronze:FollowUp","floor":42.0},{"not_picked":["bronze:BugBarrage","bronze:Safeguard+1"],"picked":"bronze:Repair","floor":45.0},{"not_picked":["bronze:FollowUp+1","bronze:DelayedGuard"],"picked":"bronze:Invalidate","floor":46.0},{"not_picked":["bronze:Return","bronze:Optimize"],"picked":"bronze:Boost","floor":47},{"not_picked":["bronze:Boost+1","bronze:Deprecate+1"],"picked":"bronze:BuggyMess+1","floor":49}],"player_experience":414789,"relics_obtained":[{"floor":7.0,"key":"Dream Catcher"},{"floor":23.0,"key":"Juzu Bracelet"},{"floor":24.0,"key":"ReplayTheSpireMod:TigerMarble"},{"floor":28.0,"key":"MealTicket"},{"floor":31.0,"key":"Vajra"},{"floor":39.0,"key":"Shovel"},{"floor":41.0,"key":"Mirror"},{"floor":43.0,"key":"Omamori"},{"floor":46.0,"key":"Akabeko"},{"floor":47,"key":"Anchor"}],"event_choices":[{"cards_removed":["bronze:Repulsor"],"damage_healed":0.0,"max_hp_gain":0.0,"max_hp_loss":0.0,"gold_gain":0.0,"event_name":"betterNote:BetterNote","player_choice":"Give","floor":27.0,"gold_loss":0.0,"damage_taken":0.0,"cards_obtained":["None"]},{"cards_removed":["Delirium"],"damage_healed":0.0,"max_hp_gain":0.0,"max_hp_loss":0.0,"gold_gain":0.0,"event_name":"Bonfire Elementals","player_choice":"Offered Curse","floor":44.0,"gold_loss":0.0,"damage_taken":0.0,"relics_obtained":["Spirit Poop"]}],"is_beta":false,"boss_relics":[{"not_picked":["Ring of Chaos","Snecko Eye"],"picked":"ReplayTheSpireMod:DimensionalGlitch"},{"not_picked":["Pandora\u0027s Box","Honey Jar"],"picked":"Fusion Hammer"}],"items_purged_floors":[4,29,42,45],"is_endless":false,"potions_floor_spawned":[5,9,14,16,20,22,23,31,33,46],"killed_by":"SI_POISON_ARCHETYPE","ascension_level":0}}