{"host":"tq99ucv8ezzqzioe","time":1612807654,"event":{"mods":["BaseMod","Colored Map","Downfall","Highlight Path","Minty Spire (QoL Compilation)","StSLib"],"gold_per_floor":[117,36,36,36,1,1,39,52,105,136,159,159,179,204,204,323,323,337,337,360,380,380,418,418,459,459,459,459],"floor_reached":27,"language":"ENG","playtime":4940,"items_purged":[],"score":470,"play_id":"f197d813-b17b-4293-827f-62370fd6fde9","local_time":"20210208130734","is_ascension_mode":true,"campfire_choices":[{"data":"Reinforced Body","floor":6,"key":"SMITH"},{"floor":12,"key":"RECALL"},{"data":"Dualcast","floor":15,"key":"SMITH"}],"circlet_count":0,"master_deck":["Strike_B+1","Strike_B+1","Strike_B+1","Strike_B+1","Defend_B+1","Defend_B+1","Defend_B+1","Defend_B+1","Zap+1","Dualcast+1","Reinforced Body+1","Buffer+1","Cold Snap","Streamline","Storm","Conserve Battery","Cold Snap","Electrodynamics","Hologram+1","Heatsinks","Heatsinks","Pain"],"relics":["Cracked Core","Golden Idol","Sundial","Oddly Smooth Stone","Fusion Hammer","sneckomod:BlankCard","Bottled Flame","Happy Flower","Cables"],"acts_visited":["Exordium","TheCity"],"potions_floor_usage":[10,16,18,21,23,27],"damage_taken":[{"damage":2,"enemies":"Jaw Worm","floor":1,"turns":3},{"damage":0,"enemies":"Lagavulin","floor":7,"turns":9},{"damage":0,"enemies":"2 Louse","floor":8,"turns":3},{"damage":13,"enemies":"3 Sentries","floor":10,"turns":7},{"damage":0,"enemies":"Small Slimes","floor":11,"turns":3},{"damage":0,"enemies":"2 Fungi Beasts","floor":13,"turns":3},{"damage":0,"enemies":"3 Louse","floor":14,"turns":2},{"damage":0,"enemies":"Hexaghost","floor":16,"turns":12},{"damage":10,"enemies":"2 Thieves","floor":18,"turns":5},{"damage":0,"enemies":"Spheric Guardian","floor":20,"turns":4},{"damage":13,"enemies":"Shelled Parasite and Fungi","floor":21,"turns":6},{"damage":21,"enemies":"Book of Stabbing","floor":23,"turns":7},{"damage":1,"enemies":"Gremlin Leader","floor":25,"turns":6},{"damage":37,"enemies":"Book of Stabbing","floor":27,"turns":6}],"seed_played":"-7643562615718833671","potions_obtained":[{"floor":7,"key":"CultistPotion"},{"floor":8,"key":"Explosive Potion"},{"floor":10,"key":"EssenceOfSteel"},{"floor":11,"key":"PowerPotion"},{"floor":14,"key":"Guardian:BlockOnCardUsePotion"},{"floor":20,"key":"Energy Potion"},{"floor":21,"key":"hexamod:SoulburnPotion"}],"is_trial":false,"path_per_floor":["M","$","?","?","?","R","E","M","T","E","M","R","M","M","R","B",null,"M","?","M","M","?","E","?","E","T","E"],"character_chosen":"DEFECT","items_purchased":["Buffer"],"campfire_rested":0,"item_purchase_floors":[2],"current_hp_per_floor":[66,66,48,33,51,51,51,51,51,38,38,38,38,38,38,38,66,56,56,56,43,43,22,22,21,21,0,0],"gold":459,"neow_bonus":"UPGRADE_CARD","is_daily":false,"chose_seed":false,"campfire_upgraded":2,"win_rate":0.0,"timestamp":1612807654,"path_taken":["M","$","?","?","?","R","E","M","T","E","M","R","M","M","R","BOSS","M","?","M","M","?","E","?","E","T","E"],"items_purchased_type":["Card"],"build_version":"2020-12-22","purchased_purges":0,"victory":false,"max_hp_per_floor":[75,75,75,75,75,75,75,75,75,75,75,75,75,75,75,75,75,75,75,75,75,75,75,75,75,75,75,75],"card_choices":[{"not_picked":["Go for the Eyes","Gash"],"picked":"Reinforced Body","floor":1},{"not_picked":["Blizzard","Sweeping Beam"],"picked":"Cold Snap","floor":7},{"not_picked":["Steam Power","Undo"],"picked":"Streamline","floor":8},{"not_picked":["Turbo","Beam Cell"],"picked":"Storm","floor":10},{"not_picked":["Chill","Hologram"],"picked":"Conserve Battery","floor":11},{"not_picked":["Barrage","Streamline"],"picked":"Cold Snap","floor":13},{"not_picked":["Steam","Rebound","Coolheaded"],"picked":"SKIP","floor":14},{"not_picked":["Core Surge","Amplify"],"picked":"Electrodynamics","floor":16},{"not_picked":["Sweeping Beam","Rebound","Hologram+1"],"picked":"SKIP","floor":18},{"not_picked":["Beam Cell","Sweeping Beam"],"picked":"Hologram+1","floor":20},{"not_picked":["Barrage","Rebound+1"],"picked":"Heatsinks","floor":21},{"not_picked":["Beam Cell","Reprogram"],"picked":"Heatsinks","floor":23},{"not_picked":["Reprogram","Beam Cell+1","Biased Cognition"],"picked":"SKIP","floor":25}],"player_experience":899437,"relics_obtained":[{"floor":7,"key":"Sundial"},{"floor":10,"key":"Oddly Smooth Stone"},{"floor":23,"key":"Bottled Flame"},{"floor":25,"key":"Happy Flower"},{"floor":26,"key":"Cables"}],"event_choices":[{"damage_healed":0,"gold_gain":0,"player_choice":"Take Damage","damage_taken":18,"relics_obtained":["Golden Idol"],"max_hp_gain":0,"max_hp_loss":0,"event_name":"Golden Idol","floor":3,"gold_loss":0},{"damage_healed":0,"gold_gain":0,"player_choice":"Entered Light","damage_taken":15,"max_hp_gain":0,"max_hp_loss":0,"event_name":"Shining Light","floor":4,"gold_loss":0,"cards_upgraded":["Strike_B","Buffer"]},{"damage_healed":18,"gold_gain":0,"player_choice":"Healed","damage_taken":0,"max_hp_gain":0,"max_hp_loss":0,"event_name":"The Cleric","floor":5,"gold_loss":35},{"damage_healed":0,"gold_gain":0,"player_choice":"Simplicity","damage_taken":0,"max_hp_gain":0,"max_hp_loss":0,"event_name":"Back to Basics","floor":19,"gold_loss":0,"cards_upgraded":["Strike_B","Strike_B","Strike_B","Defend_B","Defend_B","Defend_B","Defend_B"]},{"damage_healed":0,"gold_gain":0,"player_choice":"Opened","damage_taken":0,"relics_obtained":["sneckomod:BlankCard"],"max_hp_gain":0,"max_hp_loss":0,"event_name":"The Mausoleum","floor":22,"gold_loss":0,"cards_obtained":["Writhe"]},{"damage_healed":0,"gold_gain":0,"cards_transformed":["Writhe"],"player_choice":"Transformed","damage_taken":0,"max_hp_gain":0,"max_hp_loss":0,"event_name":"Transmorgrifier","floor":24,"gold_loss":0,"cards_obtained":["Pain"]}],"is_beta":false,"boss_relics":[{"not_picked":["Pandora\u0027s Box","Tiny House"],"picked":"Fusion Hammer"}],"items_purged_floors":[],"is_endless":false,"potions_floor_spawned":[7,8,10,11,14,20,21],"killed_by":"Book of Stabbing","ascension_level":8}}