{"host":"dn2xyj3kd3d9cfyb","time":1612764145,"event":{"mods":["BaseMod","Conspire","Hero for Fun","Hubris","Marisa£®ÏF”Í°°ƒß¿Ì…≥£©","Minty Spire (QoL Compilation)","Remilia£®¿Ÿ√◊¿Ú—«£©","Replay The Spire","Shop Mod","StSLib","The Animator","The Construct","The Cursed","The Mystic","Youmu£®ªÍ∆«—˝√Œ£©","Yuri Mod","Yuyuko"],"gold_per_floor":[116,135,148,196,121,156,156,183,183,183,197,197,197,214,214,214,214],"floor_reached":16,"language":"ZHS","playtime":736,"items_purged":["construct:Strike_Gold"],"score":121,"play_id":"c68de016-e343-47fb-8725-3851f47919df","local_time":"20210208140225","is_ascension_mode":true,"campfire_choices":[{"data":"construct:NuclearCore","floor":7,"key":"SMITH"},{"floor":10,"key":"RECALL"},{"floor":13,"key":"REST"},{"data":"construct:DefenseMode","floor":15,"key":"SMITH"}],"circlet_count":0,"master_deck":["construct:Strike_Gold","construct:Strike_Gold","construct:Strike_Gold","construct:Strike_Gold","construct:Defend_Gold","construct:Defend_Gold","construct:Defend_Gold","construct:Defend_Gold","construct:AttackMode","construct:DefenseMode+1","construct:FlashFreeze","construct:NuclearCore+1"],"relics":["construct:Cogwheel","NeowsBlessing","WingedGreaves","hubris:SlimyHat","Replay:Ringing Soul"],"acts_visited":["Exordium"],"potions_floor_usage":[11,16],"damage_taken":[{"damage":0,"enemies":"Jaw Worm","floor":1,"turns":1},{"damage":0,"enemies":"Cultist","floor":2,"turns":1},{"damage":0,"enemies":"Small Slimes","floor":3,"turns":2},{"damage":16,"enemies":"conspire:MimicChest","floor":4,"turns":17},{"damage":33,"enemies":"Lagavulin","floor":6,"turns":6},{"damage":16,"enemies":"Replay:BlueRogue","floor":8,"turns":6},{"damage":15,"enemies":"Exordium Thugs","floor":11,"turns":5},{"damage":5,"enemies":"3 Louse","floor":14,"turns":3},{"damage":31,"enemies":"Slime Boss","floor":16,"turns":6}],"seed_played":"1813043473500839814","potions_obtained":[{"floor":3,"key":"Energy Potion"},{"floor":6,"key":"construct:ShiftPotion"},{"floor":11,"key":"Death Potion"},{"floor":14,"key":"Ancient Potion"}],"is_trial":false,"path_per_floor":["M","M","M","?","$","E","R","E","T","R","M","?","R","M","R","B"],"character_chosen":"THE_CONSTRUCT_MOD","items_purchased":[],"campfire_rested":1,"item_purchase_floors":[],"current_hp_per_floor":[85,85,85,69,69,36,36,20,20,20,5,5,30,25,25,0,0],"gold":214,"neow_bonus":"THREE_ENEMY_KILL","is_daily":false,"chose_seed":false,"campfire_upgraded":2,"win_rate":0.0,"timestamp":1612764145,"path_taken":["M","M","M","?","$","E","R","E","T","R","?","?","R","M","R","BOSS"],"items_purchased_type":[],"build_version":"2020-12-22","purchased_purges":1,"victory":false,"max_hp_per_floor":[85,85,85,85,85,85,85,85,85,85,85,85,85,85,85,85,85],"card_choices":[{"not_picked":["construct:ShiftStrike","construct:NuclearCore","construct:Anticipate"],"picked":"SKIP","floor":1},{"not_picked":["construct:Antimatter","construct:ClusterMines"],"picked":"construct:FlashFreeze","floor":2},{"not_picked":["construct:FocusedBeam","construct:FierceBash"],"picked":"construct:NuclearCore","floor":3},{"not_picked":["construct:OilSpill","construct:ModeShift","construct:Dampening"],"picked":"SKIP","floor":6},{"not_picked":["construct:ShiftStrike","construct:ChargeShot","construct:Isolate"],"picked":"SKIP","floor":8},{"not_picked":["construct:ShiftStrike","construct:FlammableFog","construct:QuickAttack"],"picked":"SKIP","floor":11},{"not_picked":["construct:ChargeShot","construct:Antimatter","construct:ShiftStrike"],"picked":"SKIP","floor":14}],"player_experience":634450,"relics_obtained":[{"floor":4,"key":"WingedGreaves"},{"floor":6,"key":"hubris:SlimyHat"},{"floor":8,"key":"Replay:Ringing Soul"}],"event_choices":[],"is_beta":false,"boss_relics":[],"items_purged_floors":[5],"is_endless":false,"potions_floor_spawned":[3,6,11,14],"killed_by":"Slime Boss","ascension_level":2}}