{"host":"sxnl403xm2xmiyj1","time":1612742480,"event":{"mods":["AchievementEnabler","BaseMod","Colored Map","Keyboard Shortcuts","Minty Spire (QoL Compilation)","Quick Restart","StSLib","SuperFastMode"],"gold_per_floor":[118,133,150,168,182,214,225,239,239,273,273,26,26,53,53,149,149,163,163,163,8,8,8,38,51,51,51,65,80,98,117,117,219,219,230,243,243,243,11,42,42,71,98,98,124,137,149,149,149,149,149,149,34,67,67,67],"floor_reached":55,"language":"KOR","playtime":1354,"items_purged":[],"score":1161,"play_id":"3d849f94-43b3-4a86-af71-2d7fdff5ae71","local_time":"20210208090120","is_ascension_mode":true,"campfire_choices":[{"floor":13.0,"key":"REST"},{"data":"Armaments","floor":15.0,"key":"SMITH"},{"data":"Juggernaut","floor":23.0,"key":"SMITH"},{"data":"Metallicize","floor":27.0,"key":"SMITH"},{"data":"Disarm","floor":32.0,"key":"SMITH"},{"data":"Fire Breathing","floor":41.0,"key":"SMITH"},{"floor":44.0,"key":"RECALL"},{"data":"Metallicize","floor":49,"key":"SMITH"},{"data":"Metallicize","floor":52,"key":"SMITH"}],"circlet_count":0,"master_deck":["Strike_R","Defend_R","Defend_R","Defend_R","Defend_R+1","Bash","Metallicize+1","Pummel","Metallicize+1","Iron Wave","Ghostly Armor","Armaments+1","Battle Trance+1","Flash of Steel","Metallicize+1","Juggernaut+1","Ghostly Armor+1","Pummel","Flex","Disarm+1","Shrug It Off","Impervious","True Grit+1","Power Through+1","Flash of Steel","Bandage Up","Fire Breathing+1","Ghostly Armor","Pommel Strike","Flame Barrier","Exhume","Dark Embrace","Metallicize","Shrug It Off","Demon Form"],"relics":["Burning Blood","NeowsBlessing","Boot","Red Skull","Akabeko","Lantern","War Paint","Philosopher\u0027s Stone","Oddly Smooth Stone","FaceOfCleric","MealTicket","Sozu","Membership Card","Matryoshka","Bronze Scales","Strawberry","Potion Belt","Omamori","Bag of Preparation","Happy Flower"],"acts_visited":["Exordium","TheCity","TheBeyond","TheEnding"],"potions_floor_usage":[48,54],"damage_taken":[{"damage":0.0,"enemies":"Cultist","floor":1.0,"turns":1.0},{"damage":0.0,"enemies":"2 Louse","floor":2.0,"turns":1.0},{"damage":0.0,"enemies":"Small Slimes","floor":3.0,"turns":1.0},{"damage":22.0,"enemies":"3 Louse","floor":4.0,"turns":5.0},{"damage":34.0,"enemies":"Exordium Thugs","floor":5.0,"turns":8.0},{"damage":10.0,"enemies":"Gremlin Nob","floor":6.0,"turns":4.0},{"damage":12.0,"enemies":"Large Slime","floor":7.0,"turns":2.0},{"damage":8.0,"enemies":"Blue Slaver","floor":8.0,"turns":4.0},{"damage":5.0,"enemies":"3 Sentries","floor":10.0,"turns":8.0},{"damage":10.0,"enemies":"Gremlin Nob","floor":14.0,"turns":5.0},{"damage":5.0,"enemies":"The Guardian","floor":16.0,"turns":13.0},{"damage":6.0,"enemies":"Spheric Guardian","floor":18.0,"turns":6.0},{"damage":8.0,"enemies":"Gremlin Leader","floor":24.0,"turns":10.0},{"damage":3.0,"enemies":"Shell Parasite","floor":25.0,"turns":4.0},{"damage":3.0,"enemies":"Shelled Parasite and Fungi","floor":28.0,"turns":6.0},{"damage":0.0,"enemies":"Snecko","floor":29.0,"turns":5.0},{"damage":5.0,"enemies":"Centurion and Healer","floor":30.0,"turns":6.0},{"damage":9.0,"enemies":"Chosen and Byrds","floor":31.0,"turns":6.0},{"damage":1.0,"enemies":"Champ","floor":33.0,"turns":10.0},{"damage":0.0,"enemies":"3 Shapes","floor":35.0,"turns":5.0},{"damage":0.0,"enemies":"Orb Walker","floor":36.0,"turns":4.0},{"damage":58.0,"enemies":"Reptomancer","floor":40.0,"turns":8.0},{"damage":0.0,"enemies":"Nemesis","floor":42.0,"turns":7.0},{"damage":10.0,"enemies":"Giant Head","floor":45.0,"turns":11.0},{"damage":9.0,"enemies":"Sphere and 2 Shapes","floor":46.0,"turns":5.0},{"damage":20.0,"enemies":"3 Darklings","floor":47.0,"turns":7.0},{"damage":0,"enemies":"Writhing Mass","floor":48,"turns":1},{"damage":36,"enemies":"Donu and Deca","floor":50,"turns":10},{"damage":91,"enemies":"Shield and Spear","floor":54,"turns":9},{"damage":36,"enemies":"The Heart","floor":55,"turns":2}],"seed_played":"-6405407058384396241","potions_obtained":[{"floor":1.0,"key":"Fire Potion"},{"floor":4.0,"key":"ColorlessPotion"},{"floor":5.0,"key":"Ancient Potion"},{"floor":7.0,"key":"Explosive Potion"},{"floor":14.0,"key":"Block Potion"},{"floor":25.0,"key":"Dexterity Potion"},{"floor":30.0,"key":"Weak Potion"},{"floor":31.0,"key":"CultistPotion"},{"floor":33.0,"key":"SmokeBomb"}],"is_trial":false,"path_per_floor":["M","M","M","M","M","E","M","M","T","E","?","$","R","E","R","B",null,"M","?","?","$","?","R","E","M","T","R","M","M","M","M","R","B",null,"M","M","?","?","$","E","R","E","T","R","E","M","M","M","R","B",null,"R","$","E","B"],"character_chosen":"IRONCLAD","items_purchased":["Flash of Steel","Lantern","Oddly Smooth Stone","Membership Card","Fire Breathing","Ghostly Armor","Metallicize","Shrug It Off","Bag of Preparation"],"campfire_rested":1,"item_purchase_floors":[12,12,21,39,39,39,53,53,53],"current_hp_per_floor":[78,80,80,64,36,32,26,24,24,25,18,18,42,38,38,39,70,70,70,70,70,70,70,69,73,73,73,77,84,85,83,83,87,87,88,89,79,79,89,38,38,49,56,56,57,59,58,65,65,40,87,87,102,19,0,0],"gold":67,"neow_bonus":"THREE_ENEMY_KILL","is_daily":false,"chose_seed":false,"campfire_upgraded":7,"win_rate":0.0,"timestamp":1612742480,"path_taken":["M","M","M","?","?","E","M","M","T","E","?","$","R","E","R","BOSS","M","?","?","$","?","R","E","M","T","R","M","M","M","M","R","BOSS","M","M","?","?","$","E","R","E","T","R","E","M","M","M","R","BOSS","R","$","E","BOSS"],"items_purchased_type":["Card","Relic","Relic","Relic","Card","Card","Card","Card","Relic"],"build_version":"2020-12-22","purchased_purges":0,"victory":false,"max_hp_per_floor":[80,80,80,80,80,80,80,80,80,80,80,80,80,80,80,80,80,80,80,80,80,80,80,81,82,82,82,83,84,85,86,86,87,87,88,89,89,89,89,90,90,91,98,98,99,100,101,102,102,103,103,103,103,104,104,104],"card_choices":[{"not_picked":["Anger","Pommel Strike"],"picked":"Metallicize","floor":1.0},{"not_picked":["Second Wind","Havoc"],"picked":"Pummel","floor":2.0},{"not_picked":["Body Slam","Shrug It Off"],"picked":"Metallicize","floor":3.0},{"not_picked":["Hemokinesis","Thunderclap","Clothesline"],"picked":"SKIP","floor":4.0},{"not_picked":["Seeing Red","Sword Boomerang"],"picked":"Iron Wave","floor":5.0},{"not_picked":["Wild Strike","Rage","Inflame"],"picked":"SKIP","floor":6.0},{"not_picked":["Twin Strike","Iron Wave"],"picked":"Ghostly Armor","floor":7.0},{"not_picked":["Thunderclap","Berserk"],"picked":"Armaments","floor":8.0},{"not_picked":["Carnage","Searing Blow"],"picked":"Battle Trance","floor":10.0},{"not_picked":["Spot Weakness","Dark Embrace"],"picked":"Metallicize","floor":14.0},{"not_picked":["Impervious","Exhume"],"picked":"Juggernaut","floor":16.0},{"not_picked":["Flex+1","Headbutt"],"picked":"Ghostly Armor+1","floor":18.0},{"not_picked":["Twin Strike","Fiend Fire"],"picked":"Disarm","floor":24.0},{"not_picked":["Hemokinesis","Sentinel"],"picked":"Shrug It Off","floor":25.0},{"not_picked":["Perfected Strike","Clash","Sword Boomerang"],"picked":"SKIP","floor":28.0},{"not_picked":["Rage","Armaments","Sever Soul+1"],"picked":"SKIP","floor":29.0},{"not_picked":["Wild Strike","Clash"],"picked":"Clothesline","floor":30.0},{"not_picked":["Twin Strike","Hemokinesis","Infernal Blade+1"],"picked":"SKIP","floor":31.0},{"not_picked":["Corruption","Brutality"],"picked":"Impervious","floor":33.0},{"not_picked":["Armaments+1","Sever Soul+1"],"picked":"True Grit+1","floor":35.0},{"not_picked":["Whirlwind","Blood for Blood"],"picked":"Power Through+1","floor":36.0},{"not_picked":["Dramatic Entrance","Mind Blast"],"picked":"Flash of Steel","floor":37.0},{"not_picked":["Secret Weapon","Trip"],"picked":"Bandage Up","floor":37.0},{"not_picked":["Sword Boomerang+1","Second Wind+1","Searing Blow"],"picked":"SKIP","floor":40.0},{"not_picked":["Anger+1","Searing Blow"],"picked":"Pommel Strike","floor":42.0},{"not_picked":["Pummel+1","Combust"],"picked":"Flame Barrier","floor":45.0},{"not_picked":["Heavy Blade+1","Perfected Strike"],"picked":"Exhume","floor":46.0},{"not_picked":["Battle Trance+1","Whirlwind+1"],"picked":"Dark Embrace","floor":47.0},{"not_picked":["Dropkick","Searing Blow+1"],"picked":"Demon Form","floor":54}],"player_experience":196698,"relics_obtained":[{"floor":6.0,"key":"Boot"},{"floor":9.0,"key":"Red Skull"},{"floor":10.0,"key":"Akabeko"},{"floor":14.0,"key":"War Paint"},{"floor":24.0,"key":"MealTicket"},{"floor":40.0,"key":"Matryoshka"},{"floor":42.0,"key":"Bronze Scales"},{"floor":43.0,"key":"Strawberry"},{"floor":43.0,"key":"Potion Belt"},{"floor":45.0,"key":"Omamori"},{"floor":54,"key":"Happy Flower"}],"event_choices":[{"cards_removed":["Strike_R"],"damage_healed":0.0,"max_hp_gain":0.0,"max_hp_loss":0.0,"gold_gain":0.0,"event_name":"Golden Wing","player_choice":"Card Removal","floor":11.0,"gold_loss":0.0,"damage_taken":7.0},{"damage_healed":0.0,"max_hp_gain":0.0,"max_hp_loss":0.0,"gold_gain":0.0,"cards_transformed":["Strike_R","Strike_R"],"event_name":"Drug Dealer","player_choice":"Became Test Subject","floor":19.0,"gold_loss":0.0,"damage_taken":0.0,"cards_obtained":["Pummel","Flex"]},{"cards_removed":["Strike_R"],"damage_healed":0.0,"max_hp_gain":0.0,"max_hp_loss":0.0,"gold_gain":0.0,"event_name":"Back to Basics","player_choice":"Elegance","floor":20.0,"gold_loss":0.0,"damage_taken":0.0},{"damage_healed":0.0,"max_hp_gain":0.0,"max_hp_loss":0.0,"gold_gain":0.0,"event_name":"FaceTrader","player_choice":"Trade","floor":22.0,"gold_loss":0.0,"damage_taken":0.0,"relics_obtained":["FaceOfCleric"]},{"damage_healed":0.0,"max_hp_gain":0.0,"max_hp_loss":0.0,"gold_gain":0.0,"event_name":"SensoryStone","player_choice":"Memory 3","floor":37.0,"gold_loss":0.0,"damage_taken":10.0},{"cards_removed":["Clothesline"],"damage_healed":0.0,"max_hp_gain":0.0,"max_hp_loss":0.0,"gold_gain":0.0,"event_name":"Falling","player_choice":"Removed Attack","floor":38.0,"gold_loss":0.0,"damage_taken":0.0}],"is_beta":false,"boss_relics":[{"not_picked":["SacredBark","Velvet Choker"],"picked":"Philosopher\u0027s Stone"},{"not_picked":["Empty Cage","Runic Dome"],"picked":"Sozu"}],"items_purged_floors":[],"is_endless":false,"potions_floor_spawned":[1,4,5,7,14,25,30,31,33,35,40,47,48,54],"killed_by":"The Heart","ascension_level":8}}