{"host":"x6165drukuu8ns9f","time":1612787603,"event":{"mods":["100% Spire Juice","2.2 Compatiblity","Act Like it!","Aspiration","BaseMod","CapriCore","Colored Map","Colored Powertips","Conspire","Dark Map","GifTheSpireLib","Hermit","HololiveMod","Hubris","Infinite Spire","Minty Spire (QoL Compilation)","Pale of the Ancients","Reliquary","Replay The Spire","Spicy Shops","Spire Birthday Party","StSLib","SuperFastMode","The Blue Laboratory","The Dragon Tamer","The Forsaken","TheFirefly","TheSurvivalist","??????REMEMod"],"gold_per_floor":[138,174,255,255,315,417,417,417,417,462,509,569,58,67,67,376,385,427,427,460,517,556,556,556,496,522,317,317,401,401,443,443,761,761,821,854,890,890,890],"floor_reached":38,"language":"ENG","playtime":1125,"items_purged":["Force Field+1"],"score":498,"play_id":"4dc73d62-9d3a-459d-bafb-329ba3ac08a3","local_time":"20210208133323","daily_mods":["Vintage","Blue Cards","Flight","Midas"],"is_ascension_mode":false,"campfire_choices":[{"floor":7,"key":"REST"},{"floor":8,"key":"REST"},{"floor":15,"key":"REST"},{"floor":23,"key":"REST"},{"floor":30,"key":"REST"},{"floor":32,"key":"REST"}],"circlet_count":0,"master_deck":["Caltrops+1","Strike_B","Strike_B","Strike_B","Strike_B","Defend_B","Defend_B","Defend_B","Defend_B","Zap","survmod:NeedleShot","aspiration:Polymerization","Ball Lightning","Thunder Strike","CurseOfTheBell","Redo+1","Ball Lightning","Ball Lightning","hubris:SpecializedCircuitry","Ball Lightning","Electrodynamics"],"relics":["Cracked Core","REME_ComplimentaryCards","reliquary:IridiumChain","Unceasing Top","CeramicFish","Tiny Chest","aspiration:FaultyCoupler","Art of War","Pet Ghost","conspire:TopHat","Replay:Towering Pillar of Hats","Membership Card","HandDrill","hubris:OldNail","infinitespire:Freezer","theForsaken:Lifeblossom","Calling Bell","reliquary:TatteredRug","aspiration:HummingbirdHeart","Shovel","reliquary:Knoch","infinitespire:FocusingShard","Blue Doll","infinitespire:ShieldingShard","infinitespire:BottledMercury","reliquary:WritOfMandamus","reliquary:Aerogel","Juzu Bracelet","Geode","Lee\u0027s Waffle","reliquary:NewFriend","conspire:Dentures","hubris:CrackedHourglass","aspiration:StickyExplosives_weak","hubris:BottledRain","reliquary:Conveyor"],"acts_visited":["Exordium","TheCity","TheBeyond"],"potions_floor_usage":[3,16,31,38],"damage_taken":[{"damage":1,"enemies":"2 Louse","floor":1,"turns":2},{"damage":1,"enemies":"Cultist","floor":2,"turns":4},{"damage":2,"enemies":"Small Slimes","floor":3,"turns":3},{"damage":10,"enemies":"Looter","floor":5,"turns":2},{"damage":49,"enemies":"3 Sentries","floor":6,"turns":4},{"damage":9,"enemies":"2 Fungi Beasts","floor":10,"turns":4},{"damage":0,"enemies":"Large Slime","floor":12,"turns":3},{"damage":23,"enemies":"Slime Boss","floor":16,"turns":8},{"damage":11,"enemies":"Shell Parasite","floor":18,"turns":3},{"damage":0,"enemies":"Spheric Guardian","floor":20,"turns":2},{"damage":20,"enemies":"Shelled Parasite and Fungi","floor":21,"turns":4},{"damage":33,"enemies":"3 Cultists","floor":22,"turns":5},{"damage":81,"enemies":"Slavers","floor":29,"turns":6},{"damage":0,"enemies":"Snake Plant","floor":31,"turns":3},{"damage":17,"enemies":"hubris:MusketHawk","floor":33,"turns":6},{"damage":3,"enemies":"3 Darklings","floor":35,"turns":3},{"damage":0,"enemies":"3 Shapes","floor":36,"turns":2},{"damage":0,"enemies":"Spire Growth","floor":37,"turns":3},{"damage":35,"enemies":"infinitespire:Three Voidlings","floor":38,"turns":4},{"damage":67,"enemies":"Nightmare_Alpha","floor":38,"turns":5}],"seed_played":"7561697705236411237","potions_obtained":[{"floor":2,"key":"REME_GoldPotion"},{"floor":3,"key":"blueLaboratory:LouseDecoction"},{"floor":5,"key":"blueLaboratory:BubblePotion"},{"floor":10,"key":"blueLaboratory:HorrorPotion"},{"floor":16,"key":"Dexterity Potion"},{"floor":20,"key":"ColorlessPotion"},{"floor":29,"key":"PotionOfCapacity"},{"floor":33,"key":"EntropicBrew"}],"is_trial":true,"path_per_floor":["M","M","M","?","M","E","R","R","T","M","T","M","$","?","R","B",null,"M","T","M","M","M","R","AVR","?","T","$","?","E","R","M","R","B",null,"M","M","M","?"],"character_chosen":"DEFECT","items_purchased":["Membership Card","HandDrill","hubris:OldNail","infinitespire:Freezer","aspiration:Polymerization","Ball Lightning","theForsaken:Lifeblossom","Geode","Lee\u0027s Waffle","Redo+1","Ball Lightning","hubris:SpecializedCircuitry"],"campfire_rested":6,"item_purchase_floors":[13,13,13,13,13,13,13,27,27,27,27,27],"current_hp_per_floor":[74,73,71,71,61,12,34,56,56,47,47,47,47,47,69,52,75,66,66,69,55,28,50,50,50,50,82,82,4,28,33,57,46,82,79,82,82,0,0],"gold":890,"neow_bonus":"","is_daily":false,"chose_seed":false,"campfire_upgraded":0,"win_rate":0.0,"timestamp":1612787603,"path_taken":["M","M","M","?","M","E","R","R","T","?","?","M","$","?","R","BOSS","M","?","M","M","M","R","AVR","?","T","$","?","E","R","M","R","BOSS","M","M","M","?"],"items_purchased_type":["Relic","Relic","Relic","Relic","Card","Card","Relic","Relic","Relic","Card","Card","Card"],"build_version":"2020-12-22","purchased_purges":1,"victory":false,"max_hp_per_floor":[75,75,75,75,75,75,75,75,75,75,75,75,75,75,75,75,75,75,75,75,75,75,75,75,75,75,82,82,82,82,82,82,82,82,82,82,82,82,82],"card_choices":[{"not_picked":["Hyperbeam","Force Field","Echo Form"],"picked":"SKIP","floor":6},{"not_picked":["Rainbow","Echo Form"],"picked":"Thunder Strike","floor":16},{"not_picked":["Go for the Eyes+1","Gash"],"picked":"Ball Lightning","floor":29},{"not_picked":["Creative AI","REME_ForAll"],"picked":"Electrodynamics","floor":33}],"player_experience":100513,"relics_obtained":[{"floor":1,"key":"reliquary:IridiumChain"},{"floor":2,"key":"Unceasing Top"},{"floor":3,"key":"CeramicFish"},{"floor":5,"key":"Tiny Chest"},{"floor":6,"key":"aspiration:FaultyCoupler"},{"floor":9,"key":"Art of War"},{"floor":10,"key":"Pet Ghost"},{"floor":11,"key":"conspire:TopHat"},{"floor":12,"key":"Replay:Towering Pillar of Hats"},{"floor":17,"key":"reliquary:TatteredRug"},{"floor":17,"key":"aspiration:HummingbirdHeart"},{"floor":17,"key":"Shovel"},{"floor":18,"key":"reliquary:Knoch"},{"floor":19,"key":"infinitespire:FocusingShard"},{"floor":20,"key":"Blue Doll"},{"floor":21,"key":"infinitespire:ShieldingShard"},{"floor":22,"key":"infinitespire:BottledMercury"},{"floor":26,"key":"Juzu Bracelet"},{"floor":29,"key":"reliquary:NewFriend"},{"floor":31,"key":"conspire:Dentures"},{"floor":35,"key":"aspiration:StickyExplosives_weak"},{"floor":36,"key":"hubris:BottledRain"},{"floor":37,"key":"reliquary:Conveyor"}],"event_choices":[{"damage_healed":0,"gold_gain":0,"player_choice":"Ignored","damage_taken":0,"max_hp_gain":0,"max_hp_loss":0,"event_name":"Purifier","floor":4,"gold_loss":0},{"damage_healed":0,"gold_gain":0,"player_choice":"Ignored","damage_taken":0,"max_hp_gain":0,"max_hp_loss":0,"event_name":"Vampires","floor":28,"gold_loss":0}],"is_beta":false,"boss_relics":[{"not_picked":["ReplayTheSpireMod:DimensionalGlitch","conspire:SpecialSausage"],"picked":"Calling Bell"},{"not_picked":["Kintsugi","aspiration:IroncladSkillbook"],"picked":"hubris:CrackedHourglass"}],"items_purged_floors":[27],"is_endless":false,"potions_floor_spawned":[2,3,5,10,16,20,21,29,33],"killed_by":"Nightmare_Alpha","ascension_level":0}}