{"host":"c5j8t0wyh2hvx9ju","time":1612781317,"event":{"mods":["Act Like it!","Astrologer","BaseMod","BetterRewards","Gensokyo","Minty Spire (QoL Compilation)","Prisma Mod","StSLib"],"gold_per_floor":[112,112,12,12,28,28,45,45,69,97,107,107,107,107,107,209,209,223,236,236,253,503,503,503,503],"floor_reached":24,"language":"JPN","playtime":2002,"items_purged":["Injury"],"score":268,"play_id":"2fb50c71-bfde-499a-93d9-7f4fb4dc5986","local_time":"20210208194837","is_ascension_mode":true,"campfire_choices":[{"data":"astrologer:FrozenStar","floor":6.0,"key":"SMITH"},{"data":"astrologer:Fireball","floor":12.0,"key":"SMITH"},{"data":"astrologer:FrozenStar","floor":15.0,"key":"SMITH"},{"floor":23,"key":"REST"}],"circlet_count":0,"master_deck":["astrologer:Strike","astrologer:Strike","astrologer:Strike","astrologer:Strike","astrologer:Defend","astrologer:Defend","astrologer:Defend","astrologer:Defend","astrologer:NorthStar","astrologer:TheFool","astrologer:FrozenStar+1","astrologer:FrozenStar+1","astrologer:StarOfMisfortune","astrologer:FadingStar","astrologer:ShootingStar","astrologer:Fireball+1","astrologer:ShiningStar+1","astrologer:RejectReality","CurseOfTheBell","astrologer:Moonlight+1","Gensokyo:LittleGreenMen","astrologer:SpaceDust+1"],"relics":["astrologer:SkyMirror","Boot","Happy Flower","MealTicket","PreservedInsect","Oddly Smooth Stone","Calling Bell","Dream Catcher","White Beast Statue","Bird Faced Urn"],"acts_visited":["Gensokyo:Gensokyo","Gensokyo:Gensokyoer"],"potions_floor_usage":[],"damage_taken":[{"damage":6.0,"enemies":"Gensokyo:Gryphon","floor":1.0,"turns":4.0},{"damage":0.0,"enemies":"Gensokyo:2_Kodama","floor":5.0,"turns":5.0},{"damage":1.0,"enemies":"Gensokyo:3_Fairies","floor":7.0,"turns":5.0},{"damage":23.0,"enemies":"Gensokyo:Cirno","floor":10.0,"turns":10.0},{"damage":0.0,"enemies":"Gensokyo:Gryphon_and_Rabbit","floor":11.0,"turns":5.0},{"damage":32.0,"enemies":"Gensokyo:Kokoro","floor":16.0,"turns":14.0},{"damage":0.0,"enemies":"Gensokyo:AngelMirror","floor":18.0,"turns":5.0},{"damage":17.0,"enemies":"Gensokyo:2_Gloops","floor":19.0,"turns":6.0},{"damage":35.0,"enemies":"Gensokyo:Wraith","floor":21.0,"turns":6.0},{"damage":23,"enemies":"Gensokyo:Chomper_and_Gloop","floor":24,"turns":5}],"seed_played":"-6574007572105477417","potions_obtained":[{"floor":1.0,"key":"SpeedPotion"},{"floor":7.0,"key":"Ancient Potion"},{"floor":16.0,"key":"ColorlessPotion"},{"floor":21.0,"key":"Dexterity Potion"}],"is_trial":false,"path_per_floor":["M","?","$","?","M","R","M","?","T","E","M","R","?","T","R","B",null,"M","M","?","M","?","R","M"],"character_chosen":"ASTROLOGER","items_purchased":["astrologer:StarOfRegret","astrologer:FrozenStar"],"campfire_rested":1,"item_purchase_floors":[0,3],"current_hp_per_floor":[57,57,57,57,57,57,56,56,56,33,33,33,33,33,33,1,53,53,36,36,1,1,19,0,0],"gold":503,"neow_bonus":"","is_daily":false,"chose_seed":false,"campfire_upgraded":3,"win_rate":0.0,"timestamp":1612781317,"path_taken":["M","?","$","?","M","R","M","?","T","E","M","R","?","?","R","BOSS","M","M","?","M","?","R","M"],"items_purchased_type":["Card","Card"],"build_version":"2020-12-22","purchased_purges":1,"victory":false,"max_hp_per_floor":[70,70,70,70,70,70,70,70,70,70,70,70,70,70,70,70,70,70,70,63,63,60,60,60,60],"card_choices":[{"not_picked":["astrologer:TheHermit","astrologer:StarOfChange"],"picked":"astrologer:FrozenStar","floor":1.0},{"not_picked":["astrologer:CometStrike","astrologer:MeteorShower"],"picked":"astrologer:StarOfMisfortune","floor":4.0},{"not_picked":["astrologer:Eclipse","astrologer:CometStrike"],"picked":"astrologer:FadingStar","floor":5.0},{"not_picked":["astrologer:Strength","astrologer:GlassStar"],"picked":"astrologer:ShootingStar","floor":7.0},{"not_picked":["astrologer:TheHighPriestess","astrologer:ReadTheStars","astrologer:Still"],"picked":"SKIP","floor":10.0},{"not_picked":["astrologer:Radiance","astrologer:CometStrike"],"picked":"astrologer:Fireball","floor":11.0},{"not_picked":["astrologer:Death","astrologer:BlackHole"],"picked":"astrologer:RejectReality","floor":16.0},{"not_picked":["astrologer:ShootingStar+1","astrologer:Prismatic"],"picked":"astrologer:Moonlight+1","floor":18.0},{"not_picked":["astrologer:Conjunction","astrologer:Opposition","astrologer:TheMoon"],"picked":"SKIP","floor":19.0},{"not_picked":["Gensokyo:TekeTeke","Gensokyo:MissMary"],"picked":"Gensokyo:LittleGreenMen","floor":20.0},{"not_picked":["astrologer:TheHangedMan+1","astrologer:Radiance","astrologer:SolarFlare+1"],"picked":"SKIP","floor":21.0},{"not_picked":["astrologer:StarOfMisfortune","astrologer:CometStrike"],"picked":"astrologer:SpaceDust+1","floor":23}],"player_experience":873327,"relics_obtained":[{"floor":9.0,"key":"MealTicket"},{"floor":10.0,"key":"PreservedInsect"},{"floor":14.0,"key":"Oddly Smooth Stone"},{"floor":17.0,"key":"Dream Catcher"},{"floor":17.0,"key":"White Beast Statue"},{"floor":17.0,"key":"Bird Faced Urn"}],"event_choices":[],"is_beta":false,"boss_relics":[{"not_picked":["Busted Crown","Tiny House"],"picked":"Calling Bell"}],"items_purged_floors":[3],"is_endless":false,"potions_floor_spawned":[1,7,16,18,19,21],"killed_by":"Gensokyo:Chomper_and_Gloop","ascension_level":8}}