{"host":"c6u7e77myxvw4d0m","time":1612825087,"event":{"mods":["AchievementEnabler","BaseMod","Bestiary","Colored Map","Colored Powertips","Minty Spire (QoL Compilation)","Rare Cards Sparkle","Relic Stats","everything is the same but u backflip on backflip"],"gold_per_floor":[114,124,137,10,10,10,36,54,130,130,130,140,174,187,187,259,259,276,276,296,296,312,323,34,34,34,53,70,70,85,99,99,99,99],"floor_reached":33,"language":"ENG","playtime":2037,"items_purged":[],"score":626,"play_id":"3166e97c-7de8-4dc9-8af7-b36d615c1ee1","local_time":"20210209005807","is_ascension_mode":true,"campfire_choices":[{"data":"Blade Dance","floor":6,"key":"SMITH"},{"floor":10,"key":"REST"},{"data":"Finisher","floor":15,"key":"SMITH"},{"data":"RitualDagger","floor":25,"key":"SMITH"},{"floor":32,"key":"REST"}],"circlet_count":0,"master_deck":["AscendersBane","Defend_G","Defend_G+1","Defend_G","Defend_G","Defend_G+1","Survivor","Neutralize","Blade Dance+1","Finisher+1","Cloak And Dagger","Terror","Dash","Slice","Slice","Accuracy","Acrobatics","Infinite Blades","After Image","Prepared","RitualDagger+1","Deflect","Bite","Bite","Bite","Bite","Bite","Blade Dance","Escape Plan","Accuracy","Flash of Steel","Calculated Gamble","Leg Sweep","Quick Slash+1","Dodge and Roll+1","Backstab","Malaise"],"relics":["Ring of the Snake","Anchor","Torii","Bronze Scales","Sozu","Lizard Tail"],"acts_visited":["Exordium","TheCity"],"potions_floor_usage":[13,33],"damage_taken":[{"damage":0,"enemies":"2 Louse","floor":1,"turns":4},{"damage":1,"enemies":"Small Slimes","floor":2,"turns":4},{"damage":0,"enemies":"Jaw Worm","floor":3,"turns":4},{"damage":9,"enemies":"Lagavulin","floor":7,"turns":6},{"damage":0,"enemies":"2 Fungi Beasts","floor":8,"turns":3},{"damage":0,"enemies":"Looter","floor":12,"turns":3},{"damage":0,"enemies":"Gremlin Nob","floor":13,"turns":3},{"damage":1,"enemies":"3 Louse","floor":14,"turns":3},{"damage":6,"enemies":"The Guardian","floor":16,"turns":10},{"damage":6,"enemies":"2 Thieves","floor":18,"turns":4},{"damage":0,"enemies":"Spheric Guardian","floor":20,"turns":2},{"damage":0,"enemies":"Centurion and Healer","floor":22,"turns":4},{"damage":19,"enemies":"3 Cultists","floor":23,"turns":5},{"damage":17,"enemies":"Sentry and Sphere","floor":27,"turns":7},{"damage":2,"enemies":"Centurion and Healer","floor":28,"turns":5},{"damage":34,"enemies":"3 Cultists","floor":30,"turns":5},{"damage":2,"enemies":"Snecko","floor":31,"turns":5},{"damage":45,"enemies":"Collector","floor":33,"turns":6}],"seed_played":"-2463140947445594223","potions_obtained":[{"floor":3,"key":"Strength Potion"},{"floor":13,"key":"Dexterity Potion"},{"floor":16,"key":"SmokeBomb"}],"is_trial":false,"path_per_floor":["M","M","M","$","?","R","E","M","T","R","?","M","E","M","R","B",null,"M","?","M","?","M","M","$","R","T","M","M","?","M","M","R","B"],"character_chosen":"THE_SILENT","items_purchased":["Terror","Dash","Accuracy","Flash of Steel","Calculated Gamble","Leg Sweep"],"campfire_rested":2,"item_purchase_floors":[4,4,24,24,24,24],"current_hp_per_floor":[59,58,58,58,38,38,29,29,29,48,53,53,53,52,52,46,65,59,53,53,49,49,38,38,38,38,27,29,17,14,18,34,0,0],"gold":99,"neow_bonus":"RANDOM_COMMON_RELIC","is_daily":false,"chose_seed":false,"campfire_upgraded":3,"win_rate":0.0,"timestamp":1612825087,"path_taken":["M","M","M","$","?","R","E","M","T","R","?","M","E","M","R","BOSS","M","?","M","?","M","M","$","R","T","M","M","?","?","M","R","BOSS"],"items_purchased_type":["Card","Card","Card","Card","Card","Card"],"build_version":"2020-12-22","purchased_purges":0,"victory":false,"max_hp_per_floor":[66,66,66,66,66,66,66,66,66,66,71,71,71,71,71,71,71,71,71,71,49,49,49,49,49,49,49,49,54,54,54,54,54,54],"relic_stats":{"Sozu":4,"Lizard Tail":27,"Torii":8,"counters":[18,83],"Bronze Scales":[117],"obtain_stats":[{"Sozu":17,"Anchor":0,"Lizard Tail":26,"Torii":7,"Bronze Scales":13,"Ring of the Snake":0},{"Sozu":9,"Anchor":0,"Lizard Tail":13,"Torii":4,"Bronze Scales":7,"Ring of the Snake":0},{"Sozu":40,"Anchor":0,"Lizard Tail":55,"Torii":18,"Bronze Scales":27,"Ring of the Snake":0}],"Ring of the Snake":[36]},"card_choices":[{"not_picked":["Calculated Gamble","Predator"],"picked":"Blade Dance","floor":1},{"not_picked":["Outmaneuver","Sucker Punch"],"picked":"Finisher","floor":2},{"not_picked":["Expertise","Prepared"],"picked":"Cloak And Dagger","floor":3},{"not_picked":["Flying Knee","Poisoned Stab"],"picked":"Slice","floor":7},{"not_picked":["Underhanded Strike","Terror"],"picked":"Slice","floor":8},{"not_picked":["Prepared","Heel Hook"],"picked":"Accuracy","floor":12},{"not_picked":["Heel Hook","Predator"],"picked":"Acrobatics","floor":13},{"not_picked":["Heel Hook","Skewer"],"picked":"Infinite Blades","floor":14},{"not_picked":["Tools of the Trade","Adrenaline"],"picked":"After Image","floor":16},{"not_picked":["Bane","Deadly Poison"],"picked":"Prepared","floor":18},{"not_picked":["Sucker Punch","Terror"],"picked":"Deflect","floor":20},{"not_picked":["Riddle With Holes","Caltrops"],"picked":"Blade Dance","floor":22},{"not_picked":["Terror","Bane"],"picked":"Escape Plan","floor":23},{"not_picked":["Dodge and Roll","Tactician"],"picked":"Quick Slash+1","floor":27},{"not_picked":["Dagger Spray","Dagger Throw"],"picked":"Dodge and Roll+1","floor":28},{"not_picked":["Quick Slash","Noxious Fumes"],"picked":"Backstab","floor":30},{"not_picked":["Leg Sweep","All Out Attack"],"picked":"Malaise","floor":31}],"player_experience":735249,"relics_obtained":[{"floor":7,"key":"Torii"},{"floor":13,"key":"Bronze Scales"},{"floor":26,"key":"Lizard Tail"}],"event_choices":[{"damage_healed":0,"gold_gain":0,"player_choice":"Entered Light","damage_taken":20,"max_hp_gain":0,"max_hp_loss":0,"event_name":"Shining Light","floor":5,"gold_loss":0,"cards_upgraded":["Defend_G","Defend_G"]},{"damage_healed":0,"gold_gain":0,"player_choice":"Donut","damage_taken":0,"max_hp_gain":5,"max_hp_loss":0,"event_name":"Big Fish","floor":11,"gold_loss":0},{"damage_healed":0,"gold_gain":0,"player_choice":"Joined the Cult","damage_taken":6,"max_hp_gain":0,"max_hp_loss":0,"event_name":"Nest","floor":19,"gold_loss":0,"cards_obtained":["RitualDagger"]},{"damage_healed":0,"gold_gain":0,"player_choice":"Became a vampire","damage_taken":0,"max_hp_gain":0,"max_hp_loss":22,"event_name":"Vampires","floor":21,"gold_loss":0,"cards_obtained":["Bite","Bite","Bite","Bite","Bite"]},{"damage_healed":0,"gold_gain":0,"player_choice":"Shed Blood","damage_taken":17,"max_hp_gain":5,"max_hp_loss":0,"event_name":"Forgotten Altar","floor":29,"gold_loss":0}],"is_beta":false,"boss_relics":[{"not_picked":["Philosopher\u0027s Stone","Fusion Hammer"],"picked":"Sozu"}],"items_purged_floors":[],"is_endless":false,"potions_floor_spawned":[3,13,16,20,23,28,31],"killed_by":"Collector","ascension_level":20}}