{"host":"4eao2pkwlmv012cz","time":1612773860,"event":{"mods":["BaseMod","Colored Powertips","Minty Spire (QoL Compilation)","Permanent Neow","Quick Restart","Random Character Button","StSLib"],"gold_per_floor":[113,188,113,123,273,273,306,306,306,306,306,231,231,241,241,313,313,323,343,47,47,60,60,60,60,60],"floor_reached":25,"language":"ENG","playtime":573,"items_purged":["Strike_B"],"score":394,"play_id":"359d2da9-1e8b-4769-9be4-b387abad3eb7","local_time":"20210208034420","is_ascension_mode":true,"campfire_choices":[{"data":"Loop","floor":6,"key":"SMITH"},{"floor":8,"key":"REST"},{"floor":10,"key":"REST"},{"data":"Zap","floor":13,"key":"SMITH"},{"data":"Gash","floor":15,"key":"SMITH"},{"floor":23,"key":"REST"}],"circlet_count":0,"master_deck":["AscendersBane","Strike_B","Strike_B","Strike_B","Defend_B","Defend_B","Defend_B","Defend_B","Zap+1","Dualcast","Reboot","Ball Lightning","Loop+1","Darkness+1","Gash+1","All For One","CurseOfTheBell","Echo Form","Doom and Gloom+1","Go for the Eyes","Defragment","Shame","Compile Driver+1","Writhe"],"relics":["Cracked Core","WingedGreaves","Mercury Hourglass","Calling Bell","Bronze Scales","InkBottle","Ginger","Lantern","Dead Branch","Centennial Puzzle"],"acts_visited":["Exordium","TheCity"],"potions_floor_usage":[16,19,22,25],"damage_taken":[{"damage":4,"enemies":"2 Louse","floor":1,"turns":3},{"damage":0,"enemies":"Small Slimes","floor":4,"turns":2},{"damage":25,"enemies":"Lagavulin","floor":7,"turns":6},{"damage":0,"enemies":"Cultist","floor":14,"turns":2},{"damage":29,"enemies":"Slime Boss","floor":16,"turns":8},{"damage":7,"enemies":"Chosen","floor":18,"turns":3},{"damage":11,"enemies":"Spheric Guardian","floor":19,"turns":3},{"damage":26,"enemies":"Cultist and Chosen","floor":22,"turns":4},{"damage":38,"enemies":"Book of Stabbing","floor":25,"turns":3}],"seed_played":"-9114590069753930079","potions_obtained":[{"floor":7,"key":"Fire Potion"},{"floor":16,"key":"AttackPotion"},{"floor":19,"key":"SkillPotion"},{"floor":22,"key":"SteroidPotion"}],"is_trial":false,"path_per_floor":["M","?","$","M","?","R","E","R","T","R","?","?","R","M","R","B",null,"M","M","$","?","M","R","?","E"],"character_chosen":"DEFECT","items_purchased":["Lantern","Go for the Eyes","Defragment"],"campfire_rested":3,"item_purchase_floors":[20,20,20],"current_hp_per_floor":[42,31,31,31,31,31,6,27,27,48,48,48,48,48,48,19,58,51,40,40,40,14,35,35,0,0],"gold":60,"neow_bonus":"THREE_RARE_CARDS","is_daily":false,"chose_seed":false,"campfire_upgraded":3,"win_rate":0.0,"timestamp":1612773860,"path_taken":["M","?","$","M","?","R","E","R","T","R","?","?","R","M","R","BOSS","M","M","$","?","M","R","?","E"],"items_purchased_type":["Relic","Card","Card"],"build_version":"2020-12-22","purchased_purges":1,"victory":false,"max_hp_per_floor":[71,71,71,71,71,71,71,71,71,71,71,71,71,71,71,71,71,71,71,71,71,71,71,71,71,71],"card_choices":[{"not_picked":["Machine Learning","Buffer"],"picked":"Reboot","floor":0},{"not_picked":["White Noise","Hologram"],"picked":"Ball Lightning","floor":1},{"not_picked":["Blizzard","Go for the Eyes"],"picked":"Loop","floor":4},{"not_picked":["Hologram","Skim"],"picked":"Darkness","floor":7},{"not_picked":["Static Discharge","Loop"],"picked":"Gash","floor":14},{"not_picked":["Machine Learning","Fission"],"picked":"All For One","floor":16},{"not_picked":["Rebound","Streamline"],"picked":"Echo Form","floor":18},{"not_picked":["Ball Lightning","Self Repair"],"picked":"Doom and Gloom+1","floor":19},{"not_picked":["Rebound+1","Conserve Battery+1"],"picked":"Compile Driver+1","floor":22}],"player_experience":2907635,"relics_obtained":[{"floor":7,"key":"WingedGreaves"},{"floor":9,"key":"Mercury Hourglass"},{"floor":17,"key":"Bronze Scales"},{"floor":17,"key":"InkBottle"},{"floor":17,"key":"Ginger"}],"event_choices":[{"damage_healed":0,"gold_gain":75,"player_choice":"Gather Gold","damage_taken":11,"max_hp_gain":0,"max_hp_loss":0,"event_name":"World of Goop","floor":2,"gold_loss":0},{"damage_healed":0,"gold_gain":150,"player_choice":"AGREE","damage_taken":0,"max_hp_gain":0,"max_hp_loss":0,"event_name":"Liars Game","floor":5,"gold_loss":0,"cards_obtained":["Doubt"]},{"damage_healed":0,"gold_gain":0,"player_choice":"Grow","damage_taken":0,"max_hp_gain":0,"max_hp_loss":0,"event_name":"Living Wall","floor":11,"gold_loss":0,"cards_upgraded":["Darkness"]},{"cards_removed":["Doubt"],"damage_healed":0,"gold_gain":0,"player_choice":"Card Removal","damage_taken":0,"max_hp_gain":0,"max_hp_loss":0,"event_name":"The Cleric","floor":12,"gold_loss":75},{"damage_healed":0,"gold_gain":0,"player_choice":"Stole Relic","damage_taken":0,"relics_obtained":["Dead Branch"],"max_hp_gain":0,"max_hp_loss":0,"event_name":"Addict","floor":21,"gold_loss":0,"cards_obtained":["Shame"]},{"damage_healed":0,"gold_gain":0,"player_choice":"Opened","damage_taken":0,"relics_obtained":["Centennial Puzzle"],"max_hp_gain":0,"max_hp_loss":0,"event_name":"The Mausoleum","floor":24,"gold_loss":0,"cards_obtained":["Writhe"]}],"is_beta":false,"boss_relics":[{"not_picked":["Philosopher\u0027s Stone","Snecko Eye"],"picked":"Calling Bell"}],"items_purged_floors":[3],"is_endless":false,"potions_floor_spawned":[7,16,19,22],"killed_by":"Book of Stabbing","ascension_level":20}}