{"host":"6h0diz2ap0m56grs","time":1612770029,"event":{"mods":["2.2 Compatiblity","BaseMod","Colored Map","Marisa????????","Minty Spire (QoL Compilation)","Quick Restart","Replay The Spire","Shop Mod","StSLib","The Servant 0.9.4"],"gold_per_floor":[111,131,131,131,61,90,116,116,116],"floor_reached":8,"language":"ENG","playtime":261,"items_purged":[],"score":93,"play_id":"cf928461-24d1-42e0-a3f2-d5654e3816c0","local_time":"20210208014029","daily_mods":["SealedDeck","Heirloom","Time Dilation","Flight"],"is_ascension_mode":true,"campfire_choices":[],"circlet_count":0,"master_deck":["Read","Gouge","Defy","Gouge","Desolation","SurpressingFire","Barrier+1","Ricochet","SilverBlades","SilverBlades","FlawlessForm"],"relics":["Uniform","replay:Trail_Library","Torii","Replay:PocketPolymizer","Omamori"],"acts_visited":["Exordium"],"potions_floor_usage":[],"damage_taken":[{"damage":1,"enemies":"Jaw Worm","floor":1,"turns":3},{"damage":0,"enemies":"2 Louse","floor":2,"turns":1},{"damage":0,"enemies":"3 Sentries","floor":6,"turns":8},{"damage":2,"enemies":"Gremlin Nob","floor":7,"turns":6},{"damage":0,"enemies":"Lagavulin","floor":8,"turns":7}],"seed_played":"-4547487669178558436","potions_obtained":[{"floor":6,"key":"LiquidMemories"},{"floor":7,"key":"SteroidPotion"}],"is_trial":true,"path_per_floor":["M","M","?","?","$","E","E","E"],"character_chosen":"THE_SERVANT","items_purchased":["SilverBlades"],"campfire_rested":0,"item_purchase_floors":[5],"current_hp_per_floor":[64,64,64,65,65,65,63,63,63],"gold":116,"neow_bonus":"","is_daily":false,"chose_seed":false,"campfire_upgraded":0,"win_rate":0.0,"timestamp":1612770029,"path_taken":["M","M","?","?","$","E","E","E"],"items_purchased_type":["Card"],"build_version":"2020-12-22","purchased_purges":0,"victory":false,"max_hp_per_floor":[65,65,65,65,65,65,65,65,65],"card_choices":[{"not_picked":["Potential","Defy","Spin"],"picked":"SKIP","floor":1},{"not_picked":["Replace","Defy","Rewind"],"picked":"SKIP","floor":2},{"not_picked":["Unruled","FloweringNight","Moondial"],"picked":"SKIP","floor":6},{"not_picked":["Rearm","Luminosity"],"picked":"FlawlessForm","floor":7}],"player_experience":242381,"relics_obtained":[{"floor":6,"key":"Replay:PocketPolymizer"},{"floor":7,"key":"Omamori"}],"event_choices":[{"cards_removed":["Moondial"],"damage_healed":1,"gold_gain":0,"player_choice":"Offered Uncommon","damage_taken":0,"max_hp_gain":0,"max_hp_loss":0,"event_name":"Bonfire Elementals","floor":4,"gold_loss":0}],"is_beta":false,"boss_relics":[],"items_purged_floors":[],"is_endless":false,"potions_floor_spawned":[6,7],"killed_by":"Lagavulin","ascension_level":1}}