{"host":"j0jjxssq479ixm8e","time":1612796993,"event":{"mods":["BaseMod","Better Note","Block Reminder","Minty Spire (QoL Compilation)","Rare Cards Sparkle","Relic Filter Mod","Reliquary","Replay The Spire","StSLib"],"gold_per_floor":[110,110,110,121,131,131,131,151,177,192,212,223,243,262,262,361,361,374,374,374,70,86,104,121,121,121,136,150,150,175,175,175,273,273,289,307,307,307,324,324,355,355,355,355,23,40,52,70,70,70,70],"floor_reached":50,"language":"ENG","playtime":3315,"items_purged":[],"score":542,"play_id":"d71fb9a4-3385-41fb-a2df-251cfdefe193","local_time":"20210208100953","is_ascension_mode":false,"campfire_choices":[{"floor":6.0,"key":"REST"},{"data":"Defragment","floor":15.0,"key":"SMITH"},{"data":"Buffer","floor":25.0,"key":"SMITH"},{"data":"Ball Lightning","floor":29.0,"key":"SMITH"},{"data":"Ball Lightning","floor":29.0,"key":"SMITH"},{"floor":32.0,"key":"REST"},{"data":"Biased Cognition","floor":40,"key":"SMITH"},{"data":"Rip and Tear","floor":40,"key":"SMITH"},{"floor":42,"key":"REST"}],"circlet_count":0,"master_deck":["Strike_B","Strike_B","Strike_B","Strike_B","Defend_B","Defend_B","Defend_B+1","Defend_B","Zap+1","BootSequence","Ball Lightning","Ball Lightning+1","Barrage","Ball Lightning","Go for the Eyes","Melter","Stack","Buffer+1","Ball Lightning+1","Barrage","Apotheosis+1","Beam Cell","Rebound","Leap","Ball Lightning+1","Go for the Eyes+1","Rip and Tear+1","Biased Cognition+1","CurseOfTheBell","Redo","Hologram","FTL+1","Streamline","Dark Shackles","ReplayTheSpireMod:Calculation Training+1","Stack"],"relics":["Cracked Core","Oddly Smooth Stone","Replay:Rubber Ducky","Busted Crown","Replay:Bottled Flurry","Replay:Arrowhead","Replay:Baseball","Lantern","Calling Bell","Geode","Mummified Hand","reliquary:Conveyor","Orichalcum","Mercury Hourglass","ReplayTheSpireMod:Ring of Addiction","SacredBark","Potion Belt","Ring of Peace","Shuriken"],"acts_visited":["Exordium","TheCity","TheBeyond"],"potions_floor_usage":[39,41,41,46,46,50,50,50,50],"damage_taken":[{"damage":7.0,"enemies":"2 Louse","floor":1.0,"turns":2.0},{"damage":0.0,"enemies":"Jaw Worm","floor":4.0,"turns":4.0},{"damage":6.0,"enemies":"Cultist","floor":5.0,"turns":4.0},{"damage":0.0,"enemies":"Lots of Slimes","floor":8.0,"turns":3.0},{"damage":6.0,"enemies":"Exordium Wildlife","floor":10.0,"turns":4.0},{"damage":1.0,"enemies":"Large Slime","floor":11.0,"turns":4.0},{"damage":1.0,"enemies":"Looter","floor":12.0,"turns":3.0},{"damage":2.0,"enemies":"Red Slaver","floor":13.0,"turns":2.0},{"damage":6.0,"enemies":"Gremlin Gang","floor":14.0,"turns":3.0},{"damage":27.0,"enemies":"Hexaghost","floor":16.0,"turns":7.0},{"damage":0.0,"enemies":"Spheric Guardian","floor":18.0,"turns":3.0},{"damage":1.0,"enemies":"Shell Parasite","floor":22.0,"turns":3.0},{"damage":0.0,"enemies":"Centurion and Healer","floor":23.0,"turns":5.0},{"damage":10.0,"enemies":"Cultist and Chosen","floor":24.0,"turns":5.0},{"damage":0.0,"enemies":"Sentry and Sphere","floor":27.0,"turns":2.0},{"damage":1.0,"enemies":"Shelled Parasite and Fungi","floor":28.0,"turns":3.0},{"damage":29.0,"enemies":"Gremlin Leader","floor":30.0,"turns":7.0},{"damage":49.0,"enemies":"Automaton","floor":33.0,"turns":9.0},{"damage":1,"enemies":"3 Shapes","floor":35,"turns":5},{"damage":13,"enemies":"Orb Walker","floor":36,"turns":3},{"damage":0,"enemies":"Jaw Worm Horde","floor":39,"turns":4},{"damage":32,"enemies":"Nemesis","floor":41,"turns":7},{"damage":0,"enemies":"Writhing Mass","floor":46,"turns":4},{"damage":4,"enemies":"3 Darklings","floor":47,"turns":4},{"damage":0,"enemies":"Maw","floor":48,"turns":6},{"damage":50,"enemies":"Awakened One","floor":50,"turns":10}],"seed_played":"-6950221484694447569","potions_obtained":[{"floor":1.0,"key":"Weak Potion"},{"floor":5.0,"key":"SteroidPotion"},{"floor":13.0,"key":"AttackPotion"},{"floor":14.0,"key":"LiquidBronze"},{"floor":16.0,"key":"SteroidPotion"},{"floor":22.0,"key":"LifebloodPotion"},{"floor":23.0,"key":"SkillPotion"},{"floor":24.0,"key":"SkillPotion"},{"floor":27.0,"key":"Venom Potion"},{"floor":33.0,"key":"DuplicationPotion"},{"floor":36,"key":"PowerPotion"},{"floor":39,"key":"SteroidPotion"},{"floor":44,"key":"SneckoOil"},{"floor":44,"key":"SkillPotion"},{"floor":44,"key":"Languid Potion"},{"floor":47,"key":"Weak Potion"},{"floor":49,"key":"Flashbang"},{"floor":49,"key":"SneckoOil"}],"is_trial":false,"path_per_floor":["M","?","?","M","M","R","?","M","T","M","M","M","M","M","R","B",null,"M","?","?","$","M","M","M","R","T","M","M","R","E","T","R","B",null,"M","M","?","?","M","R","E","R","T","?","$","M","M","M","R","B"],"character_chosen":"DEFECT","items_purchased":["Replay:Bottled Flurry","Beam Cell","Shuriken","Dark Shackles"],"campfire_rested":3,"item_purchase_floors":[21,21,45,45],"current_hp_per_floor":[68,68,53,53,47,69,69,69,69,63,62,61,59,53,53,26,75,75,75,75,75,74,74,64,64,64,64,63,63,34,34,56,7,75,74,61,61,61,61,61,29,51,51,51,51,51,47,47,47,0,0],"gold":70,"neow_bonus":"UPGRADE_CARD","is_daily":false,"chose_seed":false,"campfire_upgraded":6,"win_rate":0.0,"timestamp":1612796993,"path_taken":["M","?","?","M","M","R","?","M","T","M","M","?","?","M","R","BOSS","M","?","?","$","M","M","M","R","T","?","M","R","E","?","R","BOSS","M","M","?","?","M","R","E","R","T","?","$","M","M","M","R","BOSS"],"items_purchased_type":["Relic","Card","Relic","Card"],"build_version":"2020-12-22","purchased_purges":0,"victory":false,"max_hp_per_floor":[75,75,75,75,75,75,75,75,75,75,75,75,75,75,75,75,75,75,75,75,75,75,75,75,75,75,75,75,75,75,75,75,75,75,75,75,75,75,75,75,75,75,75,75,75,75,75,75,75,73,73],"card_choices":[{"not_picked":["ReplayGash","Undo"],"picked":"BootSequence","floor":1.0},{"not_picked":["Turbo","Blizzard"],"picked":"Ball Lightning","floor":4.0},{"not_picked":["Gash","Conserve Battery"],"picked":"Ball Lightning","floor":5.0},{"not_picked":["Cold Snap","Panic Button"],"picked":"Barrage","floor":8.0},{"not_picked":["Reinforced Body","BasicCrystalCard"],"picked":"Ball Lightning","floor":10.0},{"not_picked":["Coolheaded","Rebound"],"picked":"Defragment","floor":11.0},{"not_picked":["Steam","Stack"],"picked":"Go for the Eyes","floor":12.0},{"not_picked":["Ball Lightning","ReplayTheSpireMod:System Scan"],"picked":"Melter","floor":13.0},{"not_picked":["FIFO Queue","Steam"],"picked":"Stack","floor":14.0},{"not_picked":["ReplayTheSpireMod:Omega Cannon","Meteor Strike"],"picked":"Buffer","floor":16.0},{"not_picked":[],"picked":"Ball Lightning+1","floor":18.0},{"not_picked":[],"picked":"Rebound","floor":22.0},{"not_picked":[],"picked":"Leap","floor":23.0},{"not_picked":["ReplayTheSpireMod:Reroute Power"],"picked":"SKIP","floor":24.0},{"not_picked":[],"picked":"Ball Lightning","floor":27.0},{"not_picked":[],"picked":"Go for the Eyes+1","floor":28.0},{"not_picked":[],"picked":"Rip and Tear","floor":30.0},{"not_picked":[],"picked":"Biased Cognition","floor":33.0},{"not_picked":[],"picked":"Redo","floor":35},{"not_picked":[],"picked":"Hologram","floor":36},{"not_picked":[],"picked":"FTL+1","floor":39},{"not_picked":[],"picked":"Streamline","floor":41},{"not_picked":["Cold Snap"],"picked":"SKIP","floor":46},{"not_picked":[],"picked":"ReplayTheSpireMod:Calculation Training+1","floor":47},{"not_picked":[],"picked":"Stack","floor":48}],"player_experience":248386,"relics_obtained":[{"floor":9.0,"key":"Replay:Rubber Ducky"},{"floor":26.0,"key":"Replay:Arrowhead"},{"floor":30.0,"key":"Replay:Baseball"},{"floor":31.0,"key":"Lantern"},{"floor":34,"key":"Geode"},{"floor":34,"key":"Mummified Hand"},{"floor":34,"key":"reliquary:Conveyor"},{"floor":41,"key":"Orichalcum"},{"floor":43,"key":"Mercury Hourglass"},{"floor":44,"key":"ReplayTheSpireMod:Ring of Addiction"},{"floor":44,"key":"SacredBark"},{"floor":44,"key":"Potion Belt"},{"floor":44,"key":"Ring of Peace"}],"event_choices":[{"damage_healed":0.0,"max_hp_gain":0.0,"max_hp_loss":0.0,"gold_gain":0.0,"cards_transformed":["Dualcast"],"event_name":"Living Wall","player_choice":"Change","floor":2.0,"gold_loss":0.0,"damage_taken":0.0,"cards_obtained":["Double Energy"]},{"damage_healed":0.0,"max_hp_gain":0.0,"max_hp_loss":0.0,"gold_gain":0.0,"event_name":"Shining Light","player_choice":"Entered Light","floor":3.0,"gold_loss":0.0,"damage_taken":15.0,"cards_upgraded":["Double Energy","Defend_B"]},{"damage_healed":0.0,"max_hp_gain":0.0,"max_hp_loss":0.0,"gold_gain":0.0,"event_name":"WeMeetAgain","player_choice":"Gave Potion","floor":7.0,"gold_loss":0.0,"damage_taken":0.0,"relics_obtained":["Oddly Smooth Stone"]},{"damage_healed":0.0,"max_hp_gain":0.0,"max_hp_loss":0.0,"gold_gain":0.0,"cards_transformed":["Double Energy"],"event_name":"Transmorgrifier","player_choice":"Transformed","floor":19.0,"gold_loss":0.0,"damage_taken":0.0,"cards_obtained":["Barrage"]},{"cards_removed":["Defragment"],"damage_healed":0.0,"max_hp_gain":0.0,"max_hp_loss":0.0,"gold_gain":0.0,"event_name":"betterNote:BetterNote","player_choice":"Take \u0026 Give","floor":20.0,"gold_loss":0.0,"damage_taken":0.0,"cards_obtained":["Apotheosis"]},{"cards_removed":["Defragment"],"damage_healed":0,"gold_gain":0,"player_choice":"Removed Power","damage_taken":0,"max_hp_gain":0,"max_hp_loss":0,"event_name":"Falling","floor":37,"gold_loss":0},{"damage_healed":0,"gold_gain":0,"player_choice":"Ignored","damage_taken":0,"max_hp_gain":0,"max_hp_loss":0,"event_name":"Tomb of Lord Red Mask","floor":38,"gold_loss":0}],"is_beta":false,"boss_relics":[{"not_picked":["Replay:Drink Me","Runic Pyramid"],"picked":"Busted Crown"},{"not_picked":["Replay:Ancient Bell","reliquary:RedCape"],"picked":"Calling Bell"}],"items_purged_floors":[],"is_endless":false,"potions_floor_spawned":[1,5,13,14,16,22,23,24,27,33,36,39,47],"killed_by":"Awakened One","ascension_level":0}}