{"host":"2dp3t1i5s6bd92af","time":1612821025,"event":{"mods":["BaseMod","Colored Powertips","Hermit","Jorbs\u0027s Wanderer Trilogy","Minty Spire (QoL Compilation)","Reliquary","StSLib"],"gold_per_floor":[115,40,40,40,87,87,118,118,118,133,151,151,182,200,200,299,299,316,338,363,263,283,283,290,290],"floor_reached":24,"language":"ZHS","playtime":915,"items_purged":["hermit:Strike_Hermit","hermit:Defend_Hermit"],"score":231,"play_id":"40582395-9a68-4f8c-a5f3-4d71b5db9e93","local_time":"20210209055025","is_ascension_mode":false,"campfire_choices":[{"data":"hermit:Brawl","floor":6,"key":"SMITH"},{"data":"hermit:Strike_Hermit","floor":8,"key":"SMITH"},{"data":"hermit:Roulette","floor":12,"key":"SMITH"},{"data":"hermit:Scavenge","floor":15,"key":"SMITH"},{"data":"hermit:Adapt","floor":23,"key":"SMITH"}],"circlet_count":0,"master_deck":["hermit:Strike_Hermit","hermit:Strike_Hermit","hermit:Strike_Hermit+1","hermit:Defend_Hermit+1","hermit:Defend_Hermit","hermit:Defend_Hermit","hermit:Snapshot","hermit:Covet+1","hermit:Brawl+1","hermit:Determination","hermit:Ricochet","hermit:Roulette+1","hermit:Scavenge+1","hermit:Adapt+1","hermit:Vantage","hermit:PistolWhip"],"relics":["hermit:Momento","NeowsBlessing","War Paint","Centennial Puzzle","Kunai","Toy Ornithopter","Black Star"],"acts_visited":["Exordium","TheCity"],"potions_floor_usage":[16,16],"damage_taken":[{"damage":0,"enemies":"2 Louse","floor":1,"turns":1},{"damage":0,"enemies":"3 Sentries","floor":7,"turns":1},{"damage":0,"enemies":"Jaw Worm","floor":10,"turns":1},{"damage":0,"enemies":"Cultist","floor":11,"turns":3},{"damage":14,"enemies":"Gremlin Nob","floor":13,"turns":3},{"damage":5,"enemies":"Looter","floor":14,"turns":3},{"damage":16,"enemies":"Slime Boss","floor":16,"turns":7},{"damage":13,"enemies":"3 Byrds","floor":18,"turns":7},{"damage":5,"enemies":"Shell Parasite","floor":19,"turns":5},{"damage":1,"enemies":"Snecko","floor":20,"turns":5},{"damage":4,"enemies":"Centurion and Healer","floor":22,"turns":6},{"damage":52,"enemies":"Gremlin Leader","floor":24,"turns":4}],"seed_played":"5944627822485201605","potions_obtained":[{"floor":1,"key":"Dexterity Potion"},{"floor":11,"key":"EssenceOfSteel"},{"floor":13,"key":"LiquidBronze"},{"floor":18,"key":"ColorlessPotion"},{"floor":20,"key":"SteroidPotion"}],"is_trial":false,"path_per_floor":["M","$","?","?","T","R","E","R","T","M","M","R","E","M","R","B",null,"M","M","M","$","M","R","E"],"character_chosen":"HERMIT","items_purchased":[],"campfire_rested":0,"item_purchase_floors":[],"current_hp_per_floor":[75,75,75,63,63,63,63,63,63,63,63,63,49,44,44,38,75,62,57,56,56,52,52,0,0],"gold":290,"neow_bonus":"THREE_ENEMY_KILL","is_daily":false,"chose_seed":false,"campfire_upgraded":5,"win_rate":0.0,"timestamp":1612821025,"path_taken":["M","$","?","?","?","R","E","R","T","?","M","R","E","M","R","BOSS","M","M","M","$","M","R","E"],"items_purchased_type":[],"build_version":"2020-12-22","purchased_purges":2,"victory":false,"max_hp_per_floor":[75,75,75,75,75,75,75,75,75,75,75,75,75,75,75,75,75,75,75,75,75,75,75,75,75],"card_choices":[{"not_picked":["hermit:TakeAim","hermit:Combo"],"picked":"hermit:Brawl","floor":1},{"not_picked":["hermit:BigShot","hermit:HoleUp"],"picked":"hermit:Determination","floor":7},{"not_picked":["hermit:BodyArmor","hermit:EyeOfTheStorm"],"picked":"hermit:Ricochet","floor":10},{"not_picked":["hermit:CalledShot","hermit:LuckOfTheDraw"],"picked":"hermit:Roulette","floor":11},{"not_picked":["hermit:Horror","hermit:Shortfuse"],"picked":"hermit:Scavenge","floor":13},{"not_picked":["hermit:Desperado","hermit:WideOpen","hermit:NoHoldsBarred"],"picked":"SKIP","floor":14},{"not_picked":["hermit:FatalDesire","hermit:RoundhouseKick"],"picked":"hermit:Adapt","floor":16},{"not_picked":["hermit:LowProfile","hermit:Quickdraw"],"picked":"hermit:Vantage","floor":18},{"not_picked":["hermit:Quickdraw","hermit:SprayPray","hermit:Midnight+1"],"picked":"SKIP","floor":19},{"not_picked":["hermit:Snipe","hermit:DeadMansHand","hermit:Roulette"],"picked":"SKIP","floor":20},{"not_picked":["hermit:HoleUp","hermit:LuckOfTheDraw+1"],"picked":"hermit:PistolWhip","floor":22}],"player_experience":437805,"relics_obtained":[{"floor":5,"key":"Centennial Puzzle"},{"floor":7,"key":"Kunai"},{"floor":13,"key":"Toy Ornithopter"}],"event_choices":[{"damage_healed":0,"gold_gain":0,"player_choice":"Leave","damage_taken":0,"max_hp_gain":0,"max_hp_loss":0,"event_name":"The Cleric","floor":3,"gold_loss":0},{"damage_healed":0,"gold_gain":0,"player_choice":"Success","damage_taken":12,"relics_obtained":["War Paint"],"max_hp_gain":0,"max_hp_loss":0,"event_name":"Scrap Ooze","floor":4,"gold_loss":0}],"is_beta":false,"boss_relics":[{"not_picked":["Pandora\u0027s Box","reliquary:Craggleroot"],"picked":"Black Star"}],"items_purged_floors":[2,21],"is_endless":false,"potions_floor_spawned":[1,11,13,14,18,20],"killed_by":"Gremlin Leader","ascension_level":0}}