{"host":"o9lehcdjc4u6j9un","time":1612778248,"event":{"mods":["BaseMod","Colored Map","Downfall","Gremlin Mod","Hermit","Marisa£®ÏF”Í°°ƒß¿Ì…≥£©","Minty Spire (QoL Compilation)","Reimu£®≤©¿ˆ¡È√Œ£©","Remilia£®¿Ÿ√◊¿Ú—«£©","StSLib","The Alterego","The Runesmith","The Senshi","Youmu£®ªÍ∆«—˝√Œ£©"],"gold_per_floor":[120,138,158,176,136,170,170,188,234,264,285,285,296,296,296,397,447,458,476,487,497,497,497],"floor_reached":22,"language":"ZHS","playtime":4344,"items_purged":[],"score":225,"play_id":"4d207f84-1ccd-4ce4-8482-3dd8ec97a907","local_time":"20210208175728","is_ascension_mode":false,"campfire_choices":[{"floor":7,"key":"REST"},{"floor":12,"key":"REST"},{"floor":15,"key":"REST"}],"circlet_count":0,"master_deck":["alterego_mod:Strike","alterego_mod:Strike","alterego_mod:Strike","alterego_mod:Defend","alterego_mod:Defend","alterego_mod:Defend","alterego_mod:Defend","alterego_mod:Impale+1","alterego_mod:BigMeatyClaws","alterego_mod:BrynhildrsRune","alterego_mod:TrashNCrash","alterego_mod:Valentines+1","alterego_mod:DeftHands","alterego_mod:1TonWallop","alterego_mod:Complex","alterego_mod:Cushion","alterego_mod:Bunnysuit+1","alterego_mod:SakuraLabyrinth","alterego_mod:Rip","alterego_mod:ChallengeComplete","alterego_mod:Rake","alterego_mod:MaintainEyeContact","alterego_mod:MagicResistance","alterego_mod:Maid","alterego_mod:SakuraFive","alterego_mod:Jiggle+1"],"relics":["alterego_mod:MasochisticConstitution","PaintedHorse:ReiMu","Pear","Bronze Scales","Bottled Lightning","Odd Mushroom","Tiny House"],"acts_visited":["Exordium","TheCity"],"potions_floor_usage":[6,6,6,10,16,18,18,21],"damage_taken":[{"damage":4,"enemies":"Small Slimes","floor":1,"turns":4},{"damage":3,"enemies":"2 Louse","floor":2,"turns":4},{"damage":5,"enemies":"Cultist","floor":3,"turns":4},{"damage":10,"enemies":"Exordium Wildlife","floor":4,"turns":3},{"damage":38,"enemies":"Lagavulin","floor":6,"turns":8},{"damage":7,"enemies":"Lots of Slimes","floor":8,"turns":2},{"damage":26,"enemies":"3 Sentries","floor":10,"turns":6},{"damage":17,"enemies":"The Mushroom Lair","floor":11,"turns":3},{"damage":2,"enemies":"Looter","floor":13,"turns":3},{"damage":31,"enemies":"Hexaghost","floor":16,"turns":13},{"damage":5,"enemies":"2 Thieves","floor":18,"turns":5},{"damage":30,"enemies":"Shell Parasite","floor":19,"turns":9},{"damage":37,"enemies":"Sentry and Sphere","floor":20,"turns":5},{"damage":29,"enemies":"Snake Plant","floor":21,"turns":5},{"damage":4,"enemies":"Snecko","floor":22,"turns":2}],"seed_played":"3306945168366574944","potions_obtained":[{"floor":1,"key":"GrandPatriotsElixir:ReiMu"},{"floor":2,"key":"GamblersBrew"},{"floor":4,"key":"Strength Potion"},{"floor":8,"key":"DistilledChaos"},{"floor":10,"key":"Dexterity Potion"},{"floor":16,"key":"Block Potion"},{"floor":17,"key":"Strength Potion"},{"floor":20,"key":"GamblersBrew"},{"floor":21,"key":"FearPotion"}],"is_trial":false,"path_per_floor":["M","M","M","M","?","E","R","M","T","E","?","R","M","?","R","B",null,"M","M","M","M","M"],"character_chosen":"The_Alterego","items_purchased":[],"campfire_rested":3,"item_purchase_floors":[],"current_hp_per_floor":[67,72,73,64,64,37,62,56,56,31,15,41,40,22,48,25,95,96,67,31,3,0,0],"gold":497,"neow_bonus":"TRANSFORM_CARD","is_daily":false,"chose_seed":false,"campfire_upgraded":0,"win_rate":0.0,"timestamp":1612778248,"path_taken":["M","M","M","M","?","E","R","M","T","E","?","R","M","?","R","BOSS","M","M","M","M","M"],"items_purchased_type":[],"build_version":"2020-12-22","purchased_purges":0,"victory":false,"max_hp_per_floor":[71,72,73,74,74,85,85,86,86,87,88,88,89,89,89,90,95,96,97,98,99,99,99],"card_choices":[{"not_picked":["alterego_mod:Cycle","alterego_mod:PerceptionDisorder"],"picked":"alterego_mod:Valentines","floor":1},{"not_picked":["alterego_mod:HighServant","alterego_mod:Collar"],"picked":"alterego_mod:DeftHands","floor":2},{"not_picked":["alterego_mod:DiscoLights","alterego_mod:GoddessCore"],"picked":"alterego_mod:1TonWallop","floor":3},{"not_picked":["alterego_mod:BoobPocket","alterego_mod:DestructionOfProperty"],"picked":"alterego_mod:Complex","floor":4},{"not_picked":["alterego_mod:Undulate","alterego_mod:BoobPocket"],"picked":"alterego_mod:Cushion","floor":6},{"not_picked":["alterego_mod:Bounce","alterego_mod:InsideBaseball"],"picked":"alterego_mod:Bunnysuit","floor":8},{"not_picked":["alterego_mod:BusterCard","alterego_mod:PresenceConcealment"],"picked":"alterego_mod:SakuraLabyrinth","floor":10},{"not_picked":["alterego_mod:BreastValley","alterego_mod:TrashNCrash"],"picked":"alterego_mod:Rip","floor":11},{"not_picked":["alterego_mod:PerceptionDisorder","alterego_mod:MagicResistance"],"picked":"alterego_mod:ChallengeComplete","floor":13},{"not_picked":["alterego_mod:BrynhildrRomantia","alterego_mod:IdEs"],"picked":"alterego_mod:Rake","floor":16},{"not_picked":["alterego_mod:SakuraPetals","alterego_mod:Belts"],"picked":"alterego_mod:MaintainEyeContact","floor":17},{"not_picked":["alterego_mod:RocketPunch","alterego_mod:Maid"],"picked":"alterego_mod:MagicResistance","floor":18},{"not_picked":["alterego_mod:DeftHands","alterego_mod:Clap"],"picked":"alterego_mod:Maid","floor":19},{"not_picked":["alterego_mod:Crossover+1","alterego_mod:IndependentAction"],"picked":"alterego_mod:SakuraFive","floor":20},{"not_picked":["alterego_mod:Cooking","alterego_mod:RocketPunch"],"picked":"alterego_mod:Jiggle+1","floor":21}],"player_experience":136660,"relics_obtained":[{"floor":6,"key":"Pear"},{"floor":9,"key":"Bronze Scales"},{"floor":10,"key":"Bottled Lightning"},{"floor":11,"key":"Odd Mushroom"}],"event_choices":[{"damage_healed":0,"gold_gain":0,"player_choice":"»˚«Æ","damage_taken":0,"relics_obtained":["PaintedHorse:ReiMu"],"max_hp_gain":0,"max_hp_loss":0,"event_name":"yidonshenshe","floor":5,"gold_loss":40},{"damage_healed":0,"gold_gain":0,"player_choice":"Fought Mushrooms","damage_taken":0,"max_hp_gain":0,"max_hp_loss":0,"event_name":"Mushrooms","floor":11,"gold_loss":0},{"damage_healed":0,"gold_gain":0,"player_choice":"Entered Light","damage_taken":18,"max_hp_gain":0,"max_hp_loss":0,"event_name":"Shining Light","floor":14,"gold_loss":0,"cards_upgraded":["alterego_mod:Impale","alterego_mod:Valentines"]}],"is_beta":false,"boss_relics":[{"not_picked":["Coffee Dripper","Empty Cage"],"picked":"Tiny House"}],"items_purged_floors":[],"is_endless":false,"potions_floor_spawned":[1,2,4,8,10,16,20,21],"killed_by":"Snecko","ascension_level":0}}