{"host":"7caq7bqinjqlxdab","time":1612813535,"event":{"mods":["Aspiration","BaseMod","Better Third Choice","BetterRewards","Bossed Relics","Colored Map","Colored Powertips","Conspire","Curses Come First","Downfall","Hermit","Highlight Path","Hubris","Infinite Spire","Minty Spire (QoL Compilation)","Quick Restart","Rare Cards Sparkle","Replay The Spire","Shop Mod","StSLib","Transform Curses"],"gold_per_floor":[114,0,14,26,26,52,52,2,2,12,80,80,80,0,0,121,121,140,140,140,170,188,188,188,188,214,214,194,210,104,123,123,252,252,281,241,286,286,326,326,371,371,371,416,416,473,473,72,72,79],"floor_reached":51,"language":"ENG","playtime":4847,"items_purged":["Injury","Parasite"],"score":984,"play_id":"632cf103-a177-42cb-bf9d-6a089089357e","local_time":"20210208204535","is_ascension_mode":false,"campfire_choices":[{"floor":7.0,"key":"REST"},{"floor":13.0,"key":"REST"},{"data":"hermit:Combo","floor":15,"key":"SMITH"},{"data":"infinitespire:TheBestDefense","floor":23,"key":"SMITH"},{"data":"hermit:EyeOfTheStorm","floor":25,"key":"SMITH"},{"floor":27,"key":"REST"},{"floor":32,"key":"REST"},{"floor":40,"key":"REST"},{"floor":42,"key":"REST"},{"floor":49,"key":"REST"}],"circlet_count":0,"master_deck":["hermit:Strike_Hermit","hermit:Strike_Hermit","hermit:Strike_Hermit","hermit:Strike_Hermit","hermit:Defend_Hermit","hermit:Defend_Hermit","hermit:Defend_Hermit","hermit:Defend_Hermit","hermit:Snapshot","hermit:GoldenBullet","hermit:Combo+1","hermit:EyeOfTheStorm+1","hermit:DeadOrAlive","hermit:Vantage","hermit:Ricochet","hermit:BigShot+1","hermit:EternalForm+1","hermit:Enervate","infinitespire:TheBestDefense+1","hermit:CursedWeapon+1","hermit:Midnight+1","hermit:BodyArmor+1","hermit:Scavenge","hermit:Horror+1"],"relics":["hermit:BartenderGlass","infinitespire:CheckeredPen","Oddly Smooth Stone","Golden Egg","Orichalcum","Golden Idol","conspire:SeveredTorchhead","MerchantsRug","infinitespire:EvilPickle","infinitespire:Cupcake","hermit:Spyglass","Lantern","hubris:MedicalManual","hubris:Towel","Toy Ornithopter"],"acts_visited":["Exordium","TheCity","TheBeyond"],"potions_floor_usage":[16,20,20,20,21,21,21,24,29,29,29,29,31,33,33,33,35,35,39,39,39,41,41,41,44,50,50,50,50,50],"damage_taken":[{"damage":1.0,"enemies":"Cultist","floor":1.0,"turns":4.0},{"damage":3.0,"enemies":"Jaw Worm","floor":3.0,"turns":3.0},{"damage":6.0,"enemies":"conspire:RoseBush","floor":4.0,"turns":3.0},{"damage":18.0,"enemies":"3 Sentries","floor":6.0,"turns":4.0},{"damage":7.0,"enemies":"3 Louse","floor":10.0,"turns":3.0},{"damage":12.0,"enemies":"Replay:BlueRogue","floor":11.0,"turns":4.0},{"damage":0,"enemies":"Slime Boss","floor":16,"turns":3},{"damage":0,"enemies":"Shell Parasite","floor":18,"turns":4},{"damage":0,"enemies":"3 Byrds","floor":20,"turns":1},{"damage":0,"enemies":"Centurion and Healer","floor":21,"turns":3},{"damage":13,"enemies":"Sentry and Sphere","floor":22,"turns":7},{"damage":0,"enemies":"conspire:HollyBat","floor":24,"turns":1},{"damage":6,"enemies":"Chosen and Byrds","floor":29,"turns":4},{"damage":19,"enemies":"Sentry and Sphere","floor":31,"turns":4},{"damage":32,"enemies":"Pondfish","floor":33,"turns":10},{"damage":15,"enemies":"Orb Walker","floor":35,"turns":3},{"damage":0,"enemies":"3 Shapes","floor":37,"turns":1},{"damage":2,"enemies":"Writhing Mass","floor":39,"turns":5},{"damage":1,"enemies":"Spire Growth","floor":41,"turns":3},{"damage":1,"enemies":"3 Darklings","floor":44,"turns":3},{"damage":46,"enemies":"Maw","floor":46,"turns":9},{"damage":63,"enemies":"infinitespire:MassOfShapes","floor":50,"turns":12}],"seed_played":"397323172567258126","potions_obtained":[{"floor":1.0,"key":"Explosive Potion"},{"floor":4.0,"key":"Explosive Potion"},{"floor":11.0,"key":"PowerPotion"},{"floor":18,"key":"SpeedPotion"},{"floor":28,"key":"Venom Potion"},{"floor":29,"key":"Languid Potion"},{"floor":31,"key":"FearPotion"},{"floor":35,"key":"Block Potion"},{"floor":39,"key":"hermit:Eclipse"},{"floor":46,"key":"ColorlessPotion"}],"is_trial":false,"path_per_floor":["M","$","M","M","T","E","R","?","T","M","E","?","R","$","R","B",null,"M","AVR","M","M","M","R","M","R","T","R","?","M","$","M","R","B",null,"M","?","M","$","M","R","M","R","T","M","?","M","?","$","R","B",null],"character_chosen":"HERMIT","items_purchased":["hermit:Combo","Elixir","hermit:BigShot","MerchantsRug","hermit:Spyglass","Lantern","hermit:Horror","hermit:Tonic","Toy Ornithopter","champ:CounterPotion","BlessingOfTheForge"],"campfire_rested":7,"item_purchase_floors":[2,2,14,30,38,38,48,48,48,48,48],"current_hp_per_floor":[74,74,71,65,65,47,69,69,69,62,50,50,72,72,72,72,75,75,75,75,75,62,62,62,62,62,75,75,69,69,50,72,40,75,60,60,60,33,31,53,52,74,74,73,73,27,27,27,48,10],"gold":79,"neow_bonus":"BOSS_RELIC","is_daily":false,"chose_seed":false,"campfire_upgraded":3,"win_rate":0.0,"timestamp":1612813535,"path_taken":["M","?","M","M","?","E","R","?","T","M","E","?","R","$","R","BOSS","M","AVR","M","M","M","R","M","R","T","R","?","?","$","M","R","BOSS","M","?","M","?","?","R","M","R","T","M","?","M","?","$","R","BOSS"],"items_purchased_type":["Card","Potion","Card","Relic","Relic","Relic","Card","Potion","Relic","Potion","Potion"],"build_version":"2020-12-22","purchased_purges":2,"victory":true,"max_hp_per_floor":[75,75,75,75,75,75,75,75,75,75,75,75,75,75,75,75,75,75,75,75,75,75,75,75,75,75,75,75,75,75,75,75,75,75,75,75,75,75,75,75,75,75,75,75,75,75,75,72,72,72],"card_choices":[{"not_picked":["hermit:ItchyTrigger","hermit:WideOpen"],"picked":"hermit:GoldenBullet","floor":1.0},{"not_picked":["hermit:Coalescence","hermit:LowProfile"],"picked":"hermit:HoleUp","floor":3.0},{"not_picked":["hermit:Enervate","hermit:Dive"],"picked":"hermit:EyeOfTheStorm","floor":4.0},{"not_picked":["hermit:Feint","hermit:TrackingShot"],"picked":"hermit:DeadOrAlive","floor":6.0},{"not_picked":["hermit:LowProfile","hermit:TrackingShot"],"picked":"hermit:Vantage","floor":10.0},{"not_picked":["hermit:Dive","hermit:CalledShot"],"picked":"hermit:Ricochet","floor":11.0},{"not_picked":["hermit:RoundhouseKick","hermit:HeroicBravado"],"picked":"hermit:EternalForm","floor":16},{"not_picked":["hermit:ShadowCloak","hermit:Glare"],"picked":"hermit:Enervate","floor":18},{"not_picked":["hermit:Grudge+1","hermit:Glare"],"picked":"hermit:CursedWeapon+1","floor":21},{"not_picked":["hermit:Spite","hermit:Grudge","hermit:Manifest"],"picked":"SKIP","floor":22},{"not_picked":["hermit:Cheat","hermit:TrackingShot"],"picked":"hermit:Midnight+1","floor":29},{"not_picked":["hermit:LowProfile","hermit:Showdown"],"picked":"hermit:BodyArmor","floor":31},{"not_picked":["hermit:Showdown+1","hermit:SprayPray","hermit:Quickdraw"],"picked":"SKIP","floor":35},{"not_picked":["hermit:GhostlyPresence","hermit:Coalescence+1"],"picked":"hermit:Scavenge","floor":37},{"not_picked":["hermit:SprayPray+1","hermit:ItchyTrigger+1","hermit:Vantage+1"],"picked":"SKIP","floor":39},{"not_picked":["hermit:DeadMansHand","hermit:HoleUp","hermit:Dive"],"picked":"SKIP","floor":41},{"not_picked":["hermit:Maintenance","hermit:PistolWhip","hermit:Deadeye+1"],"picked":"SKIP","floor":44},{"not_picked":["hermit:Dive+1","hermit:GoldenBullet+1","hermit:WideOpen+1"],"picked":"SKIP","floor":46}],"player_experience":645399,"relics_obtained":[{"floor":5.0,"key":"infinitespire:CheckeredPen"},{"floor":6.0,"key":"Oddly Smooth Stone"},{"floor":9.0,"key":"Golden Egg"},{"floor":11.0,"key":"Orichalcum"},{"floor":26,"key":"Blood Vial"},{"floor":43,"key":"hubris:MedicalManual"}],"event_choices":[{"cards_removed":["hermit:Covet"],"damage_healed":0.0,"max_hp_gain":0.0,"max_hp_loss":0.0,"gold_gain":0.0,"event_name":"The Cleric","player_choice":"Card Removal","floor":8.0,"gold_loss":50.0,"damage_taken":0.0},{"damage_healed":0.0,"max_hp_gain":0.0,"max_hp_loss":0.0,"gold_gain":0.0,"event_name":"Golden Idol","player_choice":"Take Wound","floor":12.0,"gold_loss":0.0,"damage_taken":0.0,"relics_obtained":["Golden Idol"],"cards_obtained":["Injury"]},{"damage_healed":0,"gold_gain":0,"player_choice":"Bought 1 Potion","damage_taken":0,"max_hp_gain":0,"max_hp_loss":0,"event_name":"The Woman in Blue","floor":28,"gold_loss":0},{"damage_healed":0,"gold_gain":0,"player_choice":"Upgrade","damage_taken":0,"max_hp_gain":0,"max_hp_loss":0,"event_name":"Designer","floor":36,"gold_loss":40,"cards_upgraded":["hermit:BodyArmor"]},{"cards_removed":["hermit:HoleUp"],"damage_healed":0,"gold_gain":0,"player_choice":"Removed Skill","damage_taken":0,"max_hp_gain":0,"max_hp_loss":0,"event_name":"Falling","floor":47,"gold_loss":0}],"is_beta":false,"boss_relics":[{"not_picked":["Runic Pyramid","Replay:Bronze Core"],"picked":"conspire:SeveredTorchhead"},{"not_picked":["Replay:Ancient Bell","aspiration:DefectSkillbook"],"picked":"infinitespire:Cupcake"}],"items_purged_floors":[19,48],"is_endless":false,"potions_floor_spawned":[1,4,11,18,20,29,31,35,39,46],"ascension_level":0}}