{"host":"3mt4w4o4jnuk8q1t","time":1612803370,"event":{"mods":["Act Like it!","BaseMod","Colored Map","Colored Powertips","Decade(王小明)","GungeonMod","Hermit","Jedi Mod","Lobotomy","LobotomyExtend","Marisa（F雨　魔理沙）","Minty Spire (QoL Compilation)","Red Circlet Mod","Reimu（博丽灵梦）","Remilia（蕾米莉亚）","Replay The Spire","RumiaBox-露米娅的神秘盒子","Shop Mod","Spicy Shops","StSLib","TestMod","Waifu the Spire","Yakumo Yukari mod","Youmu（魂魄妖梦）","[IsaacMod]以撒尖塔","【功能Mod】混沌之环修复补丁","【功能Mod】聪明的最终Boss"],"gold_per_floor":[119,135,135,29,29,69,69,69,69],"floor_reached":8,"language":"ZHS","playtime":882,"items_purged":[],"score":54,"play_id":"90b0e8fc-bc97-4f95-8e5e-663bb0b55287","local_time":"20210209005610","is_ascension_mode":false,"campfire_choices":[{"floor":7,"key":"RECALL"}],"circlet_count":0,"master_deck":["Decade_Attack","Decade_Attack","Decade_Attack","Decade_Attack","KamenRide","Decade_SpecialSkill","Decade_Defend","Decade_Defend","Decade_Defend","Decade_Defend","DoctorFetus","UnarmedAttack3+1","Blade_Beat","RideBooker_Skill_2","Blade_Mach","Blade_Beat","Injury","DragClaw","Clumsy","UnarmedAttack1","Dragreder","UnarmedAttack3","UnarmedAttack1"],"relics":["Decadriver","TOEIDeficitBill","HushsDoor","testmod-TestBox","GuppysTail","testmod-Justice","Baka","LetterFromLob","Golden Idol","DemoMod:GnawedKey","DemoMod:GlassGuonStoneRelic","testmod-TurbochargingSystem"],"acts_visited":["Exordium"],"potions_floor_usage":[0,6,8],"damage_taken":[{"damage":6,"enemies":"2 Louse","floor":1,"turns":3},{"damage":10,"enemies":"Small Slimes","floor":2,"turns":5},{"damage":63,"enemies":"Gremlin Nob","floor":6,"turns":6},{"damage":0,"enemies":"Lagavulin","floor":8,"turns":5}],"seed_played":"-4742315514624812885","potions_obtained":[{"floor":0,"key":"testmod-EscapePotion"},{"floor":0,"key":"PanachePotion"},{"floor":0,"key":"Fruit Juice"},{"floor":2,"key":"Block Potion"}],"is_trial":false,"path_per_floor":["M","M","?","$","?","E","R","E"],"character_chosen":"Decade","items_purchased":["DragClaw","DemoMod:GnawedKey"],"campfire_rested":0,"item_purchase_floors":[4,4],"current_hp_per_floor":[69,68,68,68,68,5,5,5,5],"gold":69,"neow_bonus":"THREE_SMALL_POTIONS","is_daily":false,"chose_seed":false,"campfire_upgraded":0,"win_rate":0.0,"timestamp":1612803370,"path_taken":["M","M","?","$","?","E","R","E"],"items_purchased_type":["Card","Relic"],"build_version":"2020-12-22","purchased_purges":0,"victory":false,"max_hp_per_floor":[75,75,75,75,75,75,75,75,75],"card_choices":[{"not_picked":[],"picked":"DoctorFetus","floor":0},{"not_picked":["Hibiki_Attack1","FormRideTitan"],"picked":"UnarmedAttack3","floor":0},{"not_picked":["FormRideStorm","Hibiki_FEVER"],"picked":"Blade_Beat","floor":1},{"not_picked":["DenO_Gun","RideBooker_Skill_3"],"picked":"RideBooker_Skill_2","floor":1},{"not_picked":["FormRide","KamenRideAgito"],"picked":"Blade_Mach","floor":2},{"not_picked":["FormRideFlame","KamenRideFaiz"],"picked":"Blade_Beat","floor":2},{"not_picked":["Decade_Dash1","UnarmedAttack3"],"picked":"UnarmedAttack1","floor":6},{"not_picked":["Hibiki_Attack1","FormRideBasshaa"],"picked":"Dragreder","floor":6},{"not_picked":["Decade_Dash1","KamenRideBlade"],"picked":"UnarmedAttack3","floor":6},{"not_picked":["Kuuga_Rising","FormRideAxel"],"picked":"UnarmedAttack1","floor":6}],"player_experience":179815,"relics_obtained":[{"floor":1,"key":"Baka"},{"floor":1,"key":"LetterFromLob"},{"floor":6,"key":"testmod-TurbochargingSystem"}],"event_choices":[{"damage_healed":0,"gold_gain":0,"player_choice":"Take Wound","damage_taken":0,"relics_obtained":["Golden Idol"],"max_hp_gain":0,"max_hp_loss":0,"event_name":"Golden Idol","floor":3,"gold_loss":0,"cards_obtained":["Injury"]},{"damage_healed":0,"gold_gain":0,"player_choice":"Grow","damage_taken":0,"max_hp_gain":0,"max_hp_loss":0,"event_name":"Living Wall","floor":5,"gold_loss":0,"cards_upgraded":["UnarmedAttack3"]}],"is_beta":false,"boss_relics":[],"items_purged_floors":[],"is_endless":false,"potions_floor_spawned":[2],"killed_by":"Lagavulin","ascension_level":0}}