{"host":"3j24k6gtmfx6ynrk","time":1612823728,"event":{"mods":["AchievementEnabler","BaseMod","Colored Powertips","Hermit","Highlight Path","Minty Spire (QoL Compilation)","StSLib","The Cursed","The Servant 0.9.4"],"gold_per_floor":[114,131,40,40,59,59,71,82,82,82,98,98,98,98,98,98,98],"floor_reached":16,"language":"DEU","playtime":1716,"items_purged":[],"score":92,"play_id":"a96bafd4-c2fb-4f93-955e-a458c363bfc0","local_time":"20210208233528","is_ascension_mode":false,"campfire_choices":[{"data":"LikeWater","floor":6,"key":"SMITH"},{"data":"ThirdEye","floor":10,"key":"SMITH"},{"floor":13,"key":"REST"},{"data":"Enlightenment","floor":15,"key":"SMITH"}],"circlet_count":0,"master_deck":["Strike_P","Strike_P","Strike_P","Strike_P","Defend_P","Defend_P","Defend_P","Eruption","Vigilance","FlurryOfBlows","LikeWater+1","ClearTheMind","Halt","ThirdEye+1","Protect","SashWhip","Enlightenment+1"],"relics":["PureWater","Meat on the Bone"],"acts_visited":["Exordium"],"potions_floor_usage":[16,16],"damage_taken":[{"damage":0,"enemies":"2 Louse","floor":1,"turns":3},{"damage":0,"enemies":"Small Slimes","floor":2,"turns":2},{"damage":0,"enemies":"Cultist","floor":5,"turns":3},{"damage":16,"enemies":"Gremlin Gang","floor":7,"turns":5},{"damage":0,"enemies":"Looter","floor":8,"turns":4},{"damage":5,"enemies":"Lots of Slimes","floor":11,"turns":9},{"damage":77,"enemies":"Hexaghost","floor":16,"turns":22}],"seed_played":"1045965485620042078","potions_obtained":[{"floor":5,"key":"EssenceOfSteel"},{"floor":8,"key":"AttackPotion"},{"floor":11,"key":"SteroidPotion"}],"is_trial":false,"path_per_floor":["M","M","$","?","M","R","M","M","T","R","M","?","R","?","R","B"],"character_chosen":"WATCHER","items_purchased":["LikeWater","ClearTheMind"],"campfire_rested":1,"item_purchase_floors":[3,3],"current_hp_per_floor":[79,79,79,79,79,79,63,63,63,63,58,51,74,74,74,0,0],"gold":98,"neow_bonus":"TEN_PERCENT_HP_BONUS","is_daily":false,"chose_seed":false,"campfire_upgraded":3,"win_rate":0.0,"timestamp":1612823728,"path_taken":["M","M","$","?","M","R","M","M","T","R","M","?","R","?","R","BOSS"],"items_purchased_type":["Card","Card"],"build_version":"2020-12-22","purchased_purges":0,"victory":false,"max_hp_per_floor":[79,79,79,79,79,79,79,79,79,79,79,79,79,79,79,79,79],"card_choices":[{"not_picked":["FollowUp","EmptyMind","Pray"],"picked":"SKIP","floor":1},{"not_picked":["Pray","WreathOfFlame"],"picked":"FlurryOfBlows","floor":2},{"not_picked":["ClearTheMind","CarveReality"],"picked":"Halt","floor":5},{"not_picked":["FollowUp","BowlingBash"],"picked":"ThirdEye","floor":7},{"not_picked":["ThirdEye","Evaluate"],"picked":"Protect","floor":8},{"not_picked":["JustLucky","Scrawl"],"picked":"SashWhip","floor":11}],"player_experience":33851,"relics_obtained":[{"floor":9,"key":"Meat on the Bone"}],"event_choices":[{"damage_healed":0,"gold_gain":0,"player_choice":"Ignored","damage_taken":0,"max_hp_gain":0,"max_hp_loss":0,"event_name":"Liars Game","floor":4,"gold_loss":0},{"cards_removed":["Defend_P"],"damage_healed":0,"gold_gain":0,"player_choice":"Card Removal","damage_taken":7,"max_hp_gain":0,"max_hp_loss":0,"event_name":"Golden Wing","floor":12,"gold_loss":0},{"damage_healed":0,"gold_gain":0,"player_choice":"1 cards matched","damage_taken":0,"max_hp_gain":0,"max_hp_loss":0,"event_name":"Match and Keep!","floor":14,"gold_loss":0,"cards_obtained":["Enlightenment"]}],"is_beta":false,"boss_relics":[],"items_purged_floors":[],"is_endless":false,"potions_floor_spawned":[5,8,11],"killed_by":"Hexaghost","ascension_level":0}}