{"host":"3498uni0c31c9bdm","time":1612773987,"event":{"mods":["BaseMod","Better Match","Better Note","Better Sensory Stone","Better Skull","Better Third Choice","Colored Map","Minty Spire (QoL Compilation)","Quick Restart","RNG Fix","Random Character Button","Replay The Spire","Shop Mod","Smile Girya","StSLib","Unceasing Turn Reminder"],"gold_per_floor":[117,117,132,132,71,96,96,127,127,127,127],"floor_reached":10,"language":"ENG","playtime":419,"items_purged":[],"score":115,"play_id":"3a139e4c-8b28-4955-a651-3242482a3737","local_time":"20210208194627","is_ascension_mode":true,"campfire_choices":[{"floor":7,"key":"RECALL"}],"circlet_count":0,"master_deck":["AscendersBane","Strike_R","Strike_R","Strike_R","Strike_R","Strike_R","Defend_R","Defend_R","Defend_R","Defend_R","Bash","Regret","Carnage","Finesse","Spot Weakness","Rampage+1","Dual Wield","ReplayTheSpireMod:Stacked"],"relics":["Burning Blood","Bag of Marbles","HornCleat","Replay:Bottled Flurry","Molten Egg 2"],"acts_visited":["Exordium"],"potions_floor_usage":[6],"damage_taken":[{"damage":15,"enemies":"Small Slimes","floor":1,"turns":6},{"damage":0,"enemies":"Cultist","floor":3,"turns":2},{"damage":40,"enemies":"3 Sentries","floor":6,"turns":7},{"damage":29,"enemies":"Lagavulin","floor":8,"turns":6},{"damage":13,"enemies":"3 Sentries","floor":10,"turns":4}],"seed_played":"2592833921180682344","potions_obtained":[{"floor":3,"key":"Elixir"}],"is_trial":false,"path_per_floor":["M","?","M","$","$","E","R","E","T","E"],"character_chosen":"IRONCLAD","items_purchased":["Rampage+1"],"campfire_rested":0,"item_purchase_floors":[5],"current_hp_per_floor":[63,63,69,69,69,35,35,12,12,0,0],"gold":127,"neow_bonus":"RANDOM_EVENT","is_daily":false,"chose_seed":false,"campfire_upgraded":0,"win_rate":0.0,"timestamp":1612773987,"path_taken":["M","?","M","?","$","E","R","E","T","E"],"items_purchased_type":["Card"],"build_version":"2020-12-22","purchased_purges":0,"victory":false,"max_hp_per_floor":[80,80,80,80,80,80,80,80,80,80,80],"card_choices":[{"not_picked":["Thunderclap","Disarm"],"picked":"Carnage","floor":1},{"not_picked":["Bandage Up","Flash of Steel"],"picked":"Finesse","floor":2},{"not_picked":["Carnage","Body Slam"],"picked":"Spot Weakness","floor":3},{"not_picked":["Clash","True Grit"],"picked":"Dual Wield","floor":6},{"not_picked":["ReplayTheSpireMod:LeadingStrike","Clash"],"picked":"ReplayTheSpireMod:Stacked","floor":8}],"player_experience":848428,"relics_obtained":[{"floor":6,"key":"HornCleat"},{"floor":8,"key":"Replay:Bottled Flurry"},{"floor":9,"key":"Molten Egg 2"}],"event_choices":[{"damage_healed":0,"gold_gain":0,"player_choice":"Box","damage_taken":0,"relics_obtained":["Bag of Marbles"],"max_hp_gain":0,"max_hp_loss":0,"event_name":"Big Fish","floor":0,"gold_loss":0,"cards_obtained":["Regret"]},{"damage_healed":0,"gold_gain":1,"player_choice":"1","damage_taken":0,"max_hp_gain":0,"max_hp_loss":0,"event_name":"betterStone:BetterStone","floor":2,"gold_loss":0}],"is_beta":false,"boss_relics":[],"items_purged_floors":[],"is_endless":false,"potions_floor_spawned":[3],"killed_by":"3 Sentries","ascension_level":11}}