{"host":"fpfqy36ymrhhouft","time":1612811333,"event":{"mods":["100% Spire Juice","Act Like it!","Arknights","BaseMod","Colored Powertips","Downfall","Gensokyo","Hermit","Marisa????????","Minty Spire (QoL Compilation)","Reliquary","Replay The Spire","Spire Arcade","StSLib"],"gold_per_floor":[119,119,137,202,229,229,279,312,385,75,124,124,173,208,208,208,208],"floor_reached":16,"language":"ENG","playtime":1178,"items_purged":[],"score":104,"play_id":"d14dc9ec-52ba-4b21-a8d5-dec317b1c608","local_time":"20210208120853","is_ascension_mode":false,"campfire_choices":[{"data":"BlazeAway","floor":6,"key":"SMITH"},{"data":"UltimateShortwave","floor":15,"key":"SMITH"}],"circlet_count":0,"master_deck":["Strike_MRS","Strike_MRS","Strike_MRS","Strike_MRS","Defend_MRS","Defend_MRS","Defend_MRS","Defend_MRS","MasterSpark","MachineGunSpark","WitchOfGreed","BlazeAway+1","SprinkleStarSeal","6A","DeepEcoloBomb","AsteroidBelt","Bandage Up","WitchOfGreed","UltimateShortwave+1","RefractionSpark"],"relics":["MiniHakkero","Gensokyo:CelestialsFlawlessClothing","Lizard Tail","Torii","HornCleat","Strange Spoon","Gensokyo:Mercy"],"acts_visited":["Gensokyo:Gensokyo"],"potions_floor_usage":[7,8,16,16,16],"damage_taken":[{"damage":10,"enemies":"Gensokyo:Gryphon","floor":1,"turns":3},{"damage":1,"enemies":"Gensokyo:Python","floor":3,"turns":3},{"damage":11,"enemies":"Gensokyo:2_Kodama","floor":5,"turns":4},{"damage":12,"enemies":"Gensokyo:Aya","floor":7,"turns":6},{"damage":4,"enemies":"Gensokyo:Gryphon_and_Rabbit","floor":8,"turns":5},{"damage":1,"enemies":"Gensokyo:VengefulSpirit","floor":11,"turns":6},{"damage":22,"enemies":"Gensokyo:LivingMonolith","floor":13,"turns":5},{"damage":1,"enemies":"Gensokyo:2_Rabbits","floor":14,"turns":5},{"damage":167,"enemies":"Gensokyo:Reimu","floor":16,"turns":10}],"seed_played":"9132187963237797435","potions_obtained":[{"floor":1,"key":"SteroidPotion"},{"floor":4,"key":"DistilledChaos"},{"floor":4,"key":"ColorlessPotion"},{"floor":5,"key":"Languid Potion"},{"floor":7,"key":"DuplicationPotion"},{"floor":7,"key":"Milkshake"},{"floor":8,"key":"Venom Potion"},{"floor":11,"key":"BlessingOfTheForge"},{"floor":13,"key":"Fruit Juice"}],"is_trial":false,"path_per_floor":["M","?","M","?","M","R","E","M","T","$","M","?","M","M","R","B"],"character_chosen":"MARISA","items_purchased":["AsteroidBelt","Bandage Up","Strange Spoon","WitchOfGreed"],"campfire_rested":0,"item_purchase_floors":[10,10,10,10],"current_hp_per_floor":[72,52,51,31,20,20,8,4,4,4,7,7,45,48,48,0,0],"gold":208,"neow_bonus":"TEN_PERCENT_HP_BONUS","is_daily":false,"chose_seed":false,"campfire_upgraded":2,"win_rate":0.0,"timestamp":1612811333,"path_taken":["M","?","?","?","M","R","E","M","T","?","M","?","M","?","R","BOSS"],"items_purchased_type":["Card","Card","Relic","Card"],"build_version":"2020-12-22","purchased_purges":0,"victory":false,"max_hp_per_floor":[82,82,82,82,82,82,82,82,82,82,82,82,82,82,82,87,87],"card_choices":[{"not_picked":["UnstableBomb","6A"],"picked":"MachineGunSpark","floor":1},{"not_picked":["DoubleSpark","SatelliteIllusion"],"picked":"WitchOfGreed","floor":3},{"not_picked":["NonDirectionalLaser","GalacticHalo"],"picked":"BlazeAway","floor":4},{"not_picked":["WitchOfGreed","MilkyWay"],"picked":"SprinkleStarSeal","floor":5},{"not_picked":["NonDirectionalLaser","GalacticHalo"],"picked":"6A","floor":7},{"not_picked":["GravityBeat","GrandCross"],"picked":"DeepEcoloBomb","floor":8},{"not_picked":["LuminesStrike","DeepEcoloBomb","NonDirectionalLaser"],"picked":"SKIP","floor":11},{"not_picked":["WitchOfGreed","MagicChant"],"picked":"UltimateShortwave","floor":13},{"not_picked":["MilkyWay","UnstableBomb"],"picked":"RefractionSpark","floor":14}],"player_experience":772505,"relics_obtained":[{"floor":4,"key":"reliquary:FerryPass"},{"floor":7,"key":"Lizard Tail"},{"floor":7,"key":"Torii"},{"floor":9,"key":"HornCleat"}],"event_choices":[],"is_beta":false,"boss_relics":[],"items_purged_floors":[],"is_endless":false,"potions_floor_spawned":[1,7,11],"killed_by":"Gensokyo:Reimu","ascension_level":0}}