{"host":"dcj2yvrgcvh5dl2s","time":1612744230,"event":{"mods":["BaseMod","Bestiary","Better Note","Block Reminder","Colored Powertips","Curses Come First","DeckTracker","Minty Spire (QoL Compilation)","Quick Restart","Rare Cards Sparkle","Relic Stats","StSLib"],"gold_per_floor":[119,44,44,119,131,156,156,184,184,30,30,30,44,63,63,141,141,141,91,91,3,3,3,3,3,3,3,3,3,3,3,3,3,3,3,3,3,3,3],"floor_reached":38,"language":"ENG","playtime":1521,"items_purged":["Strike_R"],"score":858,"play_id":"4a1d4814-0195-4903-b038-36fe214e722a","local_time":"20210208103030","is_ascension_mode":true,"campfire_choices":[{"data":"Flex","floor":7,"key":"SMITH"},{"floor":11,"key":"REST"},{"data":"Double Tap","floor":15,"key":"SMITH"},{"floor":23,"key":"REST"},{"data":"Uppercut","floor":25,"key":"SMITH"},{"data":"Pommel Strike","floor":27,"key":"SMITH"},{"data":"Limit Break","floor":32,"key":"SMITH"}],"circlet_count":0,"master_deck":["AscendersBane","Strike_R","Strike_R","Strike_R","Strike_R","Defend_R","Defend_R","Defend_R","Defend_R","Heavy Blade","Flex+1","Immolate","Disarm","Double Tap+1","Shrug It Off","Pommel Strike+1","Limit Break+1","Uppercut+1","Battle Trance","Dropkick","Shockwave","Offering","Pummel"],"relics":["Burning Blood","NeowsBlessing","Gremlin Horn","Eternal Feather","Mercury Hourglass","Ectoplasm","Blood Vial","Smiling Mask","Busted Crown"],"acts_visited":["Exordium","TheCity","TheBeyond"],"potions_floor_usage":[16,20,29,33,33,38],"damage_taken":[{"damage":0,"enemies":"Cultist","floor":1,"turns":1},{"damage":0,"enemies":"2 Louse","floor":5,"turns":2},{"damage":0,"enemies":"Gremlin Nob","floor":6,"turns":1},{"damage":60,"enemies":"Lagavulin","floor":8,"turns":6},{"damage":12,"enemies":"Jaw Worm","floor":13,"turns":3},{"damage":20,"enemies":"Gremlin Gang","floor":14,"turns":2},{"damage":61,"enemies":"The Guardian","floor":16,"turns":9},{"damage":35,"enemies":"Shell Parasite","floor":18,"turns":5},{"damage":1,"enemies":"Spheric Guardian","floor":20,"turns":3},{"damage":23,"enemies":"Snecko","floor":22,"turns":5},{"damage":5,"enemies":"Centurion and Healer","floor":28,"turns":4},{"damage":25,"enemies":"Book of Stabbing","floor":29,"turns":3},{"damage":12,"enemies":"Cultist and Chosen","floor":30,"turns":7},{"damage":8,"enemies":"3 Cultists","floor":31,"turns":3},{"damage":63,"enemies":"Automaton","floor":33,"turns":7},{"damage":17,"enemies":"3 Shapes","floor":35,"turns":3},{"damage":15,"enemies":"3 Darklings","floor":36,"turns":2},{"damage":50,"enemies":"Transient","floor":38,"turns":6}],"seed_played":"-346434479343564928","potions_obtained":[{"floor":13,"key":"BloodPotion"},{"floor":14,"key":"Energy Potion"},{"floor":16,"key":"Fire Potion"},{"floor":22,"key":"PowerPotion"},{"floor":31,"key":"SkillPotion"},{"floor":33,"key":"Energy Potion"},{"floor":36,"key":"HeartOfIron"}],"is_trial":false,"path_per_floor":["M","$","$","?","M","E","R","E","T","$","R","?","M","M","R","B",null,"M","?","M","$","M","R","?","R","T","R","M","E","M","M","R","B",null,"M","M","?","M"],"character_chosen":"IRONCLAD","items_purchased":["Double Tap","Battle Trance"],"campfire_rested":2,"item_purchase_floors":[10,21],"current_hp_per_floor":[74,74,74,63,69,75,75,21,21,21,52,75,69,55,64,24,62,33,33,38,38,21,55,55,67,67,75,75,56,52,52,64,9,59,50,43,43,0,0],"gold":3,"neow_bonus":"THREE_ENEMY_KILL","is_daily":false,"chose_seed":false,"campfire_upgraded":5,"win_rate":0.0,"timestamp":1612744230,"path_taken":["M","?","$","?","M","E","R","E","T","$","R","?","M","M","R","BOSS","M","?","M","$","?","R","?","R","T","R","M","E","M","M","R","BOSS","M","M","?","?"],"items_purchased_type":["Card","Card"],"build_version":"2020-12-22","purchased_purges":1,"victory":false,"max_hp_per_floor":[75,75,75,75,75,75,75,75,75,75,75,75,75,75,75,75,75,75,75,75,75,75,75,75,75,75,75,75,75,75,75,75,75,75,75,75,75,75,75],"relic_stats":{"Blood Vial":12,"Busted Crown":4,"Gremlin Horn":[8,13],"counters":[18,72],"Eternal Feather":62,"Ectoplasm":307,"Smiling Mask":0,"obtain_stats":[{"Blood Vial":26,"Busted Crown":34,"NeowsBlessing":0,"Gremlin Horn":6,"Eternal Feather":8,"Ectoplasm":17,"Smiling Mask":29,"Burning Blood":0,"Mercury Hourglass":9},{"Blood Vial":10,"Busted Crown":15,"NeowsBlessing":0,"Gremlin Horn":3,"Eternal Feather":4,"Ectoplasm":7,"Smiling Mask":12,"Burning Blood":0,"Mercury Hourglass":4},{"Blood Vial":37,"Busted Crown":61,"NeowsBlessing":0,"Gremlin Horn":4,"Eternal Feather":10,"Ectoplasm":24,"Smiling Mask":44,"Burning Blood":0,"Mercury Hourglass":10}],"Burning Blood":101,"Mercury Hourglass":[218]},"card_choices":[{"not_picked":["Perfected Strike","Havoc"],"picked":"Heavy Blade","floor":1},{"not_picked":["Clothesline","Havoc"],"picked":"Flex","floor":5},{"not_picked":["Dual Wield","Havoc"],"picked":"Immolate","floor":6},{"not_picked":["Sword Boomerang","Cleave"],"picked":"Disarm","floor":8},{"not_picked":["Headbutt","Havoc"],"picked":"Shrug It Off","floor":13},{"not_picked":["True Grit","Twin Strike"],"picked":"Pommel Strike","floor":14},{"not_picked":["Reaper","Immolate"],"picked":"Limit Break","floor":16},{"not_picked":["Wild Strike+1","Heavy Blade+1","Rage"],"picked":"SKIP","floor":18},{"not_picked":["Thunderclap","Sentinel+1"],"picked":"Uppercut","floor":20},{"not_picked":["Twin Strike","Warcry","Cleave"],"picked":"SKIP","floor":22},{"not_picked":["Feel No Pain","Sever Soul+1"],"picked":"Dropkick","floor":28},{"not_picked":["Spot Weakness","Sever Soul"],"picked":"Shockwave","floor":29},{"not_picked":["Armaments","Second Wind","Perfected Strike"],"picked":"SKIP","floor":30},{"not_picked":["Uppercut","Heavy Blade","Iron Wave"],"picked":"SKIP","floor":31},{"not_picked":["Berserk","Impervious"],"picked":"Offering","floor":33},{"not_picked":["Blood for Blood+1"],"picked":"SKIP","floor":35},{"not_picked":[],"picked":"Pummel","floor":36}],"player_experience":2333696,"relics_obtained":[{"floor":6,"key":"Gremlin Horn"},{"floor":8,"key":"Eternal Feather"},{"floor":9,"key":"Mercury Hourglass"},{"floor":26,"key":"Blood Vial"},{"floor":29,"key":"Smiling Mask"}],"event_choices":[{"damage_healed":0,"gold_gain":75,"player_choice":"Gather Gold","damage_taken":11,"max_hp_gain":0,"max_hp_loss":0,"event_name":"World of Goop","floor":4,"gold_loss":0},{"damage_healed":25,"gold_gain":0,"player_choice":"Banana","damage_taken":0,"max_hp_gain":0,"max_hp_loss":0,"event_name":"Big Fish","floor":12,"gold_loss":0},{"damage_healed":0,"gold_gain":100,"player_choice":"Bet on Murderer","damage_taken":0,"max_hp_gain":0,"max_hp_loss":0,"event_name":"The Joust","floor":19,"gold_loss":50},{"damage_healed":0,"gold_gain":0,"player_choice":"Ignored","damage_taken":0,"max_hp_gain":0,"max_hp_loss":0,"event_name":"The Mausoleum","floor":24,"gold_loss":0},{"cards_removed":["Bash"],"damage_healed":0,"gold_gain":0,"player_choice":"Offered Basic","damage_taken":0,"max_hp_gain":0,"max_hp_loss":0,"event_name":"Bonfire Elementals","floor":37,"gold_loss":0}],"is_beta":false,"boss_relics":[{"not_picked":["Fusion Hammer","Empty Cage"],"picked":"Ectoplasm"},{"not_picked":["Mark of Pain","Runic Dome"],"picked":"Busted Crown"}],"items_purged_floors":[2],"is_endless":false,"potions_floor_spawned":[13,14,16,22,31,33,36],"killed_by":"Transient","ascension_level":20}}