{"host":"ej72cplobca8grby","time":1612791560,"event":{"mods":["BaseMod","Downfall","Minty Spire (QoL Compilation)","StSLib"],"gold_per_floor":[99,110,16,36,136,162,189,89,117,267,296,306,337,355,369,469,469,369,389,409,409,419,419,419,437,468,486,497,59,59,144,156,251,251,251,270,8,20,20,20,20,46,46,56,82,150,50,62,80,80,80,80],"floor_reached":50,"language":"ENG","playtime":11248,"items_purged":["downfall:Icky","downfall:Icky","downfall:Haunted"],"score":684,"play_id":"5de33ff6-0957-4a70-b61a-6fd6723e0d1a","local_time":"20210208153920","is_ascension_mode":true,"campfire_choices":[{"floor":1.0,"key":"RECALL"},{"data":"champ:AdrenalArmor","floor":8.0,"key":"SMITH"},{"data":"champ:IgnorePain","floor":18.0,"key":"SMITH"},{"data":"champ:ShieldSlam","floor":23.0,"key":"SMITH"},{"data":"champ:StrikeOfGenius","floor":30.0,"key":"SMITH"},{"data":"champ:TripleStrike","floor":35.0,"key":"SMITH"},{"data":"champ:ArenaPreparation","floor":47,"key":"SMITH"}],"circlet_count":0,"master_deck":["champ:Strike","champ:Strike","champ:Strike","champ:Defend","champ:Defend","champ:Execute","champ:Taunt","champ:RisingSlash","champ:AdrenalArmor+1","champ:BerserkerStyle","champ:Backstep","champ:ShieldSlam+1","champ:Duel","champ:DefensiveStyle","champ:ArenaPreparation+1","champ:IgnorePain+1","champ:AdrenalArmor","champ:FocusedBerserking","champ:RisingSlash","champ:StrikeOfGenius+1","champ:BladeFlurry+1","champ:DefensiveShout+1","Master of Strategy","champ:Backstep+1","champ:TripleStrike+1","champ:ShieldSlam+1","champ:EnGarde+1","champ:ViciousMockery+1","champ:BladeFlurry","champ:SwordSigil","champ:AdrenalArmor+1","champ:Backstep+1","champ:PerfectedStrike+1"],"relics":["champ:ChampionCrown","Champion Belt","Mummified Hand","Akabeko","downfall:HeartBlessingRed","Regal Pillow","Strawberry","Bottled Lightning","Cursed Key","downfall:HeartBlessingGreen","Bag of Preparation","Prayer Wheel","Vajra","Astrolabe","Medical Kit","StrikeDummy","Oddly Smooth Stone","Lee\u0027s Waffle","downfall:HeartBlessingBlue"],"acts_visited":["Exordium","TheCity","TheBeyond"],"potions_floor_usage":[50],"damage_taken":[{"damage":5.0,"enemies":"2 Louse","floor":2.0,"turns":4.0},{"damage":30.0,"enemies":"downfall:FleeingMerchant","floor":3.0,"turns":4.0},{"damage":32.0,"enemies":"Jaw Worm","floor":4.0,"turns":4.0},{"damage":67.0,"enemies":"Jaw Worm","floor":5.0,"turns":4.0},{"damage":52.0,"enemies":"3 Sentries","floor":6.0,"turns":9.0},{"damage":26.0,"enemies":"Gremlin Nob","floor":9.0,"turns":4.0},{"damage":21.0,"enemies":"Lagavulin","floor":11.0,"turns":5.0},{"damage":10.0,"enemies":"Small Slimes","floor":12.0,"turns":3.0},{"damage":48.0,"enemies":"3 Sentries","floor":13.0,"turns":5.0},{"damage":25.0,"enemies":"2 Fungi Beasts","floor":14.0,"turns":3.0},{"damage":35.0,"enemies":"Large Slime","floor":15.0,"turns":6.0},{"damage":30.0,"enemies":"DF_ARCHETYPE_STREAMLINE","floor":16.0,"turns":8.0},{"damage":52.0,"enemies":"Chosen","floor":19.0,"turns":4.0},{"damage":39.0,"enemies":"Centurion and Healer","floor":20.0,"turns":6.0},{"damage":21.0,"enemies":"Cultist and Chosen","floor":22.0,"turns":6.0},{"damage":10.0,"enemies":"Snecko","floor":25.0,"turns":3.0},{"damage":28.0,"enemies":"Book of Stabbing","floor":26.0,"turns":5.0},{"damage":31.0,"enemies":"Shelled Parasite and Fungi","floor":27.0,"turns":6.0},{"damage":41.0,"enemies":"Sentry and Sphere","floor":28.0,"turns":5.0},{"damage":49.0,"enemies":"downfall:FleeingMerchant","floor":29.0,"turns":4.0},{"damage":68.0,"enemies":"Centurion and Healer","floor":32.0,"turns":4.0},{"damage":58.0,"enemies":"SI_MIRROR_ARCHETYPE","floor":33.0,"turns":5.0},{"damage":56.0,"enemies":"3 Shapes","floor":36.0,"turns":4.0},{"damage":74.0,"enemies":"downfall:FleeingMerchant","floor":37.0,"turns":4.0},{"damage":20.0,"enemies":"Orb Walker","floor":38.0,"turns":2.0},{"damage":52.0,"enemies":"Nemesis","floor":42.0,"turns":7.0},{"damage":81.0,"enemies":"Sphere and 2 Shapes","floor":44.0,"turns":3.0},{"damage":81.0,"enemies":"Reptomancer","floor":45.0,"turns":6.0},{"damage":7.0,"enemies":"downfall:FleeingMerchant","floor":46.0,"turns":4.0},{"damage":106,"enemies":"Giant Head","floor":48,"turns":6},{"damage":91,"enemies":"Maw","floor":49,"turns":5},{"damage":120,"enemies":"WA_ARCHETYPE_DIVINITY","floor":50,"turns":5}],"seed_played":"2558229004715441741","potions_obtained":[{"floor":0.0,"key":"Block Potion"},{"floor":0.0,"key":"hexamod:SoulburnPotion"},{"floor":0.0,"key":"ColorlessPotion"},{"floor":5.0,"key":"Guardian:BlockOnCardUsePotion"},{"floor":6.0,"key":"SteroidPotion"},{"floor":9.0,"key":"SteroidPotion"},{"floor":11.0,"key":"AttackPotion"},{"floor":13.0,"key":"champ:CounterPotion"},{"floor":19.0,"key":"champ:CounterPotion"},{"floor":21.0,"key":"CultistPotion"},{"floor":26.0,"key":"SpeedPotion"},{"floor":32.0,"key":"SpeedPotion"},{"floor":45.0,"key":"EntropicBrew"}],"is_trial":false,"path_per_floor":["R","M","$","M","?","E","T","R","E","?","E","M","E","M","M","B",null,"R","M","M","?","M","R","T","M","E","M","M","$","R","?","M","B",null,"R","M","$","M","?","?","T","E","?","M","E","$","R","E","M","B"],"character_chosen":"THE_CHAMP","items_purchased":["champ:BerserkerStyle","Vajra","Master of Strategy","Medical Kit","Lee\u0027s Waffle"],"campfire_rested":0,"item_purchase_floors":[3,29,29,37,46],"current_hp_per_floor":[90,90,90,89,74,49,49,49,44,44,37,37,26,26,16,1,97,97,97,93,93,97,97,97,97,97,97,87,87,87,69,69,60,97,97,96,96,96,96,96,96,82,82,82,82,104,114,100,101,0,0,0],"gold":80,"neow_bonus":"THREE_SMALL_POTIONS","is_daily":false,"chose_seed":false,"campfire_upgraded":6,"win_rate":0.0,"timestamp":1612791560,"path_taken":["R","M","$","M","?","E","T","R","E","?","E","M","E","M","M","BOSS","R","M","M","?","M","R","T","M","E","M","M","$","R","?","M","BOSS","R","M","$","M","?","?","T","E","?","M","E","$","R","E","M","BOSS"],"items_purchased_type":["Card","Relic","Card","Relic","Relic"],"build_version":"2020-12-22","purchased_purges":3,"victory":false,"max_hp_per_floor":[90,90,90,90,90,90,90,90,90,90,97,97,97,97,97,97,97,97,97,97,97,97,97,97,97,97,97,97,97,97,97,97,97,97,97,97,97,97,97,97,97,97,97,97,97,104,114,114,114,114,114,114],"card_choices":[{"not_picked":["champ:FanOfKnives","champ:GladiatorStyle"],"picked":"champ:RisingSlash","floor":2.0},{"not_picked":["champ:Haymaker","champ:GutPunch"],"picked":"champ:AdrenalArmor","floor":3.0},{"not_picked":["champ:BringItOn","champ:Shatter"],"picked":"champ:RisingSlash","floor":4.0},{"not_picked":["champ:FlashCut","champ:CalledShot"],"picked":"champ:Backstep","floor":5.0},{"not_picked":["champ:BringItOn","champ:DefensiveShout","champ:FlashCut"],"picked":"SKIP","floor":6.0},{"not_picked":["champ:LastStand","champ:PreemptiveStrike"],"picked":"champ:ShieldSlam","floor":9.0},{"not_picked":["champ:Parry","champ:GladiatorStyle","champ:Lariat"],"picked":"SKIP","floor":11.0},{"not_picked":["champ:Haymaker","champ:TornadoPunch"],"picked":"champ:Duel","floor":12.0},{"not_picked":["champ:AdrenalArmor","champ:PreemptiveStrike"],"picked":"champ:DefensiveStyle","floor":13.0},{"not_picked":["champ:BladeFlurry","champ:TornadoPunch","champ:Shatter"],"picked":"SKIP","floor":14.0},{"not_picked":["champ:Endure","champ:Lariat"],"picked":"champ:ArenaPreparation","floor":15.0},{"not_picked":["champ:MurderStrike","champ:Improvising"],"picked":"champ:IgnorePain","floor":16.0},{"not_picked":["champ:IronFortress","champ:GladiatorStyle+1"],"picked":"champ:AdrenalArmor","floor":19.0},{"not_picked":["champ:FlashCut","champ:DefensiveShout"],"picked":"champ:FocusedBerserking","floor":20.0},{"not_picked":["champ:Encircle","champ:GutPunch+1","champ:ShieldWall"],"picked":"SKIP","floor":22.0},{"not_picked":["champ:Backstep","champ:StanceDance","champ:TornadoPunch+1"],"picked":"SKIP","floor":25.0},{"not_picked":["champ:BerserkersShout","champ:Circumvent+1"],"picked":"champ:RisingSlash","floor":26.0},{"not_picked":["champ:GutPunch","champ:PerfectedStrike+1"],"picked":"champ:StrikeOfGenius","floor":27.0},{"not_picked":["champ:BerserkersShout","champ:Haymaker"],"picked":"champ:BladeFlurry+1","floor":27.0},{"not_picked":["champ:CrownThrow","champ:FalseCounter+1"],"picked":"champ:DefensiveShout+1","floor":28.0},{"not_picked":["champ:FanOfKnives+1","champ:EnragedBash","champ:PerfectedStrike+1"],"picked":"SKIP","floor":28.0},{"not_picked":["champ:PerfectedStrike","champ:FanOfKnives+1","champ:ShieldWall"],"picked":"SKIP","floor":29.0},{"not_picked":["champ:StanceDance","champ:ArenaPreparation"],"picked":"champ:Backstep+1","floor":32.0},{"not_picked":["champ:FalseCounter","champ:SkillfulDodge","champ:Parry"],"picked":"SKIP","floor":32.0},{"not_picked":["champ:VampiricStrike","champ:Devastate"],"picked":"champ:TripleStrike","floor":33.0},{"not_picked":["champ:Circumvent","champ:ShieldSigil"],"picked":"champ:BladeFlurry","floor":36.0},{"not_picked":["champ:BerserkersShout","champ:Duel+1","champ:Shatter"],"picked":"SKIP","floor":36.0},{"not_picked":["champ:Circumvent+1","champ:GladiatorStyle+1"],"picked":"champ:SwordSigil","floor":37.0},{"not_picked":["champ:PreemptiveStrike","champ:TornadoPunch+1"],"picked":"champ:AdrenalArmor+1","floor":38.0},{"not_picked":["champ:FocusedBerserking+1","champ:RecklessLeap","champ:EnragedBash"],"picked":"SKIP","floor":38.0},{"not_picked":["champ:BringItOn+1","champ:Circumvent","champ:RisingSlash"],"picked":"SKIP","floor":42.0},{"not_picked":["champ:CrownThrow+1","champ:SkillfulDodge"],"picked":"champ:Backstep+1","floor":44.0},{"not_picked":["champ:AdrenalArmor","champ:GladiatorStyle","champ:EnGarde+1"],"picked":"SKIP","floor":44.0},{"not_picked":["champ:SteelEdge","champ:ShieldWall","champ:ShieldSigil"],"picked":"SKIP","floor":45.0},{"not_picked":["champ:BringItOn+1","champ:PreciseThrust+1","champ:DancingMaster"],"picked":"SKIP","floor":48},{"not_picked":["champ:EnGarde","champ:Shatter+1"],"picked":"champ:PerfectedStrike+1","floor":49},{"not_picked":["champ:FocusedBerserking","champ:IronFortress+1","champ:CrownThrow"],"picked":"SKIP","floor":49}],"player_experience":1198620,"relics_obtained":[{"floor":5.0,"key":"Champion Belt"},{"floor":6.0,"key":"Mummified Hand"},{"floor":7.0,"key":"Akabeko"},{"floor":9.0,"key":"Regal Pillow"},{"floor":11.0,"key":"Strawberry"},{"floor":13.0,"key":"Bottled Lightning"},{"floor":24.0,"key":"Bag of Preparation"},{"floor":26.0,"key":"Prayer Wheel"},{"floor":42.0,"key":"StrikeDummy"},{"floor":45.0,"key":"Oddly Smooth Stone"}],"event_choices":[{"cards_removed":["champ:RisingSlash"],"damage_healed":0.0,"max_hp_gain":0.0,"max_hp_loss":0.0,"gold_gain":0.0,"event_name":"Falling","player_choice":"Removed Attack","floor":39.0,"gold_loss":0.0,"damage_taken":0.0}],"is_beta":false,"boss_relics":[{"not_picked":["SlaversCollar","Velvet Choker"],"picked":"Cursed Key"},{"not_picked":["bronze:MakeshiftBattery","Fusion Hammer"],"picked":"Astrolabe"}],"items_purged_floors":[29,37,46],"is_endless":false,"potions_floor_spawned":[5,6,9,11,13,14,19,26,32,33,36,45],"killed_by":"WA_ARCHETYPE_DIVINITY","ascension_level":1}}