{"host":"3twtdwjpiqhvvn5s","time":1612807247,"event":{"mods":["AchievementEnabler","Act Like it!","Aspiration","BaseMod","BetterRewards","Colored Map","Colored Powertips","Downfall","Duelist Mod","Friendly Minions","GifTheSpireLib","Hermit","Hubris","Infinite Spire","Jorbs\u0027s Wanderer Trilogy","Koishi","KomeijiMod","Marisa????????","Minty Spire (QoL Compilation)","Quick Restart","Rare Cards Sparkle","Replay The Spire","Shop Mod","StSLib","Td1madao Mod","The Administrix","The Animator","The Bug Knight","The Caster","The Cursed","The Disciple","The Hierophant","The Necromancer","The Poker Player","The Runesmith","The Servant 0.9.4"],"gold_per_floor":[99,117,131,146,158,191,215,226,306,339,382,466,498,15,15,111,111,129,147,158,169,179,212,225,253,276,293,307,307,323,343,343,343,343],"floor_reached":33,"language":"ENG","playtime":98839,"items_purged":["stsjorbsmod:Defend_Wanderer"],"score":369,"play_id":"d8c84bed-2ed5-4102-a001-90cde9aafaa7","local_time":"20210208120046","daily_mods":["Terminal"],"is_ascension_mode":false,"campfire_choices":[{"data":"1","floor":15,"key":"LIFT"},{"floor":29,"key":"REST"},{"floor":32,"key":"REST"}],"circlet_count":0,"master_deck":["stsjorbsmod:ForbiddenGrimoire+1","stsjorbsmod:Strike_Wanderer","stsjorbsmod:Strike_Wanderer","stsjorbsmod:Strike_Wanderer","stsjorbsmod:Defend_Wanderer","stsjorbsmod:Defend_Wanderer","stsjorbsmod:Defend_Wanderer","stsjorbsmod:FreshAdventure","stsjorbsmod:EyeOfTheStorm","stsjorbsmod:GatherPower+1","stsjorbsmod:TinyHut","stsjorbsmod:MageArmor","stsjorbsmod:Message","stsjorbsmod:Hibernate","stsjorbsmod:Message","stsjorbsmod:FindFamiliar","stsjorbsmod:Index","stsjorbsmod:Pyromancy+1","stsjorbsmod:MirrorImage","stsjorbsmod:TrueStrike+1","stsjorbsmod:ArcaneForm+1","stsjorbsmod:RayOfFrost","stsjorbsmod:SmithingStrike"],"relics":["stsjorbsmod:GrimoireRelic","Akabeko","hexamod:CandleOfCauterizing","Girya","Vajra","Bronze Scales","Frozen Egg 2","Runic Dome","Replay:Mystery Machine","Boot"],"acts_visited":["Exordium","TheCity"],"potions_floor_usage":[5,6,7,13,16,18,19,19,21,23,27],"damage_taken":[{"damage":0,"enemies":"Cultist","floor":2,"turns":2},{"damage":0,"enemies":"Small Slimes","floor":3,"turns":3},{"damage":0,"enemies":"infinitespire:Voidling","floor":4,"turns":3},{"damage":0,"enemies":"Gremlin Gang","floor":5,"turns":6},{"damage":3,"enemies":"Lagavulin","floor":6,"turns":6},{"damage":0,"enemies":"Exordium Thugs","floor":7,"turns":6},{"damage":7,"enemies":"Exordium Wildlife","floor":8,"turns":3},{"damage":0,"enemies":"HollowMod:MossKnight","floor":10,"turns":3},{"damage":0,"enemies":"3 Louse","floor":11,"turns":4},{"damage":9,"enemies":"Gremlin Nob","floor":13,"turns":4},{"damage":15,"enemies":"The Guardian","floor":16,"turns":9},{"damage":6,"enemies":"Shell Parasite","floor":18,"turns":5},{"damage":0,"enemies":"3 Byrds","floor":19,"turns":2},{"damage":0,"enemies":"Snake Plant","floor":20,"turns":1},{"damage":0,"enemies":"Chosen and Byrds","floor":21,"turns":4},{"damage":0,"enemies":"3 Cultists","floor":22,"turns":5},{"damage":0,"enemies":"theDuelist:KaibaA2","floor":23,"turns":2},{"damage":0,"enemies":"Snecko","floor":24,"turns":5},{"damage":34,"enemies":"Gremlin Leader","floor":25,"turns":3},{"damage":0,"enemies":"Sentry and Sphere","floor":27,"turns":2},{"damage":5,"enemies":"Snake Plant","floor":28,"turns":3},{"damage":4,"enemies":"Snecko","floor":30,"turns":7},{"damage":11,"enemies":"3 Cultists","floor":31,"turns":5},{"damage":33,"enemies":"Collector","floor":33,"turns":3}],"seed_played":"6046510263889152755","potions_obtained":[{"floor":2,"key":"PowerPotion"},{"floor":4,"key":"Adrenaline Potion"},{"floor":6,"key":"EssenceOfSteel"},{"floor":10,"key":"Explosive Potion"},{"floor":11,"key":"ColorlessPotion"},{"floor":12,"key":"UndeadPotion"},{"floor":12,"key":"JyouchiReiPotion"},{"floor":16,"key":"LifebloodPotion"},{"floor":18,"key":"EntropicBrew"},{"floor":20,"key":"Elixir"},{"floor":22,"key":"ColorlessPotion"},{"floor":23,"key":"CalmPotion"},{"floor":25,"key":"LifebloodPotion"}],"is_trial":true,"path_per_floor":["?","M","M","M","M","E","M","M","T","E","M","?","E","$","R","B",null,"M","M","M","M","M","E","M","E","T","M","M","R","M","M","R","B"],"character_chosen":"WANDERER","items_purchased":["Frozen Egg 2","stsjorbsmod:Pyromancy+1"],"campfire_rested":2,"item_purchase_floors":[14,14],"current_hp_per_floor":[66,65,64,63,62,61,60,54,54,56,60,59,53,53,53,38,54,50,50,50,50,49,48,47,13,13,15,14,26,27,18,30,0,0],"gold":343,"neow_bonus":"","is_daily":false,"chose_seed":false,"campfire_upgraded":0,"win_rate":0.0,"timestamp":1612807246,"path_taken":["?","M","M","M","M","E","M","M","T","E","M","?","E","$","R","BOSS","M","M","M","?","?","E","M","E","T","M","M","R","M","M","R","BOSS"],"items_purchased_type":["Relic","Card"],"build_version":"2020-12-22","purchased_purges":1,"victory":false,"max_hp_per_floor":[66,65,64,63,62,61,60,59,58,57,60,59,58,57,56,55,54,53,52,51,50,49,48,47,46,45,44,43,42,41,40,39,39,39],"card_choices":[{"not_picked":["sneckomod:UnknownClassSLIMEBOUND","stsjorbsmod:ChatteringStrike"],"picked":"stsjorbsmod:TinyHut","floor":2},{"not_picked":["sneckomod:UnknownColorless","sneckomod:UnknownClassTHE_CURSED_PURPLE"],"picked":"stsjorbsmod:MageArmor","floor":3},{"not_picked":["stsjorbsmod:Mindworm","sneckomod:UnknownClassTHE_CHAMP_GRAY"],"picked":"stsjorbsmod:Message","floor":4},{"not_picked":["sneckomod:UnknownClass????","stsjorbsmod:Mania"],"picked":"stsjorbsmod:Hibernate","floor":5},{"not_picked":["sneckomod:PureSnecko","sneckomod:UnknownClassSILVER","stsjorbsmod:OldPocket"],"picked":"SKIP","floor":6},{"not_picked":["stsjorbsmod:Feast","stsjorbsmod:Inferno","stsjorbsmod:ParryingBlow"],"picked":"SKIP","floor":7},{"not_picked":["sneckomod:WideSting","sneckomod:UnknownColorless"],"picked":"stsjorbsmod:Message","floor":8},{"not_picked":["stsjorbsmod:Fear","stsjorbsmod:HedgeWizard"],"picked":"stsjorbsmod:FindFamiliar","floor":10},{"not_picked":["sneckomod:UnknownClassBUGKNIGHT_GRAY_COLOR","sneckomod:SnakeSap","stsjorbsmod:Will"],"picked":"SKIP","floor":11},{"not_picked":["sneckomod:UnknownClassINFINITE_BLACK","sneckomod:UnknownClassMARISA_COLOR"],"picked":"stsjorbsmod:Index","floor":13},{"not_picked":["sneckomod:SerpentMind+1","sneckomod:UnknownRareSkill"],"picked":"stsjorbsmod:MirrorImage","floor":16},{"not_picked":["stsjorbsmod:Will","stsjorbsmod:Firebolt","stsjorbsmod:BlackTentacles"],"picked":"SKIP","floor":18},{"not_picked":["stsjorbsmod:BlackTentacles","stsjorbsmod:LocateObject"],"picked":"stsjorbsmod:TrueStrike+1","floor":19},{"not_picked":["stsjorbsmod:HedgeWizard","stsjorbsmod:Materialize","stsjorbsmod:ArcaneWeapon+1"],"picked":"SKIP","floor":20},{"not_picked":["stsjorbsmod:Channel+1","stsjorbsmod:MageArmor"],"picked":"stsjorbsmod:ArcaneForm+1","floor":21},{"not_picked":["stsjorbsmod:Message","stsjorbsmod:Channel+1"],"picked":"stsjorbsmod:RayOfFrost","floor":22},{"not_picked":["stsjorbsmod:Materialize+1","stsjorbsmod:Thorns","stsjorbsmod:BurningFlask"],"picked":"SKIP","floor":23},{"not_picked":["stsjorbsmod:Thorns","stsjorbsmod:Prepare+1","stsjorbsmod:Hurt"],"picked":"SKIP","floor":24},{"not_picked":["stsjorbsmod:FracturedMind","stsjorbsmod:ArcaneWeapon+1","stsjorbsmod:LocateObject+1"],"picked":"SKIP","floor":25},{"not_picked":["stsjorbsmod:Index","stsjorbsmod:ArcaneWeapon+1","stsjorbsmod:BlackTentacles"],"picked":"SKIP","floor":27},{"not_picked":["stsjorbsmod:WanderingMind+1","stsjorbsmod:ParryingBlow","stsjorbsmod:Aid+1"],"picked":"SKIP","floor":28},{"not_picked":["stsjorbsmod:Hibernate","stsjorbsmod:HedgeWizard+1","stsjorbsmod:Hurt"],"picked":"SKIP","floor":30},{"not_picked":["stsjorbsmod:Thorns","stsjorbsmod:RayOfFrost"],"picked":"stsjorbsmod:SmithingStrike","floor":31}],"player_experience":2775881,"relics_obtained":[{"floor":6,"key":"Akabeko"},{"floor":9,"key":"hexamod:CandleOfCauterizing"},{"floor":10,"key":"Girya"},{"floor":12,"key":"Vajra"},{"floor":13,"key":"Bronze Scales"},{"floor":25,"key":"Replay:Mystery Machine"},{"floor":26,"key":"Boot"}],"event_choices":[],"is_beta":false,"boss_relics":[{"not_picked":["bronze:MakeshiftBattery","sneckomod:SneckoTalon"],"picked":"Runic Dome"}],"items_purged_floors":[14],"is_endless":false,"potions_floor_spawned":[2,4,6,10,11,16,18,20,22,23,25],"killed_by":"Collector","ascension_level":0}}