{"host":"hka8b3f4pkvnp4ei","time":1612790271,"event":{"mods":["BaseMod","Minty Spire (QoL Compilation)","Quick Restart","Replay The Spire","StSLib"],"gold_per_floor":[111,38,56,31,31,56,80,80,129,79,110,35,68,85,85,184,184,203,203,203,203,217,245,259,259,286,286,286,314,333,367,367,467,467,482,482,482,497,497,526,526,553,553,553,583,858,868,879,879,879,879,879,584,619,619],"floor_reached":56,"language":"ZHS","playtime":3137,"items_purged":["Strike_G","Dash"],"score":2059,"play_id":"8d6ca694-6719-4108-9ce0-98eccc989111","local_time":"20210208211751","is_ascension_mode":true,"campfire_choices":[{"data":"Blade Dance","floor":8.0,"key":"SMITH"},{"data":"Accuracy","floor":15.0,"key":"SMITH"},{"data":"Bullet Time","floor":25.0,"key":"SMITH"},{"data":"Calculated Gamble","floor":27.0,"key":"SMITH"},{"data":"Dash","floor":32.0,"key":"PURGE"},{"floor":41.0,"key":"RECALL"},{"data":"Reflex","floor":44.0,"key":"SMITH"},{"data":"Tactician","floor":49,"key":"SMITH"},{"data":"Acrobatics","floor":52,"key":"SMITH"}],"circlet_count":0,"master_deck":["Survivor","Neutralize","Calculated Gamble+1","Calculated Gamble","Accuracy+1","Blade Dance+1","Acrobatics+1","Footwork","After Image","Bullet Time+1","Replay:Poison Smokescreen","Blur","Tactician+1","ReplayTheSpireMod:Speed Training","Escape Plan","Expertise","Reflex+1","Adrenaline","Well Laid Plans+1"],"relics":["Ring of the Snake","NeowsBlessing","Omamori","Odd Mushroom","Replay:Rubber Ducky","Chameleon Ring","Pantograph","Pandora\u0027s Box","Molten Egg 2","Happy Flower","Shuriken","ReplayTheSpireMod:Ninjato","HoveringKite","Pocketwatch","Vajra","Dream Catcher","Bird Faced Urn","ReplayTheSpireMod:CursedCoin","Eternal Feather"],"acts_visited":["Exordium","TheCity","TheBeyond","TheEnding"],"potions_floor_usage":[55],"damage_taken":[{"damage":0.0,"enemies":"Cultist","floor":1.0,"turns":1.0},{"damage":0.0,"enemies":"Jaw Worm","floor":3.0,"turns":1.0},{"damage":0.0,"enemies":"Lagavulin","floor":6.0,"turns":1.0},{"damage":7.0,"enemies":"The Mushroom Lair","floor":7.0,"turns":4.0},{"damage":19.0,"enemies":"3 Sentries","floor":11.0,"turns":8.0},{"damage":0.0,"enemies":"Lagavulin","floor":13.0,"turns":6.0},{"damage":0.0,"enemies":"Small Slimes","floor":14.0,"turns":3.0},{"damage":0.0,"enemies":"Slime Boss","floor":16.0,"turns":6.0},{"damage":11.0,"enemies":"Spheric Guardian","floor":18.0,"turns":6.0},{"damage":0.0,"enemies":"2 Thieves","floor":22.0,"turns":3.0},{"damage":0.0,"enemies":"Gremlin Leader","floor":23.0,"turns":4.0},{"damage":0.0,"enemies":"3 Cultists","floor":24.0,"turns":5.0},{"damage":25.0,"enemies":"Slavers","floor":29.0,"turns":6.0},{"damage":0.0,"enemies":"Shelled Parasite and Fungi","floor":30.0,"turns":3.0},{"damage":0.0,"enemies":"Book of Stabbing","floor":31.0,"turns":4.0},{"damage":0.0,"enemies":"Automaton","floor":33.0,"turns":6.0},{"damage":0.0,"enemies":"3 Shapes","floor":35.0,"turns":3.0},{"damage":0.0,"enemies":"3 Darklings","floor":38.0,"turns":3.0},{"damage":0.0,"enemies":"Giant Head","floor":40.0,"turns":5.0},{"damage":0.0,"enemies":"Reptomancer","floor":42.0,"turns":4.0},{"damage":0.0,"enemies":"Giant Head","floor":45.0,"turns":3.0},{"damage":0,"enemies":"Jaw Worm Horde","floor":47,"turns":2},{"damage":0,"enemies":"Transient","floor":48,"turns":5},{"damage":0,"enemies":"Awakened One","floor":50,"turns":4},{"damage":0,"enemies":"Shield and Spear","floor":54,"turns":1},{"damage":0,"enemies":"The Heart","floor":55,"turns":3}],"seed_played":"6312868727871000734","potions_obtained":[{"floor":1.0,"key":"Weak Potion"},{"floor":13.0,"key":"Fire Potion"},{"floor":14.0,"key":"AttackPotion"},{"floor":18.0,"key":"SkillPotion"},{"floor":24.0,"key":"SpeedPotion"},{"floor":30.0,"key":"Energy Potion"},{"floor":35.0,"key":"GhostInAJar"}],"is_trial":false,"path_per_floor":["M","$","M","$","$","E","?","R","T","?","E","$","E","M","R","B",null,"M","$","?","?","M","E","M","R","T","R","?","E","M","E","R","B",null,"M","?","?","M","$","E","R","E","T","R","E","?","M","M","R","B",null,"R","$","E","B",null],"character_chosen":"THE_SILENT","items_purchased":["Accuracy","Acrobatics","Elixir","Bird Faced Urn","ReplayTheSpireMod:CursedCoin"],"campfire_rested":0,"item_purchase_floors":[2,4,53,53,53],"current_hp_per_floor":[70,70,70,70,70,70,63,63,63,63,44,44,44,44,44,69,70,59,59,59,59,59,59,59,59,59,59,46,21,21,21,21,46,68,68,68,68,68,68,68,68,68,68,68,68,68,68,68,68,75,75,75,75,75,75],"gold":619,"neow_bonus":"THREE_ENEMY_KILL","is_daily":false,"chose_seed":false,"campfire_upgraded":7,"win_rate":0.0,"timestamp":1612790271,"path_taken":["M","?","M","?","$","E","?","R","T","?","E","$","E","M","R","BOSS","M","$","?","?","?","E","M","R","T","R","?","E","M","E","R","BOSS","M","?","?","M","$","E","R","E","T","R","E","?","M","?","R","BOSS","R","$","E","BOSS"],"items_purchased_type":["Card","Card","Potion","Relic","Relic"],"build_version":"2020-12-22","purchased_purges":2,"victory":true,"max_hp_per_floor":[70,70,70,70,70,70,70,70,70,70,70,70,70,70,70,70,70,70,70,70,70,70,70,70,70,70,70,75,75,75,75,75,75,75,75,75,75,75,75,75,75,75,75,75,75,75,75,75,75,75,75,75,75,75,75],"card_choices":[{"not_picked":["Flechettes","Leg Sweep"],"picked":"Calculated Gamble","floor":1.0},{"not_picked":["Flechettes","Leg Sweep"],"picked":"Calculated Gamble","floor":1.0},{"not_picked":["Slice","Quick Slash"],"picked":"Blade Dance","floor":3.0},{"not_picked":["Caltrops","Bouncing Flask","Catalyst"],"picked":"SKIP","floor":6.0},{"not_picked":["Underhanded Strike","Poisoned Stab"],"picked":"Footwork","floor":11.0},{"not_picked":["ReplayTheSpireMod:The Works","Deflect","Hidden Blade"],"picked":"SKIP","floor":13.0},{"not_picked":["Sneak Up","Outmaneuver","Hidden Blade"],"picked":"SKIP","floor":14.0},{"not_picked":["Phantasmal Killer","ReplayTheSpireMod:From All Sides"],"picked":"After Image","floor":16.0},{"not_picked":["Calculated Gamble","Blade Dance","Hidden Blade"],"picked":"SKIP","floor":18.0},{"not_picked":["Bane","Sucker Punch"],"picked":"Expertise","floor":22.0},{"not_picked":["Outmaneuver","Blur"],"picked":"Reflex","floor":23.0},{"not_picked":["ReplayTheSpireMod:Shiv Toss","Dagger Throw+1","ReplayTheSpireMod:Exploit Weakness+1"],"picked":"SKIP","floor":24.0},{"not_picked":["Masterful Stab+1","Terror","Deflect+1"],"picked":"SKIP","floor":29.0},{"not_picked":["Slice+1","Dagger Throw+1","ReplayTheSpireMod:The Works"],"picked":"SKIP","floor":30.0},{"not_picked":["ReplayTheSpireMod:Scrap Shanks","Dagger Spray+1"],"picked":"Adrenaline","floor":31.0},{"not_picked":["Dagger Spray+1","Dodge and Roll","Deadly Poison+1"],"picked":"SKIP","floor":35.0},{"not_picked":["Dagger Spray+1","Dagger Throw+1"],"picked":"Well Laid Plans+1","floor":38.0},{"not_picked":["Flechettes+1","Deflect+1","Quick Slash+1"],"picked":"SKIP","floor":40.0},{"not_picked":["Endless Agony+1","Bane+1","Dagger Throw+1"],"picked":"SKIP","floor":42.0},{"not_picked":["Outmaneuver+1","Accuracy+1","All Out Attack+1"],"picked":"SKIP","floor":45.0},{"not_picked":["Acrobatics","Replay:Bag of Tricks","Prepared"],"picked":"SKIP","floor":47},{"not_picked":["Catalyst","Footwork+1","Toxin Wave"],"picked":"SKIP","floor":48},{"not_picked":["Catalyst","Footwork+1","Toxin Wave"],"picked":"SKIP","floor":48},{"not_picked":["Catalyst","Footwork+1","Toxin Wave"],"picked":"SKIP","floor":48},{"not_picked":["Cloak And Dagger","Endless Agony+1","Hidden Blade"],"picked":"SKIP","floor":54}],"player_experience":458525,"relics_obtained":[{"floor":6.0,"key":"Omamori"},{"floor":7.0,"key":"Odd Mushroom"},{"floor":9.0,"key":"Replay:Rubber Ducky"},{"floor":11.0,"key":"Chameleon Ring"},{"floor":13.0,"key":"Pantograph"},{"floor":23.0,"key":"Molten Egg 2"},{"floor":26.0,"key":"Happy Flower"},{"floor":29.0,"key":"Shuriken"},{"floor":31.0,"key":"ReplayTheSpireMod:Ninjato"},{"floor":40.0,"key":"Pocketwatch"},{"floor":42.0,"key":"Vajra"},{"floor":45.0,"key":"Dream Catcher"},{"floor":54,"key":"Eternal Feather"}],"event_choices":[{"damage_healed":0.0,"max_hp_gain":0.0,"max_hp_loss":0.0,"gold_gain":0.0,"event_name":"Mushrooms","player_choice":"Fought Mushrooms","floor":7.0,"gold_loss":0.0,"damage_taken":0.0},{"cards_removed":["Strike_G"],"damage_healed":0.0,"max_hp_gain":0.0,"max_hp_loss":0.0,"gold_gain":0.0,"event_name":"The Cleric","player_choice":"Card Removal","floor":10.0,"gold_loss":50.0,"damage_taken":0.0},{"damage_healed":0.0,"max_hp_gain":0.0,"max_hp_loss":0.0,"gold_gain":0.0,"event_name":"The Library","player_choice":"Read","floor":20.0,"gold_loss":0.0,"damage_taken":0.0,"cards_obtained":["Escape Plan"]},{"damage_healed":0.0,"max_hp_gain":0.0,"max_hp_loss":0.0,"gold_gain":0.0,"event_name":"Vampires","player_choice":"Ignored","floor":21.0,"gold_loss":0.0,"damage_taken":0.0},{"damage_healed":0.0,"max_hp_gain":5.0,"max_hp_loss":0.0,"gold_gain":0.0,"event_name":"Forgotten Altar","player_choice":"Shed Blood","floor":28.0,"gold_loss":0.0,"damage_taken":18.0},{"cards_removed":["Glass Knife"],"damage_healed":0.0,"max_hp_gain":0.0,"max_hp_loss":0.0,"gold_gain":0.0,"event_name":"Falling","player_choice":"Removed Attack","floor":36.0,"gold_loss":0.0,"damage_taken":0.0},{"damage_healed":0.0,"max_hp_gain":0.0,"max_hp_loss":0.0,"gold_gain":0.0,"event_name":"Tomb of Lord Red Mask","player_choice":"Ignored","floor":37.0,"gold_loss":0.0,"damage_taken":0.0},{"damage_healed":0.0,"max_hp_gain":0.0,"max_hp_loss":0.0,"gold_gain":275.0,"event_name":"Golden Shrine","player_choice":"Desecrate","floor":46.0,"gold_loss":0.0,"damage_taken":0.0,"cards_obtained":["Regret"]}],"is_beta":false,"boss_relics":[{"not_picked":["Velvet Choker","Ring of Chaos"],"picked":"Pandora\u0027s Box"},{"not_picked":["Honey Jar","Replay:Ancient Bell"],"picked":"HoveringKite"}],"items_purged_floors":[12,53],"is_endless":false,"potions_floor_spawned":[1,13,14,18,24,30,35,38,47],"ascension_level":5}}