{"host":"n7gt2lywuauec2nz","time":1612780550,"event":{"mods":["100% Spire Juice","2.2 Compatiblity","Act Like it!","Aspiration","BaseMod","Better Third Choice","Colored Powertips","DeckTracker","GifTheSpireLib","Highlight Path","HololiveMod","Hubris","Infinite Spire","Minty Spire (QoL Compilation)","Quick Restart","Random Character Button","Relic Sorter","Replay The Spire","Retaliation","StSLib","Synergy Search","The IronCluck"],"gold_per_floor":[98,41,60,76,90,115,115,115,115,115,15,15,15,28,28,132,12,30,49,63,77,32,50,50,82,130,130,130,130,130,130,146,162,162,267,267,283,303,303,303],"floor_reached":39,"language":"ENG","playtime":1608,"items_purged":[],"score":455,"play_id":"ce1f3d5e-2941-4390-b11b-973c33d81108","local_time":"20210208023550","is_ascension_mode":false,"campfire_choices":[{"floor":7,"key":"REST"},{"floor":10,"key":"REST"},{"floor":12,"key":"REST"},{"data":"Moonworks:AnotherUltimateWeapon","floor":15,"key":"SMITH"},{"data":"Moonworks:OutOfAmmo","floor":24,"key":"SMITH"},{"floor":27,"key":"REST"},{"floor":34,"key":"REST"}],"circlet_count":0,"master_deck":["Moonworks:Strike","Moonworks:Strike","Moonworks:Strike","Moonworks:Strike","Moonworks:Defend","Moonworks:Defend","Moonworks:Defend","Moonworks:Ambush","Moonworks:LongDistanceShot","Moonworks:ImOnFire","Moonworks:CompletionReward","Moonworks:CompletionReward","Moonworks:CloudOfSeagulls","Moonworks:JonathanRush","Moonworks:NicePresent","Moonworks:JonathanRush","Moonworks:EvilSpyWorkPreparation","Moonworks:AnotherUltimateWeapon+1","Moonworks:OutOfAmmo+1","Moonworks:CookingTime","Moonworks:CloudOfSeagulls","Moonworks:IndiscriminateFireSupport","Moonworks:FullSpeedAlicianrone","Moonworks:IndiscriminateFireSupport","Moonworks:SakisCookie","Moonworks:EvilSpyWorkPreparation+1","Moonworks:MiracleWalker+1","Moonworks:SinkOrSwim","Moonworks:JonathanRush+1","Moonworks:BeyondHell+1"],"relics":["Moonworks:BrokenBomb","Moonworks:Homemark","infinitespire:FocusingShard","hubris:CuriousFeather","hubris:ScarierMask","hubris:64BitClover","Hololive_LightStick","SlaversCollar","Toxic Egg 2","Black Star"],"acts_visited":["Exordium","TheCity","TheBeyond"],"potions_floor_usage":[6,11,16,33,39],"damage_taken":[{"damage":0,"enemies":"Jaw Worm","floor":1,"turns":5},{"damage":0,"enemies":"Cultist","floor":3,"turns":3},{"damage":2,"enemies":"Small Slimes","floor":4,"turns":3},{"damage":10,"enemies":"3 Louse","floor":5,"turns":3},{"damage":45,"enemies":"3 Sentries","floor":6,"turns":7},{"damage":1,"enemies":"Exordium Thugs","floor":11,"turns":4},{"damage":6,"enemies":"Blue Slaver","floor":14,"turns":2},{"damage":36,"enemies":"Fading Forest","floor":16,"turns":11},{"damage":31,"enemies":"Chosen","floor":18,"turns":5},{"damage":0,"enemies":"Spheric Guardian","floor":19,"turns":3},{"damage":0,"enemies":"3 Cultists","floor":20,"turns":4},{"damage":0,"enemies":"Snake Plant","floor":21,"turns":3},{"damage":1,"enemies":"Snecko","floor":23,"turns":3},{"damage":32,"enemies":"Book of Stabbing","floor":25,"turns":5},{"damage":0,"enemies":"Cultist and Chosen","floor":32,"turns":4},{"damage":3,"enemies":"Snake Plant","floor":33,"turns":4},{"damage":0,"enemies":"Champ","floor":35,"turns":6},{"damage":0,"enemies":"Orb Walker","floor":37,"turns":3},{"damage":42,"enemies":"3 Shapes","floor":38,"turns":3},{"damage":21,"enemies":"Spire Growth","floor":39,"turns":3}],"seed_played":"-836166664262251407","potions_obtained":[{"floor":4,"key":"Elixir"},{"floor":6,"key":"LifebloodPotion"},{"floor":14,"key":"LifebloodPotion"},{"floor":21,"key":"Reflective Coating"},{"floor":23,"key":"Explosive Potion"},{"floor":25,"key":"LifebloodPotion"},{"floor":35,"key":"Milkshake"},{"floor":38,"key":"Fire Potion"}],"is_trial":false,"path_per_floor":["M","$","M","M","M","E","R","?","T","R","M","R","$","M","R","B",null,"M","M","M","M","?","M","R","E","T","R","?","PTL","PTL","AVR","M","M","R","B",null,"M","M","M"],"character_chosen":"THE_STARBREAKER","items_purchased":["Moonworks:CompletionReward"],"campfire_rested":5,"item_purchase_floors":[2],"current_hp_per_floor":[60,60,60,58,48,3,21,21,21,39,38,56,56,50,50,24,60,29,35,35,35,35,40,40,14,14,32,32,32,32,32,32,35,53,53,60,60,18,0,0],"gold":303,"neow_bonus":"HUNDRED_GOLD","is_daily":false,"chose_seed":false,"campfire_upgraded":2,"win_rate":0.0,"timestamp":1612780550,"path_taken":["M","$","M","M","M","E","R","?","T","R","?","R","?","?","R","BOSS","M","?","?","M","?","M","R","E","T","R","?","PTL","PTL","AVR","?","M","R","BOSS","M","M","M"],"items_purchased_type":["Card"],"build_version":"2020-12-22","purchased_purges":0,"victory":false,"max_hp_per_floor":[60,60,60,60,60,60,60,60,60,60,60,60,60,60,60,60,60,60,60,60,60,60,60,60,60,60,60,60,60,60,60,60,60,60,60,60,60,60,60,60],"card_choices":[{"not_picked":["Moonworks:JonathanRush","Moonworks:LulusLuckyEgg"],"picked":"Moonworks:ImOnFire","floor":1},{"not_picked":["Moonworks:JonathanRush","Moonworks:WindyEnchantment"],"picked":"Moonworks:CloudOfSeagulls","floor":3},{"not_picked":["Moonworks:LulusLuckyEgg","Moonworks:LeapThroughSpace"],"picked":"Moonworks:JonathanRush","floor":4},{"not_picked":["Moonworks:BindingChains","Moonworks:IndiscriminateFireSupport"],"picked":"Moonworks:NicePresent","floor":5},{"not_picked":["Moonworks:DeployBits","Moonworks:LulusLuckyEgg"],"picked":"Moonworks:JonathanRush","floor":6},{"not_picked":["Moonworks:Assault","Moonworks:UnpaidWork"],"picked":"Moonworks:EvilSpyWorkPreparation","floor":11},{"not_picked":["Moonworks:NicePresent","Moonworks:Assault"],"picked":"Moonworks:AnotherUltimateWeapon","floor":14},{"not_picked":["Moonworks:RocketCannon","Moonworks:AccelHyper"],"picked":"Moonworks:OutOfAmmo","floor":16},{"not_picked":["Moonworks:Flamethrower+1","Moonworks:SealedMemories"],"picked":"Moonworks:CookingTime","floor":18},{"not_picked":["Moonworks:MixPhenomenon","Moonworks:ImOnFire"],"picked":"Moonworks:CloudOfSeagulls","floor":19},{"not_picked":["Moonworks:MixPhenomenon","Moonworks:CloudOfSeagulls"],"picked":"Moonworks:IndiscriminateFireSupport","floor":20},{"not_picked":["Moonworks:NicePresent+1","Moonworks:LuckyCharm"],"picked":"Moonworks:FullSpeedAlicianrone","floor":21},{"not_picked":["Moonworks:ImmovableObject+1","Moonworks:DevilHand"],"picked":"Moonworks:IndiscriminateFireSupport","floor":23},{"not_picked":["Moonworks:ImOnFire","Moonworks:AwakeningOfTalent"],"picked":"Moonworks:SakisCookie","floor":25},{"not_picked":["Moonworks:MixPhenomenon+1","Moonworks:DevilHand"],"picked":"Moonworks:EvilSpyWorkPreparation+1","floor":32},{"not_picked":["Moonworks:BigMagnum+1","Moonworks:IndiscriminateFireSupport"],"picked":"Moonworks:MiracleWalker+1","floor":33},{"not_picked":["Moonworks:PlushieMaster+1","Moonworks:RocketCannon"],"picked":"Moonworks:SinkOrSwim","floor":35},{"not_picked":["Moonworks:CloudOfSeagulls+1","Moonworks:x16BigRocket"],"picked":"Moonworks:JonathanRush+1","floor":37},{"not_picked":["Moonworks:ScrambledEve+1","Moonworks:SealedMemories+1"],"picked":"Moonworks:BeyondHell+1","floor":38}],"player_experience":131231,"relics_obtained":[{"floor":6,"key":"infinitespire:FocusingShard"},{"floor":9,"key":"hubris:CuriousFeather"},{"floor":25,"key":"hubris:64BitClover"},{"floor":26,"key":"Hololive_LightStick"}],"event_choices":[{"cards_removed":["Moonworks:Defend"],"damage_healed":0,"gold_gain":0,"player_choice":"Purged","damage_taken":0,"max_hp_gain":0,"max_hp_loss":0,"event_name":"Purifier","floor":8,"gold_loss":0},{"damage_healed":0,"gold_gain":0,"player_choice":"Bought 0 Potions","damage_taken":0,"max_hp_gain":0,"max_hp_loss":0,"event_name":"The Woman in Blue","floor":28,"gold_loss":0}],"is_beta":false,"boss_relics":[{"not_picked":["Busted Crown","ChewingGum"],"picked":"hubris:ScarierMask"},{"not_picked":["hubris:VirtuousBlindfold","Empty Cage"],"picked":"Black Star"}],"items_purged_floors":[],"is_endless":false,"potions_floor_spawned":[4,6,14,21,23,25,35,38],"killed_by":"Spire Growth","ascension_level":0}}