{"host":"u1ystlfkdtaqkn2r","time":1612766597,"event":{"mods":["ATMod(阿瑾Mod)","Act Like it!","Arknights","BaseMod","Colored Powertips","Friendly Minions","Gensokyo","GifTheSpireLib","Jedi Mod","Koishi","KomeijiMod","Luminous","Minty Spire (QoL Compilation)","Pale of the Ancients","Prisma Mod","Replay The Spire","RumiaBox-露米娅的神秘盒子","Spicy Shops","StSLib","SuperFastMode","UnlockEverythingMod","WarShipGirlsR/战舰少女R mod","Warlord Emblem","Yakumo Yukari mod","【遗物卡牌】REMEMod"],"gold_per_floor":[363,46,46,61,61,295,295,295],"floor_reached":7,"language":"ZHS","playtime":653,"items_purged":[],"score":49,"play_id":"866175a2-765e-4ab9-afcc-c8f4f84ae6b2","local_time":"20210208144317","is_ascension_mode":false,"campfire_choices":[],"circlet_count":0,"master_deck":["ats:Strike C","ats:Strike G","ats:Strike S","ats:Strike V","ats:Armor Crushing Shot","ats:Defend","ats:Defend","ats:Defend","ats:Defend","ats:Emotion Absorption","ats:Revitalization","PrismaMod:IllyaUncommonDefend","Gensokyo:BlemishedSteel","Gensokyo:BlemishedSteel","ats:Shell Defense","ats:Thorns+1","ats:Part Time Job"],"relics":["ats:Sanity","AT_ATBox","REME_ComplimentaryCards","DollysMirror","ats:Originium","Anchor","Dead Branch"],"acts_visited":["Gensokyo:Gensokyo"],"potions_floor_usage":[],"damage_taken":[{"damage":6,"enemies":"Gensokyo:Python","floor":1,"turns":3},{"damage":1,"enemies":"Gensokyo:3_Fairies","floor":4,"turns":12},{"damage":35,"enemies":"Gensokyo:Cirno","floor":6,"turns":12},{"damage":51,"enemies":"Gensokyo:Aya","floor":7,"turns":11}],"seed_played":"2523489126816318950","potions_obtained":[{"floor":4,"key":"Elixir"},{"floor":6,"key":"jedi:wingpotion"}],"is_trial":false,"path_per_floor":["M","COS","?","M","?","E","E"],"character_chosen":"DOCTOR_CLASS","items_purchased":[],"campfire_rested":0,"item_purchase_floors":[],"current_hp_per_floor":[66,66,66,68,68,42,0,0],"gold":295,"neow_bonus":"TWO_FIFTY_GOLD","is_daily":false,"chose_seed":false,"campfire_upgraded":0,"win_rate":0.0,"timestamp":1612766597,"path_taken":["M","COS","?","M","?","E","E"],"items_purchased_type":[],"build_version":"2020-12-22","purchased_purges":0,"victory":false,"max_hp_per_floor":[72,72,72,72,72,72,72,72],"card_choices":[{"not_picked":["ats:Very Hot Blade","ats:Song Of Battle"],"picked":"ats:Revitalization","floor":1},{"not_picked":["ats:Cat Scratch","ats:Revitalization"],"picked":"ats:Shell Defense","floor":3},{"not_picked":["ats:Automatic Cover+1","ats:Shell Defense+1"],"picked":"ats:Thorns+1","floor":4},{"not_picked":["ats:Closed Bolt Burst Fire","ats:Hammer On","ats:Curse Doll"],"picked":"SKIP","floor":4},{"not_picked":["ats:Very Hot Blade","ats:Fractured Body"],"picked":"ats:Part Time Job","floor":6}],"player_experience":193013,"relics_obtained":[{"floor":6,"key":"ats:Originium"},{"floor":6,"key":"Anchor"}],"event_choices":[],"is_beta":false,"boss_relics":[],"items_purged_floors":[],"is_endless":false,"potions_floor_spawned":[4,6],"killed_by":"Gensokyo:Aya","ascension_level":0}}