{"host":"3j2m8n0ywf988fwb","time":1612766665,"event":{"mods":["2.2 Compatiblity","AchievementEnabler","Act Like it!","Aspiration","Astrologer","BaseMod","Better Altar","Better Match","Better Note","Better Sensory Stone","Better Skull","Better Third Choice","CCEM2","ChefMod","Colored Map","Colored Powertips","Conspire","Dark Map","Energized Spire","GifTheSpireLib","Halation","Hallownest","Highlight Path","Hubris","Infinite Spire","Jedi Mod","Marisa????????","Marked Mod","Mimic Mod","Minty Spire (QoL Compilation)","Monster B Gone","Random Character Button","Relic Filter Mod","Relic Stats","Reliquary","Replay The Spire","Robot Space Explorer","Shade Mod","Shop Mod","Somnambulant","StS++","StSLib","Stuff the Spire","The Bug Knight","The Elementalist","The Hierophant","The Runesmith","TheBandit","TheFirefly","Unceasing Turn Reminder","Weighted Paths","everything is the same but u backflip on backflip"],"gold_per_floor":[111,163,174,188,188,218,218,232,258,275,276,276,276,311,311,436,436,457,457,492,128,141,141,174,174,174,189,189,215,215,253,253,261,261],"floor_reached":33,"language":"ENG","playtime":1225,"items_purged":["Pain"],"score":467,"play_id":"e4f1ac94-4a97-491e-8c1b-eaa6dabda11e","local_time":"20210208004425","is_ascension_mode":true,"campfire_choices":[{"data":"hubris:PowerSurge","floor":7,"key":"SMITH"},{"data":"Crystallizer","floor":12,"key":"SMITH"},{"floor":15,"key":"REST"},{"data":"jedi:BurstDark","floor":23,"key":"SMITH"},{"data":"jedi:overflow","floor":25,"key":"SMITH"},{"data":"ReplayTheSpireMod:Dual Polarity","floor":28,"key":"SMITH"},{"data":"Time Bomb","floor":30,"key":"SMITH"},{"data":"StuffTheSpire:LoadUp","floor":32,"key":"SMITH"}],"circlet_count":0,"master_deck":["Strike_B","Strike_B","Strike_B","Defend_B","Defend_B","Defend_B","Defend_B","Zap+1","Dualcast","Crystallizer+1","hubris:PowerSurge+1","Cold Snap","Leap","Time Bomb+1","StuffTheSpire:LoadUp+1","jedi:BurstDark+1","StSpp:Converter","Compile Driver","ReplayTheSpireMod:Dual Polarity+1","Electrodynamics","conspire:Rain+1","jedi:overflow+1","Coolheaded","Loop+1"],"relics":["Cracked Core","halation:IllGainedPizza","jedi:arcanewood","Orichalcum","conspire:DecoderRing","CCEMRelics:TransientCore","Ginger","ReplayTheSpireMod:CursedCoin","infinitespire:Freezer","reliquary:ExpiredCoupon","reliquary:Firecrackers","CCEMRelics:Pendulum","hubris:TenFootPole"],"acts_visited":["Exordium","TheCity"],"potions_floor_usage":[],"damage_taken":[{"damage":1,"enemies":"Cultist","floor":1,"turns":3},{"damage":2,"enemies":"Jaw Worm","floor":3,"turns":2},{"damage":6,"enemies":"2 Louse","floor":4,"turns":2},{"damage":23,"enemies":"Gremlin Nob","floor":6,"turns":4},{"damage":1,"enemies":"Looter","floor":8,"turns":3},{"damage":13,"enemies":"Large Slime","floor":10,"turns":4},{"damage":0,"enemies":"Lagavulin","floor":14,"turns":3},{"damage":33,"enemies":"Hexaghost","floor":16,"turns":10},{"damage":5,"enemies":"Spheric Guardian","floor":18,"turns":3},{"damage":30,"enemies":"3 Byrds","floor":20,"turns":4},{"damage":4,"enemies":"Snecko","floor":22,"turns":3},{"damage":0,"enemies":"Gremlin Leader","floor":24,"turns":3},{"damage":19,"enemies":"Centurion and Healer","floor":27,"turns":3},{"damage":0,"enemies":"Replay:Snechameleon","floor":31,"turns":5},{"damage":57,"enemies":"conspire:MysteriousRune","floor":33,"turns":7}],"seed_played":"3820576981680717800","potions_obtained":[{"floor":1,"key":"Toxic Potion"},{"floor":5,"key":"Doom Potion"},{"floor":5,"key":"LiquidBronze"},{"floor":6,"key":"FearPotion"},{"floor":27,"key":"jedi:coolantleak"}],"is_trial":false,"path_per_floor":["M","T","M","M","?","E","R","M","T","M","?","R","?","E","R","B",null,"M","?","M","$","M","R","E","R","T","M","R","T","R","E","R","B"],"character_chosen":"DEFECT","items_purchased":["ReplayTheSpireMod:CursedCoin","Electrodynamics","infinitespire:Freezer","reliquary:ExpiredCoupon"],"campfire_rested":1,"item_purchase_floors":[21,21,21,21],"current_hp_per_floor":[74,74,72,66,66,43,43,42,42,29,22,22,22,22,44,11,75,74,74,50,50,52,52,58,58,58,45,45,45,45,51,51,0,0],"gold":261,"neow_bonus":"RANDOM_EVENT","is_daily":false,"chose_seed":false,"campfire_upgraded":7,"win_rate":0.0,"timestamp":1612766665,"path_taken":["M","?","M","M","?","E","R","?","T","M","?","R","?","E","R","BOSS","M","?","M","$","?","R","E","R","T","M","R","?","?","E","R","BOSS"],"items_purchased_type":["Relic","Card","Relic","Relic"],"build_version":"2020-12-22","purchased_purges":1,"victory":false,"max_hp_per_floor":[75,75,75,75,75,75,75,75,75,75,75,75,75,75,75,75,75,79,79,82,82,86,86,90,90,90,94,94,94,94,96,96,96,96],"relic_stats":{"counters":[15,59],"Ginger":[4],"Orichalcum":[84],"obtain_stats":[{"ReplayTheSpireMod:CursedCoin":21,"reliquary:Firecrackers":24,"halation:IllGainedPizza":2,"CCEMRelics:Pendulum":29,"Ginger":19,"Orichalcum":9,"CCEMRelics:TransientCore":17,"reliquary:ExpiredCoupon":21,"conspire:DecoderRing":14,"hubris:TenFootPole":31,"Cracked Core":0,"jedi:arcanewood":6,"infinitespire:Freezer":21},{"ReplayTheSpireMod:CursedCoin":10,"reliquary:Firecrackers":12,"halation:IllGainedPizza":1,"CCEMRelics:Pendulum":13,"Ginger":9,"Orichalcum":5,"CCEMRelics:TransientCore":8,"reliquary:ExpiredCoupon":10,"conspire:DecoderRing":7,"hubris:TenFootPole":14,"Cracked Core":0,"jedi:arcanewood":4,"infinitespire:Freezer":10},{"ReplayTheSpireMod:CursedCoin":38,"reliquary:Firecrackers":44,"halation:IllGainedPizza":3,"CCEMRelics:Pendulum":47,"Ginger":34,"Orichalcum":14,"CCEMRelics:TransientCore":31,"reliquary:ExpiredCoupon":38,"conspire:DecoderRing":21,"hubris:TenFootPole":52,"Cracked Core":0,"jedi:arcanewood":11,"infinitespire:Freezer":38}]},"card_choices":[{"not_picked":["Stack","Auto Shields"],"picked":"Crystallizer","floor":1},{"not_picked":["Streamline","Cold Snap"],"picked":"hubris:PowerSurge","floor":3},{"not_picked":["StSpp:Mask","Stack"],"picked":"Cold Snap","floor":4},{"not_picked":["StSpp:MemoryLeak","Steam Power"],"picked":"Leap","floor":6},{"not_picked":["Hologram","Cold Snap"],"picked":"Time Bomb","floor":8},{"not_picked":["Rip and Tear","conspire:Rain"],"picked":"StuffTheSpire:LoadUp","floor":10},{"not_picked":["Leap","Compile Driver"],"picked":"jedi:BurstDark","floor":14},{"not_picked":["hubris:Prefetch","Core Surge"],"picked":"StSpp:Converter","floor":16},{"not_picked":["Double Energy","Cold Snap"],"picked":"Compile Driver","floor":18},{"not_picked":["jedi:BurstFrost+1","Self Repair"],"picked":"ReplayTheSpireMod:Dual Polarity","floor":20},{"not_picked":["Compile Driver+1","Go for the Eyes"],"picked":"conspire:Rain+1","floor":22},{"not_picked":["StuffTheSpire:CleanHardDrive","Doom and Gloom+1"],"picked":"jedi:overflow","floor":24},{"not_picked":["Force Field+1","Rebound"],"picked":"Coolheaded","floor":27},{"not_picked":["StSpp:Channeliser","StuffTheSpire:EventHorizon"],"picked":"Loop+1","floor":31}],"player_experience":1083360,"relics_obtained":[{"floor":2,"key":"halation:IllGainedPizza"},{"floor":6,"key":"jedi:arcanewood"},{"floor":9,"key":"Orichalcum"},{"floor":14,"key":"conspire:DecoderRing"},{"floor":24,"key":"reliquary:Firecrackers"},{"floor":29,"key":"CCEMRelics:Pendulum"},{"floor":31,"key":"hubris:TenFootPole"}],"event_choices":[{"damage_healed":0,"gold_gain":0,"player_choice":"Grow","damage_taken":0,"max_hp_gain":0,"max_hp_loss":0,"event_name":"Living Wall","floor":0,"gold_loss":0,"cards_upgraded":["Zap"]},{"damage_healed":0,"gold_gain":0,"player_choice":"Got Potions","damage_taken":0,"max_hp_gain":0,"max_hp_loss":0,"event_name":"Lab","floor":5,"gold_loss":0},{"cards_removed":["Strike_B"],"damage_healed":0,"gold_gain":0,"player_choice":"Card Removal","damage_taken":7,"max_hp_gain":0,"max_hp_loss":0,"event_name":"Golden Wing","floor":11,"gold_loss":0},{"damage_healed":0,"gold_gain":0,"player_choice":"Disagree","damage_taken":0,"max_hp_gain":0,"max_hp_loss":0,"event_name":"conspire:LoneGhost","floor":13,"gold_loss":0},{"damage_healed":0,"gold_gain":0,"player_choice":"Gave Potion","damage_taken":0,"relics_obtained":["Ginger"],"max_hp_gain":0,"max_hp_loss":0,"event_name":"WeMeetAgain","floor":19,"gold_loss":0}],"is_beta":false,"boss_relics":[{"not_picked":["StSpp:Balance","aspiration:PoetsPen"],"picked":"CCEMRelics:TransientCore"}],"items_purged_floors":[21],"is_endless":false,"potions_floor_spawned":[1,6,8,18,27],"killed_by":"conspire:MysteriousRune","ascension_level":4}}