{"host":"msmkw03x1o7nq45i","time":1612818422,"event":{"mods":["AchievementEnabler","BaseMod","Bestiary","Colored Powertips","GifTheSpireLib","Highlight Path","Minty Spire (QoL Compilation)","Random Character Button","StSLib","everything is the same but u backflip on backflip"],"gold_per_floor":[117,117,117,135,4,4,18,18,18,18,18,58,72,92,92,92,92],"floor_reached":16,"language":"ENG","playtime":923,"items_purged":["Strike_G"],"score":238,"play_id":"23614696-1750-4f36-8042-aa769469a146","local_time":"20210208230702","is_ascension_mode":true,"campfire_choices":[{"data":"Calculated Gamble","floor":6,"key":"SMITH"},{"data":"Neutralize","floor":8,"key":"SMITH"},{"data":"Leg Sweep","floor":15,"key":"SMITH"}],"circlet_count":0,"master_deck":["AscendersBane","Strike_G","Strike_G","Strike_G","Strike_G","Defend_G","Defend_G","Defend_G","Defend_G","Defend_G","Survivor","Neutralize+1","Grand Finale","Calculated Gamble+1","Dagger Throw","Expertise","Predator+1","Leg Sweep+1","Escape Plan"],"relics":["Ring of the Snake","Golden Idol","Molten Egg 2","InkBottle"],"acts_visited":["Exordium"],"potions_floor_usage":[12,16],"damage_taken":[{"damage":14,"enemies":"Small Slimes","floor":1,"turns":7},{"damage":8,"enemies":"2 Louse","floor":4,"turns":5},{"damage":7,"enemies":"Jaw Worm","floor":7,"turns":4},{"damage":0,"enemies":"Gremlin Nob","floor":12,"turns":2},{"damage":0,"enemies":"Blue Slaver","floor":13,"turns":3},{"damage":11,"enemies":"3 Louse","floor":14,"turns":3},{"damage":18,"enemies":"The Guardian","floor":16,"turns":14}],"seed_played":"-2873436881285985226","potions_obtained":[{"floor":1,"key":"AttackPotion"},{"floor":13,"key":"Explosive Potion"}],"is_trial":false,"path_per_floor":["M","?","?","M","$","R","M","R","T","?","$","E","M","M","R","B"],"character_chosen":"THE_SILENT","items_purchased":["BlessingOfTheForge"],"campfire_rested":0,"item_purchase_floors":[5],"current_hp_per_floor":[45,38,38,30,30,30,23,23,23,28,28,28,28,17,17,0,0],"gold":92,"neow_bonus":"THREE_RARE_CARDS","is_daily":false,"chose_seed":false,"campfire_upgraded":3,"win_rate":0.0,"timestamp":1612818422,"path_taken":["M","?","?","M","$","R","M","R","T","?","?","E","M","M","R","BOSS"],"items_purchased_type":["Potion"],"build_version":"2020-12-22","purchased_purges":1,"victory":false,"max_hp_per_floor":[66,66,60,60,60,60,60,60,60,65,65,65,65,65,65,65,65],"card_choices":[{"not_picked":["Tools of the Trade","Doppelganger"],"picked":"Grand Finale","floor":0},{"not_picked":["Flying Knee","Poisoned Stab"],"picked":"Calculated Gamble","floor":1},{"not_picked":["Slice","Dodge and Roll"],"picked":"Dagger Throw","floor":4},{"not_picked":["Flying Knee","Slice"],"picked":"Expertise","floor":7},{"not_picked":["Sucker Punch+1","PiercingWail"],"picked":"Predator+1","floor":12},{"not_picked":["Prepared","Backstab+1"],"picked":"Leg Sweep","floor":13},{"not_picked":["Blur","Cloak And Dagger"],"picked":"Escape Plan","floor":14}],"player_experience":510218,"relics_obtained":[{"floor":9,"key":"Molten Egg 2"},{"floor":12,"key":"InkBottle"}],"event_choices":[{"cards_removed":["Shame"],"damage_healed":0,"gold_gain":0,"player_choice":"Card Removal","damage_taken":7,"max_hp_gain":0,"max_hp_loss":0,"event_name":"Golden Wing","floor":2,"gold_loss":0},{"damage_healed":0,"gold_gain":0,"player_choice":"Lose Max HP","damage_taken":0,"relics_obtained":["Golden Idol"],"max_hp_gain":0,"max_hp_loss":6,"event_name":"Golden Idol","floor":3,"gold_loss":0},{"damage_healed":0,"gold_gain":0,"player_choice":"Donut","damage_taken":0,"max_hp_gain":5,"max_hp_loss":0,"event_name":"Big Fish","floor":10,"gold_loss":0}],"is_beta":false,"boss_relics":[],"items_purged_floors":[5],"is_endless":false,"potions_floor_spawned":[1,13],"killed_by":"The Guardian","ascension_level":18}}