{"host":"13o02hya6v6rzuva","time":1612795357,"event":{"mods":["BaseMod","Minty Spire (QoL Compilation)","Relic Stats"],"gold_per_floor":[113,113,129,129,144,144,144,171,171,181,181,191,191,206,206,206,206],"floor_reached":16,"language":"ENG","playtime":1191,"items_purged":[],"score":158,"play_id":"1494f783-9312-4167-b94d-9112dc90b4e5","local_time":"20210208154237","is_ascension_mode":true,"campfire_choices":[{"data":"Poisoned Stab","floor":6,"key":"SMITH"},{"floor":11,"key":"REST"},{"floor":13,"key":"REST"},{"data":"Catalyst","floor":15,"key":"SMITH"}],"circlet_count":0,"master_deck":["AscendersBane","Strike_G","Strike_G","Strike_G","Strike_G","Defend_G","Defend_G","Defend_G","Defend_G","Defend_G","Survivor","Neutralize","Escape Plan","Catalyst+1","Poisoned Stab+1","Poisoned Stab","Catalyst","Dagger Spray","Poisoned Stab"],"relics":["Ring of the Snake","Smiling Mask","Akabeko","Dead Branch"],"acts_visited":["Exordium"],"potions_floor_usage":[8,8,16,16],"damage_taken":[{"damage":5,"enemies":"Cultist","floor":1,"turns":4},{"damage":2,"enemies":"Jaw Worm","floor":3,"turns":5},{"damage":7,"enemies":"Small Slimes","floor":5,"turns":4},{"damage":43,"enemies":"Gremlin Nob","floor":8,"turns":5},{"damage":0,"enemies":"Blue Slaver","floor":10,"turns":3},{"damage":1,"enemies":"Looter","floor":12,"turns":3},{"damage":0,"enemies":"Large Slime","floor":14,"turns":4},{"damage":49,"enemies":"Slime Boss","floor":16,"turns":7}],"seed_played":"-7976700880913552143","potions_obtained":[{"floor":1,"key":"SpeedPotion"},{"floor":3,"key":"SkillPotion"},{"floor":10,"key":"Poison Potion"},{"floor":14,"key":"SkillPotion"}],"is_trial":false,"path_per_floor":["M","T","M","?","M","R","?","E","T","M","R","M","R","M","R","B"],"character_chosen":"THE_SILENT","items_purchased":[],"campfire_rested":2,"item_purchase_floors":[],"current_hp_per_floor":[58,58,56,49,42,42,47,4,4,4,26,25,47,47,47,0,0],"gold":206,"neow_bonus":"RANDOM_COMMON_RELIC","is_daily":false,"chose_seed":false,"campfire_upgraded":2,"win_rate":0.0,"timestamp":1612795357,"path_taken":["M","?","M","?","M","R","?","E","T","M","R","M","R","M","R","BOSS"],"items_purchased_type":[],"build_version":"2020-12-22","purchased_purges":0,"victory":false,"max_hp_per_floor":[70,70,70,70,70,70,75,75,75,75,75,75,75,75,75,75,75],"relic_stats":{"counters":[8,35],"Dead Branch":[10],"Smiling Mask":0,"obtain_stats":[{"Dead Branch":8,"Smiling Mask":0,"Akabeko":2,"Ring of the Snake":0},{"Dead Branch":4,"Smiling Mask":0,"Akabeko":1,"Ring of the Snake":0},{"Dead Branch":18,"Smiling Mask":0,"Akabeko":4,"Ring of the Snake":0}],"Ring of the Snake":[16]},"card_choices":[{"not_picked":["Accuracy","Dagger Throw"],"picked":"Escape Plan","floor":1},{"not_picked":["Cloak And Dagger","Dagger Throw"],"picked":"Catalyst","floor":3},{"not_picked":["All Out Attack","Infinite Blades"],"picked":"Poisoned Stab","floor":5},{"not_picked":["Heel Hook","Underhanded Strike"],"picked":"Poisoned Stab","floor":8},{"not_picked":["Tactician","Endless Agony"],"picked":"Catalyst","floor":10},{"not_picked":["Masterful Stab","Deadly Poison"],"picked":"Dagger Spray","floor":12},{"not_picked":["Deflect","Dagger Spray"],"picked":"Poisoned Stab","floor":14}],"player_experience":1197588,"relics_obtained":[{"floor":2,"key":"Akabeko"},{"floor":8,"key":"Dead Branch"}],"event_choices":[{"cards_removed":["Strike_G"],"damage_healed":0,"gold_gain":0,"player_choice":"Card Removal","damage_taken":7,"max_hp_gain":0,"max_hp_loss":0,"event_name":"Golden Wing","floor":4,"gold_loss":0},{"damage_healed":0,"gold_gain":0,"player_choice":"Donut","damage_taken":0,"max_hp_gain":5,"max_hp_loss":0,"event_name":"Big Fish","floor":7,"gold_loss":0}],"is_beta":false,"boss_relics":[],"items_purged_floors":[],"is_endless":false,"potions_floor_spawned":[1,3,5,10,14],"killed_by":"Slime Boss","ascension_level":11}}