{"host":"xp27heuvanyklt0b","time":1612776520,"event":{"mods":["100% Spire Juice","BaseMod","CapriCore","Koishi","Lobotomy","Minty Spire (QoL Compilation)","StSLib","The Immortal"],"gold_per_floor":[115,115,125,144,160,187,187,22,22,42,42,42,62,91,91,193,193,204,204,218,6,6,34,34,63,63,76,76,76,105,105,105,105,105,105],"floor_reached":33,"language":"KOR","playtime":3989,"items_purged":[],"score":313,"play_id":"85344a33-d32b-4a15-99d8-72ea15caf139","local_time":"20210208182840","is_ascension_mode":false,"campfire_choices":[{"data":"Apotheosis","floor":12,"key":"SMITH"},{"data":"MokouMod:RisingSunBarrier","floor":15,"key":"SMITH"},{"floor":24,"key":"REST"},{"data":"MokouMod:RetainTemperature","floor":29,"key":"SMITH"},{"floor":32,"key":"REST"}],"circlet_count":0,"master_deck":["MokouMod:Strike+1","MokouMod:Strike+1","MokouMod:Defend+1","MokouMod:Defend+1","MokouMod:Defend+1","MokouMod:Defend+1","MokouMod:HeatSpark","MokouMod:SearingShot","MokouMod:RetainTemperature+1","MokouMod:Scorch+1","MokouMod:RisingSunBarrier+1","Apotheosis+1","MokouMod:FlamingFireTalons","MokouMod:CrimsonFlare","MokouMod:HeartofFire","MokouMod:RadiantBlade","MokouMod:RetainTemperature+1","MokouMod:AdaptivePyromancy+1","MokouMod:HeatTransfer+1","MokouMod:WarmUp","Jack Of All Trades","MokouMod:BlazingComet","MokouMod:IgnitionBlast","MokouMod:Wildfire+1","MokouMod:Fireball+1","MokouMod:IndiscriminateIgnition","MokouMod:BurningDraft"],"relics":["MokouMod:PhoenixFeather","Pantograph","Whetstone","Ginger","Astrolabe","Blood Vial","Singing Bowl","PreservedInsect","Kunai","Mercury Hourglass","Sundial"],"acts_visited":["Exordium","TheCity"],"potions_floor_usage":[23,33],"damage_taken":[{"damage":12,"enemies":"Cultist","floor":1,"turns":5},{"damage":6,"enemies":"Jaw Worm","floor":3,"turns":3},{"damage":8,"enemies":"2 Louse","floor":4,"turns":3},{"damage":17,"enemies":"Exordium Thugs","floor":5,"turns":6},{"damage":27,"enemies":"Gremlin Nob","floor":6,"turns":6},{"damage":16,"enemies":"Large Slime","floor":10,"turns":7},{"damage":3,"enemies":"Red Slaver","floor":13,"turns":3},{"damage":20,"enemies":"3 Sentries","floor":14,"turns":7},{"damage":10,"enemies":"The Guardian","floor":16,"turns":14},{"damage":28,"enemies":"2 Thieves","floor":18,"turns":4},{"damage":20,"enemies":"3 Byrds","floor":20,"turns":7},{"damage":51,"enemies":"Gremlin Leader","floor":23,"turns":11},{"damage":40,"enemies":"Book of Stabbing","floor":25,"turns":8},{"damage":20,"enemies":"Centurion and Healer","floor":27,"turns":5},{"damage":24,"enemies":"Slavers","floor":30,"turns":4},{"damage":71,"enemies":"Automaton","floor":33,"turns":8}],"seed_played":"3209033352335637567","potions_obtained":[{"floor":0,"key":"SneckoOil"},{"floor":0,"key":"SkillPotion"},{"floor":0,"key":"Swift Potion"},{"floor":10,"key":"Swift Potion"},{"floor":16,"key":"ColorlessPotion"},{"floor":20,"key":"LiquidMemories"},{"floor":30,"key":"Strength Potion"}],"is_trial":false,"path_per_floor":["M","T","M","M","M","E","?","$","T","M","?","R","M","E","R","B",null,"M","?","M","$","T","E","R","E","T","M","?","R","E","?","R","B"],"character_chosen":"MKU","items_purchased":["Apotheosis","Blood Vial","MokouMod:IgnitionBlast"],"campfire_rested":2,"item_purchase_floors":[8,21,21],"current_hp_per_floor":[63,63,57,49,32,5,30,30,30,14,85,85,82,62,62,75,85,57,39,19,19,19,21,46,8,8,13,41,41,19,19,44,0,0,0],"gold":105,"neow_bonus":"THREE_SMALL_POTIONS","is_daily":false,"chose_seed":false,"campfire_upgraded":3,"win_rate":0.0,"timestamp":1612776520,"path_taken":["M","?","M","M","M","E","?","$","T","M","?","R","?","E","R","BOSS","M","?","?","$","?","E","R","E","T","?","?","R","E","?","R","BOSS"],"items_purchased_type":["Card","Relic","Card"],"build_version":"2020-12-22","purchased_purges":0,"victory":false,"max_hp_per_floor":[75,75,75,75,75,75,75,75,75,75,85,85,85,85,85,85,85,85,85,85,85,85,85,85,85,85,85,85,85,85,85,85,85,85,85],"card_choices":[{"not_picked":["MokouMod:AdaptivePyromancy","MokouMod:FlamingFireTalons"],"picked":"MokouMod:SearingShot","floor":1},{"not_picked":["MokouMod:BlazingComet","MokouMod:HeatFactory"],"picked":"MokouMod:RetainTemperature","floor":3},{"not_picked":["MokouMod:GuidingSmoke","MokouMod:BurningDraft"],"picked":"MokouMod:Scorch","floor":4},{"not_picked":["MokouMod:Sear","MokouMod:IndiscriminateIgnition"],"picked":"MokouMod:RisingSunBarrier","floor":5},{"not_picked":["MokouMod:ScorchingColumn","MokouMod:FlareStarter"],"picked":"MokouMod:Rekindle","floor":6},{"not_picked":["MokouMod:Ember","MokouMod:Firecracker"],"picked":"MokouMod:FlamingFireTalons","floor":10},{"not_picked":["MokouMod:SearingShot","MokouMod:HeatFactory"],"picked":"MokouMod:CrimsonFlare","floor":13},{"not_picked":["MokouMod:Sear","MokouMod:BurningDraft"],"picked":"MokouMod:HeartofFire","floor":14},{"not_picked":["MokouMod:Ventilation","MokouMod:ProfanedFlare"],"picked":"MokouMod:RadiantBlade","floor":16},{"not_picked":["MokouMod:IgnitionBarrier","MokouMod:RoaringFlare"],"picked":"MokouMod:WarmUp","floor":18},{"not_picked":["MokouMod:WarmUp","MokouMod:ControlledCombustion"],"picked":"MokouMod:BlazingComet","floor":20},{"not_picked":["MokouMod:HeartofFire","MokouMod:BlazingComet+1"],"picked":"MokouMod:Wildfire+1","floor":23},{"not_picked":["MokouMod:Meltdown+1","MokouMod:Scorch+1"],"picked":"MokouMod:Fireball+1","floor":25},{"not_picked":["MokouMod:Singe","MokouMod:DanceofFlames+1"],"picked":"MokouMod:IndiscriminateIgnition","floor":27},{"not_picked":["MokouMod:Cataclysm","MokouMod:RoaringFlare+1"],"picked":"MokouMod:BurningDraft","floor":30}],"player_experience":167073,"relics_obtained":[{"floor":2,"key":"Pantograph"},{"floor":6,"key":"Whetstone"},{"floor":14,"key":"Ginger"},{"floor":22,"key":"Singing Bowl"},{"floor":23,"key":"PreservedInsect"},{"floor":25,"key":"Kunai"},{"floor":26,"key":"Mercury Hourglass"},{"floor":30,"key":"Sundial"}],"event_choices":[{"damage_healed":25,"gold_gain":0,"player_choice":"Banana","damage_taken":0,"max_hp_gain":0,"max_hp_loss":0,"event_name":"Big Fish","floor":7,"gold_loss":0},{"cards_removed":["MokouMod:Rekindle"],"damage_healed":61,"gold_gain":0,"player_choice":"Offered Rare","damage_taken":0,"max_hp_gain":10,"max_hp_loss":0,"event_name":"Bonfire Elementals","floor":11,"gold_loss":0},{"damage_healed":0,"gold_gain":0,"player_choice":"CARD POTION ","damage_taken":18,"max_hp_gain":0,"max_hp_loss":0,"event_name":"Knowing Skull","floor":19,"potions_obtained":["CultistPotion"],"gold_loss":0,"cards_obtained":["Jack Of All Trades"]},{"damage_healed":28,"gold_gain":0,"player_choice":"Heal","damage_taken":0,"max_hp_gain":0,"max_hp_loss":0,"event_name":"The Library","floor":28,"gold_loss":0},{"damage_healed":0,"gold_gain":0,"player_choice":"Simplicity","damage_taken":0,"max_hp_gain":0,"max_hp_loss":0,"event_name":"Back to Basics","floor":31,"gold_loss":0,"cards_upgraded":["MokouMod:Strike","MokouMod:Defend","MokouMod:Defend","MokouMod:Defend","MokouMod:Defend"]}],"is_beta":false,"boss_relics":[{"not_picked":["Tiny House","Snecko Eye"],"picked":"Astrolabe"}],"items_purged_floors":[],"is_endless":false,"potions_floor_spawned":[3,6,10,16,20,30],"killed_by":"Automaton","ascension_level":0}}