{"host":"dowi7cgbhepuzvpj","time":1612796251,"event":{"mods":["AchievementEnabler","BaseMod","Keyboard Shortcuts","Minty Spire (QoL Compilation)","Permanent Neow","Quick Restart","StSLib","SuperFastMode"],"gold_per_floor":[109,109,123,141,161,190,190,190,190,205,205,222,272,291,291,365,365,381,394,65,65,80,80,108,108,131,158,158,170,183,194,194,268,295,313,375,87,116,141,168,168,204,253,276,289,316,340,358,358,358,358,358,358,40,73,73],"floor_reached":57,"language":"KOR","playtime":2688,"items_purged":["Burning Pact","Flame Barrier+1","Spot Weakness"],"score":3047,"play_id":"5ec0445c-37d0-4751-a1f9-82e4cda7dda2","local_time":"20210208235731","is_ascension_mode":true,"campfire_choices":[{"floor":8,"key":"DIG"},{"floor":11,"key":"DIG"},{"floor":15,"key":"DIG"},{"floor":23,"key":"DIG"},{"floor":25,"key":"DIG"},{"floor":32,"key":"DIG"},{"floor":41,"key":"RECALL"},{"floor":49,"key":"DIG"},{"floor":53,"key":"DIG"}],"circlet_count":0,"master_deck":["AscendersBane","Defend_R","Defend_R","Bash+1","Apotheosis+1","Dropkick","Whirlwind+1","Second Wind","Wild Strike","Reaper","Power Through","Offering+1","Evolve+1","Second Wind+1","Deep Breath+1","Battle Trance","Entrench","Shrug It Off","Sword Boomerang","Feel No Pain+1","Barricade+1","Cleave+1","Wild Strike+1","Shrug It Off+1","Fire Breathing","Entrench+1","Reaper","Body Slam+1","Spot Weakness","Good Instincts","Flash of Steel","Feel No Pain","Master of Strategy"],"relics":["Burning Blood","Bottled Lightning","Shovel","Red Skull","Matryoshka","Oddly Smooth Stone","Smiling Mask","Strawberry","Self Forming Clay","Philosopher\u0027s Stone","Lee\u0027s Waffle","Question Card","Whetstone","Bag of Preparation","Pear","PreservedInsect","CeramicFish","Astrolabe","Bird Faced Urn","HandDrill","Unceasing Top","Bronze Scales","War Paint","Toy Ornithopter","Calipers","Turnip","StrikeDummy","InkBottle"],"acts_visited":["Exordium","TheCity","TheBeyond","TheEnding"],"potions_floor_usage":[6,6,16,24,30,36,56,56],"damage_taken":[{"damage":0,"enemies":"2 Louse","floor":1,"turns":3},{"damage":0,"enemies":"Cultist","floor":3,"turns":3},{"damage":4,"enemies":"Small Slimes","floor":4,"turns":3},{"damage":14,"enemies":"Red Slaver","floor":5,"turns":2},{"damage":35,"enemies":"Lagavulin","floor":6,"turns":5},{"damage":0,"enemies":"Exordium Wildlife","floor":10,"turns":2},{"damage":2,"enemies":"Looter","floor":12,"turns":2},{"damage":4,"enemies":"Large Slime","floor":14,"turns":5},{"damage":37,"enemies":"Slime Boss","floor":16,"turns":13},{"damage":17,"enemies":"2 Thieves","floor":18,"turns":4},{"damage":7,"enemies":"3 Byrds","floor":19,"turns":3},{"damage":9,"enemies":"Snecko","floor":22,"turns":4},{"damage":38,"enemies":"Book of Stabbing","floor":24,"turns":6},{"damage":33,"enemies":"Slavers","floor":27,"turns":6},{"damage":1,"enemies":"3 Cultists","floor":29,"turns":5},{"damage":14,"enemies":"Centurion and Healer","floor":30,"turns":3},{"damage":7,"enemies":"Cultist and Chosen","floor":31,"turns":4},{"damage":6,"enemies":"Collector","floor":33,"turns":12},{"damage":28,"enemies":"3 Darklings","floor":35,"turns":6},{"damage":35,"enemies":"2 Orb Walkers","floor":36,"turns":6},{"damage":23,"enemies":"Orb Walker","floor":38,"turns":5},{"damage":19,"enemies":"Mind Bloom Boss Battle","floor":39,"turns":7},{"damage":9,"enemies":"Nemesis","floor":40,"turns":9},{"damage":20,"enemies":"Giant Head","floor":42,"turns":9},{"damage":60,"enemies":"Spire Growth","floor":44,"turns":8},{"damage":17,"enemies":"Jaw Worm Horde","floor":45,"turns":4},{"damage":45,"enemies":"Reptomancer","floor":46,"turns":5},{"damage":52,"enemies":"3 Darklings","floor":47,"turns":6},{"damage":38,"enemies":"Time Eater","floor":50,"turns":10},{"damage":6,"enemies":"Awakened One","floor":51,"turns":8},{"damage":86,"enemies":"Shield and Spear","floor":55,"turns":9},{"damage":30,"enemies":"The Heart","floor":56,"turns":9}],"seed_played":"-4249775795080147167","potions_obtained":[{"floor":3,"key":"Weak Potion"},{"floor":4,"key":"AttackPotion"},{"floor":10,"key":"Block Potion"},{"floor":12,"key":"SkillPotion"},{"floor":19,"key":"SkillPotion"},{"floor":29,"key":"Strength Potion"},{"floor":30,"key":"Strength Potion"},{"floor":36,"key":"CultistPotion"}],"is_trial":false,"path_per_floor":["M","?","M","M","M","E","?","R","T","M","R","M","?","M","R","B",null,"M","M","$","?","M","R","E","R","T","E","?","M","M","M","R","B",null,"M","?","$","M","?","E","R","E","T","M","M","E","M","?","R","B","B",null,"R","$","E","B",null],"character_chosen":"IRONCLAD","items_purchased":["Lee\u0027s Waffle","Deep Breath","Fire Breathing","HandDrill","Feel No Pain","Master of Strategy"],"campfire_rested":0,"item_purchase_floors":[20,20,37,37,54,54],"current_hp_per_floor":[68,68,68,68,60,31,24,24,24,30,37,41,41,48,48,28,63,52,51,82,82,82,82,57,57,67,55,55,67,59,80,80,92,92,83,84,84,92,92,92,92,92,92,78,92,55,52,42,42,55,92,92,92,92,61,80],"gold":73,"neow_bonus":"REMOVE_TWO","is_daily":false,"chose_seed":false,"campfire_upgraded":0,"win_rate":0.0,"timestamp":1612796251,"path_taken":["M","?","M","M","?","E","?","R","T","M","R","M","?","M","R","BOSS","M","M","$","?","M","R","E","R","T","E","?","M","?","M","R","BOSS","M","?","$","M","?","E","R","E","T","M","M","E","M","?","R","BOSS","BOSS","R","$","E","BOSS"],"items_purchased_type":["Relic","Card","Card","Relic","Card","Card"],"build_version":"2020-12-22","purchased_purges":3,"victory":true,"max_hp_per_floor":[68,68,68,68,68,68,68,68,68,68,75,75,75,75,75,75,75,75,75,82,82,82,82,82,82,92,92,92,92,92,92,92,92,92,92,92,92,92,92,92,92,92,92,92,92,92,92,92,92,92,92,92,92,92,92,92],"card_choices":[{"not_picked":["Intimidate","Sever Soul"],"picked":"Wild Strike","floor":1},{"not_picked":["Cleave","Reckless Charge"],"picked":"Dropkick","floor":3},{"not_picked":["Armaments","Combust"],"picked":"Whirlwind","floor":4},{"not_picked":["Seeing Red","Perfected Strike"],"picked":"Second Wind","floor":5},{"not_picked":["Dark Embrace","Headbutt"],"picked":"Wild Strike","floor":6},{"not_picked":["Perfected Strike","Dropkick"],"picked":"Reaper","floor":10},{"not_picked":["Entrench","Hemokinesis"],"picked":"Burning Pact","floor":12},{"not_picked":["Pommel Strike","Sever Soul"],"picked":"Power Through","floor":14},{"not_picked":["Brutality","Double Tap"],"picked":"Offering","floor":16},{"not_picked":["Pommel Strike","Combust"],"picked":"Evolve+1","floor":18},{"not_picked":["Flex","Clothesline+1"],"picked":"Second Wind+1","floor":19},{"not_picked":["Whirlwind","Anger"],"picked":"Battle Trance","floor":22},{"not_picked":["Shockwave","Clothesline","Hemokinesis"],"picked":"Entrench","floor":24},{"not_picked":["Havoc+1","Dropkick","Corruption"],"picked":"Spot Weakness","floor":27},{"not_picked":["Sword Boomerang","Flex","Armaments"],"picked":"Shrug It Off","floor":29},{"not_picked":["Anger","Armaments","Wild Strike"],"picked":"Sword Boomerang","floor":30},{"not_picked":["Warcry","Pommel Strike","Thunderclap"],"picked":"Feel No Pain+1","floor":31},{"not_picked":["Searing Blow+1","Armaments","Thunderclap+1","Second Wind"],"picked":"SKIP","floor":35},{"not_picked":["Anger","Evolve","Infernal Blade+1"],"picked":"Shrug It Off+1","floor":36},{"not_picked":["Clash","Intimidate+1","Pommel Strike+1"],"picked":"Entrench+1","floor":38},{"not_picked":["Thunderclap+1","Combust","Cleave","Searing Blow"],"picked":"SKIP","floor":40},{"not_picked":["Second Wind","Shrug It Off","Flex+1"],"picked":"Reaper","floor":42},{"not_picked":["Heavy Blade+1","Pommel Strike","Sword Boomerang"],"picked":"Body Slam+1","floor":44},{"not_picked":["Shrug It Off","Heavy Blade","Flex+1","Rampage"],"picked":"SKIP","floor":45},{"not_picked":["Anger","Flame Barrier","Sever Soul+1","Corruption"],"picked":"SKIP","floor":46},{"not_picked":["Uppercut","Armaments","Intimidate"],"picked":"Spot Weakness","floor":47},{"not_picked":["The Bomb","Forethought","Trip"],"picked":"Good Instincts","floor":48},{"not_picked":["Madness","Purity","Violence"],"picked":"Flash of Steel","floor":48},{"not_picked":["Havoc","Twin Strike","Iron Wave","Headbutt"],"picked":"SKIP","floor":55}],"player_experience":873863,"relics_obtained":[{"floor":6,"key":"Red Skull"},{"floor":8,"key":"Matryoshka"},{"floor":9,"key":"Oddly Smooth Stone"},{"floor":9,"key":"Smiling Mask"},{"floor":11,"key":"Strawberry"},{"floor":15,"key":"Self Forming Clay"},{"floor":23,"key":"Question Card"},{"floor":24,"key":"Whetstone"},{"floor":25,"key":"Bag of Preparation"},{"floor":26,"key":"Pear"},{"floor":27,"key":"PreservedInsect"},{"floor":32,"key":"CeramicFish"},{"floor":36,"key":"Bird Faced Urn"},{"floor":39,"key":"Unceasing Top"},{"floor":40,"key":"Bronze Scales"},{"floor":42,"key":"War Paint"},{"floor":43,"key":"Toy Ornithopter"},{"floor":46,"key":"Calipers"},{"floor":49,"key":"Turnip"},{"floor":53,"key":"StrikeDummy"},{"floor":55,"key":"InkBottle"}],"event_choices":[{"damage_healed":0,"gold_gain":0,"player_choice":"Upgraded","damage_taken":0,"max_hp_gain":0,"max_hp_loss":0,"event_name":"Upgrade Shrine","floor":2,"gold_loss":0,"cards_upgraded":["Bash"]},{"cards_removed":["Strike_R"],"damage_healed":0,"gold_gain":0,"player_choice":"Card Removal","damage_taken":7,"max_hp_gain":0,"max_hp_loss":0,"event_name":"Golden Wing","floor":7,"gold_loss":0},{"damage_healed":0,"gold_gain":50,"player_choice":"Pray","damage_taken":0,"max_hp_gain":0,"max_hp_loss":0,"event_name":"Golden Shrine","floor":13,"gold_loss":0},{"cards_removed":["Strike_R"],"damage_healed":0,"gold_gain":0,"player_choice":"Elegance","damage_taken":0,"max_hp_gain":0,"max_hp_loss":0,"event_name":"Back to Basics","floor":21,"gold_loss":0},{"cards_removed":["Wild Strike"],"damage_healed":0,"gold_gain":0,"player_choice":"Purged","damage_taken":0,"max_hp_gain":0,"max_hp_loss":0,"event_name":"Purifier","floor":28,"gold_loss":0},{"damage_healed":0,"gold_gain":0,"player_choice":"Fight","damage_taken":0,"max_hp_gain":0,"max_hp_loss":0,"event_name":"Mysterious Sphere","floor":36,"gold_loss":0},{"damage_healed":0,"gold_gain":0,"player_choice":"Fight","damage_taken":0,"max_hp_gain":0,"max_hp_loss":0,"event_name":"MindBloom","floor":39,"gold_loss":0},{"damage_healed":0,"gold_gain":0,"player_choice":"Memory 3","damage_taken":10,"max_hp_gain":0,"max_hp_loss":0,"event_name":"SensoryStone","floor":48,"gold_loss":0}],"is_beta":false,"boss_relics":[{"not_picked":["Snecko Eye","Black Star"],"picked":"Philosopher\u0027s Stone"},{"not_picked":["Black Blood","Runic Dome"],"picked":"Astrolabe"}],"items_purged_floors":[20,37,54],"is_endless":false,"potions_floor_spawned":[3,4,5,10,12,19,22,29,30,31,33,35,36,42,44,46,47],"ascension_level":20}}