{"host":"whyfdmrq1ty0e9zp","time":1612818436,"event":{"mods":["Act Like it!","BaseMod","Colored Map","Colored Powertips","Conspire","Energized Spire","Gensokyo","Marisa£¨ìFÓê¡¡Ä§ÀíÉ³£©","Minty Spire (QoL Compilation)","MostiFishMod","Prisma Mod","Quick Restart","Relic Stats","Remilia£¨ÀÙÃ×ÀòÑÇ£©","Replay The Spire","StSLib","TestMod","The Servant 0.9.4","¡¾ÒÅÎï¿¨ÅÆ¡¿REMEMod"],"gold_per_floor":[113,4,4,24,38,38,52,26,50,67,93,109,139,150,150,246,246,260,260,109,142,542,542,577,577,603,619,634,652,652,670,670,771,771,783,783,800,838,857,857,886,899,952,1012,1012,1012,1012,1043,1043,1143],"floor_reached":51,"language":"ZHS","playtime":2992,"items_purged":["Strike_S","Strike_S","Strike_S","Strike_S","KidneyShot","Comet"],"score":1382,"play_id":"2337d395-1d6a-43e5-8c31-9d174f38b434","local_time":"20210209050716","is_ascension_mode":true,"campfire_choices":[{"data":"Deny","floor":6.0,"key":"SMITH"},{"data":"Potential","floor":15.0,"key":"SMITH"},{"data":"TheWorld","floor":23.0,"key":"SMITH"},{"data":"TimeWarp","floor":25.0,"key":"SMITH"},{"data":"Revamp","floor":32,"key":"SMITH"},{"data":"ShiftingGears","floor":40,"key":"SMITH"},{"data":"PendulumOfEternity","floor":46,"key":"SMITH"},{"data":"Alleviate","floor":49,"key":"SMITH"}],"circlet_count":0,"master_deck":["Defend_S","Defend_S","Defend_S","Defend_S","Exchange","Deny+1","Revamp+1","Advance","Replace","Alleviate+1","ShatteredReality+1","Potential+1","PendulumOfEternity+1","BottledTime","TheWorld+1","TimeWarp+1","TheWorld+1","ShatteredReality+1","TimeWarp+1","Potential+1","FlawlessForm+1","Foresight+1","Dilation","ShiftingGears+1","BestPractice+1","RealityMarble+1","Replace+1","Advance"],"relics":["Uniform","testmod-TestBox","DaveBox","BirthdayGift-Icosahedron","testmod-RealStoneCalender","SynthV:TestCard","Frozen Egg 2","Pet Ghost","Blue Doll","Strawberry","REME_LowDesire","Orichalcum","SynthV:C4","FossilizedHelix","DiscerningMonocle","testmod-Antiphasic","Red Mask","ScarletDevilRocket","Replay:Wax Seal","testmod-IndustrialRevolution","MetatronsCube","Lantern","Sozu","TimeFreeze","PreservedInsect","HornCleat","Quantum Egg","Replay:Bottled Eggs","Replay:Bandana","testmod-LifeArmor","White Beast Statue","Replay:WaspNest","ChiLing","Chi","Ling","Centennial Puzzle","testmod-ArcanaOfDestiny","Pan"],"acts_visited":["Exordium","TheCity","TheBeyond"],"potions_floor_usage":[],"damage_taken":[{"damage":0.0,"enemies":"Cultist","floor":1.0,"turns":3.0},{"damage":0.0,"enemies":"Small Slimes","floor":4.0,"turns":2.0},{"damage":7.0,"enemies":"2 Louse","floor":5.0,"turns":2.0},{"damage":9.0,"enemies":"Exordium Wildlife","floor":7.0,"turns":4.0},{"damage":0.0,"enemies":"3 Louse","floor":10.0,"turns":2.0},{"damage":0.0,"enemies":"Lagavulin","floor":11.0,"turns":3.0},{"damage":0.0,"enemies":"Exordium Thugs","floor":12.0,"turns":3.0},{"damage":0.0,"enemies":"Gremlin Nob","floor":13.0,"turns":3.0},{"damage":0.0,"enemies":"Lots of Slimes","floor":14.0,"turns":1.0},{"damage":0.0,"enemies":"Slime Boss","floor":16.0,"turns":5.0},{"damage":0.0,"enemies":"3 Byrds","floor":18.0,"turns":3.0},{"damage":0.0,"enemies":"Masked Bandits","floor":21.0,"turns":2.0},{"damage":0.0,"enemies":"Gremlin Leader","floor":24.0,"turns":2.0},{"damage":0.0,"enemies":"Spheric Guardian","floor":27.0,"turns":1.0},{"damage":0.0,"enemies":"Chosen and Byrds","floor":28.0,"turns":2.0},{"damage":0,"enemies":"3 Cultists","floor":29,"turns":2},{"damage":0,"enemies":"Cultist and Chosen","floor":31,"turns":1},{"damage":0,"enemies":"Champ","floor":33,"turns":3},{"damage":0,"enemies":"3 Darklings","floor":35,"turns":2},{"damage":0,"enemies":"3 Shapes","floor":37,"turns":1},{"damage":0,"enemies":"conspire:MimicChest","floor":38,"turns":3},{"damage":0,"enemies":"Spire Growth","floor":39,"turns":1},{"damage":0,"enemies":"Giant Head","floor":41,"turns":2},{"damage":0,"enemies":"Transient","floor":42,"turns":5},{"damage":0,"enemies":"Jaw Worm Horde","floor":48,"turns":1},{"damage":20,"enemies":"Awakened One","floor":50,"turns":3}],"seed_played":"-2563855964048464595","potions_obtained":[{"floor":1.0,"key":"Dexterity Potion"},{"floor":7.0,"key":"SteroidPotion"},{"floor":10.0,"key":"LifebloodPotion"}],"is_trial":false,"path_per_floor":["M","$","T","M","M","R","M","$","T","M","E","M","E","M","R","B",null,"M","T","$","?","?","R","E","R","T","M","M","M","$","M","R","B",null,"M","$","M","?","M","R","E","M","T","?","$","R","$","M","R","B",null],"character_chosen":"THE_SERVANT","items_purchased":["Advance","Potential","DiscerningMonocle","TheWorld+1","testmod-Antiphasic","ShatteredReality","testmod-IndustrialRevolution","MetatronsCube","Lantern","FlawlessForm+1","TimeFreeze","PreservedInsect","HornCleat","BestPractice+1","White Beast Statue","Replay:WaspNest","ChiLing","Replace+1","Centennial Puzzle","testmod-ArcanaOfDestiny","Pan","Advance"],"campfire_rested":0,"item_purchase_floors":[2,8,20,20,20,20,30,30,30,30,36,36,36,36,45,45,45,45,47,47,47,47],"current_hp_per_floor":[60,60,60,61,55,55,47,47,47,48,49,50,58,59,59,60,69,70,70,70,71,71,71,72,72,72,72,72,72,72,72,72,72,72,72,72,72,72,72,72,72,72,72,54,54,54,54,55,55,41],"gold":1143,"neow_bonus":"THREE_CARDS","is_daily":false,"chose_seed":false,"campfire_upgraded":8,"win_rate":0.0,"timestamp":1612818436,"path_taken":["M","$","?","M","?","R","M","$","T","M","E","M","E","M","R","BOSS","M","?","$","?","?","R","E","R","T","M","M","M","$","M","R","BOSS","M","$","M","?","M","R","E","M","T","?","$","R","?","?","R","BOSS"],"items_purchased_type":["Card","Card","Relic","Card","Relic","Card","Relic","Relic","Relic","Card","Relic","Relic","Relic","Card","Relic","Relic","Relic","Card","Relic","Relic","Relic","Card"],"build_version":"2020-12-22","purchased_purges":6,"victory":true,"max_hp_per_floor":[65,65,65,65,65,65,65,65,65,65,65,65,72,72,72,72,72,72,72,72,72,72,72,72,72,72,72,72,72,72,72,72,72,72,72,72,72,72,72,72,72,72,72,72,72,72,72,72,72,77],"relic_stats":{"Sozu":5,"Centennial Puzzle":[3],"counters":[26,61],"PreservedInsect":130,"Orichalcum":[18],"obtain_stats":[{"Lantern":30,"ScarletDevilRocket":24,"DaveBox":0,"DiscerningMonocle":20,"Chi":45,"Blue Doll":11,"testmod-LifeArmor":44,"Uniform":0,"BirthdayGift-Icosahedron":0,"Pet Ghost":9,"SynthV:C4":17,"Sozu":34,"Replay:Bandana":43,"Centennial Puzzle":47,"HornCleat":36,"Strawberry":13,"Red Mask":21,"REME_LowDesire":17,"Replay:Wax Seal":26,"Replay:Bottled Eggs":41,"testmod-ArcanaOfDestiny":47,"testmod-TestBox":0,"Quantum Egg":38,"PreservedInsect":36,"Replay:WaspNest":45,"Frozen Egg 2":3,"Orichalcum":17,"testmod-IndustrialRevolution":30,"TimeFreeze":36,"White Beast Statue":45,"testmod-RealStoneCalender":0,"testmod-Antiphasic":20,"Ling":45,"SynthV:TestCard":1,"Pan":47,"FossilizedHelix":19,"REME_ComplimentaryCards":0,"MetatronsCube":30,"ChiLing":45},{"Lantern":16,"ScarletDevilRocket":13,"DaveBox":0,"DiscerningMonocle":11,"Chi":24,"Blue Doll":6,"testmod-LifeArmor":24,"Uniform":0,"BirthdayGift-Icosahedron":0,"Pet Ghost":4,"SynthV:C4":10,"Sozu":18,"Replay:Bandana":24,"Centennial Puzzle":24,"HornCleat":19,"Strawberry":8,"Red Mask":12,"REME_LowDesire":10,"Replay:Wax Seal":13,"Replay:Bottled Eggs":23,"testmod-ArcanaOfDestiny":24,"testmod-TestBox":0,"Quantum Egg":21,"PreservedInsect":19,"Replay:WaspNest":24,"Frozen Egg 2":1,"Orichalcum":10,"testmod-IndustrialRevolution":16,"TimeFreeze":19,"White Beast Statue":24,"testmod-RealStoneCalender":0,"testmod-Antiphasic":11,"Ling":24,"SynthV:TestCard":1,"Pan":24,"FossilizedHelix":11,"REME_ComplimentaryCards":0,"MetatronsCube":16,"ChiLing":24},{"Lantern":39,"ScarletDevilRocket":34,"DaveBox":0,"DiscerningMonocle":30,"Chi":57,"Blue Doll":15,"testmod-LifeArmor":57,"Uniform":0,"BirthdayGift-Icosahedron":0,"Pet Ghost":10,"SynthV:C4":27,"Sozu":43,"Replay:Bandana":57,"Centennial Puzzle":57,"HornCleat":45,"Strawberry":21,"Red Mask":32,"REME_LowDesire":27,"Replay:Wax Seal":34,"Replay:Bottled Eggs":52,"testmod-ArcanaOfDestiny":57,"testmod-TestBox":0,"Quantum Egg":49,"PreservedInsect":45,"Replay:WaspNest":57,"Frozen Egg 2":3,"Orichalcum":27,"testmod-IndustrialRevolution":39,"TimeFreeze":45,"White Beast Statue":57,"testmod-RealStoneCalender":0,"testmod-Antiphasic":30,"Ling":57,"SynthV:TestCard":3,"Pan":57,"FossilizedHelix":30,"REME_ComplimentaryCards":0,"MetatronsCube":39,"ChiLing":57}]},"card_choices":[{"not_picked":["Ricochet","DoubleEdge"],"picked":"Revamp","floor":0.0},{"not_picked":["Rewind","ReturningBlade","DoubleEdge"],"picked":"SKIP","floor":1.0},{"not_picked":["Desolation","DualDimension","Ricochet","Rearm"],"picked":"Replace","floor":4.0},{"not_picked":["Foresight+1","Revamp","Deadline","Unruled"],"picked":"Alleviate","floor":5.0},{"not_picked":["TheWorld","FastForward","RealityMarble+1","Unruled"],"picked":"ShatteredReality","floor":7.0},{"not_picked":["StarChef+1","Orbit","Gouge","Starlight","Manipulate"],"picked":"SKIP","floor":10.0},{"not_picked":["ReturningBlade","ShiftingGears","MoonPhase+1","Unruled"],"picked":"PendulumOfEternity","floor":11.0},{"not_picked":["Spin","Rewind","Defy","Ricochet","Starlight"],"picked":"SKIP","floor":12.0},{"not_picked":["Starlight","Deny","Moondial","Potential"],"picked":"BottledTime","floor":13.0},{"not_picked":["DoubleEdge","Replace","Rearm","ShatteredReality"],"picked":"Comet","floor":14.0},{"not_picked":["Solidify","MurderousAura+1","TrueSight+1","PendulumOfEternity"],"picked":"TheWorld","floor":16.0},{"not_picked":["Unruled","DoubleEdge","Potential","Revamp+1","testmod-SunMoon"],"picked":"TimeWarp","floor":18.0},{"not_picked":["Foresight+1","Advance","Deny","Starlight","MostiFishMod:ButterFly"],"picked":"TimeWarp+1","floor":21.0},{"not_picked":["TimeTheft+1","DoubleEdge","FlawlessForm+1","Misdirection+1","Spin","testmod-ComboMaster"],"picked":"SKIP","floor":24.0},{"not_picked":["Sabotage+1","Replace","DoubleEdge","Rewind","Gouge","Replay:Sssssssssshield"],"picked":"SKIP","floor":27.0},{"not_picked":["Starlight","Replace","DoubleEdge","Rewind","Secret Weapon"],"picked":"Potential+1","floor":28.0},{"not_picked":["Unruled+1","Potential+1","Advance","Alleviate","ShatteredReality","testmod-Automaton+1"],"picked":"SKIP","floor":29},{"not_picked":["Collapse","TimeWarp+1","Revamp","DoubleEdge+1","Forethought"],"picked":"Foresight+1","floor":31},{"not_picked":["Deny","Initiator","FloweringNight+1","FlawlessForm+1","MostiFishMod:MusicBox+1"],"picked":"Dilation","floor":33},{"not_picked":["BottledTime+1","Deadline+1","Misdirection","TimeWarp","Secret Weapon"],"picked":"ShiftingGears","floor":35},{"not_picked":["Rewind","TimeTheft","Luminosity+1","ShatteredReality","FastForward+1","MostiFishMod:Kaleido"],"picked":"SKIP","floor":37},{"not_picked":["Potential","SpecialFormula","Luminosity+1","Misdirection+1","Contraction+1","REME_HeartOfCthun"],"picked":"SKIP","floor":39},{"not_picked":["FlawlessForm+1","GearUp","Alleviate+1","BottledTime","TimeWarp","REME_BattleFury+1"],"picked":"SKIP","floor":41},{"not_picked":["Replace","Snipe+1","Rearm","Starlight+1","testmod-PulseDistributor+1"],"picked":"RealityMarble+1","floor":42},{"not_picked":["TimeTheft+1","Rewind+1","Starlight","ShiftingGears","WasteNot+1","MostiFishMod:MusicBox+1"],"picked":"SKIP","floor":48}],"player_experience":501971,"relics_obtained":[{"floor":1.0,"key":"SynthV:TestCard"},{"floor":3.0,"key":"Frozen Egg 2"},{"floor":9.0,"key":"Pet Ghost"},{"floor":11.0,"key":"Blue Doll"},{"floor":13.0,"key":"Strawberry"},{"floor":17.0,"key":"Orichalcum"},{"floor":17.0,"key":"SynthV:C4"},{"floor":19.0,"key":"FossilizedHelix"},{"floor":21.0,"key":"Red Mask"},{"floor":24.0,"key":"ScarletDevilRocket"},{"floor":26.0,"key":"Replay:Wax Seal"},{"floor":38,"key":"Quantum Egg"},{"floor":41,"key":"Replay:Bottled Eggs"},{"floor":43,"key":"Replay:Bandana"},{"floor":44,"key":"testmod-LifeArmor"}],"event_choices":[{"damage_healed":0.0,"max_hp_gain":0.0,"max_hp_loss":0.0,"gold_gain":0.0,"event_name":"Masked Bandits","player_choice":"Fought Bandits","floor":21.0,"gold_loss":0.0,"damage_taken":0.0},{"damage_healed":0.0,"max_hp_gain":0.0,"max_hp_loss":0.0,"gold_gain":400.0,"event_name":"¶÷ÂåË¹µÄÅÌ×Ó","player_choice":"Sell","floor":22.0,"relics_lost":["REME_ComplimentaryCards"],"gold_loss":0.0,"damage_taken":0.0}],"is_beta":false,"boss_relics":[{"not_picked":["energizedSpire:CursedPentagram","energizedSpire:HugeHouse"],"picked":"REME_LowDesire"},{"not_picked":["conspire:SlowCooker","testmod-DeterminationOfClimber"],"picked":"Sozu"}],"items_purged_floors":[2,20,30,36,45,47],"is_endless":false,"potions_floor_spawned":[1,7,10,11,18,24,31,33,35,38,41,42,48],"ascension_level":9}}