{"host":"46dxij13gllk3u9t","time":1612744021,"event":{"mods":["BaseMod","Better Note","BetterRewards","Colored Powertips","Custom Start","Jedi Mod","Minty Spire (QoL Compilation)","Relic Sorter","Shop Mod","StSLib","The IronCluck","slay the spire mod where everything is the same but ironclad has a cowboy hat"],"gold_per_floor":[13,13,13,29,29,60,135,159,159,84,84,104,120,133,133,133,133],"floor_reached":16,"language":"ENG","playtime":910,"items_purged":["Strike_G"],"score":102,"play_id":"81f7d9cf-bb1d-43dc-a17f-c84d954e09cf","local_time":"20210207192701","is_ascension_mode":false,"campfire_choices":[{"floor":11,"key":"REST"},{"data":"Blur","floor":15,"key":"SMITH"}],"circlet_count":0,"master_deck":["Strike_G","Strike_G","Strike_G","Strike_G","Defend_G","Defend_G","Defend_G","Defend_G","Defend_G","Survivor","Neutralize","Adrenaline","Quick Slash","Dagger Throw","Dagger Throw","Blur+1","Backstab","Underhanded Strike"],"relics":["Ring of the Snake","Golden Idol","CaptainsWheel","White Beast Statue"],"acts_visited":["Exordium"],"potions_floor_usage":[13],"damage_taken":[{"damage":0,"enemies":"2 Louse","floor":1,"turns":5},{"damage":0,"enemies":"Jaw Worm","floor":4,"turns":3},{"damage":32,"enemies":"3 Sentries","floor":6,"turns":12},{"damage":2,"enemies":"Small Slimes","floor":8,"turns":3},{"damage":2,"enemies":"2 Fungi Beasts","floor":12,"turns":3},{"damage":3,"enemies":"Gremlin Gang","floor":13,"turns":5},{"damage":2,"enemies":"Blue Slaver","floor":14,"turns":3},{"damage":33,"enemies":"Hexaghost","floor":16,"turns":14}],"seed_played":"7940852276740045245","potions_obtained":[{"floor":1,"key":"jedi:wingpotion"},{"floor":6,"key":"Fire Potion"},{"floor":12,"key":"Fire Potion"},{"floor":13,"key":"SpeedPotion"},{"floor":14,"key":"EssenceOfSteel"}],"is_trial":false,"path_per_floor":["M","?","$","M","?","E","?","M","T","$","R","M","M","M","R","B"],"character_chosen":"THE_SILENT","items_purchased":[],"campfire_rested":1,"item_purchase_floors":[],"current_hp_per_floor":[70,65,65,65,65,33,22,20,20,20,39,37,34,32,32,0,0],"gold":133,"neow_bonus":"THREE_RARE_CARDS","is_daily":false,"chose_seed":false,"campfire_upgraded":1,"win_rate":0.0,"timestamp":1612744021,"path_taken":["M","?","?","?","?","E","?","M","T","$","R","M","M","M","R","BOSS"],"items_purchased_type":[],"build_version":"2020-12-22","purchased_purges":1,"victory":false,"max_hp_per_floor":[70,65,65,65,65,65,65,65,65,65,65,65,65,65,65,65,65],"card_choices":[{"not_picked":["Wraith Form v2","Storm of Steel"],"picked":"Adrenaline","floor":0},{"not_picked":["Tactician","Deflect"],"picked":"Quick Slash","floor":1},{"not_picked":["Slice","Deflect"],"picked":"Dagger Throw","floor":4},{"not_picked":["Backstab","Slice"],"picked":"Dagger Throw","floor":6},{"not_picked":["Concentrate","Outmaneuver","Malaise"],"picked":"SKIP","floor":8},{"not_picked":["Acrobatics","Slice"],"picked":"Blur","floor":12},{"not_picked":["Prepared","Terror"],"picked":"Backstab","floor":13},{"not_picked":["Slice","Dodge and Roll"],"picked":"Underhanded Strike","floor":14}],"player_experience":370602,"relics_obtained":[{"floor":6,"key":"CaptainsWheel"},{"floor":9,"key":"White Beast Statue"}],"event_choices":[{"damage_healed":0,"gold_gain":0,"player_choice":"Lose Max HP","damage_taken":0,"relics_obtained":["Golden Idol"],"max_hp_gain":0,"max_hp_loss":5,"event_name":"Golden Idol","floor":2,"gold_loss":0},{"damage_healed":0,"gold_gain":0,"player_choice":"Ignored","damage_taken":0,"max_hp_gain":0,"max_hp_loss":0,"event_name":"Liars Game","floor":5,"gold_loss":0},{"damage_healed":0,"gold_gain":75,"player_choice":"Gather Gold","damage_taken":11,"max_hp_gain":0,"max_hp_loss":0,"event_name":"World of Goop","floor":7,"gold_loss":0}],"is_beta":false,"boss_relics":[],"items_purged_floors":[10],"is_endless":false,"potions_floor_spawned":[1,6,12,13,14],"killed_by":"Hexaghost","ascension_level":0}}