{"host":"soyfmymeou4emntr","time":1612815313,"event":{"mods":["BaseMod","Minty Spire (QoL Compilation)","Permanent Neow","Relic Sorter","Relic Stats","StSLib"],"gold_per_floor":[209,209,223,243,72,72,104,104,128,160,171,202,220,249,249,249,249],"floor_reached":16,"language":"ENG","playtime":1109,"items_purged":[],"score":260,"play_id":"010db99b-a70c-426b-89fb-0e28c16835ab","local_time":"20210208131513","is_ascension_mode":true,"campfire_choices":[{"data":"Carnage","floor":6.0,"key":"SMITH"},{"data":"Combust","floor":8.0,"key":"SMITH"},{"data":"Inflame","floor":15.0,"key":"SMITH"}],"circlet_count":0,"master_deck":["AscendersBane","Strike_R","Strike_R","Strike_R","Strike_R","Defend_R","Defend_R","Defend_R","Defend_R","Bash","Carnage+1","Sentinel","Whirlwind","Spot Weakness","Combust+1","Inflame+1","Armaments","Thunderclap","Twin Strike"],"relics":["Burning Blood","PreservedInsect","Orichalcum","Ginger","Paper Frog","Nunchaku"],"acts_visited":["Exordium"],"potions_floor_usage":[16],"damage_taken":[{"damage":9.0,"enemies":"Small Slimes","floor":1.0,"turns":5.0},{"damage":1.0,"enemies":"Cultist","floor":3.0,"turns":3.0},{"damage":9.0,"enemies":"Jaw Worm","floor":4.0,"turns":3.0},{"damage":8.0,"enemies":"Gremlin Nob","floor":7.0,"turns":3.0},{"damage":7.0,"enemies":"3 Sentries","floor":10.0,"turns":3.0},{"damage":24.0,"enemies":"Gremlin Gang","floor":11.0,"turns":3.0},{"damage":4.0,"enemies":"Gremlin Nob","floor":12.0,"turns":3.0},{"damage":10.0,"enemies":"3 Louse","floor":13.0,"turns":3.0},{"damage":29.0,"enemies":"Lagavulin","floor":14.0,"turns":5.0},{"damage":24,"enemies":"The Guardian","floor":16,"turns":11}],"seed_played":"-4919038789924596747","potions_obtained":[{"floor":3.0,"key":"Fire Potion"},{"floor":4.0,"key":"Fire Potion"},{"floor":10.0,"key":"LiquidMemories"},{"floor":11.0,"key":"SpeedPotion"},{"floor":13.0,"key":"SkillPotion"}],"is_trial":false,"path_per_floor":["M","?","M","M","$","R","E","R","T","E","M","E","M","E","R","B"],"character_chosen":"IRONCLAD","items_purchased":["PreservedInsect"],"campfire_rested":0,"item_purchase_floors":[5],"current_hp_per_floor":[65,65,70,67,67,67,65,65,65,64,46,48,44,21,21,0,0],"gold":249,"neow_bonus":"HUNDRED_GOLD","is_daily":false,"chose_seed":false,"campfire_upgraded":3,"win_rate":0.0,"timestamp":1612815313,"path_taken":["M","?","M","M","$","R","E","R","T","E","M","E","?","E","R","BOSS"],"items_purchased_type":["Relic"],"build_version":"2020-12-22","purchased_purges":0,"victory":false,"max_hp_per_floor":[75,75,75,75,75,75,75,75,75,75,75,75,75,75,75,75,75],"relic_stats":{"Nunchaku":[0],"counters":[10,42],"PreservedInsect":108,"Ginger":[2],"Orichalcum":[84],"obtain_stats":[{"Nunchaku":14,"PreservedInsect":5,"Ginger":10,"Orichalcum":7,"Burning Blood":0,"Paper Frog":12},{"Nunchaku":9,"PreservedInsect":3,"Ginger":5,"Orichalcum":4,"Burning Blood":0,"Paper Frog":7},{"Nunchaku":31,"PreservedInsect":11,"Ginger":17,"Orichalcum":14,"Burning Blood":0,"Paper Frog":23}],"Burning Blood":54},"card_choices":[{"not_picked":["Sword Boomerang","Clash"],"picked":"Carnage","floor":1.0},{"not_picked":["Bloodletting","Pommel Strike"],"picked":"Whirlwind","floor":3.0},{"not_picked":["Bloodletting","Feel No Pain"],"picked":"Spot Weakness","floor":4.0},{"not_picked":["Pummel","Burning Pact"],"picked":"Combust","floor":7.0},{"not_picked":["Exhume","Perfected Strike"],"picked":"Inflame","floor":10.0},{"not_picked":["Warcry","Shrug It Off"],"picked":"Armaments","floor":11.0},{"not_picked":["Evolve","Clash"],"picked":"Thunderclap","floor":12.0},{"not_picked":["Body Slam","Anger","Combust"],"picked":"SKIP","floor":13.0},{"not_picked":["Warcry","Cleave"],"picked":"Twin Strike","floor":14.0}],"player_experience":3128303,"relics_obtained":[{"floor":7.0,"key":"Orichalcum"},{"floor":10.0,"key":"Ginger"},{"floor":12.0,"key":"Paper Frog"},{"floor":14.0,"key":"Nunchaku"}],"event_choices":[{"damage_healed":0.0,"max_hp_gain":0.0,"max_hp_loss":0.0,"gold_gain":0.0,"cards_transformed":["Strike_R"],"event_name":"Transmorgrifier","player_choice":"Transformed","floor":2.0,"gold_loss":0.0,"damage_taken":0.0,"cards_obtained":["Sentinel"]}],"is_beta":false,"boss_relics":[],"items_purged_floors":[],"is_endless":false,"potions_floor_spawned":[3,4,10,11,13],"killed_by":"The Guardian","ascension_level":20}}