{"host":"tmk46lqetm74e6y6","time":1612797083,"event":{"mods":["100% Spire Juice","2.2 Compatiblity","Abigail Mod","AchievementEnabler","Act Like it!","BaseMod","Beaked The Cultist","Better Match","BetterRewards","CapriCore","ChefMod","Chen","Decade(â§è¨ñæ)","Friendly Minions","GifTheSpireLib","HololiveMod","KinomotoSakuraMod(ñÿîVñ{?)","KiyohimeÅiê¥?Åj","Koishi","KomeijiMod","Magitek Elite","MarisaÅiñ∂âJÅ@ñÇóùçπÅj","Minty Spire (QoL Compilation)","Onozuka Komachi Mod","Permanent Neow","Prisma Mod","Railgun Mod","Random Character Button","Reliquary","Remilia_Scarlet MoedÅiÂQïƒ‰ª?ÅEéz?óãì¡Åj3.3.5","SOSÅiézîb?îVéqÅj","Small Relic Pack","StSLib","SuperFastMode","The Administrix","The Alterego","The Animator","The Bladedancer","The Immortal","The Servant 0.9.4","The Wild Card","TheSwordswoman","Trackpad","Wide Potions","Yakumo Yukari mod","YoumuÅiç∞ÈÆódöÎÅj","Yuri Mod"],"gold_per_floor":[110,110,125,136,187,187,201,78,78,78,95,95,95,109,109,209,209,164,9,9,9,9,9,9,9,9,9,0,0,0,0,0,0,0,0,0,0,0,0,0,0,0],"floor_reached":41,"language":"ENG","playtime":3409,"items_purged":[],"score":385,"play_id":"d89c2987-c6a1-4fd8-8965-329925fa9eb4","local_time":"20210208231123","is_ascension_mode":false,"campfire_choices":[{"data":"blazmod:Crosscut","floor":6.0,"key":"SMITH"},{"data":"blazmod:Crosscut","floor":10.0,"key":"SMITH"},{"data":"blazmod:MirrorImage","floor":23.0,"key":"SMITH"},{"data":"blazmod:ClearTheMind","floor":25.0,"key":"SMITH"},{"floor":32.0,"key":"REST"},{"floor":40,"key":"REST"}],"circlet_count":0,"master_deck":["blazmod:Strike","blazmod:Strike","blazmod:Strike","blazmod:Strike","blazmod:Defend+1","blazmod:Defend","blazmod:Defend","blazmod:Defend+1","blazmod:ButterflyEffect+1","blazmod:Kyokasuigetsu","blazmod:Crosscut+1","blazmod:Trasient","blazmod:MyEverything","blazmod:Crosscut+1","blazmod:SureOfHand","blazmod:KatanaStrike","blazmod:MirrorImage+1","blazmod:BoulderFlash+1","blazmod:TenThousand+1","blazmod:ClearTheMind+1","blazmod:MyEverything","blazmod:Valiance","blazmod:MentalFocus+1","blazmod:LoveAndHonor+1","blazmod:MoonlightBlossoms+1","blazmod:ButterflyForm","blazmod:PhysicalEndurance+1","blazmod:ButterFlutter+1","blazmod:FortifiedVigor+1"],"relics":["blazmod:Venustas","NeowsBlessing","GoodDreamPillow","trackpad:BottledShadow","Ectoplasm","NitorisBag","relicPack:AllForOne","War Paint","TungstenRod","Fusion Hammer"],"acts_visited":["Exordium","TheCity","TheBeyond"],"potions_floor_usage":[39,41],"damage_taken":[{"damage":0.0,"enemies":"Small Slimes","floor":1.0,"turns":1.0},{"damage":0.0,"enemies":"2 Louse","floor":3.0,"turns":1.0},{"damage":0.0,"enemies":"Cultist","floor":4.0,"turns":1.0},{"damage":0.0,"enemies":"3 Louse","floor":7.0,"turns":4.0},{"damage":0.0,"enemies":"2 Fungi Beasts","floor":11.0,"turns":3.0},{"damage":0.0,"enemies":"Looter","floor":14.0,"turns":4.0},{"damage":12.0,"enemies":"Slime Boss","floor":16.0,"turns":7.0},{"damage":5.0,"enemies":"2 Thieves","floor":18.0,"turns":3.0},{"damage":0.0,"enemies":"Shell Parasite","floor":20.0,"turns":5.0},{"damage":10.0,"enemies":"Cultist and Chosen","floor":21.0,"turns":6.0},{"damage":0.0,"enemies":"Shelled Parasite and Fungi","floor":24.0,"turns":4.0},{"damage":0.0,"enemies":"Centurion and Healer","floor":30.0,"turns":4.0},{"damage":11.0,"enemies":"Snake Plant","floor":31.0,"turns":3.0},{"damage":1.0,"enemies":"Automaton","floor":33.0,"turns":8.0},{"damage":0.0,"enemies":"Orb Walker","floor":35.0,"turns":3.0},{"damage":30,"enemies":"3 Shapes","floor":38,"turns":4},{"damage":0,"enemies":"Maw","floor":39,"turns":10},{"damage":44,"enemies":"Maw","floor":41,"turns":9}],"seed_played":"3641196448571880673","potions_obtained":[{"floor":3.0,"key":"Explosive Potion"},{"floor":11.0,"key":"BlessingOfTheForge"},{"floor":16.0,"key":"Explosive Potion"},{"floor":18.0,"key":"DistilledChaos"},{"floor":28.0,"key":"ColorlessPotion"},{"floor":33.0,"key":"Regen Potion"},{"floor":38,"key":"LiquidBronze"}],"is_trial":false,"path_per_floor":["M","?","M","M","?","R","M","?","T","R","M","?","?","M","R","B",null,"M","$","M","M","?","R","M","R","T","$","?","?","M","M","R","B",null,"M","$","?","M","M","R","?"],"character_chosen":"THE_SWORDSWOMAN","items_purchased":["NitorisBag"],"campfire_rested":2,"item_purchase_floors":[19],"current_hp_per_floor":[40,40,40,40,40,40,40,40,40,40,40,40,40,40,40,28,50,45,45,50,40,40,40,40,40,40,40,40,40,40,29,44,43,50,50,50,50,20,35,50,0,0],"gold":0,"neow_bonus":"THREE_ENEMY_KILL","is_daily":false,"chose_seed":false,"campfire_upgraded":4,"win_rate":0.0,"timestamp":1612797083,"path_taken":["M","?","M","M","?","R","M","?","T","R","M","?","?","?","R","BOSS","M","$","M","M","?","R","M","R","T","$","?","?","?","?","R","BOSS","M","$","?","M","M","R","?"],"items_purchased_type":["Relic"],"build_version":"2020-12-22","purchased_purges":0,"victory":false,"max_hp_per_floor":[40,40,40,40,40,40,40,40,40,40,40,40,40,40,50,50,50,50,50,50,50,50,50,50,50,50,50,50,50,50,50,50,50,50,50,50,50,50,50,50,50,50],"card_choices":[{"not_picked":["blazmod:FlyFlyAgain","blazmod:FlashRock"],"picked":"blazmod:Crosscut","floor":1.0},{"not_picked":["blazmod:Valiance","blazmod:PhysicalEndurance"],"picked":"blazmod:Trasient","floor":3.0},{"not_picked":["blazmod:SecondSight","blazmod:BoulderFlash"],"picked":"blazmod:MyEverything","floor":4.0},{"not_picked":["blazmod:ApexLegends","blazmod:MentalFocus"],"picked":"blazmod:Crosscut","floor":7.0},{"not_picked":["blazmod:FortifiedVigor","blazmod:QuickBlade"],"picked":"blazmod:SureOfHand","floor":11.0},{"not_picked":["blazmod:Crosscut","blazmod:Trasient"],"picked":"blazmod:KatanaStrike","floor":14.0},{"not_picked":["blazmod:ForgeWays","blazmod:ButterflyBlade"],"picked":"blazmod:MirrorImage","floor":16.0},{"not_picked":["blazmod:DrippingWaterHollowsStone","blazmod:KatanaStrike"],"picked":"blazmod:BoulderFlash+1","floor":18.0},{"not_picked":["blazmod:DevilDivine","blazmod:Lockswords"],"picked":"blazmod:TenThousand+1","floor":20.0},{"not_picked":["blazmod:MoonlightBlossoms","blazmod:MentalFocus"],"picked":"blazmod:ClearTheMind","floor":21.0},{"not_picked":["blazmod:FleetOfFoot","blazmod:Quickdraw"],"picked":"blazmod:MyEverything","floor":24.0},{"not_picked":["blazmod:BlindingFlash","blazmod:FlashRock"],"picked":"blazmod:Valiance","floor":28.0},{"not_picked":["blazmod:FortifiedVigor","blazmod:Valiance"],"picked":"blazmod:MentalFocus+1","floor":28.0},{"not_picked":["blazmod:Trasient","blazmod:MirrorImage"],"picked":"blazmod:LoveAndHonor+1","floor":30.0},{"not_picked":["blazmod:MindsEye","blazmod:Valiance"],"picked":"blazmod:MoonlightBlossoms+1","floor":31.0},{"not_picked":["blazmod:GlasswingWaltz","blazmod:EightLifePilgrimage"],"picked":"blazmod:ButterflyForm","floor":33.0},{"not_picked":["blazmod:BoulderFlash+1","blazmod:Quickdraw"],"picked":"blazmod:PhysicalEndurance+1","floor":35.0},{"not_picked":["blazmod:FlashRock+1","blazmod:Crosscut"],"picked":"blazmod:ButterFlutter+1","floor":38},{"not_picked":["blazmod:MyEverything+1","blazmod:Crosscut+1"],"picked":"blazmod:FortifiedVigor+1","floor":39}],"player_experience":76698,"relics_obtained":[{"floor":9.0,"key":"trackpad:BottledShadow"},{"floor":26.0,"key":"War Paint"},{"floor":28.0,"key":"TungstenRod"}],"event_choices":[{"damage_healed":0.0,"max_hp_gain":0.0,"max_hp_loss":0.0,"gold_gain":0.0,"event_name":"The Cleric","player_choice":"Leave","floor":2.0,"gold_loss":0.0,"damage_taken":0.0},{"damage_healed":0.0,"max_hp_gain":0.0,"max_hp_loss":0.0,"gold_gain":51.0,"event_name":"Golden Wing","player_choice":"Gained Gold","floor":5.0,"gold_loss":0.0,"damage_taken":0.0},{"damage_healed":0.0,"max_hp_gain":0.0,"max_hp_loss":0.0,"gold_gain":0.0,"event_name":"Liars Game","player_choice":"Ignored","floor":12.0,"gold_loss":0.0,"damage_taken":0.0},{"damage_healed":0.0,"max_hp_gain":0.0,"max_hp_loss":0.0,"gold_gain":0.0,"event_name":"Accursed Blacksmith","player_choice":"Forge","floor":13.0,"gold_loss":0.0,"damage_taken":0.0,"cards_upgraded":["blazmod:ButterflyEffect"]}],"is_beta":false,"boss_relics":[{"not_picked":["Sozu","SacredBark"],"picked":"Ectoplasm"},{"not_picked":["Hololive_ChaosS","reliquary:WritOfMandamus"],"picked":"Fusion Hammer"}],"items_purged_floors":[],"is_endless":false,"potions_floor_spawned":[3,11,16,18,30,31,33,38],"killed_by":"Maw","ascension_level":0}}