{"host":"188x3om7sf6mgxv1","time":1612799032,"event":{"mods":["BaseMod","Block Reminder","Jorbs\u0027s Wanderer Trilogy","Minty Spire (QoL Compilation)","Relic Stats","StSLib"],"gold_per_floor":[112,38,49,49,24,58,58,91,115,115,115,128,128,141,141,265,265,288,288,68,68,79,79,91,91,91,91,40,68,81,91,91,196,196,208,208,221,232,245,272,272,307,307,337,387,63,78,93,93,93,93,93,24,54,54,54],"floor_reached":55,"language":"ENG","playtime":2928,"items_purged":["Strike_B","Strike_B"],"score":899,"play_id":"a560efeb-0168-448d-8749-8abe57f71a53","local_time":"20210208104352","is_ascension_mode":true,"campfire_choices":[{"data":"Static Discharge","floor":7,"key":"SMITH"},{"data":"Glacier","floor":11,"key":"SMITH"},{"data":"Self Repair","floor":13,"key":"SMITH"},{"data":"Go for the Eyes","floor":15,"key":"SMITH"},{"floor":23,"key":"REST"},{"floor":25,"key":"RECALL"},{"floor":32,"key":"REST"},{"floor":41,"key":"REST"},{"floor":49,"key":"REST"},{"floor":52,"key":"REST"}],"circlet_count":0,"master_deck":["Strike_B","Strike_B","Defend_B","Defend_B","Defend_B","Defend_B","Zap","Dualcast","Gash","Static Discharge+1","Compile Driver","Go for the Eyes+1","Coolheaded","Glacier+1","Genetic Algorithm","Self Repair+1","Gash+1","Gash+1","Coolheaded","Chill","Steam","Defragment","BootSequence+1","Stack+1","Trip","Gash+1","Defragment","Defragment+1","Glacier+1","Loop","Gash","Gash+1","Loop","Buffer","Defragment","Defragment"],"relics":["Runic Pyramid","Ancient Tea Set","PreservedInsect","Happy Flower","Fusion Hammer","NlothsMask","ClockworkSouvenir","Nloth\u0027s Gift","Pen Nib","SlaversCollar","Omamori","Pantograph","Bottled Lightning","Thread and Needle","Oddly Smooth Stone","Centennial Puzzle"],"acts_visited":["Exordium","TheCity","TheBeyond","TheEnding"],"potions_floor_usage":[8,40,47,55,55],"damage_taken":[{"damage":8.0,"enemies":"2 Louse","floor":1.0,"turns":2.0},{"damage":2,"enemies":"Small Slimes","floor":3,"turns":4},{"damage":9,"enemies":"Lagavulin","floor":6,"turns":8},{"damage":12,"enemies":"3 Sentries","floor":8,"turns":7},{"damage":0,"enemies":"Cultist","floor":12,"turns":4},{"damage":6,"enemies":"Exordium Thugs","floor":14,"turns":8},{"damage":14,"enemies":"Slime Boss","floor":16,"turns":13},{"damage":12,"enemies":"3 Byrds","floor":18,"turns":5},{"damage":5,"enemies":"Shell Parasite","floor":22,"turns":7},{"damage":0,"enemies":"Cultist and Chosen","floor":24,"turns":7},{"damage":0,"enemies":"Book of Stabbing","floor":29,"turns":7},{"damage":1,"enemies":"Shelled Parasite and Fungi","floor":30,"turns":7},{"damage":0,"enemies":"Chosen and Byrds","floor":31,"turns":6},{"damage":3,"enemies":"Champ","floor":33,"turns":14},{"damage":0,"enemies":"3 Darklings","floor":35,"turns":7},{"damage":0,"enemies":"Orb Walker","floor":37,"turns":6},{"damage":0,"enemies":"Spire Growth","floor":38,"turns":6},{"damage":0,"enemies":"3 Darklings","floor":39,"turns":8},{"damage":2,"enemies":"Giant Head","floor":40,"turns":10},{"damage":11,"enemies":"Reptomancer","floor":42,"turns":10},{"damage":0,"enemies":"Giant Head","floor":44,"turns":10},{"damage":0,"enemies":"Mind Bloom Boss Battle","floor":45,"turns":9},{"damage":12,"enemies":"Transient","floor":47,"turns":5},{"damage":0,"enemies":"Writhing Mass","floor":48,"turns":8},{"damage":5,"enemies":"Donu and Deca","floor":50,"turns":16},{"damage":15,"enemies":"Shield and Spear","floor":54,"turns":9},{"damage":83,"enemies":"The Heart","floor":55,"turns":15}],"seed_played":"-1978645471055672255","potions_obtained":[{"floor":1.0,"key":"AttackPotion"},{"floor":3,"key":"Block Potion"},{"floor":8,"key":"SteroidPotion"},{"floor":16,"key":"Weak Potion"},{"floor":22,"key":"Ancient Potion"},{"floor":42,"key":"PotionOfCapacity"}],"is_trial":false,"path_per_floor":["M","$","M","?","$","E","R","E","T","?","R","M","R","M","R","B",null,"M","?","$","?","M","R","M","R","T","?","$","E","M","M","R","B",null,"M","?","M","M","M","E","R","E","T","E","?","$","M","M","R","B",null,"R","$","E","B"],"character_chosen":"DEFECT","items_purchased":["Static Discharge","Go for the Eyes","ClockworkSouvenir","Steam","Loop","Oddly Smooth Stone","Defragment"],"campfire_rested":5,"item_purchase_floors":[2,5,20,28,46,46,53],"current_hp_per_floor":[67,67,65,65,65,56,56,44,44,44,44,44,44,48,48,44,69,67,67,67,67,69,69,69,69,69,69,69,69,69,69,69,69,69,69,59,69,69,69,69,69,68,68,69,69,69,67,69,69,69,69,69,69,64,0,0],"gold":54,"neow_bonus":"BOSS_RELIC","is_daily":false,"chose_seed":false,"campfire_upgraded":4,"win_rate":0.0,"timestamp":1612799032,"path_taken":["M","$","M","?","$","E","R","E","T","?","R","M","R","M","R","BOSS","M","?","?","?","M","R","?","R","T","?","$","E","M","M","R","BOSS","M","?","M","M","M","E","R","E","T","E","?","?","M","M","R","BOSS","R","$","E","BOSS"],"items_purchased_type":["Card","Card","Relic","Card","Card","Relic","Card"],"build_version":"2020-12-22","purchased_purges":2,"victory":false,"max_hp_per_floor":[75,75,75,69,69,69,69,69,69,69,69,69,69,69,69,69,69,69,69,69,69,69,69,69,69,69,69,69,69,69,69,69,69,69,69,69,69,69,69,69,69,69,69,69,69,69,69,69,69,69,69,69,69,69,69,69],"relic_stats":{"Centennial Puzzle":[3],"Happy Flower":[65],"counters":[27,218],"Pantograph":5,"PreservedInsect":418,"Pen Nib":[30],"Nloth\u0027s Gift":1,"obtain_stats":[{"Happy Flower":9,"Golden Idol":4,"Oddly Smooth Stone":46,"Thread and Needle":45,"PreservedInsect":8,"Pen Nib":29,"Omamori":40,"Ancient Tea Set":6,"ClockworkSouvenir":20,"SlaversCollar":34,"Centennial Puzzle":54,"Pantograph":42,"Fusion Hammer":17,"Nloth\u0027s Gift":21,"Bottled Lightning":44,"Cracked Core":0,"Runic Pyramid":0,"NlothsMask":19},{"Happy Flower":4,"Golden Idol":2,"Oddly Smooth Stone":22,"Thread and Needle":22,"PreservedInsect":4,"Pen Nib":11,"Omamori":19,"Ancient Tea Set":3,"ClockworkSouvenir":8,"SlaversCollar":14,"Centennial Puzzle":26,"Pantograph":20,"Fusion Hammer":7,"Nloth\u0027s Gift":8,"Bottled Lightning":21,"Cracked Core":0,"Runic Pyramid":0,"NlothsMask":8},{"Happy Flower":21,"Golden Idol":6,"Oddly Smooth Stone":165,"Thread and Needle":165,"PreservedInsect":21,"Pen Nib":72,"Omamori":136,"Ancient Tea Set":14,"ClockworkSouvenir":51,"SlaversCollar":99,"Centennial Puzzle":203,"Pantograph":146,"Fusion Hammer":46,"Nloth\u0027s Gift":51,"Bottled Lightning":156,"Cracked Core":0,"Runic Pyramid":0,"NlothsMask":51}]},"card_choices":[{"not_picked":["Heatsinks","Fusion"],"picked":"Gash","floor":1.0},{"not_picked":["Heatsinks","Reinforced Body"],"picked":"Compile Driver","floor":3},{"not_picked":["Rebound","Multi-Cast"],"picked":"Coolheaded","floor":6},{"not_picked":["Rebound","Sweeping Beam"],"picked":"Glacier","floor":8},{"not_picked":["Chaos","Cold Snap"],"picked":"Self Repair","floor":12},{"not_picked":["Steam Power","Compile Driver","Rebound"],"picked":"SKIP","floor":14},{"not_picked":["Genetic Algorithm","FTL+1"],"picked":"Gash+1","floor":18},{"not_picked":["Go for the Eyes","Hologram"],"picked":"Gash+1","floor":22},{"not_picked":["Undo+1","Leap"],"picked":"Coolheaded","floor":24},{"not_picked":["Self Repair","Scrape","Blizzard+1"],"picked":"SKIP","floor":29},{"not_picked":["Reboot","Leap"],"picked":"Defragment","floor":30},{"not_picked":["Auto Shields","Cold Snap+1"],"picked":"BootSequence+1","floor":31},{"not_picked":["Compile Driver","Aggregate+1"],"picked":"Stack+1","floor":35},{"not_picked":["Discovery","Blind"],"picked":"Trip","floor":36},{"not_picked":["Beam Cell","Self Repair"],"picked":"Gash+1","floor":37},{"not_picked":["Streamline","Hologram"],"picked":"Defragment","floor":38},{"not_picked":["Chaos","Hello World+1"],"picked":"Defragment+1","floor":39},{"not_picked":["Reboot","Melter"],"picked":"Glacier+1","floor":40},{"not_picked":["Reinforced Body","Hologram"],"picked":"Loop","floor":42},{"not_picked":["Leap+1","Sweeping Beam+1"],"picked":"Gash","floor":44},{"not_picked":["Sweeping Beam","Coolheaded+1"],"picked":"Gash+1","floor":45},{"not_picked":["Leap+1","Reprogram+1"],"picked":"Buffer","floor":47},{"not_picked":["Compile Driver","Go for the Eyes","Rebound+1"],"picked":"SKIP","floor":48},{"not_picked":["Steam+1","Auto Shields+1"],"picked":"Defragment","floor":54}],"player_experience":30013,"relics_obtained":[{"floor":6,"key":"Ancient Tea Set"},{"floor":8,"key":"PreservedInsect"},{"floor":9,"key":"Happy Flower"},{"floor":29,"key":"Pen Nib"},{"floor":40,"key":"Omamori"},{"floor":42,"key":"Pantograph"},{"floor":44,"key":"Bottled Lightning"},{"floor":45,"key":"Thread and Needle"},{"floor":54,"key":"Centennial Puzzle"}],"event_choices":[{"damage_healed":0,"gold_gain":0,"player_choice":"Lose Max HP","damage_taken":0,"relics_obtained":["Golden Idol"],"max_hp_gain":0,"max_hp_loss":6,"event_name":"Golden Idol","floor":4,"gold_loss":0},{"damage_healed":0,"gold_gain":0,"player_choice":"2 cards matched","damage_taken":0,"max_hp_gain":0,"max_hp_loss":0,"event_name":"Match and Keep!","floor":10,"gold_loss":0,"cards_obtained":["Redo","Genetic Algorithm"]},{"damage_healed":0,"gold_gain":0,"player_choice":"Trade","damage_taken":0,"relics_obtained":["NlothsMask"],"max_hp_gain":0,"max_hp_loss":0,"event_name":"FaceTrader","floor":19,"gold_loss":0},{"damage_healed":0,"gold_gain":0,"player_choice":"Traded Relic","damage_taken":0,"relics_obtained":["Nloth\u0027s Gift"],"max_hp_gain":0,"max_hp_loss":0,"event_name":"N\u0027loth","floor":21,"relics_lost":["Golden Idol"],"gold_loss":0},{"damage_healed":0,"gold_gain":0,"cards_transformed":["Redo"],"player_choice":"Transformed","damage_taken":0,"max_hp_gain":0,"max_hp_loss":0,"event_name":"Transmorgrifier","floor":27,"gold_loss":0,"cards_obtained":["Chill"]},{"damage_healed":0,"gold_gain":0,"player_choice":"Memory 3","damage_taken":10,"max_hp_gain":0,"max_hp_loss":0,"event_name":"SensoryStone","floor":36,"gold_loss":0},{"damage_healed":0,"gold_gain":0,"player_choice":"Fight","damage_taken":0,"max_hp_gain":0,"max_hp_loss":0,"event_name":"MindBloom","floor":45,"gold_loss":0}],"is_beta":false,"boss_relics":[{"not_picked":["Runic Dome","SacredBark"],"picked":"Fusion Hammer"},{"not_picked":["Calling Bell","Snecko Eye"],"picked":"SlaversCollar"}],"items_purged_floors":[20,46],"is_endless":false,"potions_floor_spawned":[1,3,8,16,22,29,30,35,39,42,44],"killed_by":"The Heart","ascension_level":1}}