{"host":"hnfelxnirsihwvcb","time":1612823305,"event":{"mods":["BaseMod","Colored Map","DeckTracker","Highlight Path","Minty Spire (QoL Compilation)","Quick Restart","Relic Sorter","Relic Stats","Shop Mod","StSLib","SuperFastMode"],"gold_per_floor":[117,117,42,42,42,42,53,53,76,76,89,101,117,144,144,241,241,259,259,277,290,136,166,181,212,212,212,212,229,246,47,47,145,145,163,181,197,7,20,33,33,65,365,365,410,445,445,475,475,475],"floor_reached":51,"language":"ENG","playtime":1600,"items_purged":["Cloak And Dagger","Slice"],"score":1302,"play_id":"67d73dd3-2ae3-4231-8694-bde26fdd7054","local_time":"20210208232825","daily_mods":["SealedDeck","Vintage","Binary"],"is_ascension_mode":false,"campfire_choices":[{"data":"Blade Dance","floor":6,"key":"SMITH"},{"data":"Accuracy","floor":8,"key":"SMITH"},{"data":"Blur","floor":15,"key":"SMITH"},{"floor":28,"key":"REST"},{"data":"Backstab","floor":32,"key":"SMITH"},{"data":"Panache","floor":44,"key":"SMITH"},{"floor":47,"key":"DIG"},{"floor":49,"key":"DIG"}],"circlet_count":0,"master_deck":["Concentrate+1","Blur+1","Blade Dance+1","Accuracy+1","Backstab+1","Panache+1"],"relics":["Unceasing Top","Busted Crown","Happy Flower","White Beast Statue","Lantern","Toy Ornithopter","MealTicket","Darkstone Periapt","Bottled Tornado","Empty Cage","Akabeko","Ninja Scroll","Meat on the Bone","Bag of Marbles","Smiling Mask","Turnip","Vajra","Mummified Hand","Eternal Feather","Peace Pipe","Sling","Black Star","Potion Belt","PreservedInsect","War Paint","Blood Vial","Lizard Tail","The Courier","Ice Cream","Old Coin","Shovel","Omamori","Whetstone","Letter Opener","Molten Egg 2","Bottled Flame","Tingsha"],"acts_visited":["Exordium","TheCity","TheBeyond"],"potions_floor_usage":[46,50,50,50,50,50],"damage_taken":[{"damage":0,"enemies":"2 Louse","floor":1,"turns":1},{"damage":0,"enemies":"Jaw Worm","floor":7,"turns":1},{"damage":0,"enemies":"Cultist","floor":11,"turns":1},{"damage":0,"enemies":"Large Slime","floor":12,"turns":1},{"damage":0,"enemies":"Blue Slaver","floor":13,"turns":1},{"damage":0,"enemies":"Lagavulin","floor":14,"turns":1},{"damage":0,"enemies":"The Guardian","floor":16,"turns":1},{"damage":0,"enemies":"Spheric Guardian","floor":18,"turns":1},{"damage":0,"enemies":"2 Thieves","floor":20,"turns":1},{"damage":0,"enemies":"Chosen and Byrds","floor":21,"turns":1},{"damage":0,"enemies":"Gremlin Leader","floor":23,"turns":1},{"damage":0,"enemies":"Centurion and Healer","floor":24,"turns":1},{"damage":0,"enemies":"Book of Stabbing","floor":25,"turns":1},{"damage":0,"enemies":"3 Cultists","floor":29,"turns":1},{"damage":0,"enemies":"Cultist and Chosen","floor":30,"turns":1},{"damage":0,"enemies":"Collector","floor":33,"turns":1},{"damage":0,"enemies":"Orb Walker","floor":35,"turns":1},{"damage":0,"enemies":"3 Darklings","floor":36,"turns":1},{"damage":0,"enemies":"Transient","floor":37,"turns":1},{"damage":0,"enemies":"Jaw Worm Horde","floor":39,"turns":1},{"damage":0,"enemies":"Spire Growth","floor":40,"turns":1},{"damage":0,"enemies":"Nemesis","floor":42,"turns":1},{"damage":0,"enemies":"2 Orb Walkers","floor":45,"turns":1},{"damage":0,"enemies":"Giant Head","floor":46,"turns":1},{"damage":0,"enemies":"Reptomancer","floor":48,"turns":1},{"damage":0,"enemies":"Awakened One","floor":50,"turns":3}],"seed_played":"5814188504219447946","potions_obtained":[{"floor":11,"key":"BlessingOfTheForge"},{"floor":12,"key":"Fire Potion"},{"floor":13,"key":"Fire Potion"},{"floor":16,"key":"CultistPotion"},{"floor":20,"key":"CultistPotion"},{"floor":21,"key":"Energy Potion"},{"floor":24,"key":"CunningPotion"},{"floor":35,"key":"Block Potion"},{"floor":36,"key":"Strength Potion"},{"floor":46,"key":"Fruit Juice"},{"floor":48,"key":"SpeedPotion"}],"is_trial":true,"path_per_floor":["M","?","$","?","$","R","M","R","T","$","M","M","M","E","R","B",null,"M","?","M","M","$","E","M","E","T","?","R","M","M","$","R","B",null,"M","M","M","$","M","M","?","E","T","R","?","E","R","E","R","B",null],"character_chosen":"THE_SILENT","items_purchased":["Bag of Marbles","Sling","Panache"],"campfire_rested":1,"item_purchase_floors":[22,31,38],"current_hp_per_floor":[70,70,70,70,70,70,70,70,70,70,70,70,70,70,70,70,70,70,70,70,70,70,70,70,70,70,54,70,70,70,70,70,70,70,70,70,70,70,70,70,66,66,66,66,66,71,71,71,71,71],"gold":475,"neow_bonus":"","is_daily":false,"chose_seed":false,"campfire_upgraded":5,"win_rate":0.0,"timestamp":1612823305,"path_taken":["M","?","$","?","?","R","M","R","T","$","M","M","M","E","R","BOSS","M","?","M","?","$","E","M","E","T","?","R","M","M","$","R","BOSS","M","M","M","$","M","M","?","E","T","R","?","E","R","E","R","BOSS"],"items_purchased_type":["Relic","Relic","Card"],"build_version":"2020-12-22","purchased_purges":2,"victory":true,"max_hp_per_floor":[70,70,70,70,70,70,70,70,70,70,70,70,70,70,70,70,70,70,70,70,70,70,70,70,70,70,70,70,70,70,70,70,70,70,70,70,70,70,70,70,66,66,66,66,66,71,71,71,71,71],"relic_stats":{"Darkstone Periapt":0,"Happy Flower":[9],"counters":[26,28],"Eternal Feather":0,"Tingsha":[3],"PreservedInsect":231,"Whetstone":[],"Letter Opener":[43],"War Paint":["Concentrate"],"Smiling Mask":50,"Peace Pipe":0,"Blood Vial":0,"Lizard Tail":0,"Busted Crown":18,"Shovel":2,"Mummified Hand":[15],"MealTicket":0,"Turnip":[0],"Black Star":3,"obtain_stats":[{"Darkstone Periapt":13,"Ice Cream":42,"Lantern":9,"Vajra":25,"Whetstone":46,"Bottled Tornado":14,"Empty Cage":17,"Smiling Mask":23,"Sling":31,"Old Coin":43,"Blood Vial":39,"Lizard Tail":40,"Shovel":45,"Ninja Scroll":19,"Mummified Hand":26,"MealTicket":12,"Potion Belt":35,"Happy Flower":1,"Eternal Feather":29,"Tingsha":49,"PreservedInsect":36,"The Courier":42,"Omamori":46,"Letter Opener":47,"War Paint":37,"White Beast Statue":7,"Akabeko":18,"Peace Pipe":30,"Bottled Flame":48,"Busted Crown":0,"Molten Egg 2":48,"Turnip":24,"Bag of Marbles":22,"Black Star":34,"Unceasing Top":0,"Toy Ornithopter":11,"Meat on the Bone":20},{"Darkstone Periapt":5,"Ice Cream":22,"Lantern":2,"Vajra":13,"Whetstone":24,"Bottled Tornado":6,"Empty Cage":7,"Smiling Mask":11,"Sling":15,"Old Coin":22,"Blood Vial":20,"Lizard Tail":21,"Shovel":23,"Ninja Scroll":8,"Mummified Hand":13,"MealTicket":4,"Potion Belt":17,"Happy Flower":1,"Eternal Feather":14,"Tingsha":25,"PreservedInsect":18,"The Courier":22,"Omamori":24,"Letter Opener":24,"War Paint":19,"White Beast Statue":2,"Akabeko":8,"Peace Pipe":15,"Bottled Flame":25,"Busted Crown":0,"Molten Egg 2":25,"Turnip":12,"Bag of Marbles":10,"Black Star":16,"Unceasing Top":0,"Toy Ornithopter":3,"Meat on the Bone":9},{"Darkstone Periapt":5,"Ice Cream":22,"Lantern":2,"Vajra":13,"Whetstone":24,"Bottled Tornado":6,"Empty Cage":7,"Smiling Mask":11,"Sling":15,"Old Coin":22,"Blood Vial":20,"Lizard Tail":21,"Shovel":23,"Ninja Scroll":8,"Mummified Hand":13,"MealTicket":4,"Potion Belt":17,"Happy Flower":1,"Eternal Feather":14,"Tingsha":25,"PreservedInsect":18,"The Courier":22,"Omamori":24,"Letter Opener":24,"War Paint":19,"White Beast Statue":2,"Akabeko":8,"Peace Pipe":15,"Bottled Flame":25,"Busted Crown":0,"Molten Egg 2":25,"Turnip":12,"Bag of Marbles":10,"Black Star":16,"Unceasing Top":0,"Toy Ornithopter":3,"Meat on the Bone":9}],"Unceasing Top":[139],"Toy Ornithopter":0,"Meat on the Bone":0},"card_choices":[],"player_experience":852013,"relics_obtained":[{"floor":1,"key":"Happy Flower"},{"floor":7,"key":"White Beast Statue"},{"floor":9,"key":"Lantern"},{"floor":11,"key":"Toy Ornithopter"},{"floor":12,"key":"MealTicket"},{"floor":13,"key":"Darkstone Periapt"},{"floor":14,"key":"Bottled Tornado"},{"floor":18,"key":"Akabeko"},{"floor":20,"key":"Meat on the Bone"},{"floor":23,"key":"Smiling Mask"},{"floor":24,"key":"Turnip"},{"floor":25,"key":"Vajra"},{"floor":26,"key":"Mummified Hand"},{"floor":29,"key":"Eternal Feather"},{"floor":30,"key":"Peace Pipe"},{"floor":35,"key":"Potion Belt"},{"floor":36,"key":"PreservedInsect"},{"floor":37,"key":"War Paint"},{"floor":39,"key":"Blood Vial"},{"floor":40,"key":"Lizard Tail"},{"floor":42,"key":"The Courier"},{"floor":42,"key":"Ice Cream"},{"floor":43,"key":"Old Coin"},{"floor":45,"key":"Shovel"},{"floor":46,"key":"Omamori"},{"floor":46,"key":"Whetstone"},{"floor":47,"key":"Letter Opener"},{"floor":48,"key":"Molten Egg 2"},{"floor":48,"key":"Bottled Flame"},{"floor":49,"key":"Tingsha"}],"event_choices":[{"damage_healed":0,"gold_gain":0,"player_choice":"Ignored","damage_taken":0,"max_hp_gain":0,"max_hp_loss":0,"event_name":"Liars Game","floor":2,"gold_loss":0},{"cards_removed":["Blade Dance"],"damage_healed":0,"gold_gain":0,"player_choice":"Forget","damage_taken":0,"max_hp_gain":0,"max_hp_loss":0,"event_name":"Living Wall","floor":4,"gold_loss":0},{"damage_healed":0,"gold_gain":0,"player_choice":"Gave Potion","damage_taken":0,"relics_obtained":["Ninja Scroll"],"max_hp_gain":0,"max_hp_loss":0,"event_name":"WeMeetAgain","floor":19,"gold_loss":0},{"damage_healed":0,"gold_gain":0,"player_choice":"Obtained Book","damage_taken":16,"max_hp_gain":0,"max_hp_loss":0,"event_name":"Cursed Tome","floor":27,"gold_loss":0},{"damage_healed":0,"gold_gain":0,"player_choice":"Max HP","damage_taken":0,"max_hp_gain":0,"max_hp_loss":4,"event_name":"Winding Halls","floor":41,"gold_loss":0},{"damage_healed":0,"gold_gain":0,"player_choice":"Fight","damage_taken":0,"max_hp_gain":0,"max_hp_loss":0,"event_name":"Mysterious Sphere","floor":45,"gold_loss":0}],"is_beta":false,"boss_relics":[{"not_picked":["Ectoplasm","HoveringKite"],"picked":"Empty Cage"},{"not_picked":["Runic Pyramid","Astrolabe"],"picked":"Black Star"}],"items_purged_floors":[3,31],"is_endless":false,"potions_floor_spawned":[1,11,12,13,14,16,18,20,21,23,24,25,29,30,33,35,36,37,39,40,42,45,46,48],"ascension_level":0}}