{"host":"vyiqbz5w606ur92t","time":1612790525,"event":{"mods":["BaseMod","Downfall","Minty Spire (QoL Compilation)","StSLib"],"gold_per_floor":[99,117,117,117,27,27,52,52,52,86,71,71,82,67,86,183,183,183,183,199,199,216,243,313,330,430,441,475,175,195,221,236,332,332,332,352,366,382,400,275,275,306,306,324,337,348,368,401,418,418,418,453,12,12,12,12],"floor_reached":57,"language":"ENG","playtime":6520,"items_purged":["downfall:Malfunctioning","champ:Strike","champ:Strike","champ:Defend"],"score":1680,"play_id":"63929e62-7f95-4df9-b19f-f89bc495d6b6","local_time":"20210208132205","is_ascension_mode":true,"campfire_choices":[{"data":"champ:Taunt","floor":1,"key":"SMITH"},{"data":"champ:RecklessLeap","floor":6,"key":"SMITH"},{"floor":9,"key":"RECALL"},{"data":"champ:IgnorePain","floor":18,"key":"SMITH"},{"data":"champ:StanceDance","floor":29,"key":"SMITH"},{"data":"champ:GladiatorForm","floor":35,"key":"SMITH"},{"data":"champ:FanOfKnives","floor":54,"key":"SMITH"}],"circlet_count":0,"master_deck":["champ:Defend+1","champ:Defend+1","champ:Defend+1","champ:Execute","champ:Taunt+1","champ:RecklessLeap+1","champ:FocusedBerserking+1","champ:Haymaker","champ:FaceSlap","champ:CrookedStrike","champ:IgnorePain+1","Necronomicurse","champ:ShieldSlam+1","champ:DeathBlow","champ:FanOfKnives+1","champ:StanceDance+1","champ:GutPunch+1","champ:Backstep+1","champ:StanceDance","champ:GladiatorForm+1","champ:CheapShot+1","champ:ArenaPreparation","champ:Lariat+1","champ:BerserkersShout+1","champ:BerserkerStyle","expansioncontent:YouAreMine","champ:GladiatorStyle+1","champ:ShieldSigil+1"],"relics":["champ:ChampionCrown","Thread and Needle","champ:LiftRelic","champ:FightingForDummies","Coffee Dripper","Necronomicon","champ:DefensiveTrainingManual","Incense Burner","Slimebound:PreparedRelic","champ:BlackKnightHelmet","Molten Egg 2","Regal Pillow","downfall:HeartBlessingRed","downfall:HeartBlessingGreen","downfall:HeartBlessingBlue","Vajra","Philosopher\u0027s Stone","War Paint","Pantograph","Smiling Mask","Ice Cream","hexamod:BolsterEngine","Ornamental Fan","Boot"],"acts_visited":["Exordium","TheCity","TheBeyond","TheEnding"],"potions_floor_usage":[10,22,22,46,48,48,55,56],"damage_taken":[{"damage":10,"enemies":"Small Slimes","floor":2,"turns":3},{"damage":20,"enemies":"downfall:FleeingMerchant","floor":5,"turns":4},{"damage":55,"enemies":"Lagavulin","floor":10,"turns":4},{"damage":53,"enemies":"downfall:FleeingMerchant","floor":11,"turns":4},{"damage":25,"enemies":"2 Louse","floor":13,"turns":2},{"damage":61,"enemies":"downfall:FleeingMerchant","floor":14,"turns":4},{"damage":12,"enemies":"Jaw Worm","floor":15,"turns":2},{"damage":41,"enemies":"SI_SHIV_ARCHETYPE","floor":16,"turns":6},{"damage":0,"enemies":"Chosen","floor":20,"turns":3},{"damage":10,"enemies":"Shell Parasite","floor":22,"turns":3},{"damage":30,"enemies":"Book of Stabbing","floor":23,"turns":4},{"damage":45,"enemies":"Shelled Parasite and Fungi","floor":25,"turns":3},{"damage":60,"enemies":"Shelled Parasite and Fungi","floor":26,"turns":4},{"damage":20,"enemies":"Centurion and Healer","floor":27,"turns":2},{"damage":27,"enemies":"Gremlin Leader","floor":28,"turns":4},{"damage":50,"enemies":"Snake Plant","floor":30,"turns":2},{"damage":1,"enemies":"Slavers","floor":31,"turns":4},{"damage":10,"enemies":"Shelled Parasite and Fungi","floor":32,"turns":2},{"damage":23,"enemies":"DF_ARCHETYPE_CLAW","floor":33,"turns":4},{"damage":50,"enemies":"Orb Walker","floor":36,"turns":2},{"damage":60,"enemies":"3 Darklings","floor":37,"turns":2},{"damage":41,"enemies":"Transient","floor":38,"turns":5},{"damage":52,"enemies":"downfall:FleeingMerchant","floor":39,"turns":2},{"damage":54,"enemies":"Nemesis","floor":42,"turns":4},{"damage":67,"enemies":"Maw","floor":44,"turns":6},{"damage":11,"enemies":"Writhing Mass","floor":45,"turns":3},{"damage":22,"enemies":"Spire Growth","floor":46,"turns":3},{"damage":21,"enemies":"Sphere and 2 Shapes","floor":47,"turns":2},{"damage":69,"enemies":"Reptomancer","floor":48,"turns":4},{"damage":84,"enemies":"Jaw Worm Horde","floor":49,"turns":7},{"damage":116,"enemies":"IC_BLOCK_ARCHETYPE","floor":50,"turns":4},{"damage":148,"enemies":"downfall:CharBossMerchant","floor":52,"turns":6},{"damage":112,"enemies":"downfall:NeowBoss","floor":55,"turns":10},{"damage":182,"enemies":"downfall:NeowBossFinal","floor":56,"turns":9}],"seed_played":"2244372821359026081","potions_obtained":[{"floor":2,"key":"FearPotion"},{"floor":13,"key":"SpeedPotion"},{"floor":15,"key":"SkillPotion"},{"floor":16,"key":"AttackPotion"},{"floor":23,"key":"Energy Potion"},{"floor":25,"key":"hexamod:SoulburnPotion"},{"floor":32,"key":"SteroidPotion"},{"floor":46,"key":"champ:OpenerPotion"},{"floor":48,"key":"FairyPotion"},{"floor":49,"key":"SteroidPotion"},{"floor":52,"key":"AttackPotion"}],"is_trial":false,"path_per_floor":["R","M","?","?","$","R","T","?","R","E","$","?","M","$","M","B",null,"R","?","M","?","M","E","T","M","?","M","E","R","M","E","M","B",null,"R","M","M","M","$","?","T","E","?","M","M","M","M","E","M","B",null,"E","$","R","B","B",null],"character_chosen":"THE_CHAMP","items_purchased":["champ:BerserkerStyle","War Paint","Ornamental Fan","Boot"],"campfire_rested":0,"item_purchase_floors":[39,39,53,53],"current_hp_per_floor":[81,81,81,81,81,81,81,81,81,71,68,68,68,52,50,44,72,72,56,76,76,81,81,81,81,81,81,81,91,91,91,91,91,91,91,91,91,91,91,91,91,91,81,85,91,89,91,91,91,75,87,87,87,87,91,59],"gold":12,"neow_bonus":"ONE_RARE_RELIC","is_daily":false,"chose_seed":false,"campfire_upgraded":6,"win_rate":0.0,"timestamp":1612790525,"path_taken":["R","M","?","?","$","R","T","?","R","E","?","?","?","$","M","BOSS","R","?","M","?","M","E","T","M","?","M","E","R","M","E","M","BOSS","R","M","M","M","$","?","T","E","?","M","M","M","M","E","M","BOSS","E","$","R","BOSS","BOSS"],"items_purchased_type":["Card","Relic","Relic","Relic"],"build_version":"2020-12-22","purchased_purges":4,"victory":true,"max_hp_per_floor":[81,81,81,81,81,81,81,81,81,81,81,81,81,81,81,81,81,81,81,81,81,81,81,81,81,81,81,81,91,91,91,91,91,91,91,91,91,91,91,91,91,91,91,91,91,91,91,91,91,91,91,91,91,91,91,91],"card_choices":[{"not_picked":["champ:HeartStrike","champ:DefensiveShout"],"picked":"champ:RecklessLeap","floor":2},{"not_picked":["champ:Parry","champ:GutPunch","champ:FlashCut"],"picked":"SKIP","floor":5},{"not_picked":["champ:SetATrap","champ:FancyFootwork","champ:Circumvent"],"picked":"SKIP","floor":10},{"not_picked":["champ:FlashCut","champ:TornadoPunch"],"picked":"champ:Haymaker","floor":11},{"not_picked":["champ:BringItOn","champ:BerserkersShout"],"picked":"champ:FaceSlap","floor":13},{"not_picked":["champ:HoldFirm","champ:Circumvent"],"picked":"champ:CrookedStrike","floor":14},{"not_picked":["champ:SetATrap","champ:CrownThrow","champ:DefensiveShout"],"picked":"SKIP","floor":15},{"not_picked":["champ:EnchantShield","champ:EnchantCrown"],"picked":"champ:IgnorePain","floor":16},{"not_picked":["champ:CrownThrow+1","champ:FancyFootwork"],"picked":"champ:ShieldSlam+1","floor":20},{"not_picked":["champ:FocusedDefense","champ:GladiatorStyle"],"picked":"champ:DeathBlow","floor":22},{"not_picked":["champ:TornadoPunch","champ:BringItOn","champ:PreciseThrust"],"picked":"SKIP","floor":23},{"not_picked":["champ:SteelEdge","champ:Circumvent"],"picked":"champ:FanOfKnives","floor":25},{"not_picked":["champ:DefensiveStyle+1","champ:FanOfKnives+1"],"picked":"champ:StanceDance","floor":26},{"not_picked":["champ:Lariat","champ:BladeFlurry+1"],"picked":"champ:GutPunch+1","floor":27},{"not_picked":["champ:EnchantCrown","champ:GutPunch+1"],"picked":"champ:Backstep","floor":28},{"not_picked":["champ:DefensiveShout","champ:FaceSlap+1","champ:TornadoPunch+1"],"picked":"SKIP","floor":30},{"not_picked":["champ:PreciseThrust+1","champ:ShieldSlam+1"],"picked":"champ:StanceDance","floor":31},{"not_picked":["champ:FanOfKnives+1","champ:PreemptiveStrike+1"],"picked":"champ:GladiatorForm","floor":32},{"not_picked":["champ:SwordThrow+1","champ:HeavySlash+1"],"picked":"champ:CheapShot+1","floor":33},{"not_picked":["champ:Shatter+1","champ:Backstep"],"picked":"champ:ArenaPreparation","floor":36},{"not_picked":["champ:AdrenalArmor","champ:RisingSlash+1"],"picked":"champ:Lariat+1","floor":37},{"not_picked":["champ:FlashCut+1","champ:CrownThrow+1","champ:TornadoPunch+1"],"picked":"SKIP","floor":38},{"not_picked":["champ:TornadoPunch+1","champ:Shatter+1"],"picked":"champ:BerserkersShout+1","floor":39},{"not_picked":["champ:FlashCut+1","champ:FanOfKnives+1","champ:Endure"],"picked":"SKIP","floor":42},{"not_picked":["expansioncontent:HyperBeam","expansioncontent:AwakenDeath"],"picked":"expansioncontent:YouAreMine","floor":43},{"not_picked":["champ:Haymaker+1","champ:Lariat"],"picked":"champ:GladiatorStyle+1","floor":44},{"not_picked":["champ:Shatter+1","champ:GladiatorStyle","champ:GutPunch+1"],"picked":"SKIP","floor":45},{"not_picked":["champ:Circumvent+1","champ:RecklessLeap+1","champ:FanOfKnives+1"],"picked":"SKIP","floor":46},{"not_picked":["champ:GutPunch+1","champ:PerfectedStrike+1","champ:Encircle+1"],"picked":"SKIP","floor":47},{"not_picked":["champ:GladiatorStyle+1","champ:SwordSigil","champ:EnchantCrown"],"picked":"SKIP","floor":48},{"not_picked":["champ:SwordSigil+1","champ:FocusedBerserking"],"picked":"champ:ShieldSigil+1","floor":49},{"not_picked":["champ:EnchantShield","champ:FlashCut+1","champ:PerfectedStrike+1"],"picked":"SKIP","floor":52}],"player_experience":1640457,"relics_obtained":[{"floor":10,"key":"champ:FightingForDummies"},{"floor":19,"key":"Necronomicon"},{"floor":23,"key":"Incense Burner"},{"floor":24,"key":"Slimebound:PreparedRelic"},{"floor":26,"key":"champ:BlackKnightHelmet"},{"floor":26,"key":"Molten Egg 2"},{"floor":28,"key":"Regal Pillow"},{"floor":31,"key":"Vajra"},{"floor":41,"key":"Pantograph"},{"floor":42,"key":"Smiling Mask"},{"floor":48,"key":"Ice Cream"},{"floor":52,"key":"hexamod:BolsterEngine"}],"event_choices":[{"damage_healed":0,"gold_gain":0,"cards_transformed":["champ:Strike"],"player_choice":"Change","damage_taken":0,"max_hp_gain":0,"max_hp_loss":0,"event_name":"Living Wall","floor":8,"gold_loss":0,"cards_obtained":["champ:FocusedBerserking"]}],"is_beta":false,"boss_relics":[{"not_picked":["Tiny House","Velvet Choker"],"picked":"Coffee Dripper"},{"not_picked":["Fusion Hammer","expansioncontent:StudyCardRelic"],"picked":"Philosopher\u0027s Stone"}],"items_purged_floors":[5,39,40,53],"is_endless":false,"potions_floor_spawned":[2,13,15,16,20,23,25,32,37,44,46,47,48,49,52],"ascension_level":5}}