{"host":"vflj39ie5n27t074","time":1612828437,"event":{"mods":["BaseMod","BetterRewards","Bossed Relics","Colored Map","Colored Powertips","Downfall","Hero for Fun","Hubris","Infinite Spire","Marisa????????","Minty Spire (QoL Compilation)","Replay The Spire","SIMod","StSLib","The Jungle","The Mystic","The Poker Player","The Servant 0.9.4"],"gold_per_floor":[116,35,47,47,63,97,97,125,148,148,163,180,195,212,212,311,311,328,340,340,358,358,358,51,51,51,51,69,69,80,98,98,196,196,212,212,224,243,257,257,271,306,306,406,406,406],"floor_reached":45,"language":"ENG","playtime":2086,"items_purged":[],"score":451,"play_id":"eee7d060-136c-45ea-8406-dec118e75ef4","local_time":"20210208175357","is_ascension_mode":false,"campfire_choices":[{"data":"infinitespire:OneForAll","floor":7.0,"key":"SMITH"},{"data":"Metallicize","floor":23.0,"key":"SMITH"},{"floor":25.0,"key":"REST"},{"data":"Entrench","floor":29.0,"key":"SMITH"},{"data":"Entrench","floor":32.0,"key":"SMITH"},{"data":"Dual Wield","floor":40,"key":"SMITH"}],"circlet_count":0,"master_deck":["Strike_R","Strike_R+1","Strike_R+1","Defend_R","Defend_R","Defend_R","Defend_R","Bash","Metallicize+1","infinitespire:OneForAll+1","Whirlwind+1","Clash","Intimidate","Clash","Clothesline","Demon Form+1","Seeing Red+1","Entrench+1","Entrench+1","hubris:StunningStrike","Perfected Strike","Dual Wield+1","Burning Pact+1"],"relics":["Mark of Pain","Strawberry","Odd Mushroom","Vajra","Painkiller Herb","Whetstone","Blue Doll","Replay:PocketPolymizer","hubris:VirtuousBlindfold","hubris:Towel","Replay:Wax Seal","Question Card"],"acts_visited":["Exordium","theJungle:Jungle","TheBeyond"],"potions_floor_usage":[42],"damage_taken":[{"damage":0.0,"enemies":"2 Louse","floor":1.0,"turns":4.0},{"damage":11.0,"enemies":"Jaw Worm","floor":3.0,"turns":5.0},{"damage":0.0,"enemies":"Small Slimes","floor":5.0,"turns":3.0},{"damage":7.0,"enemies":"3 Sentries","floor":6.0,"turns":7.0},{"damage":8.0,"enemies":"The Mushroom Lair","floor":8.0,"turns":4.0},{"damage":7.0,"enemies":"Blue Slaver","floor":11.0,"turns":2.0},{"damage":2.0,"enemies":"Looter","floor":12.0,"turns":2.0},{"damage":0.0,"enemies":"2 Fungi Beasts","floor":13.0,"turns":2.0},{"damage":1.0,"enemies":"Gremlin Gang","floor":14.0,"turns":2.0},{"damage":44.0,"enemies":"Hexaghost","floor":16.0,"turns":11.0},{"damage":30.0,"enemies":"theJungle:Flameango_and_Byrd","floor":18.0,"turns":3.0},{"damage":0.0,"enemies":"theJungle:MUSHROOMGANG","floor":19.0,"turns":4.0},{"damage":8.0,"enemies":"theJungle:SlimyTreeVines","floor":21.0,"turns":4.0},{"damage":0.0,"enemies":"theJungle:2_Snecko_Cultists","floor":28.0,"turns":5.0},{"damage":10.0,"enemies":"theJungle:Lyon","floor":30.0,"turns":3.0},{"damage":1.0,"enemies":"theJungle:SlimyTreeVines","floor":31.0,"turns":5.0},{"damage":12.0,"enemies":"theJungle:QueenSpyder","floor":33.0,"turns":10.0},{"damage":9.0,"enemies":"3 Darklings","floor":35.0,"turns":6.0},{"damage":3.0,"enemies":"Orb Walker","floor":37.0,"turns":4.0},{"damage":44,"enemies":"Writhing Mass","floor":38,"turns":5},{"damage":16,"enemies":"4 Shapes","floor":39,"turns":4},{"damage":39,"enemies":"Spire Growth","floor":41,"turns":4},{"damage":1,"enemies":"Reptomancer","floor":42,"turns":6},{"damage":51,"enemies":"Nightmare","floor":45,"turns":4}],"seed_played":"-2994430360552898855","potions_obtained":[{"floor":8.0,"key":"Strength Potion"},{"floor":11.0,"key":"Dexterity Potion"},{"floor":13.0,"key":"DuplicationPotion"},{"floor":18.0,"key":"Languid Potion"},{"floor":31.0,"key":"BlessingOfTheForge"},{"floor":42,"key":"Dexterity Potion"}],"is_trial":false,"path_per_floor":["M","$","M","$","M","E","R","?","T","?","M","M","M","M","R_BF","B",null,"?","?","AVR","?","?","T","T","T","T","?","?","T","?","?","T","B",null,"?","?","?","?","?","T","?","E","T","?","NM"],"character_chosen":"IRONCLAD","items_purchased":["infinitespire:OneForAll","Whetstone","Blue Doll"],"campfire_rested":1,"item_purchase_floors":[2,24,24],"current_hp_per_floor":[80,80,69,69,69,69,69,61,61,61,54,52,52,51,77,33,87,57,57,57,54,54,54,54,80,80,80,87,87,77,81,81,69,87,78,84,84,43,33,39,6,32,38,44,0,0],"gold":406,"neow_bonus":"BOSS_RELIC","is_daily":false,"chose_seed":false,"campfire_upgraded":5,"win_rate":0.0,"timestamp":1612828437,"path_taken":["M","$","M","$","M","E","R","?","T","?","M","M","M","M","R_BF","BOSS","?","?","AVR","?","?","T","T","T","T","?","?","T","?","?","T","BOSS","?","?","?","?","?","T","?","E","T","?","NM"],"items_purchased_type":["Card","Relic","Relic"],"build_version":"2020-12-22","purchased_purges":0,"victory":false,"max_hp_per_floor":[80,80,80,80,80,87,87,87,87,87,87,87,87,87,87,87,87,87,87,87,87,87,87,87,87,87,87,87,87,87,87,87,87,87,87,87,87,87,87,87,87,87,87,87,87,87],"card_choices":[{"not_picked":["Reckless Charge","Searing Blow"],"picked":"Metallicize","floor":1.0},{"not_picked":["Uppercut","Shrug It Off"],"picked":"Whirlwind","floor":3.0},{"not_picked":["hubris:ReadiedAction","Replay:Undeath\u0027s Touch"],"picked":"Clash","floor":5.0},{"not_picked":["Disarm","Demonic Infusion"],"picked":"Intimidate","floor":6.0},{"not_picked":["Second Wind","Anger","Clothesline"],"picked":"SKIP","floor":11.0},{"not_picked":["Pommel Strike","ReplayTheSpireMod:Limb From Limb"],"picked":"Clash","floor":12.0},{"not_picked":["Sever Soul","Twin Strike","Sword Boomerang"],"picked":"SKIP","floor":13.0},{"not_picked":["Battle Trance","Iron Wave"],"picked":"Clothesline","floor":14.0},{"not_picked":["Juggernaut","Berserk"],"picked":"Demon Form","floor":16.0},{"not_picked":["Clothesline+1","Sword Boomerang","Pummel+1"],"picked":"SKIP","floor":18.0},{"not_picked":["Run Through","Iron Wave"],"picked":"Seeing Red+1","floor":19.0},{"not_picked":["Warcry","Replay:Undeath\u0027s Touch+1","Iron Wave"],"picked":"SKIP","floor":21.0},{"not_picked":["Thunderclap","Demonic Infusion","Replay:Undeath\u0027s Touch"],"picked":"SKIP","floor":28.0},{"not_picked":["Pummel","Ghostly Armor","Heavy Blade"],"picked":"SKIP","floor":30.0},{"not_picked":["Fire Breathing","Headbutt","Rage"],"picked":"SKIP","floor":31.0},{"not_picked":["Offering","Demonic Infusion"],"picked":"hubris:StunningStrike","floor":33.0},{"not_picked":["ReplayTheSpireMod:Strike From Hell+1","Dual Wield","True Grit"],"picked":"SKIP","floor":35.0},{"not_picked":["Thunderclap","Rampage+1","Seeing Red+1"],"picked":"SKIP","floor":37},{"not_picked":["Clash+1","Life Link"],"picked":"Perfected Strike","floor":38},{"not_picked":["ReplayTheSpireMod:Muscle Training","Clothesline"],"picked":"Dual Wield","floor":39},{"not_picked":["Heavy Blade+1","Twin Strike+1"],"picked":"Burning Pact+1","floor":41},{"not_picked":["ReplayReversal+1","Fiend Fire","Armaments+1"],"picked":"SKIP","floor":42}],"player_experience":103379,"relics_obtained":[{"floor":6.0,"key":"Strawberry"},{"floor":8.0,"key":"Odd Mushroom"},{"floor":9.0,"key":"Vajra"},{"floor":26.0,"key":"Replay:PocketPolymizer"},{"floor":42,"key":"Replay:Wax Seal"},{"floor":43,"key":"Question Card"}],"event_choices":[{"damage_healed":0.0,"max_hp_gain":0.0,"max_hp_loss":0.0,"gold_gain":0.0,"event_name":"Mushrooms","player_choice":"Fought Mushrooms","floor":8.0,"gold_loss":0.0,"damage_taken":0.0},{"damage_healed":0,"gold_gain":100,"player_choice":"Pray","damage_taken":0,"max_hp_gain":0,"max_hp_loss":0,"event_name":"Golden Shrine","floor":44,"gold_loss":0}],"is_beta":false,"boss_relics":[{"not_picked":["Electric Blood","hubris:Stopwatch"],"picked":"Painkiller Herb"},{"not_picked":["hubris:CrackedHourglass","Honey Jar"],"picked":"hubris:VirtuousBlindfold"}],"items_purged_floors":[],"is_endless":false,"potions_floor_spawned":[8,11,13,14,18,30,31,33,38,42],"killed_by":"Nightmare","ascension_level":0}}