{"host":"fuszjwm6fqgjjp4d","time":1612743019,"event":{"mods":["BaseMod","Bestiary","Colored Map","Minty Spire (QoL Compilation)","Permanent Neow","Relic Sorter","Relic Stats","StSLib"],"gold_per_floor":[11,11,31,51,51,51,85,85,157,82,82,103,103,122,122,212,212,231,277,202,222,222,261,277,277,277,277,277,277],"floor_reached":28,"language":"ENG","playtime":685,"items_purged":[],"score":497,"play_id":"7e99fbc6-6aaf-4310-9ba4-d5a91c36dec0","local_time":"20210207181019","is_ascension_mode":true,"campfire_choices":[{"data":"Barrage","floor":6.0,"key":"SMITH"},{"data":"Apotheosis","floor":8.0,"key":"SMITH"},{"data":"Zap","floor":13.0,"key":"SMITH"},{"data":"Barrage","floor":15.0,"key":"SMITH"},{"data":"Barrage","floor":25,"key":"SMITH"},{"data":"Dualcast","floor":27,"key":"SMITH"}],"circlet_count":0,"master_deck":["AscendersBane","Strike_B","Defend_B","Defend_B","Defend_B","Defend_B","Zap+1","Dualcast+1","Apotheosis+1","Glacier","Barrage+1","Barrage+1","Ball Lightning","Cold Snap","Barrage+1","Barrage+1","Rip and Tear","Undo","Undo"],"relics":["Cracked Core","Golden Idol","Tiny Chest","Sundial","Sozu","Bag of Marbles","StrikeDummy","Pantograph"],"acts_visited":["Exordium","TheCity"],"potions_floor_usage":[],"damage_taken":[{"damage":9.0,"enemies":"2 Louse","floor":1.0,"turns":3.0},{"damage":7.0,"enemies":"Jaw Worm","floor":3.0,"turns":3.0},{"damage":0.0,"enemies":"Small Slimes","floor":4.0,"turns":3.0},{"damage":21.0,"enemies":"Lagavulin","floor":7.0,"turns":5.0},{"damage":3.0,"enemies":"3 Louse","floor":12.0,"turns":2.0},{"damage":3.0,"enemies":"Exordium Wildlife","floor":14.0,"turns":3.0},{"damage":10.0,"enemies":"The Guardian","floor":16.0,"turns":9.0},{"damage":0.0,"enemies":"Spheric Guardian","floor":18.0,"turns":3.0},{"damage":0.0,"enemies":"Chosen","floor":21.0,"turns":5.0},{"damage":23.0,"enemies":"Slavers","floor":23.0,"turns":3.0},{"damage":22,"enemies":"Snake Plant","floor":24,"turns":5},{"damage":18,"enemies":"Cultist and Chosen","floor":28,"turns":3}],"seed_played":"-7058977194206263484","potions_obtained":[{"floor":3.0,"key":"AttackPotion"},{"floor":4.0,"key":"Ancient Potion"},{"floor":7.0,"key":"Explosive Potion"},{"floor":11.0,"key":"Block Potion"},{"floor":16.0,"key":"EssenceOfDarkness"}],"is_trial":false,"path_per_floor":["M","?","M","M","?","R","E","R","T","?","?","M","R","M","R","B",null,"M","T","?","M","?","E","M","R","T","R","M"],"character_chosen":"DEFECT","items_purchased":[],"campfire_rested":0,"item_purchase_floors":[],"current_hp_per_floor":[55,55,48,48,53,53,32,32,32,32,32,29,29,26,26,16,56,56,56,56,56,56,33,11,11,11,11,0,0],"gold":277,"neow_bonus":"RANDOM_COLORLESS_2","is_daily":false,"chose_seed":false,"campfire_upgraded":6,"win_rate":0.0,"timestamp":1612743019,"path_taken":["M","?","M","M","?","R","E","R","T","?","?","M","R","?","R","BOSS","M","?","?","M","?","E","M","R","T","R","M"],"items_purchased_type":[],"build_version":"2020-12-22","purchased_purges":0,"victory":false,"max_hp_per_floor":[71,64,64,64,69,69,69,69,69,69,69,69,69,69,69,69,69,69,69,69,69,69,69,69,69,69,69,69,69],"relic_stats":{"Sozu":2,"counters":[12,47],"Golden Idol":60,"Sundial":[2],"Pantograph":0,"Tiny Chest":1,"obtain_stats":[{"Sozu":17,"Golden Idol":2,"Sundial":9,"Pantograph":26,"Tiny Chest":7,"Bag of Marbles":19,"Cracked Core":0,"StrikeDummy":23},{"Sozu":7,"Golden Idol":1,"Sundial":4,"Pantograph":11,"Tiny Chest":4,"Bag of Marbles":8,"Cracked Core":0,"StrikeDummy":10},{"Sozu":28,"Golden Idol":3,"Sundial":14,"Pantograph":44,"Tiny Chest":14,"Bag of Marbles":31,"Cracked Core":0,"StrikeDummy":39}]},"card_choices":[{"not_picked":["Violence","Secret Technique"],"picked":"Apotheosis","floor":0.0},{"not_picked":["Coolheaded","Beam Cell"],"picked":"Glacier","floor":1.0},{"not_picked":["Reprogram","Leap"],"picked":"Barrage","floor":3.0},{"not_picked":["Doom and Gloom","Gash"],"picked":"Barrage","floor":4.0},{"not_picked":["Aggregate","Reboot"],"picked":"Ball Lightning","floor":7.0},{"not_picked":["Darkness","Conserve Battery"],"picked":"Cold Snap","floor":12.0},{"not_picked":["Darkness","White Noise"],"picked":"Barrage","floor":14.0},{"not_picked":["Streamline","Chill"],"picked":"Barrage+1","floor":18.0},{"not_picked":["Turbo","Gash","Beam Cell"],"picked":"SKIP","floor":21.0},{"not_picked":["Doom and Gloom","Sweeping Beam"],"picked":"Undo","floor":23.0},{"not_picked":["Consume","Tempest"],"picked":"Undo","floor":24}],"player_experience":1479473,"relics_obtained":[{"floor":7.0,"key":"Tiny Chest"},{"floor":9.0,"key":"Sundial"},{"floor":19.0,"key":"Bag of Marbles"},{"floor":23.0,"key":"StrikeDummy"},{"floor":26,"key":"Pantograph"}],"event_choices":[{"damage_healed":0.0,"max_hp_gain":0.0,"max_hp_loss":7.0,"gold_gain":0.0,"event_name":"Golden Idol","player_choice":"Lose Max HP","floor":2.0,"gold_loss":0.0,"damage_taken":0.0,"relics_obtained":["Golden Idol"]},{"damage_healed":0.0,"max_hp_gain":5.0,"max_hp_loss":0.0,"gold_gain":0.0,"event_name":"Big Fish","player_choice":"Donut","floor":5.0,"gold_loss":0.0,"damage_taken":0.0},{"cards_removed":["Strike_B"],"damage_healed":0.0,"max_hp_gain":0.0,"max_hp_loss":0.0,"gold_gain":0.0,"event_name":"The Cleric","player_choice":"Card Removal","floor":10.0,"gold_loss":75.0,"damage_taken":0.0},{"damage_healed":0.0,"max_hp_gain":0.0,"max_hp_loss":0.0,"gold_gain":0.0,"event_name":"Lab","player_choice":"Got Potions","floor":11.0,"gold_loss":0.0,"damage_taken":0.0},{"cards_removed":["Strike_B"],"damage_healed":0.0,"max_hp_gain":0.0,"max_hp_loss":0.0,"gold_gain":0.0,"event_name":"Beggar","player_choice":"Gave Gold","floor":20.0,"gold_loss":75.0,"damage_taken":0.0},{"damage_healed":0.0,"max_hp_gain":0.0,"max_hp_loss":0.0,"gold_gain":0.0,"cards_transformed":["Strike_B"],"event_name":"Transmorgrifier","player_choice":"Transformed","floor":22.0,"gold_loss":0.0,"damage_taken":0.0,"cards_obtained":["Rip and Tear"]}],"is_beta":false,"boss_relics":[{"not_picked":["Black Star","Busted Crown"],"picked":"Sozu"}],"items_purged_floors":[],"is_endless":false,"potions_floor_spawned":[3,4,7,16,21,23],"killed_by":"Cultist and Chosen","ascension_level":20}}