{"host":"tc1my4n9jof2q8vu","time":1612795810,"event":{"mods":["Act Like it!","BaseMod","Colored Powertips","Hubris","Minty Spire (QoL Compilation)","Replay The Spire","StSLib"],"gold_per_floor":[112,112,112,130,141,173,173,26,50,50,75,89,89,109,109,109,109],"floor_reached":16,"language":"ENG","playtime":832,"items_purged":[],"score":110,"play_id":"4eca6ddf-085f-49b5-a195-92ba9510ce02","local_time":"20210208095010","is_ascension_mode":false,"campfire_choices":[{"data":"ReplayTheSpireMod:Speed Training","floor":7,"key":"SMITH"},{"data":"Neutralize","floor":10,"key":"SMITH"},{"floor":13,"key":"REST"},{"data":"ReplayTheSpireMod:Speed Training","floor":15,"key":"SMITH"}],"circlet_count":0,"master_deck":["Strike_G","Strike_G","Strike_G","Strike_G","Strike_G","Defend_G","Defend_G","Defend_G","Defend_G","Defend_G","Survivor","Neutralize+1","Dagger Throw","ReplayTheSpireMod:Speed Training+1","CrushJoints","ReplayTheSpireMod:Speed Training+1"],"relics":["Ring of the Snake","hubris:Icosahedron","Orichalcum","Ancient Tea Set","PrismaticShard","ReplayTheSpireMod:TigerMarble","PreservedInsect"],"acts_visited":["Exordium"],"potions_floor_usage":[4,6,11,16,16,16],"damage_taken":[{"damage":0,"enemies":"Small Slimes","floor":1,"turns":4},{"damage":0,"enemies":"Cultist","floor":4,"turns":5},{"damage":0,"enemies":"Jaw Worm","floor":5,"turns":5},{"damage":29,"enemies":"Gremlin Nob","floor":6,"turns":6},{"damage":28,"enemies":"3 Sentries","floor":11,"turns":18},{"damage":2,"enemies":"Large Slime","floor":12,"turns":5},{"damage":0,"enemies":"Red Slaver","floor":14,"turns":2},{"damage":47,"enemies":"Slime Boss","floor":16,"turns":10}],"seed_played":"-7576538635261014227","potions_obtained":[{"floor":4,"key":"Fruit Juice"},{"floor":6,"key":"CunningPotion"},{"floor":11,"key":"Elixir"},{"floor":12,"key":"AttackPotion"},{"floor":14,"key":"Swift Potion"}],"is_trial":false,"path_per_floor":["M","?","?","M","M","E","R","$","T","R","E","M","R","M","R","B"],"character_chosen":"THE_SILENT","items_purchased":["PrismaticShard"],"campfire_rested":1,"item_purchase_floors":[8],"current_hp_per_floor":[77,77,77,82,82,53,53,53,53,53,25,23,47,47,47,0,0],"gold":109,"neow_bonus":"TEN_PERCENT_HP_BONUS","is_daily":false,"chose_seed":false,"campfire_upgraded":3,"win_rate":0.0,"timestamp":1612795810,"path_taken":["M","?","?","M","M","E","R","$","T","R","E","?","R","?","R","BOSS"],"items_purchased_type":["Relic"],"build_version":"2020-12-22","purchased_purges":0,"victory":false,"max_hp_per_floor":[77,77,77,82,82,82,82,82,82,82,82,82,82,82,82,82,82],"card_choices":[{"not_picked":["Flying Knee","Acrobatics"],"picked":"Heel Hook","floor":1},{"not_picked":["Poisoned Stab","Dash"],"picked":"Dagger Throw","floor":4},{"not_picked":["Cloak And Dagger","Deflect","hubris:Sniper"],"picked":"SKIP","floor":5},{"not_picked":["Bane","Flechettes"],"picked":"ReplayTheSpireMod:Speed Training","floor":6},{"not_picked":["Heavy Blade","Iron Wave"],"picked":"CrushJoints","floor":11},{"not_picked":["Panic Button","Survey Options","Backstab"],"picked":"SKIP","floor":12},{"not_picked":["EmptyMind","Panacea"],"picked":"ReplayTheSpireMod:Speed Training","floor":14}],"player_experience":187899,"relics_obtained":[{"floor":6,"key":"Ancient Tea Set"},{"floor":9,"key":"ReplayTheSpireMod:TigerMarble"},{"floor":11,"key":"PreservedInsect"}],"event_choices":[{"cards_removed":["Heel Hook"],"damage_healed":0,"gold_gain":0,"player_choice":"Gave Card","damage_taken":0,"relics_obtained":["Orichalcum"],"max_hp_gain":0,"max_hp_loss":0,"event_name":"WeMeetAgain","floor":3,"gold_loss":0}],"is_beta":false,"boss_relics":[],"items_purged_floors":[],"is_endless":false,"potions_floor_spawned":[4,6,11,12,14],"killed_by":"Slime Boss","ascension_level":0}}