{"host":"dscols65uipasqd2","time":1612755541,"event":{"mods":["2.2 Compatiblity","AchievementEnabler","Aspiration","BaseMod","Colored Powertips","Downfall","Energized Spire","GifTheSpireLib","Hermit","Hubris","Infinite Spire","JesterMod","Jorbs\u0027s Wanderer Trilogy","Marisa????????","Minty Spire (QoL Compilation)","Rare Cards Sparkle","Replay The Spire","StSLib","Stuff the Spire","The Cursed","The Disciple","The Hierophant","The Judge","The Jungle","The Runesmith","TheFirefly"],"gold_per_floor":[99,116,116,134,144,177,177,177,209,209,3,14,26,121,121,21,21,21,21,48,48,48,80,80,80,99,115,219,219,19,19,19],"floor_reached":35,"language":"ENG","playtime":1281,"items_purged":[],"score":419,"play_id":"b734c363-dc04-42e5-9865-98975898f634","local_time":"20210207223901","is_ascension_mode":true,"campfire_choices":[{"data":"Slimebound:Split","floor":1,"key":"SMITH"},{"floor":8,"key":"REST"},{"floor":18,"key":"RECALL"},{"floor":26,"key":"REST"},{"floor":30,"key":"REST"}],"circlet_count":0,"master_deck":["Slimebound:Strike_Slimebound","Slimebound:Strike_Slimebound","Slimebound:Strike_Slimebound","Slimebound:Tackle","Slimebound:Defend_Slimebound","Slimebound:Defend_Slimebound","Slimebound:Defend_Slimebound","Slimebound:Defend_Slimebound","Slimebound:Split+1","Slimebound:SplitBruiser","Slimebound:Chomp","Slimebound:SlimeSpikes","Slimebound:GoopTackle","Slimebound:MegaLick","Parasite","Slimebound:LivingWall","Slimebound:Prepare","Slimebound:ItLooksTasty","Slimebound:LeadByExample","Slimebound:OozeBath","infinitespire:Collect","ReplayTheSpireMod:Book of Names","Slimebound:SplitAcid+1","Slimebound:SlimeTap","Slimebound:GoopSpray","Slimebound:SamplingLick+1","Slimebound:MinionMaster"],"relics":["Slimebound:AbsorbEndCombatUpgraded","hubris:SlimyHat","hubris:Teleporter","Lizard Tail","Ornamental Fan","StuffTheSpire:Saxophone","downfall:HeartBlessingGreen","Runesmith:AutoHammer","aspiration:Stabinomicon","infinitespire:FocusingShard","aspiration:RunesmithSkillbook","downfall:HeartBlessingRed","downfall:HeartBlessingBlue"],"acts_visited":["Exordium","TheCity","TheBeyond"],"potions_floor_usage":[6,16,23,33,33,33,35],"damage_taken":[{"damage":3,"enemies":"2 Louse","floor":2,"turns":3},{"damage":1,"enemies":"Cultist","floor":4,"turns":3},{"damage":1,"enemies":"Jaw Worm","floor":5,"turns":3},{"damage":24,"enemies":"Gremlin Nob","floor":6,"turns":3},{"damage":20,"enemies":"Lagavulin","floor":9,"turns":6},{"damage":9,"enemies":"downfall:FleeingMerchant","floor":12,"turns":4},{"damage":0,"enemies":"3 Louse","floor":14,"turns":3},{"damage":3,"enemies":"2 Fungi Beasts","floor":15,"turns":3},{"damage":10,"enemies":"SI_SHIV_ARCHETYPE","floor":16,"turns":5},{"damage":34,"enemies":"Book of Stabbing","floor":23,"turns":5},{"damage":27,"enemies":"Slavers","floor":27,"turns":4},{"damage":10,"enemies":"Spheric Guardian","floor":31,"turns":3},{"damage":0,"enemies":"Snake Plant","floor":32,"turns":3},{"damage":26,"enemies":"IC_MUSHROOM_ARCHETYPE","floor":33,"turns":5},{"damage":50,"enemies":"infinitespire:Three Voidlings","floor":35,"turns":4},{"damage":101,"enemies":"Nightmare_Alpha","floor":35,"turns":8}],"seed_played":"-5092980283908535893","potions_obtained":[{"floor":2,"key":"SteroidPotion"},{"floor":14,"key":"SpeedPotion"},{"floor":16,"key":"PowerPotion"},{"floor":29,"key":"CultistPotion"},{"floor":31,"key":"Weak Potion"},{"floor":32,"key":"CultistPotion"},{"floor":33,"key":"champ:CounterPotion"}],"is_trial":false,"path_per_floor":["R","M","?","M","M","E","T","R","E","?","$","M","M","B",null,"R","?","AVR","?","E","T","R","E","?","R","M","M","B",null,"R"],"character_chosen":"SLIMEBOUND","items_purchased":["StuffTheSpire:Saxophone","Slimebound:Prepare"],"campfire_rested":3,"item_purchase_floors":[12,12],"current_hp_per_floor":[65,64,64,63,62,38,38,57,37,53,50,56,59,51,65,65,65,65,65,43,43,62,44,44,63,53,59,42,65,0,0,0],"gold":19,"neow_bonus":"RANDOM_COMMON_RELIC","is_daily":false,"chose_seed":false,"campfire_upgraded":1,"win_rate":0.0,"timestamp":1612755541,"path_taken":["R","M","?","?","M","E","T","R","E","?","$","M","M","BOSS","R","?","AVR","?","E","T","R","E","?","R","M","M","BOSS","R"],"items_purchased_type":["Relic","Card"],"build_version":"2020-12-22","purchased_purges":0,"victory":false,"max_hp_per_floor":[65,65,65,65,65,65,65,65,65,65,65,65,65,65,65,65,65,65,65,65,65,65,65,65,65,65,65,65,65,75,75,75],"card_choices":[{"not_picked":["Slimebound:Equalize","Slimebound:SlimeBarrage"],"picked":"Slimebound:SplitBruiser","floor":2},{"not_picked":["Slimebound:SplitMire","Slimebound:HauntingLick"],"picked":"Slimebound:Chomp","floor":4},{"not_picked":["Slimebound:SlimeBarrage","Slimebound:RollThrough"],"picked":"Slimebound:SlimeSpikes","floor":5},{"not_picked":["Slimebound:SplitBruiser","Slimebound:SplitLeeching"],"picked":"Slimebound:GoopTackle","floor":6},{"not_picked":["Slimebound:Repurpose","Slimebound:SlimeBrawl"],"picked":"Slimebound:MegaLick","floor":9},{"not_picked":["Slimebound:Dissolve","Slimebound:BestDefense"],"picked":"Slimebound:LivingWall","floor":12},{"not_picked":["Slimebound:SpikyOuterGoop","Slimebound:SplitAcid"],"picked":"Slimebound:ItLooksTasty","floor":14},{"not_picked":["Slimebound:HungryTackle","Slimebound:SplitBruiser"],"picked":"Slimebound:LeadByExample","floor":15},{"not_picked":["Slimebound:OneTwoCombo","Slimebound:Recycling"],"picked":"Slimebound:OozeBath","floor":16},{"not_picked":["Slimebound:AcidTongue","Slimebound:RollThrough"],"picked":"Slimebound:SplitAcid+1","floor":23},{"not_picked":["Slimebound:BestDefense","Slimebound:ForwardTackle"],"picked":"Slimebound:SlimeTap","floor":27},{"not_picked":["Slimebound:SplitMire","Slimebound:ProtectTheBoss"],"picked":"Slimebound:GoopSpray","floor":31},{"not_picked":["Slimebound:FinishingTackle","Slimebound:Equalize"],"picked":"Slimebound:SamplingLick+1","floor":32},{"not_picked":["Slimebound:MassRepurpose","Slimebound:CheckThePlaybook"],"picked":"Slimebound:MinionMaster","floor":33}],"player_experience":599740,"relics_obtained":[{"floor":6,"key":"hubris:Teleporter"},{"floor":7,"key":"Lizard Tail"},{"floor":9,"key":"Ornamental Fan"},{"floor":23,"key":"aspiration:Stabinomicon"},{"floor":27,"key":"infinitespire:FocusingShard"}],"event_choices":[{"cards_removed":["Slimebound:CorrosiveSpit"],"damage_healed":0,"gold_gain":0,"player_choice":"Offered Basic","damage_taken":0,"max_hp_gain":0,"max_hp_loss":0,"event_name":"Bonfire Elementals","floor":3,"gold_loss":0},{"damage_healed":16,"gold_gain":0,"player_choice":"Healed and dodged fight","damage_taken":0,"max_hp_gain":0,"max_hp_loss":0,"event_name":"Mushrooms","floor":10,"gold_loss":0,"cards_obtained":["Parasite"]},{"damage_healed":0,"gold_gain":0,"player_choice":"Ignored","damage_taken":0,"max_hp_gain":0,"max_hp_loss":0,"event_name":"Ghosts","floor":22,"gold_loss":0}],"is_beta":false,"boss_relics":[{"not_picked":["energizedSpire:OgreHead","energizedSpire:DeadBattery"],"picked":"Slimebound:AbsorbEndCombatUpgraded"},{"not_picked":["hubris:RunicObelisk","energizedSpire:MagnifyingGlass"],"picked":"aspiration:RunesmithSkillbook"}],"items_purged_floors":[],"is_endless":false,"potions_floor_spawned":[2,14,16,31,32,33,35],"killed_by":"Nightmare_Alpha","ascension_level":1}}