{"host":"lv3zv4svf9qrs9uo","time":1612768438,"event":{"mods":["AchievementEnabler","BaseMod","Minty Spire (QoL Compilation)"],"gold_per_floor":[214,227,241,258,11,44,44,78,78,78,78,95,126,126,126,221,221,234,234,244,244,258,287,287,227,281,281,308,27,50,79,79,184,184,197,212,222,222,222,222,248,248,248,267,301,313,313,13,13,13],"floor_reached":51,"language":"ENG","playtime":7835,"items_purged":["Self Repair+1"],"score":1058,"play_id":"d44727b5-4463-4a8d-b753-8fc47bb2f16c","local_time":"20210207231358","is_ascension_mode":true,"campfire_choices":[{"data":"Fission","floor":7.0,"key":"SMITH"},{"floor":11.0,"key":"REST"},{"data":"Doom and Gloom","floor":15.0,"key":"SMITH"},{"data":"Strike_B","floor":24.0,"key":"PURGE"},{"floor":27.0,"key":"REST"},{"data":"Strike_B","floor":32.0,"key":"PURGE"},{"data":"Hologram","floor":40,"key":"SMITH"},{"data":"Defend_B","floor":42,"key":"PURGE"},{"data":"Echo Form","floor":49,"key":"SMITH"}],"circlet_count":0,"master_deck":["Defend_B","Defend_B","Defend_B","Zap+1","Dualcast","Hologram+1","Fission+1","Cold Snap","Turbo","Ball Lightning","Sweeping Beam","Ball Lightning","Doom and Gloom+1","Echo Form+1","FTL+1","Cold Snap+1","Loop+1","Conserve Battery","Leap","Tempest","Glacier+1","Creative AI+1","White Noise+1","Reinforced Body+1","Blizzard+1","Fission+1","Buffer+1","Loop+1","Force Field+1","Defragment+1","Defragment+1"],"relics":["Cracked Core","Toy Ornithopter","Pantograph","Peace Pipe","Eternal Feather","Kunai","SlaversCollar","Vajra","Art of War","Bottled Flame","Frozen Egg 2","Strawberry","Juzu Bracelet","Coffee Dripper","Ancient Tea Set","Dream Catcher","Bag of Marbles","Ornamental Fan"],"acts_visited":["Exordium","TheCity","TheBeyond"],"potions_floor_usage":[41,48,50,50,50],"damage_taken":[{"damage":3.0,"enemies":"2 Louse","floor":1.0,"turns":3.0},{"damage":0.0,"enemies":"Small Slimes","floor":2.0,"turns":3.0},{"damage":6.0,"enemies":"Cultist","floor":3.0,"turns":4.0},{"damage":25.0,"enemies":"2 Fungi Beasts","floor":4.0,"turns":4.0},{"damage":10.0,"enemies":"3 Sentries","floor":6.0,"turns":10.0},{"damage":30.0,"enemies":"Gremlin Nob","floor":8.0,"turns":5.0},{"damage":9.0,"enemies":"Lots of Slimes","floor":12.0,"turns":3.0},{"damage":7.0,"enemies":"Lagavulin","floor":13.0,"turns":5.0},{"damage":12.0,"enemies":"Slime Boss","floor":16.0,"turns":5.0},{"damage":25.0,"enemies":"2 Thieves","floor":18.0,"turns":3.0},{"damage":1.0,"enemies":"3 Byrds","floor":20.0,"turns":3.0},{"damage":14.0,"enemies":"Cultist and Chosen","floor":22.0,"turns":6.0},{"damage":28.0,"enemies":"Book of Stabbing","floor":23.0,"turns":5.0},{"damage":37.0,"enemies":"Slavers","floor":28.0,"turns":3.0},{"damage":16.0,"enemies":"Book of Stabbing","floor":31.0,"turns":5.0},{"damage":5.0,"enemies":"Collector","floor":33.0,"turns":10.0},{"damage":9.0,"enemies":"Orb Walker","floor":35.0,"turns":4.0},{"damage":27,"enemies":"3 Darklings","floor":36,"turns":5},{"damage":30,"enemies":"Transient","floor":37,"turns":5},{"damage":20,"enemies":"Reptomancer","floor":41,"turns":7},{"damage":0,"enemies":"Maw","floor":44,"turns":7},{"damage":21,"enemies":"Nemesis","floor":45,"turns":7},{"damage":13,"enemies":"3 Darklings","floor":46,"turns":3},{"damage":50,"enemies":"Awakened One","floor":50,"turns":15}],"seed_played":"-6067922048084642905","potions_obtained":[{"floor":4.0,"key":"Ancient Potion"},{"floor":8.0,"key":"Block Potion"},{"floor":12.0,"key":"SmokeBomb"},{"floor":13.0,"key":"BlessingOfTheForge"},{"floor":18.0,"key":"GamblersBrew"},{"floor":28.0,"key":"FocusPotion"},{"floor":36,"key":"Strength Potion"},{"floor":37,"key":"Fire Potion"},{"floor":46,"key":"FearPotion"}],"is_trial":false,"path_per_floor":["M","M","M","M","$","E","R","E","T","?","R","M","E","?","R","B",null,"M","?","M","?","M","E","R","?","T","R","E","$","T","E","R","B",null,"M","M","M","?","?","R","E","R","T","M","E","M","T","$","R","B",null],"character_chosen":"DEFECT","items_purchased":["Toy Ornithopter","Turbo","Block Potion","Frozen Egg 2","Self Repair+1","Defragment+1","Fruit Juice","Weak Potion"],"campfire_rested":2,"item_purchase_floors":[5,5,5,29,29,48,48,48],"current_hp_per_floor":[65,65,59,34,34,29,29,4,4,4,35,26,24,75,75,63,72,47,47,51,51,37,9,21,21,21,55,18,18,25,24,36,71,79,82,75,55,55,55,70,75,82,82,82,71,68,68,78,87,47],"gold":13,"neow_bonus":"HUNDRED_GOLD","is_daily":false,"chose_seed":false,"campfire_upgraded":4,"win_rate":0.0,"timestamp":1612768438,"path_taken":["M","M","M","M","$","E","R","E","T","?","R","M","E","?","R","BOSS","M","?","M","?","?","E","R","?","T","R","E","$","?","E","R","BOSS","M","M","M","?","?","R","E","R","T","M","E","M","?","$","R","BOSS"],"items_purchased_type":["Relic","Card","Potion","Relic","Card","Card","Potion","Potion"],"build_version":"2020-12-22","purchased_purges":1,"victory":true,"max_hp_per_floor":[75,75,75,75,75,75,75,75,75,75,75,75,75,75,75,75,75,75,75,75,75,75,75,75,75,75,75,75,75,82,82,82,82,82,82,82,82,82,82,82,82,82,82,82,82,82,82,87,87,87],"card_choices":[{"not_picked":["Steam","Streamline"],"picked":"Hologram","floor":1.0},{"not_picked":["Go for the Eyes","Streamline"],"picked":"Fission","floor":2.0},{"not_picked":["Redo","Undo"],"picked":"Chaos","floor":3.0},{"not_picked":["Rebound","Force Field"],"picked":"Cold Snap","floor":4.0},{"not_picked":["FTL","Leap"],"picked":"Ball Lightning","floor":6.0},{"not_picked":["Aggregate","Conserve Battery"],"picked":"Sweeping Beam","floor":8.0},{"not_picked":["Hologram","Blizzard"],"picked":"Ball Lightning","floor":12.0},{"not_picked":["Chaos","Conserve Battery"],"picked":"Doom and Gloom","floor":13.0},{"not_picked":["Multi-Cast","Fission"],"picked":"Echo Form","floor":16.0},{"not_picked":["Gash","Steam"],"picked":"FTL+1","floor":18.0},{"not_picked":["Ball Lightning","Stack"],"picked":"Cold Snap+1","floor":20.0},{"not_picked":["Go for the Eyes+1","Chaos+1"],"picked":"Loop+1","floor":22.0},{"not_picked":["All For One","Barrage"],"picked":"Conserve Battery","floor":23.0},{"not_picked":["Aggregate","Cold Snap"],"picked":"Glacier+1","floor":28.0},{"not_picked":["Auto Shields","Heatsinks+1","Reinforced Body"],"picked":"SKIP","floor":31.0},{"not_picked":["Rainbow","Reboot"],"picked":"Creative AI+1","floor":33.0},{"not_picked":["Conserve Battery","Hologram+1"],"picked":"White Noise+1","floor":35.0},{"not_picked":["Barrage+1","Tempest+1"],"picked":"Reinforced Body+1","floor":36},{"not_picked":["Gash","Ball Lightning+1"],"picked":"Blizzard+1","floor":37},{"not_picked":["Recycle+1","Undo"],"picked":"Loop+1","floor":41},{"not_picked":["Auto Shields","Loop+1"],"picked":"Force Field+1","floor":44},{"not_picked":["Ball Lightning","Beam Cell+1","Streamline"],"picked":"SKIP","floor":45},{"not_picked":["Loop+1","Sweeping Beam"],"picked":"Defragment+1","floor":46}],"player_experience":533559,"relics_obtained":[{"floor":6.0,"key":"Pantograph"},{"floor":8.0,"key":"Peace Pipe"},{"floor":9.0,"key":"Eternal Feather"},{"floor":13.0,"key":"Kunai"},{"floor":23.0,"key":"Vajra"},{"floor":26.0,"key":"Art of War"},{"floor":28.0,"key":"Bottled Flame"},{"floor":30.0,"key":"Strawberry"},{"floor":31.0,"key":"Juzu Bracelet"},{"floor":41,"key":"Ancient Tea Set"},{"floor":43,"key":"Dream Catcher"},{"floor":45,"key":"Bag of Marbles"},{"floor":47,"key":"Ornamental Fan"}],"event_choices":[{"damage_healed":0.0,"max_hp_gain":0.0,"max_hp_loss":0.0,"gold_gain":0.0,"event_name":"Golden Wing","player_choice":"Ignored","floor":10.0,"gold_loss":0.0,"damage_taken":0.0},{"cards_removed":["Chaos"],"damage_healed":51.0,"max_hp_gain":0.0,"max_hp_loss":0.0,"gold_gain":0.0,"event_name":"Bonfire Elementals","player_choice":"Offered Uncommon","floor":14.0,"gold_loss":0.0,"damage_taken":0.0},{"damage_healed":0.0,"max_hp_gain":0.0,"max_hp_loss":0.0,"gold_gain":0.0,"event_name":"The Mausoleum","player_choice":"Ignored","floor":19.0,"gold_loss":0.0,"damage_taken":0.0},{"damage_healed":0.0,"max_hp_gain":0.0,"max_hp_loss":0.0,"gold_gain":0.0,"event_name":"Accursed Blacksmith","player_choice":"Forge","floor":21.0,"gold_loss":0.0,"damage_taken":0.0,"cards_upgraded":["Zap"]},{"damage_healed":0.0,"max_hp_gain":0.0,"max_hp_loss":0.0,"gold_gain":0.0,"cards_transformed":["Strike_B","Strike_B"],"event_name":"Designer","player_choice":"Transformed Cards","floor":25.0,"gold_loss":60.0,"damage_taken":0.0,"cards_obtained":["Leap","Tempest"]},{"damage_healed":0,"gold_gain":0,"player_choice":"Copied","damage_taken":0,"max_hp_gain":0,"max_hp_loss":0,"event_name":"Duplicator","floor":38,"gold_loss":0,"cards_obtained":["Fission"]},{"damage_healed":0,"gold_gain":0,"player_choice":"1 cards matched","damage_taken":0,"max_hp_gain":0,"max_hp_loss":0,"event_name":"Match and Keep!","floor":39,"gold_loss":0,"cards_obtained":["Buffer"]}],"is_beta":false,"boss_relics":[{"not_picked":["Sozu","Runic Dome"],"picked":"SlaversCollar"},{"not_picked":["Snecko Eye","Pandora\u0027s Box"],"picked":"Coffee Dripper"}],"items_purged_floors":[48],"is_endless":false,"potions_floor_spawned":[4,8,12,13,18,28,36,37,46],"ascension_level":8}}