{"host":"8d3fefv2347kqkpz","time":1612753831,"event":{"mods":["AchievementEnabler","Act Like it!","BaseMod","Better Vampires","Colored Map","Colored Powertips","Downfall","GifTheSpireLib","Highlight Path","Minty Spire (QoL Compilation)","Quick Restart","Rare Cards Sparkle","Relic Stats","Replay The Spire","Spicy Shops","StSLib","Waifu the Spire"],"gold_per_floor":[99,112,112,130,147,47,72,83,83,111,124,141,141,203,219,317,317,317,332,343,443,123,136,216,216,232,232,242,242,242,252,263,362,362,362,374,392,442,442,460,460,460,473,38,48,48,68,53,73,73,73,73],"floor_reached":50,"language":"ZHS","playtime":3583,"items_purged":["champ:BerserkersShout","Hallucinations"],"score":492,"play_id":"dea04998-eec3-4628-afbe-998475a0e5ee","local_time":"20210208111031","is_ascension_mode":false,"campfire_choices":[{"floor":1.0,"key":"RECALL"},{"data":"champ:FanOfKnives","floor":6.0,"key":"SMITH"},{"data":"champ:ArenaPreparation","floor":9.0,"key":"SMITH"},{"data":"champ:HoldFirm","floor":18.0,"key":"SMITH"},{"data":"champ:ShieldWall","floor":27.0,"key":"SMITH"},{"floor":30.0,"key":"REST"},{"data":"champ:ShieldWall","floor":35.0,"key":"SMITH"},{"floor":42.0,"key":"REST"},{"floor":46.0,"key":"REST"}],"circlet_count":0,"master_deck":["champ:Strike","champ:Defend","champ:Defend","champ:Defend","champ:Execute","champ:Taunt","champ:FanOfKnives+1","champ:ArenaPreparation+1","champ:ShieldWall","champ:StanceDance","champ:HoldFirm+1","champ:VampiricStrike+1","champ:EnragedBash+1","champ:TripleStrike+1","champ:ShieldWall+1","champ:RapidStrikes","champ:ShieldWall","champ:CalledShot","champ:ShieldWall+1","Writhe","champ:Endure","champ:ShieldThrow+1","expansioncontent:DashGenerateEvil"],"relics":["champ:ChampionCrown","downfall:HeartBlessingRed","Anchor","Odd Mushroom","Replay:Bottled Steam","Astrolabe","MutagenicStrength","Orrery","Blue Candle","Pondfish Scales","Kintsugi","WingedGreaves","Guide Book"],"acts_visited":["Exordium","TheCity","TheBeyond"],"potions_floor_usage":[50,50],"damage_taken":[{"damage":20.0,"enemies":"Small Slimes","floor":2.0,"turns":4.0},{"damage":16.0,"enemies":"Cultist","floor":4.0,"turns":4.0},{"damage":10.0,"enemies":"2 Louse","floor":5.0,"turns":2.0},{"damage":0.0,"enemies":"2 Fungi Beasts","floor":8.0,"turns":2.0},{"damage":21.0,"enemies":"The Mushroom Lair","floor":10.0,"turns":4.0},{"damage":40.0,"enemies":"Blue Slaver","floor":11.0,"turns":3.0},{"damage":15.0,"enemies":"3 Louse","floor":12.0,"turns":3.0},{"damage":14.0,"enemies":"Gremlin Gang","floor":15.0,"turns":4.0},{"damage":52.0,"enemies":"IC_STATUS_ARCHETYPE","floor":16.0,"turns":10.0},{"damage":25.0,"enemies":"Chosen","floor":19.0,"turns":4.0},{"damage":42.0,"enemies":"3 Cultists","floor":20.0,"turns":4.0},{"damage":57.0,"enemies":"downfall:Augmenter","floor":21.0,"turns":7.0},{"damage":30.0,"enemies":"downfall:FleeingMerchant","floor":22.0,"turns":4.0},{"damage":10.0,"enemies":"Snecko","floor":23.0,"turns":3.0},{"damage":16.0,"enemies":"Chosen and Byrds","floor":26.0,"turns":6.0},{"damage":49.0,"enemies":"3 Cultists","floor":28.0,"turns":6.0},{"damage":48.0,"enemies":"Centurion and Healer","floor":31.0,"turns":5.0},{"damage":15.0,"enemies":"Cultist and Chosen","floor":32.0,"turns":5.0},{"damage":45.0,"enemies":"SI_MIRROR_ARCHETYPE","floor":33.0,"turns":11.0},{"damage":32.0,"enemies":"3 Shapes","floor":36.0,"turns":5.0},{"damage":18.0,"enemies":"Orb Walker","floor":37.0,"turns":4.0},{"damage":5.0,"enemies":"Orb Walker","floor":38.0,"turns":7.0},{"damage":31.0,"enemies":"Jaw Worm Horde","floor":40.0,"turns":4.0},{"damage":42.0,"enemies":"Maw","floor":43.0,"turns":9.0},{"damage":35.0,"enemies":"downfall:FleeingMerchant","floor":44.0,"turns":4.0},{"damage":35.0,"enemies":"4 Shapes","floor":45.0,"turns":5.0},{"damage":16.0,"enemies":"Spire Growth","floor":47.0,"turns":4.0},{"damage":13.0,"enemies":"downfall:FleeingMerchant","floor":48.0,"turns":4.0},{"damage":30.0,"enemies":"Sphere and 2 Shapes","floor":49.0,"turns":6.0},{"damage":25,"enemies":"DF_ARCHETYPE_ORBS","floor":50,"turns":7}],"seed_played":"-4253603268294050287","potions_obtained":[{"floor":4.0,"key":"LifebloodPotion"},{"floor":8.0,"key":"Adrenaline Potion"},{"floor":11.0,"key":"EntropicBrew"},{"floor":12.0,"key":"Flashbang"},{"floor":21.0,"key":"GamblersBrew"},{"floor":47.0,"key":"Block Potion"}],"is_trial":false,"path_per_floor":["R","M","?","M","M","R","T","M","R","?","M","M","?","?","M","B",null,"R","M","M","?","$","M","T","?","M","R","M","T","R","M","M","B",null,"R","M","M","?","?","M","T","R","M","$","M","R","M","$","M","B"],"character_chosen":"THE_CHAMP","items_purchased":["champ:ShieldWall","Orrery","Guide Book","expansioncontent:DashGenerateEvil"],"campfire_rested":3,"item_purchase_floors":[22,22,44,44],"current_hp_per_floor":[99,99,99,98,98,98,98,98,98,87,87,72,72,48,44,37,99,99,99,87,75,75,75,75,75,74,74,45,45,74,71,71,61,99,99,92,79,79,74,43,43,72,50,50,30,59,53,40,25,0,0,0],"gold":73,"neow_bonus":"TEN_PERCENT_HP_BONUS","is_daily":false,"chose_seed":false,"campfire_upgraded":5,"win_rate":0.0,"timestamp":1612753831,"path_taken":["R","M","?","?","M","R","T","M","R","?","M","M","?","?","M","BOSS","R","M","M","?","$","M","T","?","M","R","M","?","R","M","M","BOSS","R","M","M","?","?","?","T","R","M","$","?","R","?","$","M","BOSS"],"items_purchased_type":["Card","Relic","Relic","Card"],"build_version":"2020-12-22","purchased_purges":2,"victory":false,"max_hp_per_floor":[99,99,99,99,99,99,99,99,99,99,99,99,99,99,99,99,99,99,99,99,99,99,99,99,99,99,99,99,99,99,99,99,99,99,99,99,99,99,99,99,99,99,99,99,99,99,99,99,99,99,99,99],"relic_stats":{"counters":[30,150],"Astrolabe":["champ:EnragedBash","champ:EnragedBash","champ:TripleStrike"],"Blue Candle":[0],"obtain_stats":[{"downfall:HeartBlessingRed":6,"Astrolabe":17,"Blue Candle":24,"Guide Book":44,"champ:ChampionCrown":0,"Odd Mushroom":10,"Anchor":7,"Pondfish Scales":29,"MutagenicStrength":21,"Orrery":22,"WingedGreaves":38,"Kintsugi":34,"Replay:Bottled Steam":14},{"downfall:HeartBlessingRed":3,"Astrolabe":9,"Blue Candle":14,"Guide Book":25,"champ:ChampionCrown":0,"Odd Mushroom":5,"Anchor":3,"Pondfish Scales":16,"MutagenicStrength":12,"Orrery":13,"WingedGreaves":22,"Kintsugi":19,"Replay:Bottled Steam":7},{"downfall:HeartBlessingRed":10,"Astrolabe":36,"Blue Candle":58,"Guide Book":124,"champ:ChampionCrown":0,"Odd Mushroom":16,"Anchor":10,"Pondfish Scales":70,"MutagenicStrength":51,"Orrery":55,"WingedGreaves":107,"Kintsugi":91,"Replay:Bottled Steam":22}]},"card_choices":[{"not_picked":["champ:SetATrap","champ:EnragedBash"],"picked":"champ:FanOfKnives","floor":2.0},{"not_picked":["champ:EnGarde","champ:Shatter"],"picked":"champ:ArenaPreparation","floor":4.0},{"not_picked":["champ:TornadoPunch","champ:SkillfulDodge"],"picked":"champ:BerserkersShout","floor":5.0},{"not_picked":["champ:EnGarde","champ:FocusedBerserking"],"picked":"champ:ShieldWall","floor":8.0},{"not_picked":["champ:PerfectedStrike","champ:Shatter"],"picked":"champ:StanceDance","floor":11.0},{"not_picked":["champ:BerserkersShout","champ:AdrenalArmor"],"picked":"champ:HoldFirm","floor":12.0},{"not_picked":["champ:CalledShot","champ:ArenaPreparation"],"picked":"champ:Encircle","floor":14.0},{"not_picked":["champ:Shatter","champ:RecklessLeap","champ:BringItOn"],"picked":"SKIP","floor":15.0},{"not_picked":["champ:SwordThrow","champ:Improvising"],"picked":"champ:VampiricStrike","floor":16.0},{"not_picked":["champ:CrownThrow","champ:GladiatorStyle","champ:RisingSlash"],"picked":"SKIP","floor":19.0},{"not_picked":["champ:FanOfKnives","champ:RecklessLeap+1"],"picked":"champ:ShieldWall","floor":20.0},{"not_picked":["champ:EnragedBash","champ:PreciseThrust"],"picked":"champ:RapidStrikes","floor":21.0},{"not_picked":[],"picked":"J.A.X.","floor":21.0},{"not_picked":["champ:Shatter","champ:CrownThrow","champ:GutPunch"],"picked":"SKIP","floor":22.0},{"not_picked":["champ:FanOfKnives+1","champ:BerserkersShout"],"picked":"champ:CalledShot","floor":22.0},{"not_picked":["champ:Circumvent","champ:AdrenalArmor"],"picked":"champ:ShieldWall","floor":22.0},{"not_picked":["champ:ShieldSlam","champ:Haymaker+1","champ:PerfectedStrike"],"picked":"SKIP","floor":23.0},{"not_picked":["champ:EnGarde","champ:Encircle","champ:Shatter"],"picked":"SKIP","floor":26.0},{"not_picked":["champ:BladeFlurry","champ:IronFortress+1","champ:Duel+1"],"picked":"SKIP","floor":28.0},{"not_picked":["champ:RisingSlash","champ:PreemptiveStrike","champ:PerfectedStrike"],"picked":"SKIP","floor":31.0},{"not_picked":["champ:CrownThrow","champ:StanceDance","champ:Lariat"],"picked":"SKIP","floor":32.0},{"not_picked":["champ:Shatter","champ:Encircle+1","champ:RecklessLeap"],"picked":"SKIP","floor":36.0},{"not_picked":["champ:CrownThrow+1","champ:BringItOn"],"picked":"champ:Endure","floor":37.0},{"not_picked":["champ:Backstep+1","champ:Shatter"],"picked":"champ:ShieldThrow","floor":38.0},{"not_picked":["champ:EnragedBash+1","champ:PerfectedStrike+1","champ:EndlessRage+1"],"picked":"SKIP","floor":40.0},{"not_picked":["champ:FalseCounter","champ:Backstep+1","champ:EnGarde+1"],"picked":"SKIP","floor":43.0},{"not_picked":["champ:DefensiveShout+1","champ:EndlessRage","champ:HeartStrike"],"picked":"SKIP","floor":44.0},{"not_picked":["champ:StanceDance","champ:TornadoPunch","champ:DeathBlow+1"],"picked":"SKIP","floor":45.0},{"not_picked":["champ:IronFortress","champ:AdrenalArmor","champ:Devastate"],"picked":"SKIP","floor":47.0},{"not_picked":["champ:FanOfKnives+1","champ:MurderStrike","champ:Duel+1"],"picked":"SKIP","floor":48.0},{"not_picked":["champ:BerserkersShout","champ:BladeFlurry+1","champ:StanceDance"],"picked":"SKIP","floor":49.0}],"player_experience":300433,"relics_obtained":[{"floor":7.0,"key":"Anchor"},{"floor":10.0,"key":"Odd Mushroom"},{"floor":14.0,"key":"Replay:Bottled Steam"},{"floor":21.0,"key":"MutagenicStrength"},{"floor":24.0,"key":"Blue Candle"},{"floor":29.0,"key":"Pondfish Scales"},{"floor":38.0,"key":"WingedGreaves"}],"event_choices":[{"damage_healed":0.0,"max_hp_gain":0.0,"max_hp_loss":0.0,"gold_gain":0.0,"event_name":"Mushrooms","player_choice":"Fought Mushrooms","floor":10.0,"gold_loss":0.0,"damage_taken":0.0}],"is_beta":false,"boss_relics":[{"not_picked":["Black Star","Replay:Wanted Poster"],"picked":"Astrolabe"},{"not_picked":["Fusion Hammer","Tiny House"],"picked":"Kintsugi"}],"items_purged_floors":[22,44],"is_endless":false,"potions_floor_spawned":[4,8,11,12,21,23,26,32,33,36,37,47],"killed_by":"DF_ARCHETYPE_ORBS","ascension_level":0}}