{"host":"8u1cu4kisw6g21am","time":1612812241,"event":{"mods":["AchievementEnabler","BaseMod","Bestiary","BetterRewards","Minty Spire (QoL Compilation)","Quick Restart","Shop Mod","StSLib"],"gold_per_floor":[118,39,39,55,70,20,36,63,75,99,111,150,162,207,219,327,339,365,377,408,420,445,482,494,494],"floor_reached":24,"language":"ENG","playtime":6361,"items_purged":[],"score":226,"play_id":"336f487b-583c-4cbd-8620-29098aa4b9ec","local_time":"20210208142401","is_ascension_mode":false,"campfire_choices":[{"floor":11,"key":"REST"},{"floor":15,"key":"REST"}],"circlet_count":0,"master_deck":["Strike_R","Strike_R","Strike_R","Strike_R","Strike_R","Defend_R","Defend_R","Defend_R","Bash","Clothesline","Bloodletting","Uppercut","Reaper","Fire Breathing","Warcry","Rupture","Hemokinesis","Thunderclap","Brutality","Armaments+1","Sword Boomerang+1","Bloodletting","Sword Boomerang","Armaments"],"relics":["Burning Blood","MawBank","Question Card","Odd Mushroom","Champion Belt","Philosopher\u0027s Stone","Mummified Hand"],"acts_visited":["TheCity"],"potions_floor_usage":[12,14,16,16,24,24],"damage_taken":[{"damage":6.0,"enemies":"Cultist","floor":1.0,"turns":3.0},{"damage":3.0,"enemies":"Small Slimes","floor":4.0,"turns":3.0},{"damage":7.0,"enemies":"2 Louse","floor":5.0,"turns":2.0},{"damage":24.0,"enemies":"2 Fungi Beasts","floor":7.0,"turns":4.0},{"damage":28,"enemies":"3 Sentries","floor":8,"turns":5},{"damage":9,"enemies":"Looter","floor":10,"turns":3},{"damage":34,"enemies":"The Mushroom Lair","floor":12,"turns":6},{"damage":35,"enemies":"Lagavulin","floor":14,"turns":5},{"damage":81,"enemies":"The Guardian","floor":16,"turns":11},{"damage":8,"enemies":"Spheric Guardian","floor":18,"turns":3},{"damage":12,"enemies":"Chosen","floor":20,"turns":5},{"damage":16,"enemies":"Snecko","floor":22,"turns":4},{"damage":64,"enemies":"Gremlin Leader","floor":23,"turns":8},{"damage":42,"enemies":"Masked Bandits","floor":24,"turns":4}],"seed_played":"-8206828239233569545","potions_obtained":[{"floor":4.0,"key":"SteroidPotion"},{"floor":5.0,"key":"HeartOfIron"},{"floor":7.0,"key":"EssenceOfSteel"},{"floor":10,"key":"AttackPotion"},{"floor":14,"key":"Regen Potion"},{"floor":18,"key":"EssenceOfSteel"},{"floor":23,"key":"Regen Potion"}],"is_trial":false,"path_per_floor":["M","$","$","M","M","?","M","E","T","M","R","?","$","E","R","B",null,"M","?","M","?","M","E","?"],"character_chosen":"IRONCLAD","items_purchased":["Bloodletting"],"campfire_rested":2,"item_purchase_floors":[2],"current_hp_per_floor":[80,80,80,80,79,79,65,57,57,54,78,60,60,38,62,8,80,78,78,76,76,66,22,0,0],"gold":494,"neow_bonus":"","is_daily":false,"chose_seed":false,"campfire_upgraded":0,"win_rate":0.0,"timestamp":1612812241,"path_taken":["M","?","$","M","M","?","M","E","T","M","R","?","$","E","R","BOSS","M","?","M","?","M","E","?"],"items_purchased_type":["Card"],"build_version":"2020-12-22","purchased_purges":0,"victory":false,"max_hp_per_floor":[80,80,80,80,80,80,80,80,80,80,80,80,80,80,80,80,80,80,80,80,80,80,80,80,80],"card_choices":[{"not_picked":["Clash","Carnage"],"picked":"Clothesline","floor":1.0},{"not_picked":["Body Slam","Iron Wave"],"picked":"Uppercut","floor":4.0},{"not_picked":["Armaments","Rage"],"picked":"Reaper","floor":5.0},{"not_picked":["Infernal Blade","Shockwave"],"picked":"Fire Breathing","floor":7.0},{"not_picked":["Body Slam","Clash"],"picked":"Warcry","floor":8},{"not_picked":["Twin Strike","Shrug It Off","Entrench"],"picked":"Rupture","floor":10},{"not_picked":["Thunderclap","Clash","Shrug It Off"],"picked":"Hemokinesis","floor":12},{"not_picked":["Twin Strike","Cleave","Clothesline"],"picked":"Thunderclap","floor":14},{"not_picked":["Corruption","Double Tap","Demon Form"],"picked":"Brutality","floor":16},{"not_picked":["Twin Strike","Intimidate","Flex"],"picked":"Armaments+1","floor":18},{"not_picked":["Twin Strike","Intimidate","Feel No Pain"],"picked":"Sword Boomerang+1","floor":20},{"not_picked":["Fire Breathing","Feel No Pain","Battle Trance"],"picked":"Sword Boomerang","floor":22},{"not_picked":["Fire Breathing","Shrug It Off+1","Bloodletting"],"picked":"Armaments","floor":23}],"player_experience":0,"relics_obtained":[{"floor":8,"key":"MawBank"},{"floor":9,"key":"Question Card"},{"floor":12,"key":"Odd Mushroom"},{"floor":14,"key":"Champion Belt"},{"floor":23,"key":"Mummified Hand"}],"event_choices":[{"cards_removed":["Defend_R"],"damage_healed":0.0,"max_hp_gain":0.0,"max_hp_loss":0.0,"gold_gain":0.0,"event_name":"The Cleric","player_choice":"Card Removal","floor":6.0,"gold_loss":50.0,"damage_taken":0.0},{"damage_healed":0,"gold_gain":0,"player_choice":"Fought Mushrooms","damage_taken":0,"max_hp_gain":0,"max_hp_loss":0,"event_name":"Mushrooms","floor":12,"gold_loss":0},{"damage_healed":0,"gold_gain":0,"player_choice":"Ignored","damage_taken":0,"max_hp_gain":0,"max_hp_loss":0,"event_name":"Ghosts","floor":19,"gold_loss":0},{"damage_healed":0,"gold_gain":0,"player_choice":"Read","damage_taken":0,"max_hp_gain":0,"max_hp_loss":0,"event_name":"The Library","floor":21,"gold_loss":0,"cards_obtained":["Bloodletting"]},{"damage_healed":0,"gold_gain":0,"player_choice":"Fought Bandits","damage_taken":0,"max_hp_gain":0,"max_hp_loss":0,"event_name":"Masked Bandits","floor":24,"gold_loss":0}],"is_beta":false,"boss_relics":[{"not_picked":["Ectoplasm","SacredBark"],"picked":"Philosopher\u0027s Stone"}],"items_purged_floors":[],"is_endless":false,"potions_floor_spawned":[4,5,7,10,14,18,23],"killed_by":"Masked Bandits","ascension_level":0}}