{"host":"dtz8fhk52srfoofc","time":1612787420,"event":{"mods":["2.2 Compatiblity","AchievementEnabler","Aspiration","BaseMod","Beaked The Cultist","Better Altar","Better Match","Better Note","Better Sensory Stone","Better Third Choice","BetterRewards","Colored Map","Colored Powertips","Energized Spire","Gold Saver","Gremlin Skip","Highlight Path","Infinite Spire","JesterMod","Kratos Character Expansion","Minty Spire (QoL Compilation)","Permanent Neow","QueenMod","Quick Restart","Rare Cards Sparkle","Remove Card Discount Mod","Shop Mod","Somnambulant","Spicy Shops","StSLib","Steal the Spire","The Blackbeard","The Mystic","The Senshi","The Wild Card","TheHero","Transform Curses","Unceasing Turn Reminder","everything is the same but u backflip on backflip"],"gold_per_floor":[920,920,326,340,340,340,340,13,40,0,0,0,0,16,16,141,141,165,115,14,30,48,48,63,63,63,63,81,81,106,122,122,248,248,266,266,266,329,397,397,421,421,421,421,445,445,469,484,484,484],"floor_reached":51,"language":"ENG","playtime":5810,"items_purged":["Injury","Writhe"],"score":710,"play_id":"4546b3ef-fd35-4ef8-97a9-62f7d61e9817","local_time":"20210208063020","is_ascension_mode":false,"campfire_choices":[{"floor":6,"key":"REST"},{"data":"QueenMod:GatheringSwarm","floor":6,"key":"SMITH"},{"floor":13,"key":"REST"},{"data":"QueenMod:BuildOrder","floor":13,"key":"SMITH"},{"data":"QueenMod:Advisor","floor":15,"key":"SMITH"},{"floor":23,"key":"REST"},{"data":"QueenMod:Gather","floor":23,"key":"SMITH"},{"floor":25,"key":"REST"},{"data":"QueenMod:BusyBees","floor":25,"key":"SMITH"},{"floor":32,"key":"REST"},{"data":"QueenMod:Recruit","floor":32,"key":"SMITH"},{"floor":40,"key":"REST"},{"data":"QueenMod:Infest","floor":40,"key":"SMITH"},{"floor":46,"key":"REST"},{"data":"theWildCard:PaleRider","floor":46,"key":"SMITH"},{"floor":49,"key":"REST"}],"circlet_count":0,"master_deck":["QueenMod:Strike","QueenMod:Strike","QueenMod:Strike","QueenMod:Defend","QueenMod:Defend","QueenMod:Defend","QueenMod:Defend","QueenMod:QuickJabs","QueenMod:Recruit+1","QueenMod:DefendOrder","QueenMod:PollenBlast","QueenMod:Gather+1","QueenMod:Advisor+1","QueenMod:Parry","QueenMod:Conscripts","QueenMod:Conscripts","QueenMod:Conscripts","QueenMod:GatheringSwarm+1","QueenMod:PopulateOrder","QueenMod:FlankingStrike","QueenMod:HoneycombSmash","QueenMod:PerfectLanding","QueenMod:SwarmingStrike+1","theWildCard:PaleRider+1","QueenMod:InspiringStrike","QueenMod:BuildOrder+1","QueenMod:HoneyTrap","QueenMod:Flyby","QueenMod:Infest+1","QueenMod:RoyalOrder","QueenMod:PheremoneSwap","QueenMod:CrossGuard","QueenMod:WarBuzz","QueenMod:ProtectQueen+1","QueenMod:BusyBees+1","infinitespire:Menacing","infinitespire:SevenWalls","QueenMod:PollenBlast","QueenMod:WarriorDrones+1","QueenMod:Regroup","QueenMod:ForcedMarch","QueenMod:Feast+1","QueenMod:HiveDefenses+1","QueenMod:HexGuard","QueenMod:MatingDance+1","QueenMod:Incubate+1","QueenMod:AttackOrder+1","QueenMod:AttackOrder+1"],"relics":["jesterMod:JesterCap","jesterMod:MirrorMask","Letter Opener","WingedGreaves","Orrery","Membership Card","infinitespire:Magic Flask","PreservedInsect","Mercury Hourglass","Golden Idol","aspiration:Nostalgia","Ring of the Snake","Bottled Flame","Oddly Smooth Stone","infinitespire:Cubic Diamond","QueenMod:Medal","Potion Belt","aspiration:HatOfInfinitePower","theSenshi:FeatherClipsRelic","Cursed Key","QueenMod:BloatedManual","Turnip","infinitespire:CheckeredPen","jesterMod:MachoBrace","Ornamental Fan"],"acts_visited":["Exordium","TheCity","TheBeyond"],"potions_floor_usage":[18,28,50,50],"damage_taken":[{"damage":4,"enemies":"Cultist","floor":1,"turns":4},{"damage":0,"enemies":"Jaw Worm","floor":4,"turns":4},{"damage":0,"enemies":"Small Slimes","floor":14,"turns":2},{"damage":4,"enemies":"Slime Boss","floor":16,"turns":6},{"damage":1,"enemies":"2 Thieves","floor":18,"turns":3},{"damage":32,"enemies":"Spheric Guardian","floor":21,"turns":5},{"damage":14,"enemies":"Centurion and Healer","floor":22,"turns":6},{"damage":8,"enemies":"Sentry and Sphere","floor":24,"turns":5},{"damage":16,"enemies":"Snake Plant","floor":28,"turns":4},{"damage":15,"enemies":"Shelled Parasite and Fungi","floor":30,"turns":4},{"damage":10,"enemies":"Cultist and Chosen","floor":31,"turns":4},{"damage":18,"enemies":"Automaton","floor":33,"turns":9},{"damage":0,"enemies":"3 Darklings","floor":35,"turns":7},{"damage":24,"enemies":"Mind Bloom Boss Battle","floor":38,"turns":5},{"damage":33,"enemies":"2 Orb Walkers","floor":39,"turns":6},{"damage":13,"enemies":"Orb Walker","floor":41,"turns":3},{"damage":0,"enemies":"Transient","floor":45,"turns":5},{"damage":12,"enemies":"Jaw Worm Horde","floor":47,"turns":3},{"damage":13,"enemies":"Sphere and 2 Shapes","floor":48,"turns":2},{"damage":13,"enemies":"Donu and Deca","floor":50,"turns":5}],"seed_played":"6070914234190531167","potions_obtained":[{"floor":4,"key":"Ancient Potion"},{"floor":16,"key":"ColorlessPotion"},{"floor":21,"key":"Strength Potion"},{"floor":22,"key":"LiquidBronze"},{"floor":24,"key":"SkillPotion"},{"floor":33,"key":"BlessingOfTheForge"},{"floor":41,"key":"ColorlessPotion"},{"floor":47,"key":"ColorlessPotion"},{"floor":48,"key":"Swift Potion"}],"is_trial":false,"path_per_floor":["M","?","$","M","?","R","?","$","T","?","$","?","R","M","R","B",null,"M","?","$","M","M","R","M","R","T","AVR","M","?","M","M","R","B",null,"M","?","?","?","?","R","M","?","T","AVR","M","R","M","M","R","B",null],"character_chosen":"THE_QUEEN","items_purchased":["jesterMod:MirrorMask","Letter Opener","Orrery","Membership Card","infinitespire:Magic Flask","QueenMod:GatheringSwarm","QueenMod:PopulateOrder","PreservedInsect","Mercury Hourglass","QueenMod:FlankingStrike","QueenMod:HoneycombSmash","QueenMod:PerfectLanding","aspiration:Nostalgia","Bottled Flame","QueenMod:InspiringStrike","QueenMod:BuildOrder","QueenMod:HoneyTrap","QueenMod:Flyby","Potion Belt","QueenMod:CrossGuard"],"campfire_rested":8,"item_purchase_floors":[0,0,0,3,3,3,3,3,3,3,3,3,8,8,8,8,8,8,20,20],"current_hp_per_floor":[36,36,36,36,36,58,58,58,58,58,58,58,75,75,75,71,75,74,74,74,42,28,50,42,64,64,64,54,54,45,41,63,51,75,75,75,75,57,30,52,45,53,53,53,59,75,69,62,75,68],"gold":484,"neow_bonus":"","is_daily":false,"chose_seed":false,"campfire_upgraded":8,"win_rate":0.0,"timestamp":1612787420,"path_taken":["M","?","$","M","?","R","?","?","T","?","$","?","R","?","R","BOSS","M","?","?","M","M","R","M","R","T","AVR","M","?","?","?","R","BOSS","M","?","?","?","?","R","?","?","T","AVR","?","R","?","M","R","BOSS"],"items_purchased_type":["Relic","Relic","Relic","Relic","Relic","Card","Card","Relic","Relic","Card","Card","Card","Relic","Relic","Card","Card","Card","Card","Relic","Card"],"build_version":"2020-12-22","purchased_purges":2,"victory":true,"max_hp_per_floor":[75,75,75,75,75,75,75,75,75,75,75,75,75,75,75,75,75,75,75,75,75,75,75,75,75,75,75,75,75,75,75,75,75,75,75,75,75,75,75,75,75,75,75,75,75,75,75,75,75,75],"card_choices":[{"not_picked":["QueenMod:Rally","QueenMod:PerfectLanding"],"picked":"QueenMod:PollenBlast","floor":0},{"not_picked":["QueenMod:Rally","QueenMod:Parry"],"picked":"QueenMod:Gather","floor":0},{"not_picked":["QueenMod:Assimilate","QueenMod:Flyby"],"picked":"QueenMod:Advisor","floor":0},{"not_picked":["QueenMod:Advisor","QueenMod:CrossGuard"],"picked":"QueenMod:RoyalBanquet","floor":0},{"not_picked":["QueenMod:ChainStrike","QueenMod:WarTrumpet"],"picked":"QueenMod:Parry","floor":0},{"not_picked":["QueenMod:HexGuard","QueenMod:PollenBlast"],"picked":"QueenMod:Conscripts","floor":1},{"not_picked":["QueenMod:Regroup","QueenMod:SplitStrike"],"picked":"QueenMod:SwarmingStrike","floor":4},{"not_picked":["QueenMod:Beekeeping","QueenMod:Parry"],"picked":"QueenMod:Infest","floor":14},{"not_picked":["QueenMod:SwarmTactics","QueenMod:HornetSwarm"],"picked":"QueenMod:RoyalOrder","floor":16},{"not_picked":["QueenMod:DefendOrder","QueenMod:Flyby"],"picked":"QueenMod:PheremoneSwap","floor":18},{"not_picked":["QueenMod:BuildOrder","QueenMod:HoldPosition"],"picked":"QueenMod:WarBuzz","floor":21},{"not_picked":["QueenMod:PheremoneSwap+1","QueenMod:AttackOrder"],"picked":"QueenMod:ProtectQueen+1","floor":22},{"not_picked":["QueenMod:TortureDance","QueenMod:Rally+1"],"picked":"QueenMod:BusyBees","floor":24},{"not_picked":["QueenMod:ChainStrike","QueenMod:InspiringStrike"],"picked":"QueenMod:PollenBlast","floor":28},{"not_picked":["QueenMod:PopulateOrder","QueenMod:Parry"],"picked":"QueenMod:WarriorDrones+1","floor":30},{"not_picked":["QueenMod:CrossGuard+1","QueenMod:Fleche+1"],"picked":"QueenMod:Regroup","floor":31},{"not_picked":["QueenMod:KillerBee","QueenMod:SecretWeapon"],"picked":"QueenMod:ForcedMarch","floor":33},{"not_picked":["QueenMod:HoldPosition+1","QueenMod:Ravage"],"picked":"QueenMod:Feast+1","floor":35},{"not_picked":["QueenMod:Mark","QueenMod:Regroup"],"picked":"QueenMod:HiveDefenses+1","floor":38},{"not_picked":["QueenMod:Charge","QueenMod:Assimilate+1"],"picked":"QueenMod:HexGuard","floor":39},{"not_picked":["QueenMod:DefendOrder+1","QueenMod:HonorGuard+1"],"picked":"QueenMod:MatingDance+1","floor":41},{"not_picked":["QueenMod:HoldPosition","QueenMod:Assimilate+1"],"picked":"QueenMod:Incubate+1","floor":45},{"not_picked":["QueenMod:DefendOrder+1","QueenMod:Mark+1"],"picked":"QueenMod:AttackOrder+1","floor":47},{"not_picked":["QueenMod:WorkerDrones","QueenMod:FlankingStrike"],"picked":"QueenMod:AttackOrder+1","floor":48}],"player_experience":214469,"relics_obtained":[{"floor":9,"key":"Oddly Smooth Stone"},{"floor":26,"key":"aspiration:HatOfInfinitePower"},{"floor":38,"key":"QueenMod:BloatedManual"},{"floor":39,"key":"Turnip"},{"floor":43,"key":"infinitespire:CheckeredPen"}],"event_choices":[{"damage_healed":0,"gold_gain":0,"player_choice":"Take Wound","damage_taken":0,"relics_obtained":["Golden Idol"],"max_hp_gain":0,"max_hp_loss":0,"event_name":"Golden Idol","floor":7,"gold_loss":0,"cards_obtained":["Injury"]},{"damage_healed":0,"gold_gain":0,"player_choice":"Left","damage_taken":0,"max_hp_gain":0,"max_hp_loss":0,"event_name":"betterThird:BetterGoop","floor":10,"gold_loss":40},{"damage_healed":0,"gold_gain":0,"player_choice":"Bet on Owner","damage_taken":0,"max_hp_gain":0,"max_hp_loss":0,"event_name":"The Joust","floor":19,"gold_loss":50},{"damage_healed":0,"gold_gain":0,"player_choice":"Upgraded","damage_taken":0,"max_hp_gain":0,"max_hp_loss":0,"event_name":"Upgrade Shrine","floor":29,"gold_loss":0,"cards_upgraded":["QueenMod:SwarmingStrike"]},{"damage_healed":0,"gold_gain":0,"player_choice":"Ignored","damage_taken":0,"max_hp_gain":0,"max_hp_loss":0,"event_name":"Tomb of Lord Red Mask","floor":37,"gold_loss":0},{"damage_healed":0,"gold_gain":0,"player_choice":"Fight","damage_taken":0,"max_hp_gain":0,"max_hp_loss":0,"event_name":"MindBloom","floor":38,"gold_loss":0},{"damage_healed":0,"gold_gain":0,"player_choice":"Fight","damage_taken":0,"max_hp_gain":0,"max_hp_loss":0,"event_name":"Mysterious Sphere","floor":39,"gold_loss":0}],"is_beta":false,"boss_relics":[{"not_picked":["infinitespire:Cupcake","aspiration:IroncladSkillbook"],"picked":"QueenMod:Medal"},{"not_picked":["energizedSpire:RedRose","Black Star"],"picked":"Cursed Key"}],"items_purged_floors":[27,44],"is_endless":false,"potions_floor_spawned":[4,16,21,22,24,33,41,47,48],"ascension_level":0}}