{"host":"72j3if4hls1tefkc","time":1612751236,"event":{"mods":["AchievementEnabler","Always Whale","Aspiration","BaseMod","Beaked The Cultist","Colored Map","Conspire","FetchMod","Halation","Hermit","Hubris","Infinite Spire","Minty Spire (QoL Compilation)","Reliquary","Replay The Spire","Shop Mod","StSLib","The Construct","The Cursed","The Jungle","The Marked","The Necromancer","The Poker Player"],"gold_per_floor":[110,121,121,137,68,68,81,81,81,101,101,29,44,61,61,165,165,179,179,192,63,76,76,95,95,120,255,267,267,267,286,286,387,387,405,415,429,441,96,96,96,96,96,96,96,122,122,155,155,155,155],"floor_reached":50,"language":"ENG","playtime":2583,"items_purged":["Strike_G","Strike_G"],"score":921,"play_id":"06d95e3f-cf99-42eb-bf1c-aa31bd9b78ea","local_time":"20210207192716","is_ascension_mode":true,"campfire_choices":[{"data":"Footwork","floor":6,"key":"SMITH"},{"data":"Deflect","floor":8,"key":"SMITH"},{"data":"Blade Dance","floor":15,"key":"SMITH"},{"floor":23,"key":"REST"},{"floor":25,"key":"REST"},{"data":"hubris:Sniper","floor":30,"key":"SMITH"},{"data":"Cloak And Dagger","floor":32,"key":"SMITH"},{"data":"Acrobatics","floor":40,"key":"SMITH"},{"data":"Acrobatics","floor":42,"key":"SMITH"},{"data":"Dodge and Roll","floor":45,"key":"SMITH"},{"data":"conspire:DoublingDagger","floor":47,"key":"SMITH"},{"data":"Fluid Movement","floor":49,"key":"SMITH"}],"circlet_count":0,"master_deck":["AscendersBane","Strike_G","Strike_G","Strike_G","Defend_G","Defend_G","Defend_G","Defend_G","Defend_G","Survivor","Neutralize+1","Footwork+1","Deflect+1","ReplayTheSpireMod:Scrap Shanks+1","Blade Dance+1","Dagger Throw","Calculated Gamble+1","Cloak And Dagger+1","Acrobatics+1","Concentrate+1","hubris:Sniper+1","Fluid Movement+1","Dodge and Roll+1","Acrobatics+1","PiercingWail+1","Parasite","Hidden Blade+1","Dagger Throw+1","Bandage Up","conspire:DoublingDagger+1"],"relics":["Ring of the Snake","aspiration:Nostalgia","Vampire_Amulet","Nunchaku","hubris:Icosahedron","reliquary:WritOfMandamus","halation:EternalFortune","infinitespire:Lucky Rock","aspiration:SeaSaltIceCream","NeowsBlessing","construct:ClawGrip","MealTicket","Singing Bowl","hubris:Towel","Replay:Bottled Snecko","Bronze Scales"],"acts_visited":["Exordium","theJungle:Jungle","TheBeyond"],"potions_floor_usage":[16,22,22,37,50,50,50],"damage_taken":[{"damage":1,"enemies":"Small Slimes","floor":1,"turns":5},{"damage":0,"enemies":"2 Louse","floor":2,"turns":4},{"damage":0,"enemies":"Jaw Worm","floor":4,"turns":5},{"damage":5,"enemies":"Blue Slaver","floor":7,"turns":7},{"damage":1,"enemies":"conspire:2 RoseBushes","floor":10,"turns":10},{"damage":8,"enemies":"Lots of Slimes","floor":13,"turns":7},{"damage":13,"enemies":"2 Fungi Beasts","floor":14,"turns":7},{"damage":4,"enemies":"The Guardian","floor":16,"turns":14},{"damage":34,"enemies":"theJungle:GiantWrat","floor":18,"turns":7},{"damage":30,"enemies":"theJungle:Flameango_and_Byrd","floor":20,"turns":7},{"damage":7,"enemies":"theJungle:Lyon","floor":22,"turns":5},{"damage":21,"enemies":"theJungle:2_Flameangoes","floor":24,"turns":8},{"damage":7,"enemies":"theJungle:2_Phrogs","floor":27,"turns":9},{"damage":0,"enemies":"theJungle:2_Snecko_Cultists","floor":28,"turns":1},{"damage":0,"enemies":"Snake Plant","floor":31,"turns":1},{"damage":0,"enemies":"theJungle:FunGuy","floor":33,"turns":1},{"damage":26,"enemies":"3 Shapes","floor":35,"turns":6},{"damage":0,"enemies":"Orb Walker","floor":36,"turns":3},{"damage":19,"enemies":"Writhing Mass","floor":37,"turns":8},{"damage":0,"enemies":"Maw","floor":38,"turns":8},{"damage":6,"enemies":"R_Hoarder","floor":46,"turns":6},{"damage":0,"enemies":"Giant Head","floor":48,"turns":4},{"damage":71,"enemies":"Replay:Hell Engine","floor":50,"turns":10}],"seed_played":"-4461948624399643430","potions_obtained":[{"floor":2,"key":"Explosive Potion"},{"floor":4,"key":"Doom Potion"},{"floor":7,"key":"Reflective Coating"},{"floor":14,"key":"BlessingOfTheForge"},{"floor":20,"key":"SteroidPotion"},{"floor":24,"key":"Fire Potion"},{"floor":31,"key":"Dexterity Potion"},{"floor":35,"key":"Weak Potion"},{"floor":38,"key":"Flashbang"}],"is_trial":false,"path_per_floor":["M","M","?","M","$","R","M","R","T","M","?","$","M","M","R","B",null,"M","?","M","$","M","R","M","R","T","E","M","?","R","M","R","B",null,"M","M","M","M","$","R","$","R","T","?","R","E","R","E","R","B"],"character_chosen":"THE_SILENT","items_purchased":["Footwork","ReplayTheSpireMod:Scrap Shanks","Acrobatics","MealTicket","Bandage Up"],"campfire_rested":2,"item_purchase_floors":[5,12,21,39,39],"current_hp_per_floor":[66,70,70,70,70,70,67,67,67,70,70,70,70,59,59,57,67,35,38,12,12,7,28,11,32,32,29,36,36,36,38,38,40,67,47,52,35,37,37,37,52,52,52,52,52,52,52,60,60,0,0],"gold":155,"neow_bonus":"NOSTALGIA","is_daily":false,"chose_seed":false,"campfire_upgraded":10,"win_rate":0.0,"timestamp":1612751236,"path_taken":["M","M","?","M","$","R","M","R","T","M","?","?","M","M","R","BOSS","M","?","M","$","M","R","M","R","T","E","M","?","R","M","R","BOSS","M","?","M","M","$","R","$","R","T","?","R","E","R","E","R","BOSS"],"items_purchased_type":["Card","Card","Card","Relic","Card"],"build_version":"2020-12-22","purchased_purges":2,"victory":false,"max_hp_per_floor":[70,70,70,70,70,70,70,70,70,70,70,70,70,70,70,70,70,70,73,73,73,73,73,73,73,73,73,76,76,76,76,76,76,76,76,79,79,79,79,79,79,79,79,79,79,79,79,81,81,81,81],"card_choices":[{"not_picked":["Prepared","Escape Plan","All Out Attack"],"picked":"SKIP","floor":1},{"not_picked":["Calculated Gamble","All Out Attack","Bane"],"picked":"SKIP","floor":2},{"not_picked":["Bouncing Flask","Dagger Throw","Flying Knee"],"picked":"SKIP","floor":4},{"not_picked":["Sucker Punch","Quick Slash"],"picked":"Deflect","floor":7},{"not_picked":["Escape Plan","Prepared","Blur"],"picked":"SKIP","floor":10},{"not_picked":["Eviscerate","Outmaneuver"],"picked":"Blade Dance","floor":13},{"not_picked":["Phantasmal Killer","Toxin Wave"],"picked":"Dagger Throw","floor":14},{"not_picked":["Sucker Punch+1","Bouncing Flask"],"picked":"Calculated Gamble+1","floor":18},{"not_picked":["Terror","Sucker Punch"],"picked":"Cloak And Dagger","floor":20},{"not_picked":["Quick Slash","Flying Knee"],"picked":"Concentrate+1","floor":22},{"not_picked":["Sucker Punch","Poisoned Stab"],"picked":"hubris:Sniper","floor":24},{"not_picked":["Malaise","PiercingWail+1"],"picked":"Fluid Movement","floor":27},{"not_picked":["Choke+1","Finisher"],"picked":"Dodge and Roll","floor":28},{"not_picked":["Quick Slash","Escape Plan"],"picked":"Acrobatics","floor":31},{"not_picked":["Blur","Acrobatics","Flying Knee+1"],"picked":"SKIP","floor":35},{"not_picked":["Acrobatics","Underhanded Strike+1"],"picked":"PiercingWail+1","floor":36},{"not_picked":["Escape Plan","Predator"],"picked":"Hidden Blade+1","floor":37},{"not_picked":["Expertise","Dagger Spray"],"picked":"Dagger Throw+1","floor":38},{"not_picked":["Bullet Time","Finisher"],"picked":"conspire:DoublingDagger","floor":46},{"not_picked":["PiercingWail","hubris:TrickCloak","Sucker Punch+1"],"picked":"Singing Bowl","floor":48}],"player_experience":397863,"relics_obtained":[{"floor":9,"key":"Nunchaku"},{"floor":26,"key":"infinitespire:Lucky Rock"},{"floor":27,"key":"aspiration:SeaSaltIceCream"},{"floor":28,"key":"halation:EternalFortune"},{"floor":36,"key":"halation:EternalFortune"},{"floor":43,"key":"Singing Bowl"},{"floor":46,"key":"Replay:Bottled Snecko"},{"floor":48,"key":"Bronze Scales"}],"event_choices":[{"damage_healed":0,"gold_gain":0,"player_choice":"Upgraded","damage_taken":0,"max_hp_gain":0,"max_hp_loss":0,"event_name":"Upgrade Shrine","floor":29,"gold_loss":0,"cards_upgraded":["ReplayTheSpireMod:Scrap Shanks"]}],"is_beta":false,"boss_relics":[{"not_picked":["Ectoplasm","Philosopher\u0027s Stone"],"picked":"reliquary:WritOfMandamus"},{"not_picked":["Tiny House","beaked:SacredDeck"],"picked":"construct:ClawGrip"}],"items_purged_floors":[21,39],"is_endless":false,"potions_floor_spawned":[2,4,7,14,20,24,31,33,35,38,48],"killed_by":"Replay:Hell Engine","ascension_level":10}}