{"host":"ihsge0lre3slh6sc","time":1612810787,"event":{"mods":["Act Like it!","Arknights","BaseMod","CapriCore","Highlight Path","Lobotomy","LobotomyExtend","Marisa£®ÏF”Í°°ƒß¿Ì…≥£©","Minty Spire (QoL Compilation)","MostiFishMod","Quick Restart","Remilia£®¿Ÿ√◊¿Ú—«£©","Shop Mod","StSLib","TestMod","The Immortal","Waifu the Spire","WarShipGirlsR/’ΩΩ¢…Ÿ≈ÆR mod","Yakumo Yukari mod","Youmu£®ªÍ∆«—˝√Œ£©","[IsaacMod]“‘»ˆº‚À˛","ÛÙª÷∏ƒœ"],"gold_per_floor":[119,137,137,24,79,105,105,123,149,149,149,149,212,254,254,387,387,410,419,419,428,36,67,67,67,142,192,212,276,321,354,354,508,517,544,568,568,667,717,356,417,417,417,417,464,504,513,581,581,623],"floor_reached":51,"language":"ZHS","playtime":1241,"items_purged":["ats:Strike S","ats:Strike V","Envy_TH","ats:Explosion Area Strengthen"],"score":1071,"play_id":"0279c8c0-4ff3-480d-91cc-705e8b6d0886","local_time":"20210209025947","is_ascension_mode":true,"campfire_choices":[{"data":"ats:Blood Oath","floor":7,"key":"SMITH"},{"floor":15,"key":"REST"},{"data":"ats:Soul Rend","floor":25,"key":"SMITH"},{"data":"ats:Serious Mode","floor":32,"key":"SMITH"},{"data":"1","floor":42,"key":"LIFT"},{"data":"2","floor":44,"key":"LIFT"},{"floor":49,"key":"REST"}],"circlet_count":0,"master_deck":["ats:Armor Crushing Shot","ats:Defend","ats:Defend","ats:Defend+1","ats:Emotion Absorption+1","ats:Leaping Hammer+1","ats:Red Shift","ats:Blood Oath+1","ats:Serious Mode+1","ats:Soul Rend+1","ats:Soul Absorption+1","Necronomicurse","ats:Emotion Absorption+1","ats:Thorns","ats:Shadow Assault","CurseOfTheBell","ats:Shadow Assault","ats:Fractured Body","ats:Disruption Kick"],"relics":["ats:Sanity","HushsDoor","testmod-TestBox","DaveBox","SentryEyes","testmod-IndustrialRevolution","TheBean","SynthV:TestCard","LetterFromLob","ats:Originium","Potion Belt","ats:Berate","Golden Idol","testmod-Justice","Happy Flower","CeramicFish","ChiXiaoBlade","Necronomicon","DollysMirror","ats:Ability Aura","SalivaCoin","Pear","UnicornStump","testmod-Nyarlathotep","Gremlin Horn","Calling Bell","Boot","Sundial","testmod-RealStoneCalender","Membership Card","Girya","War Paint","Mercury Hourglass","testmod-OneHitWonder"],"acts_visited":["Exordium","TheCity","TheBeyond"],"potions_floor_usage":[13,14,50,50,50],"damage_taken":[{"damage":0,"enemies":"2 Louse","floor":1,"turns":2},{"damage":0,"enemies":"Cultist","floor":2,"turns":2},{"damage":18,"enemies":"Lagavulin","floor":6,"turns":3},{"damage":0,"enemies":"Small Slimes","floor":8,"turns":1},{"damage":17,"enemies":"Hiden Room Battle","floor":13,"turns":2},{"damage":0,"enemies":"Gremlin Nob","floor":14,"turns":2},{"damage":0,"enemies":"Slime Boss","floor":16,"turns":3},{"damage":0,"enemies":"Spheric Guardian","floor":18,"turns":2},{"damage":24,"enemies":"Slavers","floor":23,"turns":2},{"damage":6,"enemies":"Gremlin Leader","floor":27,"turns":4},{"damage":0,"enemies":"Chosen","floor":28,"turns":3},{"damage":26,"enemies":"Slavers","floor":29,"turns":3},{"damage":45,"enemies":"Shelled Parasite and Fungi","floor":30,"turns":4},{"damage":0,"enemies":"Gremlin Leader","floor":31,"turns":4},{"damage":30,"enemies":"Automaton","floor":33,"turns":8},{"damage":20,"enemies":"3 Shapes","floor":35,"turns":2},{"damage":0,"enemies":"Orb Walker","floor":36,"turns":2},{"damage":26,"enemies":"4 Shapes","floor":39,"turns":2},{"damage":28,"enemies":"Giant Head","floor":41,"turns":5},{"damage":5,"enemies":"Reptomancer","floor":45,"turns":3},{"damage":35,"enemies":"Maw","floor":46,"turns":4},{"damage":62,"enemies":"Transient","floor":48,"turns":5},{"damage":36,"enemies":"Time Eater","floor":50,"turns":6}],"seed_played":"8968282730157161627","potions_obtained":[{"floor":6,"key":"ats:Burn Small Potion"},{"floor":13,"key":"FearPotion"},{"floor":14,"key":"CultistPotion"},{"floor":27,"key":"ats:Emergency Sanity Potion"},{"floor":29,"key":"Strength Potion"},{"floor":31,"key":"ats:Flame Arts Potion"},{"floor":39,"key":"ColorlessPotion"}],"is_trial":false,"path_per_floor":["M","M","?","$","?","E","R","M","T","T","?","?","?","E","R","B",null,"M","?","?","?","$","E","M","R","T","E","M","E","M","E","R","B",null,"M","M","?","?","M","R","E","R","T","R","E","M","?","M","R","B",null],"character_chosen":"DOCTOR_CLASS","items_purchased":["ats:Overload","DollysMirror","ats:Ability Aura","Membership Card","Girya"],"campfire_rested":2,"item_purchase_floors":[4,22,22,40,40],"current_hp_per_floor":[65,65,52,52,52,34,34,39,39,39,39,39,12,12,30,38,55,55,39,39,39,39,20,20,20,30,56,65,53,34,54,54,50,65,50,65,62,47,21,21,51,51,51,51,62,38,38,2,20,1],"gold":623,"neow_bonus":"REMOVE_TWO","is_daily":false,"chose_seed":false,"campfire_upgraded":3,"win_rate":0.0,"timestamp":1612810787,"path_taken":["M","M","?","?","?","E","R","M","T","?","?","?","?","E","R","BOSS","M","?","?","?","?","E","M","R","T","E","M","E","M","E","R","BOSS","M","?","?","?","M","R","E","R","T","R","E","M","?","M","R","BOSS"],"items_purchased_type":["Card","Relic","Relic","Relic","Relic"],"build_version":"2020-12-22","purchased_purges":4,"victory":true,"max_hp_per_floor":[65,65,65,65,65,65,65,65,65,65,60,60,60,60,60,60,55,55,55,55,55,55,55,55,55,65,65,65,65,65,65,65,65,65,65,65,62,62,62,62,62,62,62,62,62,62,62,62,62,62],"card_choices":[{"not_picked":[],"picked":"ChaosCard","floor":0},{"not_picked":["ats:Defend Order","ats:Powerful Strike"],"picked":"ats:Leaping Hammer","floor":1},{"not_picked":["ats:Revitalization","ats:Charging Defense","ats:Consecutive Shot Auto","ats:Song Of Battle"],"picked":"ats:Red Shift","floor":2},{"not_picked":["ats:Sword Rain","ats:Hammer On","ats:Serious Mode","ats:Curse Doll"],"picked":"ats:Blood Oath","floor":6},{"not_picked":["ats:Consecutive Shot Auto","ats:Curse Doll","ats:Guardian Obelisk","ats:Poison Spread"],"picked":"ats:Serious Mode","floor":8},{"not_picked":["ats:True Silver Slash","ats:Revitalization","ats:Beaten Up","ats:Ignite"],"picked":"Bomb","floor":13},{"not_picked":["ats:Poison Spread","ats:Support Order","ats:Shell Defense","ats:Phantom"],"picked":"ats:Blood Oath","floor":14},{"not_picked":["ats:Wolf Pack","ats:Echo Reverb","ats:Shadow Assault","ats:Roar Of Ursus"],"picked":"ats:Soul Rend","floor":16},{"not_picked":["ats:Blood Oath","ats:Powerful Strike","ats:Shell Defense","ats:Soul Absorption","ats:Revitalization"],"picked":"SKIP","floor":18},{"not_picked":["ats:Blood Oath","ats:Powerful Strike","ats:Shell Defense","ats:Revitalization"],"picked":"ats:Soul Absorption","floor":18},{"not_picked":["ats:Chain Hook","ats:Guardian Obelisk","ats:Rapid Magazine","ats:Echo Reverb","ats:Shadow Raid"],"picked":"SKIP","floor":23},{"not_picked":["ats:Shadow Raid","ats:Steam Pump+1","ats:Consecutive Shot Auto","ats:Revitalization","ats:Powerful Strike"],"picked":"SKIP","floor":27},{"not_picked":["ats:Chain Hook","ats:Thermite Blade","ats:Magnetic Hammer","ats:Assault Order","ats:Blood Oath+1"],"picked":"SKIP","floor":28},{"not_picked":["ats:Overload","ats:Soul Absorption","ats:Curse Doll+1","ats:Ignite"],"picked":"ats:Thorns","floor":29},{"not_picked":["ats:Cat Scratch+1","ats:Revitalization+1","ats:Shell Defense","ats:Blood Oath"],"picked":"ats:Explosion Area Strengthen","floor":30},{"not_picked":["ats:Volcano","ats:Poison Spread","ats:LN2 Cannon","ats:Apocalypse","ats:Explosion Area Strengthen"],"picked":"SKIP","floor":31},{"not_picked":["ats:Ambush","ats:Nebulous Foxfire","ats:Roar Of Ursus","ats:Durian"],"picked":"ats:Shadow Assault","floor":33},{"not_picked":["ats:Ignite+1","ats:Flexible Camouflage","ats:Rapid Magazine+1","ats:Steam Pump+1","ats:Blood Oath"],"picked":"SKIP","floor":35},{"not_picked":["ats:Assault Order+1","ats:Hammer On+1","ats:Very Hot Blade","ats:Poison Spread"],"picked":"ats:Shadow Assault","floor":36},{"not_picked":["ats:Healing Drone+1","ats:Ignite","ats:Powerful Strike","ats:Revitalization","ats:Leaping Hammer+1"],"picked":"SKIP","floor":39},{"not_picked":["ats:Flexible Camouflage","ats:Hammer On","ats:Assault Order+1","ats:Leaping Hammer+1","ats:Explosion Area Strengthen+1"],"picked":"SKIP","floor":41},{"not_picked":["ats:Burning Ground+1","ats:Beaten Up","ats:Soul Rend","ats:LN2 Cannon+1","ats:Collapsing Strike"],"picked":"SKIP","floor":45},{"not_picked":["ats:Absolute Focus","ats:Magnetic Hammer","ats:Song Of Battle+1","ats:Mental Burst","ats:Beaten Up"],"picked":"SKIP","floor":46},{"not_picked":["ats:Guard Mode+1","ats:Blood Oath","ats:Very Hot Blade+1","ats:LN2 Cannon+1"],"picked":"ats:Disruption Kick","floor":48}],"player_experience":826235,"relics_obtained":[{"floor":1,"key":"SynthV:TestCard"},{"floor":2,"key":"LetterFromLob"},{"floor":6,"key":"ats:Originium"},{"floor":6,"key":"Potion Belt"},{"floor":9,"key":"ats:Berate"},{"floor":13,"key":"testmod-Justice"},{"floor":13,"key":"Happy Flower"},{"floor":14,"key":"ats:Originium"},{"floor":14,"key":"CeramicFish"},{"floor":19,"key":"Necronomicon"},{"floor":23,"key":"ats:Originium"},{"floor":23,"key":"SalivaCoin"},{"floor":26,"key":"Pear"},{"floor":27,"key":"ats:Originium"},{"floor":27,"key":"UnicornStump"},{"floor":29,"key":"testmod-Nyarlathotep"},{"floor":31,"key":"Gremlin Horn"},{"floor":34,"key":"Boot"},{"floor":34,"key":"Sundial"},{"floor":34,"key":"testmod-RealStoneCalender"},{"floor":41,"key":"War Paint"},{"floor":43,"key":"Mercury Hourglass"},{"floor":45,"key":"testmod-OneHitWonder"}],"event_choices":[{"damage_healed":0,"gold_gain":0,"player_choice":"Entered Light","damage_taken":13,"max_hp_gain":0,"max_hp_loss":0,"event_name":"Shining Light","floor":3,"gold_loss":0,"cards_upgraded":["ats:Leaping Hammer","ats:Emotion Absorption"]},{"damage_healed":0,"gold_gain":55,"player_choice":"Gained Gold","damage_taken":0,"max_hp_gain":0,"max_hp_loss":0,"event_name":"Golden Wing","floor":5,"gold_loss":0},{"damage_healed":0,"gold_gain":0,"player_choice":"Lose Max HP","damage_taken":0,"relics_obtained":["Golden Idol"],"max_hp_gain":0,"max_hp_loss":5,"event_name":"Golden Idol","floor":11,"gold_loss":0},{"damage_healed":0,"gold_gain":0,"player_choice":"Fight","damage_taken":0,"max_hp_gain":0,"max_hp_loss":0,"event_name":"HidenRoomEvent","floor":13,"gold_loss":0},{"damage_healed":0,"gold_gain":0,"player_choice":"Obtained Book","damage_taken":16,"max_hp_gain":0,"max_hp_loss":0,"event_name":"Cursed Tome","floor":19,"gold_loss":0},{"damage_healed":0,"gold_gain":0,"player_choice":"Ignored","damage_taken":0,"max_hp_gain":0,"max_hp_loss":0,"event_name":"Ghosts","floor":20,"gold_loss":0},{"damage_healed":0,"gold_gain":0,"player_choice":"Max HP","damage_taken":0,"max_hp_gain":0,"max_hp_loss":3,"event_name":"Winding Halls","floor":37,"gold_loss":0},{"damage_healed":0,"gold_gain":0,"cards_transformed":["ats:Overload"],"player_choice":"Transformed","damage_taken":0,"max_hp_gain":0,"max_hp_loss":0,"event_name":"Transmorgrifier","floor":47,"gold_loss":0,"cards_obtained":["ats:Fractured Body"]}],"is_beta":false,"boss_relics":[{"not_picked":["Runic Pyramid","Cursed Key"],"picked":"ChiXiaoBlade"},{"not_picked":[]},{"not_picked":["Empty Cage","NightmareShop"],"picked":"Calling Bell"},{"not_picked":[]}],"items_purged_floors":[4,17,22,40],"is_endless":false,"potions_floor_spawned":[6,13,14,27,29,31,35,39,41,48],"ascension_level":2}}