{"host":"w8xisjf5mgmfjvmt","time":1612757099,"event":{"mods":["BaseMod","BetterRewards","Challenge The Spire","Conspire","Energized Spire","Filter the Spire","Minty Spire (QoL Compilation)","Quarter Circle Forward PUNCH!","Quick Restart","Relic Filter Mod","Relic Stats","Reliquary","Replay The Spire","Shop Mod","Spicy Shops","StSLib","Thieving Mod","¡¾ÒÅÎï¿¨ÅÆ¡¿REMEMod","óô»ðÖ¸ÄÏ"],"gold_per_floor":[119,119,129,175,194,194,194],"floor_reached":6,"language":"ZHS","playtime":273,"items_purged":[],"score":72,"play_id":"7e12f4eb-2eb2-44dd-907f-4ca2d76df543","local_time":"20210208120459","is_ascension_mode":true,"campfire_choices":[],"circlet_count":0,"master_deck":["AscendersBane","Strike_G","Strike_G","Strike_G","Strike_G","Defend_G","Defend_G","Defend_G","Defend_G","Survivor","Neutralize","conspire:Purge","Dagger Throw","Skewer","REME_GreenPollution","Underhanded Strike"],"relics":["Ring of the Snake","REME_ComplimentaryCards","Tough Bandages","qcfpunch:Broken_Tusk"],"acts_visited":["Exordium"],"potions_floor_usage":[6],"damage_taken":[{"damage":9.0,"enemies":"Jaw Worm","floor":1.0,"turns":6.0},{"damage":0.0,"enemies":"Small Slimes","floor":3.0,"turns":3.0},{"damage":30.0,"enemies":"conspire:MimicChest","floor":4.0,"turns":11.0},{"damage":0,"enemies":"2 Louse","floor":5,"turns":3},{"damage":15,"enemies":"3 Sentries","floor":6,"turns":4}],"seed_played":"9014194740424311182","potions_obtained":[{"floor":1.0,"key":"Regen Potion"}],"is_trial":false,"path_per_floor":["M","?","M","?","M","E"],"character_chosen":"THE_SILENT","items_purchased":[],"campfire_rested":0,"item_purchase_floors":[],"current_hp_per_floor":[50,55,55,25,25,22,22],"gold":194,"neow_bonus":"ONE_RARE_RELIC","is_daily":false,"chose_seed":false,"campfire_upgraded":0,"win_rate":0.0,"timestamp":1612757099,"path_taken":["M","?","M","?","M","E"],"items_purchased_type":[],"build_version":"2020-12-22","purchased_purges":0,"victory":false,"max_hp_per_floor":[60,65,65,65,65,65,65],"relic_stats":{"Tough Bandages":[51],"counters":[5,27],"obtain_stats":[{"Tough Bandages":0,"qcfpunch:Broken_Tusk":4,"Ring of the Snake":0,"REME_ComplimentaryCards":0},{"Tough Bandages":0,"qcfpunch:Broken_Tusk":3,"Ring of the Snake":0,"REME_ComplimentaryCards":0},{"Tough Bandages":0,"qcfpunch:Broken_Tusk":20,"Ring of the Snake":0,"REME_ComplimentaryCards":0}],"Ring of the Snake":[10]},"card_choices":[{"not_picked":["Sucker Punch","Outmaneuver"],"picked":"Dagger Throw","floor":1.0},{"not_picked":["Flying Knee","Hidden Blade"],"picked":"Skewer","floor":3.0},{"not_picked":["Backflip","Crippling Poison"],"picked":"REME_GreenPollution","floor":4.0},{"not_picked":["Quick Slash","Bane"],"picked":"Underhanded Strike","floor":5}],"player_experience":1308383,"relics_obtained":[{"floor":4.0,"key":"qcfpunch:Broken_Tusk"}],"event_choices":[{"damage_healed":0.0,"max_hp_gain":5.0,"max_hp_loss":0.0,"gold_gain":0.0,"event_name":"Big Fish","player_choice":"Donut","floor":2.0,"gold_loss":0.0,"damage_taken":0.0}],"is_beta":false,"boss_relics":[],"items_purged_floors":[],"is_endless":false,"potions_floor_spawned":[1],"killed_by":"3 Sentries","ascension_level":20}}