{"host":"j14jowy3nc3m7wd7","time":1612814952,"event":{"mods":["AchievementEnabler","BaseMod","Bestiary","Curses Come First","Minty Spire (QoL Compilation)","Permanent Neow","Relic Stats","StSLib"],"gold_per_floor":[117,136,136,151,171,171,171],"floor_reached":6,"language":"ENG","playtime":271,"items_purged":[],"score":76,"play_id":"e2ec6d78-8030-4893-b100-19b4a9897afd","local_time":"20210208120912","is_ascension_mode":true,"campfire_choices":[],"circlet_count":0,"master_deck":["AscendersBane","Strike_G","Strike_G","Strike_G","Strike_G","Strike_G","Defend_G","Defend_G","Defend_G","Defend_G","Defend_G","Survivor","Neutralize","Quick Slash","Crippling Poison","Noxious Fumes"],"relics":["Ring of the Snake","Calipers"],"acts_visited":["Exordium"],"potions_floor_usage":[6],"damage_taken":[{"damage":15,"enemies":"Small Slimes","floor":1,"turns":5},{"damage":1,"enemies":"Cultist","floor":2,"turns":3},{"damage":0,"enemies":"2 Louse","floor":4,"turns":4},{"damage":42,"enemies":"Exordium Thugs","floor":5,"turns":10},{"damage":38,"enemies":"Lagavulin","floor":6,"turns":8}],"seed_played":"-8630347301479244763","potions_obtained":[{"floor":2,"key":"Energy Potion"}],"is_trial":false,"path_per_floor":["M","M","?","M","M","E"],"character_chosen":"THE_SILENT","items_purchased":[],"campfire_rested":0,"item_purchase_floors":[],"current_hp_per_floor":[29,28,76,76,34,0,0],"gold":171,"neow_bonus":"ONE_RARE_RELIC","is_daily":false,"chose_seed":false,"campfire_upgraded":0,"win_rate":0.0,"timestamp":1612814952,"path_taken":["M","M","?","M","M","E"],"items_purchased_type":[],"build_version":"2020-12-22","purchased_purges":0,"victory":false,"max_hp_per_floor":[66,66,76,76,76,76,76],"relic_stats":{"counters":[5,30],"obtain_stats":[{"Calipers":0,"Ring of the Snake":0},{"Calipers":0,"Ring of the Snake":0},{"Calipers":0,"Ring of the Snake":0}],"Ring of the Snake":[10]},"card_choices":[{"not_picked":["Underhanded Strike","Well Laid Plans"],"picked":"Quick Slash","floor":1},{"not_picked":["Dagger Spray","Underhanded Strike"],"picked":"Wraith Form v2","floor":2},{"not_picked":["Flying Knee","Acrobatics"],"picked":"Crippling Poison","floor":4},{"not_picked":["PiercingWail","Prepared"],"picked":"Noxious Fumes","floor":5}],"player_experience":10438,"relics_obtained":[],"event_choices":[{"cards_removed":["Wraith Form v2"],"damage_healed":38,"gold_gain":0,"player_choice":"Offered Rare","damage_taken":0,"max_hp_gain":10,"max_hp_loss":0,"event_name":"Bonfire Elementals","floor":3,"gold_loss":0}],"is_beta":false,"boss_relics":[],"items_purged_floors":[],"is_endless":false,"potions_floor_spawned":[2],"killed_by":"Lagavulin","ascension_level":20}}