{"host":"49pjgf1q9ev52n8z","time":1612823409,"event":{"mods":["BaseMod","Bestiary","Colored Map","Keyboard Shortcuts","Minty Spire (QoL Compilation)","Practice Mode","Relic Stats","StSLib"],"gold_per_floor":[14,31,44,44,62,111,76,76,76,76,92,122,132,144,144,239,239,250,250,126,144,160,160,178,203,281,312,326,354,373,67,67,166,166,177,177,191,191,206,237,237,237,237,267,317,328,104,123,123,123],"floor_reached":51,"language":"ENG","playtime":5718,"items_purged":["Pain"],"score":970,"play_id":"1f9b3a18-6859-45ac-bc24-a10098b4dcd3","local_time":"20210208143009","is_ascension_mode":true,"campfire_choices":[{"data":"Bash","floor":8.0,"key":"SMITH"},{"data":"Inflame","floor":10.0,"key":"SMITH"},{"data":"Cleave","floor":15.0,"key":"SMITH"},{"floor":23.0,"key":"REST"},{"floor":32.0,"key":"REST"},{"floor":41,"key":"REST"},{"floor":49,"key":"REST"}],"circlet_count":0,"master_deck":["Strike_R","Strike_R","Strike_R","Strike_R","Defend_R","Defend_R","Defend_R","Bash+1","Seeing Red","Heavy Blade","Iron Wave+1","Clothesline","True Grit","Inflame+1","Cleave+1","Flame Barrier","Shrug It Off","Blood for Blood","Immolate+1","Pummel","Combust","Double Tap+1","Sentinel+1","Good Instincts+1","Limit Break+1","Madness+1","Madness+1","Rage+1","True Grit+1","Madness+1","Blind+1","Offering+1"],"relics":["Burning Blood","Incense Burner","Pear","Matryoshka","Runic Pyramid","WarpedTongs","Whetstone","Bag of Marbles","Toxic Egg 2","Omamori","Bottled Tornado","ClockworkSouvenir","Philosopher\u0027s Stone","Blue Candle","CeramicFish","Shuriken","Meat on the Bone","Turnip","DollysMirror"],"acts_visited":["Exordium","TheCity","TheBeyond"],"potions_floor_usage":[40,50,50],"damage_taken":[{"damage":1.0,"enemies":"2 Louse","floor":1.0,"turns":2.0},{"damage":0.0,"enemies":"Small Slimes","floor":2.0,"turns":3.0},{"damage":0.0,"enemies":"Cultist","floor":3.0,"turns":3.0},{"damage":9.0,"enemies":"Looter","floor":5.0,"turns":4.0},{"damage":30.0,"enemies":"Lagavulin","floor":6.0,"turns":6.0},{"damage":4.0,"enemies":"Exordium Wildlife","floor":11.0,"turns":4.0},{"damage":20.0,"enemies":"Gremlin Nob","floor":12.0,"turns":4.0},{"damage":11.0,"enemies":"3 Louse","floor":13.0,"turns":4.0},{"damage":12.0,"enemies":"Large Slime","floor":14.0,"turns":9.0},{"damage":1.0,"enemies":"Slime Boss","floor":16.0,"turns":12.0},{"damage":3.0,"enemies":"Spheric Guardian","floor":18.0,"turns":3.0},{"damage":32.0,"enemies":"3 Byrds","floor":21.0,"turns":5.0},{"damage":23.0,"enemies":"Snake Plant","floor":22.0,"turns":4.0},{"damage":7.0,"enemies":"Cultist and Chosen","floor":24.0,"turns":6.0},{"damage":3.0,"enemies":"Gremlin Leader","floor":25.0,"turns":5.0},{"damage":20.0,"enemies":"Slavers","floor":27.0,"turns":2.0},{"damage":17.0,"enemies":"Chosen and Byrds","floor":28.0,"turns":5.0},{"damage":18.0,"enemies":"Gremlin Leader","floor":29.0,"turns":4.0},{"damage":21.0,"enemies":"Snake Plant","floor":30.0,"turns":4.0},{"damage":47.0,"enemies":"Collector","floor":33.0,"turns":8.0},{"damage":4,"enemies":"3 Shapes","floor":35,"turns":4},{"damage":6,"enemies":"3 Darklings","floor":37,"turns":3},{"damage":9,"enemies":"Sphere and 2 Shapes","floor":39,"turns":4},{"damage":11,"enemies":"Reptomancer","floor":40,"turns":2},{"damage":51,"enemies":"Giant Head","floor":44,"turns":8},{"damage":0,"enemies":"Mind Bloom Boss Battle","floor":45,"turns":6},{"damage":0,"enemies":"Spire Growth","floor":46,"turns":4},{"damage":13,"enemies":"Writhing Mass","floor":48,"turns":6},{"damage":72,"enemies":"Awakened One","floor":50,"turns":9}],"seed_played":"-8587233847120820958","potions_obtained":[{"floor":3.0,"key":"ColorlessPotion"},{"floor":6.0,"key":"BloodPotion"},{"floor":14.0,"key":"Fruit Juice"},{"floor":16.0,"key":"SpeedPotion"},{"floor":21.0,"key":"EssenceOfSteel"},{"floor":22.0,"key":"EssenceOfSteel"},{"floor":30.0,"key":"DuplicationPotion"},{"floor":40,"key":"Dexterity Potion"},{"floor":48,"key":"LiquidMemories"}],"is_trial":false,"path_per_floor":["M","M","M","?","M","E","?","R","T","R","M","E","M","M","R","B",null,"M","?","$","M","M","R","M","E","T","E","M","E","M","$","R","B",null,"M","?","M","?","M","E","R","?","T","E","?","M","$","M","R","B",null],"character_chosen":"IRONCLAD","items_purchased":["SteroidPotion","Sentinel+1","Good Instincts+1","ClockworkSouvenir","DollysMirror","Blind+1"],"campfire_rested":4,"item_purchase_floors":[20,31,31,31,47,47],"current_hp_per_floor":[80,80,80,85,82,58,79,79,89,89,91,77,72,66,66,76,94,97,97,97,71,54,84,83,86,86,72,61,49,34,34,64,23,81,83,70,70,70,67,62,92,92,92,47,65,71,71,64,94,60],"gold":123,"neow_bonus":"TRANSFORM_TWO_CARDS","is_daily":false,"chose_seed":false,"campfire_upgraded":3,"win_rate":0.0,"timestamp":1612823409,"path_taken":["M","M","M","?","M","E","?","R","T","R","M","E","M","M","R","BOSS","M","?","$","M","M","R","?","E","T","E","M","E","M","$","R","BOSS","BOSS","M","?","M","?","M","E","R","?","T","E","?","M","$","M","R","BOSS"],"items_purchased_type":["Potion","Card","Card","Relic","Relic","Card"],"build_version":"2020-12-22","purchased_purges":1,"victory":true,"max_hp_per_floor":[80,80,80,85,85,85,85,85,95,95,95,95,95,95,95,100,100,100,100,100,100,100,100,100,100,100,100,100,100,100,100,100,100,100,100,100,100,100,100,100,100,100,100,100,100,100,100,100,100,100],"relic_stats":{"counters":[29,143],"Shuriken":[9],"Blue Candle":[0],"CeramicFish":27,"Turnip":[0],"Whetstone":["Immolate","Iron Wave"],"obtain_stats":[{"Pear":9,"Blue Candle":40,"CeramicFish":43,"Incense Burner":6,"Omamori":27,"Whetstone":25,"Bottled Tornado":29,"Burning Blood":0,"WarpedTongs":19,"ClockworkSouvenir":31,"Matryoshka":12,"Shuriken":43,"DollysMirror":47,"Philosopher\u0027s Stone":34,"Turnip":45,"Bag of Marbles":26,"Toxic Egg 2":26,"Runic Pyramid":17,"Meat on the Bone":44},{"Pear":5,"Blue Candle":24,"CeramicFish":24,"Incense Burner":5,"Omamori":16,"Whetstone":15,"Bottled Tornado":18,"Burning Blood":0,"WarpedTongs":11,"ClockworkSouvenir":19,"Matryoshka":7,"Shuriken":24,"DollysMirror":27,"Philosopher\u0027s Stone":20,"Turnip":26,"Bag of Marbles":15,"Toxic Egg 2":15,"Runic Pyramid":10,"Meat on the Bone":25},{"Pear":18,"Blue Candle":110,"CeramicFish":110,"Incense Burner":18,"Omamori":76,"Whetstone":74,"Bottled Tornado":85,"Burning Blood":0,"WarpedTongs":54,"ClockworkSouvenir":89,"Matryoshka":26,"Shuriken":110,"DollysMirror":128,"Philosopher\u0027s Stone":97,"Turnip":124,"Bag of Marbles":74,"Toxic Egg 2":74,"Runic Pyramid":51,"Meat on the Bone":118}],"Burning Blood":157,"WarpedTongs":[89],"Meat on the Bone":24},"card_choices":[{"not_picked":["Heavy Blade","Anger"],"picked":"Iron Wave","floor":1.0},{"not_picked":["Shockwave","Armaments"],"picked":"Clothesline","floor":2.0},{"not_picked":["Limit Break","Sword Boomerang"],"picked":"True Grit","floor":3.0},{"not_picked":["Flame Barrier","True Grit","Body Slam"],"picked":"SKIP","floor":5.0},{"not_picked":["Perfected Strike","Headbutt"],"picked":"Inflame","floor":6.0},{"not_picked":["True Grit","Flex"],"picked":"Cleave","floor":11.0},{"not_picked":["Corruption","Shockwave"],"picked":"Flame Barrier","floor":12.0},{"not_picked":["Infernal Blade","Heavy Blade"],"picked":"Shrug It Off","floor":13.0},{"not_picked":["Warcry","Flame Barrier"],"picked":"Blood for Blood","floor":14.0},{"not_picked":["Limit Break","Fiend Fire"],"picked":"Immolate","floor":16.0},{"not_picked":["Armaments","Havoc","Perfected Strike"],"picked":"SKIP","floor":18.0},{"not_picked":["Wild Strike","Twin Strike","Perfected Strike"],"picked":"SKIP","floor":21.0},{"not_picked":["Twin Strike","Cleave+1","Clash"],"picked":"SKIP","floor":22.0},{"not_picked":["Havoc+1","Blood for Blood"],"picked":"Pummel","floor":24.0},{"not_picked":["Perfected Strike","Heavy Blade"],"picked":"Combust","floor":25.0},{"not_picked":["Intimidate+1","Clash"],"picked":"Double Tap+1","floor":27.0},{"not_picked":["Headbutt","Clash+1","Combust"],"picked":"SKIP","floor":28.0},{"not_picked":["Headbutt","Clash+1","Combust"],"picked":"SKIP","floor":28.0},{"not_picked":["Body Slam+1","Armaments+1","Twin Strike"],"picked":"SKIP","floor":29.0},{"not_picked":["Flame Barrier+1","Clash","True Grit+1"],"picked":"SKIP","floor":30.0},{"not_picked":["Berserk","Immolate"],"picked":"Limit Break+1","floor":33},{"not_picked":["Flame Barrier+1","Sword Boomerang+1","Dark Embrace+1"],"picked":"SKIP","floor":35},{"not_picked":["Ghostly Armor+1","Evolve+1"],"picked":"Rage+1","floor":37},{"not_picked":["Twin Strike","Feel No Pain+1","Evolve"],"picked":"SKIP","floor":39},{"not_picked":["Flame Barrier+1","Pommel Strike"],"picked":"True Grit+1","floor":40},{"not_picked":["Thunderclap+1","Sever Soul","Heavy Blade+1"],"picked":"SKIP","floor":44},{"not_picked":["Twin Strike+1","Heavy Blade","Iron Wave+1"],"picked":"SKIP","floor":46},{"not_picked":["Flame Barrier+1","Inflame+1"],"picked":"Offering+1","floor":48}],"player_experience":780490,"relics_obtained":[{"floor":6.0,"key":"Incense Burner"},{"floor":9.0,"key":"Pear"},{"floor":12.0,"key":"Matryoshka"},{"floor":25.0,"key":"Whetstone"},{"floor":26.0,"key":"Bag of Marbles"},{"floor":26.0,"key":"Toxic Egg 2"},{"floor":27.0,"key":"Omamori"},{"floor":29.0,"key":"Bottled Tornado"},{"floor":40,"key":"Blue Candle"},{"floor":43,"key":"CeramicFish"},{"floor":43,"key":"Shuriken"},{"floor":44,"key":"Meat on the Bone"},{"floor":45,"key":"Turnip"}],"event_choices":[{"damage_healed":0.0,"max_hp_gain":5.0,"max_hp_loss":0.0,"gold_gain":0.0,"event_name":"Big Fish","player_choice":"Donut","floor":4.0,"gold_loss":0.0,"damage_taken":0.0},{"damage_healed":21.0,"max_hp_gain":0.0,"max_hp_loss":0.0,"gold_gain":0.0,"event_name":"The Cleric","player_choice":"Healed","floor":7.0,"gold_loss":35.0,"damage_taken":0.0},{"damage_healed":0.0,"max_hp_gain":0.0,"max_hp_loss":0.0,"gold_gain":0.0,"event_name":"Accursed Blacksmith","player_choice":"Rummage","floor":19.0,"gold_loss":0.0,"damage_taken":0.0,"relics_obtained":["WarpedTongs"],"cards_obtained":["Pain"]},{"damage_healed":0,"gold_gain":0,"player_choice":"Embrace Madness","damage_taken":13,"max_hp_gain":0,"max_hp_loss":0,"event_name":"Winding Halls","floor":36,"gold_loss":0,"cards_obtained":["Madness","Madness"]},{"damage_healed":0,"gold_gain":0,"player_choice":"Ignored","damage_taken":0,"max_hp_gain":0,"max_hp_loss":0,"event_name":"Mysterious Sphere","floor":38,"gold_loss":0},{"damage_healed":0,"gold_gain":0,"player_choice":"Ignored","damage_taken":0,"max_hp_gain":0,"max_hp_loss":0,"event_name":"Tomb of Lord Red Mask","floor":42,"gold_loss":0},{"damage_healed":0,"gold_gain":0,"player_choice":"Fight","damage_taken":0,"max_hp_gain":0,"max_hp_loss":0,"event_name":"MindBloom","floor":45,"gold_loss":0}],"is_beta":false,"boss_relics":[{"not_picked":["Black Blood","Runic Dome"],"picked":"Runic Pyramid"},{"not_picked":["Runic Cube","Sozu"],"picked":"Philosopher\u0027s Stone"}],"items_purged_floors":[20],"is_endless":false,"potions_floor_spawned":[3,6,14,16,21,22,25,30,35,39,40,48],"ascension_level":5}}