{"host":"y36bp6mnm73x3iob","time":1612816367,"event":{"mods":["Aspiration","BaseMod","Bossed Relics","GifTheSpireLib","Hermit","Minty Spire (QoL Compilation)","Reliquary","Retaliation","StSLib"],"gold_per_floor":[360,380,400,257,271,271,284,284,333,333,333,315,328,328,328,423,423,441,252,236,236,236],"floor_reached":21,"language":"ENG","playtime":6438,"items_purged":[],"score":190,"play_id":"a6b9b88d-1251-4196-affb-32f4982f96ba","local_time":"20210208223247","is_ascension_mode":true,"campfire_choices":[{"data":"hermit:GoldenBullet","floor":6,"key":"SMITH"},{"data":"hermit:Midnight","floor":8,"key":"SMITH"},{"data":"hermit:Manifest","floor":10,"key":"SMITH"},{"data":"hermit:ShadowCloak","floor":15,"key":"SMITH"}],"circlet_count":0,"master_deck":["hermit:Strike_Hermit","hermit:Strike_Hermit","hermit:Strike_Hermit","hermit:Strike_Hermit","hermit:Defend_Hermit","hermit:Defend_Hermit","hermit:Defend_Hermit","hermit:Defend_Hermit","hermit:Snapshot","hermit:Covet","Doubt","hermit:Midnight+1","hermit:Determination","hermit:ShadowCloak+1","hermit:Determination","hermit:Desperado","hermit:Manifest+1","hermit:GoldenBullet+1","hermit:Dissolve","hermit:Virtue","hermit:Malice","Pain","hermit:RoundhouseKick","hermit:Headshot","hermit:TakeAim","hermit:HoleUp"],"relics":["hermit:Momento","Happy Flower","WarpedTongs","aspiration:WatcherSkillbook","reliquary:Aerogel"],"acts_visited":["Exordium","TheCity"],"potions_floor_usage":[16,20],"damage_taken":[{"damage":0,"enemies":"2 Louse","floor":1,"turns":2},{"damage":0,"enemies":"Cultist","floor":2,"turns":4},{"damage":12,"enemies":"Jaw Worm","floor":3,"turns":4},{"damage":0,"enemies":"Lots of Slimes","floor":5,"turns":2},{"damage":0,"enemies":"Exordium Wildlife","floor":7,"turns":3},{"damage":1,"enemies":"Exordium Thugs","floor":12,"turns":4},{"damage":12,"enemies":"3 Louse","floor":13,"turns":5},{"damage":15,"enemies":"The Guardian","floor":16,"turns":10},{"damage":25,"enemies":"Spheric Guardian","floor":18,"turns":6},{"damage":17,"enemies":"2 Thieves","floor":20,"turns":4},{"damage":36,"enemies":"Centurion and Healer","floor":21,"turns":4}],"seed_played":"-6616174551339465506","potions_obtained":[{"floor":2,"key":"Strength Potion"},{"floor":16,"key":"Ancient Potion"},{"floor":18,"key":"EssenceOfSteel"}],"is_trial":false,"path_per_floor":["M","M","M","$","M","R","M","R","T","R","?","M","M","?","R","B",null,"M","$","M","M"],"character_chosen":"HERMIT","items_purchased":["hermit:Determination","hermit:Desperado","hermit:Manifest","reliquary:Aerogel","hermit:TakeAim"],"campfire_rested":0,"item_purchase_floors":[4,4,4,19,19],"current_hp_per_floor":[75,75,63,63,63,63,63,63,63,63,63,62,50,50,50,35,75,50,50,33,0,0],"gold":236,"neow_bonus":"TWO_FIFTY_GOLD","is_daily":false,"chose_seed":false,"campfire_upgraded":4,"win_rate":0.0,"timestamp":1612816367,"path_taken":["M","M","M","$","M","R","M","R","T","R","?","?","M","?","R","BOSS","M","?","M","?"],"items_purchased_type":["Card","Card","Card","Relic","Card"],"build_version":"2020-12-22","purchased_purges":0,"victory":false,"max_hp_per_floor":[75,75,75,75,75,75,75,75,75,75,75,75,75,75,75,75,75,75,75,75,75,75],"card_choices":[{"not_picked":["hermit:Coalescence","hermit:TrackingShot"],"picked":"hermit:Midnight","floor":1},{"not_picked":["hermit:Quickdraw","hermit:Vantage"],"picked":"hermit:Determination","floor":2},{"not_picked":["hermit:HoleUp","hermit:HighCaliber"],"picked":"hermit:ShadowCloak","floor":3},{"not_picked":["hermit:Headshot","hermit:WideOpen"],"picked":"hermit:GoldenBullet","floor":5},{"not_picked":["hermit:Dive","hermit:Quickdraw"],"picked":"hermit:Dissolve","floor":7},{"not_picked":["hermit:Glare","hermit:TrackingShot"],"picked":"hermit:Virtue","floor":12},{"not_picked":["hermit:CalledShot","hermit:Coalescence"],"picked":"hermit:Malice","floor":13},{"not_picked":["hermit:HighNoon","hermit:Roughhouse"],"picked":"hermit:RoundhouseKick","floor":16},{"not_picked":["hermit:Deadeye+1","hermit:Maintenance","hermit:Shortfuse+1"],"picked":"hermit:Headshot","floor":18},{"not_picked":["hermit:Glare","hermit:TakeAim","hermit:FullyLoaded"],"picked":"hermit:HoleUp","floor":20}],"player_experience":512021,"relics_obtained":[{"floor":9,"key":"Happy Flower"}],"event_choices":[{"damage_healed":0,"gold_gain":0,"player_choice":"Ignored","damage_taken":0,"max_hp_gain":0,"max_hp_loss":0,"event_name":"Fountain of Cleansing","floor":11,"gold_loss":0},{"damage_healed":0,"gold_gain":0,"player_choice":"Rummage","damage_taken":0,"relics_obtained":["WarpedTongs"],"max_hp_gain":0,"max_hp_loss":0,"event_name":"Accursed Blacksmith","floor":14,"gold_loss":0,"cards_obtained":["Pain"]}],"is_beta":false,"boss_relics":[{"not_picked":["Astrolabe","SacredBark"],"picked":"aspiration:WatcherSkillbook"}],"items_purged_floors":[],"is_endless":false,"potions_floor_spawned":[2,16,18],"killed_by":"Centurion and Healer","ascension_level":2}}