{"host":"Ringo","time":1612770842,"event":{"mods":["BaseMod","Colored Map","Conspire","Dota2Spire","Hubris","Minty Spire (QoL Compilation)","Replay The Spire","StSLib","The Construct","[IsaacMod]ÒÔÈö¼âËþ","¡¾ÒÅÎï¿¨ÅÆ¡¿REMEMod"],"gold_per_floor":[111,127,141,155,174,204,238,265,265,291,300,335,369,396,396,474,533,545,565,232,247,260,293,321,350,374,409,440,459,492,524,524,603,612,624,502,521,538,554,583,583,611,611,639,366,392,422,39,39,39,39],"floor_reached":52,"language":"ZHS","playtime":1596,"items_purged":["Flechettes"],"score":3921,"play_id":"1c6a6c1f-f394-4b92-b900-22b5a003beb5","local_time":"20210208155402","daily_mods":["SealedDeck","Vintage","Red Cards","Heirloom","Time Dilation","Flight","DeadlyEvents","Elite Swarm","Lethality","Binary"],"is_ascension_mode":true,"campfire_choices":[{"data":"Armaments","floor":11.0,"key":"SMITH"},{"data":"Machine Learning","floor":15.0,"key":"SMITH"},{"data":"hubris:ReadiedAction","floor":32.0,"key":"SMITH"},{"data":"Envenom","floor":41.0,"key":"SMITH"},{"data":"Seeing Red","floor":49,"key":"SMITH"}],"circlet_count":0,"master_deck":["AscendersBane","hubris:ReadiedAction+1","Clash","Backflip","Blade Dance","Footwork+1","Flex","Thunderclap","Armaments+1","Replay:Undeath\u0027s Touch","Sword Boomerang","Machine Learning+1","Seeing Red+1","Die Die Die","Poisoned Strike","Envenom+1","Impatience","Iron Wave+1","Jack Of All Trades+1"],"relics":["Ring of the Snake","Busted Crown","HushsDoor","REME_ComplimentaryCards","replay:Trail_Library","Byrd Skull","SteamSale","Dota2Spire:DrumOfEndurance","Omamori","hubris:TinFlute","Replay:Mystery Machine","Anchor","CeramicFish","TheBean","TuHaoJin","Mercury Hourglass","Bag of Marbles","Dota2Spire:Desolator","Peace Pipe","Tiny House","hubris:MysteriousPyramids","StoneCalendar","Dota2Spire:Vanguard","Sling","MealTicket","HowToJump","conspire:Dentures","Centennial Puzzle","Dota2Spire:MagicBottle","PokeGo","Smiling Mask","hubris:Spice","BelialBook","Blood Vial","conspire:Boomerang","Mirror","Black Star","hubris:ToyBattleship","Potion Belt","GuppysTail","Golden Egg","ReplayTheSpireMod:TigerMarble","Bird Faced Urn","Dota2Spire:Dagon","Dota2Spire:ShadowBlade","Meat on the Bone","hubris:EmptyBottle"],"acts_visited":["Exordium","TheCity","TheBeyond"],"potions_floor_usage":[50,50,50,51,51,51],"damage_taken":[{"damage":4.0,"enemies":"Small Slimes","floor":1.0,"turns":2.0},{"damage":8.0,"enemies":"conspire:RoseBush","floor":2.0,"turns":2.0},{"damage":0.0,"enemies":"Cultist","floor":3.0,"turns":2.0},{"damage":0.0,"enemies":"Large Slime","floor":4.0,"turns":1.0},{"damage":0.0,"enemies":"Blue Slaver","floor":5.0,"turns":1.0},{"damage":0.0,"enemies":"Gremlin Nob","floor":6.0,"turns":1.0},{"damage":0.0,"enemies":"Lagavulin","floor":7.0,"turns":2.0},{"damage":0.0,"enemies":"Replay:BlueRogue","floor":8.0,"turns":1.0},{"damage":0.0,"enemies":"Gremlin Nob","floor":10.0,"turns":1.0},{"damage":0.0,"enemies":"Replay:BlueRogue","floor":12.0,"turns":2.0},{"damage":0.0,"enemies":"Gremlin Nob","floor":13.0,"turns":1.0},{"damage":0.0,"enemies":"Lagavulin","floor":14.0,"turns":1.0},{"damage":0.0,"enemies":"The Guardian","floor":16.0,"turns":2.0},{"damage":0.0,"enemies":"2 Thieves","floor":18.0,"turns":1.0},{"damage":0.0,"enemies":"Spheric Guardian","floor":19.0,"turns":1.0},{"damage":0.0,"enemies":"Snake Plant","floor":21.0,"turns":1.0},{"damage":0.0,"enemies":"Cultist and Chosen","floor":22.0,"turns":2.0},{"damage":0.0,"enemies":"conspire:Head Lice","floor":23.0,"turns":1.0},{"damage":0.0,"enemies":"Gremlin Leader","floor":24.0,"turns":1.0},{"damage":0.0,"enemies":"Book of Stabbing","floor":25.0,"turns":1.0},{"damage":0.0,"enemies":"Slavers","floor":27.0,"turns":1.0},{"damage":0.0,"enemies":"REME_1_Revenger","floor":28.0,"turns":1.0},{"damage":0.0,"enemies":"conspire:HollyBat","floor":29.0,"turns":3.0},{"damage":0.0,"enemies":"Gremlin Leader","floor":30.0,"turns":1.0},{"damage":0.0,"enemies":"REME_1_Revenger","floor":31.0,"turns":1.0},{"damage":0.0,"enemies":"Automaton","floor":33.0,"turns":2.0},{"damage":0.0,"enemies":"3 Shapes","floor":35.0,"turns":1.0},{"damage":0.0,"enemies":"3 Darklings","floor":37.0,"turns":1.0},{"damage":0.0,"enemies":"Jaw Worm Horde","floor":38.0,"turns":1.0},{"damage":0.0,"enemies":"Writhing Mass","floor":39.0,"turns":1.0},{"damage":0.0,"enemies":"R_Hoarder","floor":40.0,"turns":2.0},{"damage":0.0,"enemies":"Giant Head","floor":42.0,"turns":3.0},{"damage":0.0,"enemies":"R_Hoarder","floor":44.0,"turns":2.0},{"damage":0,"enemies":"Nemesis","floor":46,"turns":1},{"damage":0,"enemies":"Reptomancer","floor":47,"turns":1},{"damage":0,"enemies":"Time Eater","floor":50,"turns":4},{"damage":0,"enemies":"hubris:GrandSnecko","floor":51,"turns":2}],"seed_played":"3171491913586546335","potions_obtained":[{"floor":5.0,"key":"Languid Potion"},{"floor":6.0,"key":"Elixir"},{"floor":16.0,"key":"SpeedPotion"},{"floor":17.0,"key":"LiquidMemories"},{"floor":30.0,"key":"Adrenaline Potion"},{"floor":35.0,"key":"Ancient Potion"},{"floor":38.0,"key":"Explosive Potion"},{"floor":44.0,"key":"Milkshake"}],"is_trial":true,"path_per_floor":["M","M","M","M","M","E","E","E","T","E","R","E","E","E","R","B",null,"M","M","$","M","M","E","E","E","T","E","E","M","E","E","R","B",null,"M","$","M","M","M","E","R","E","T","E","$","E","E","$","R","B","B",null],"character_chosen":"THE_SILENT","items_purchased":["Die Die Die","Dota2Spire:Vanguard","Sling","MealTicket","Poisoned Strike","Envenom","Potion Belt","Impatience","hubris:Spice","Iron Wave","Jack Of All Trades","hubris:EmptyBottle"],"campfire_rested":0,"item_purchase_floors":[17,20,20,20,20,34,36,36,45,45,45,48],"current_hp_per_floor":[55,47,47,47,47,47,47,47,47,47,47,47,47,47,47,47,63,63,63,63,63,63,63,63,63,63,71,71,71,73,75,75,75,72,72,72,80,72,64,56,56,40,32,32,24,24,24,24,24,24,24],"gold":39,"neow_bonus":"","is_daily":false,"chose_seed":false,"campfire_upgraded":5,"win_rate":0.0,"timestamp":1612770842,"path_taken":["M","M","M","M","M","E","E","E","T","E","R","E","E","E","R","BOSS","M","M","$","M","M","E","E","E","T","E","E","M","E","E","R","BOSS","M","$","M","M","M","E","R","E","T","E","$","E","E","$","R","BOSS","BOSS"],"items_purchased_type":["Card","Relic","Relic","Relic","Card","Card","Relic","Card","Relic","Card","Card","Relic"],"build_version":"2020-12-18","purchased_purges":1,"victory":true,"max_hp_per_floor":[66,66,66,66,66,66,66,66,66,66,66,66,66,66,66,66,67,67,67,67,67,67,67,67,67,67,75,75,75,75,75,75,75,72,72,72,80,72,64,56,56,40,32,32,24,24,24,24,24,24,24],"card_choices":[],"player_experience":655149,"relics_obtained":[{"floor":1.0,"key":"Dota2Spire:DrumOfEndurance"},{"floor":2.0,"key":"Omamori"},{"floor":3.0,"key":"hubris:TinFlute"},{"floor":4.0,"key":"Replay:Mystery Machine"},{"floor":5.0,"key":"Anchor"},{"floor":6.0,"key":"CeramicFish"},{"floor":7.0,"key":"TheBean"},{"floor":8.0,"key":"TuHaoJin"},{"floor":9.0,"key":"Mercury Hourglass"},{"floor":12.0,"key":"Bag of Marbles"},{"floor":13.0,"key":"Dota2Spire:Desolator"},{"floor":14.0,"key":"Peace Pipe"},{"floor":18.0,"key":"hubris:MysteriousPyramids"},{"floor":19.0,"key":"StoneCalendar"},{"floor":21.0,"key":"HowToJump"},{"floor":22.0,"key":"conspire:Dentures"},{"floor":23.0,"key":"Centennial Puzzle"},{"floor":24.0,"key":"Dota2Spire:MagicBottle"},{"floor":25.0,"key":"PokeGo"},{"floor":26.0,"key":"Smiling Mask"},{"floor":27.0,"key":"hubris:Spice"},{"floor":28.0,"key":"BelialBook"},{"floor":29.0,"key":"Blood Vial"},{"floor":30.0,"key":"conspire:Boomerang"},{"floor":31.0,"key":"Mirror"},{"floor":35.0,"key":"hubris:ToyBattleship"},{"floor":37.0,"key":"hubris:Spice"},{"floor":38.0,"key":"hubris:Spice"},{"floor":39.0,"key":"hubris:Spice"},{"floor":40.0,"key":"GuppysTail"},{"floor":40.0,"key":"hubris:Spice"},{"floor":42.0,"key":"hubris:Spice"},{"floor":42.0,"key":"hubris:Spice"},{"floor":43.0,"key":"hubris:Spice"},{"floor":44.0,"key":"Golden Egg"},{"floor":44.0,"key":"ReplayTheSpireMod:TigerMarble"},{"floor":46,"key":"Bird Faced Urn"},{"floor":46,"key":"Dota2Spire:Dagon"},{"floor":47,"key":"Dota2Spire:ShadowBlade"},{"floor":47,"key":"Meat on the Bone"}],"event_choices":[],"is_beta":true,"boss_relics":[{"not_picked":["Painkiller Herb","hubris:Stopwatch"],"picked":"Tiny House"},{"not_picked":[]},{"not_picked":["hubris:Spice","hubris:Spice"],"picked":"Black Star"},{"not_picked":[]}],"items_purged_floors":[45],"is_endless":false,"potions_floor_spawned":[5,6,8,12,13,14,16,18,23,25,27,28,30,33,35,38,44],"ascension_level":20}}