{"host":"rmsq46plbpwfbxcc","time":1612782732,"event":{"mods":["AchievementEnabler","BaseMod","Colored Map","Colored Powertips","DeckTracker","KOR Keyword Fix","Minty Spire (QoL Compilation)","Permanent Neow","Quick Restart","SuperFastMode"],"gold_per_floor":[109,59,59,79,97,97,131,131,131,131,22,36,61,72,72,146,146,156,167,167,180,180,180],"floor_reached":22,"language":"KOR","playtime":677,"items_purged":["Defend_G"],"score":333,"play_id":"1aa774a5-68ba-483e-849a-21a47de170b3","local_time":"20210208201212","is_ascension_mode":true,"campfire_choices":[{"data":"Terror","floor":6,"key":"SMITH"},{"data":"Neutralize","floor":8,"key":"SMITH"},{"data":"Tactician","floor":10,"key":"SMITH"},{"data":"Choke","floor":15,"key":"SMITH"}],"circlet_count":0,"master_deck":["AscendersBane","Strike_G","Defend_G","Survivor","Neutralize+1","Backstab+1","Accuracy+1","Underhanded Strike+1","Terror+1","Acrobatics","Tactician+1","Escape Plan","Choke+1","PiercingWail","Burst","Blur","Blade Dance"],"relics":["Astrolabe","Question Card","Akabeko","Ancient Tea Set","Empty Cage","Art of War"],"acts_visited":["Exordium","TheCity"],"potions_floor_usage":[12,19,21],"damage_taken":[{"damage":2,"enemies":"2 Louse","floor":1,"turns":2},{"damage":9,"enemies":"Jaw Worm","floor":4,"turns":2},{"damage":0,"enemies":"Cultist","floor":5,"turns":3},{"damage":12,"enemies":"3 Sentries","floor":7,"turns":10},{"damage":11,"enemies":"Exordium Wildlife","floor":12,"turns":4},{"damage":5,"enemies":"Gremlin Nob","floor":13,"turns":3},{"damage":0,"enemies":"3 Louse","floor":14,"turns":2},{"damage":6,"enemies":"Hexaghost","floor":16,"turns":9},{"damage":0,"enemies":"2 Thieves","floor":18,"turns":3},{"damage":0,"enemies":"Shell Parasite","floor":19,"turns":4},{"damage":28,"enemies":"Sentry and Sphere","floor":21,"turns":7},{"damage":36,"enemies":"Shelled Parasite and Fungi","floor":22,"turns":4}],"seed_played":"2003737456200765487","potions_obtained":[{"floor":1,"key":"Swift Potion"},{"floor":4,"key":"GamblersBrew"},{"floor":7,"key":"Energy Potion"},{"floor":13,"key":"DistilledChaos"},{"floor":16,"key":"Block Potion"},{"floor":18,"key":"GhostInAJar"}],"is_trial":false,"path_per_floor":["M","?","?","M","M","R","E","R","T","R","$","M","E","M","R","B",null,"M","M","?","M","M"],"character_chosen":"THE_SILENT","items_purchased":["Escape Plan"],"campfire_rested":0,"item_purchase_floors":[11],"current_hp_per_floor":[57,57,57,48,48,48,36,36,36,36,36,25,20,20,20,14,53,53,53,53,25,0,0],"gold":180,"neow_bonus":"BOSS_RELIC","is_daily":false,"chose_seed":false,"campfire_upgraded":4,"win_rate":0.0,"timestamp":1612782732,"path_taken":["M","?","?","M","M","R","E","R","T","R","$","M","E","M","R","BOSS","M","?","?","M","M"],"items_purchased_type":["Card"],"build_version":"2020-12-22","purchased_purges":1,"victory":false,"max_hp_per_floor":[66,66,66,66,66,66,66,66,66,66,66,66,66,66,66,66,66,66,66,66,66,66,66],"card_choices":[{"not_picked":["Riddle With Holes","Dagger Throw"],"picked":"Terror","floor":1},{"not_picked":["Leg Sweep","Masterful Stab","Deflect"],"picked":"SKIP","floor":4},{"not_picked":["Dagger Spray","Bane"],"picked":"Acrobatics","floor":5},{"not_picked":["Sucker Punch","Eviscerate"],"picked":"Tactician","floor":7},{"not_picked":["Bane","Dagger Throw","All Out Attack","Concentrate"],"picked":"SKIP","floor":12},{"not_picked":["Skewer","Endless Agony","Caltrops"],"picked":"Choke","floor":13},{"not_picked":["Slice","Backstab","Eviscerate"],"picked":"PiercingWail","floor":14},{"not_picked":["Wraith Form v2","Envenom","Malaise"],"picked":"Burst","floor":16},{"not_picked":["Sucker Punch","Slice","Quick Slash","Dodge and Roll"],"picked":"SKIP","floor":18},{"not_picked":["Dodge and Roll","PiercingWail","Outmaneuver"],"picked":"Blur","floor":19},{"not_picked":["Tactician","Underhanded Strike","Slice"],"picked":"Blade Dance","floor":21}],"player_experience":670201,"relics_obtained":[{"floor":7,"key":"Question Card"},{"floor":9,"key":"Akabeko"},{"floor":13,"key":"Ancient Tea Set"}],"event_choices":[{"cards_removed":["Defend_G"],"damage_healed":0,"gold_gain":0,"player_choice":"Card Removal","damage_taken":0,"max_hp_gain":0,"max_hp_loss":0,"event_name":"The Cleric","floor":2,"gold_loss":50},{"cards_removed":["Strike_G"],"damage_healed":0,"gold_gain":0,"player_choice":"Purged","damage_taken":0,"max_hp_gain":0,"max_hp_loss":0,"event_name":"Purifier","floor":3,"gold_loss":0},{"damage_healed":0,"gold_gain":0,"player_choice":"Opened","damage_taken":0,"relics_obtained":["Art of War"],"max_hp_gain":0,"max_hp_loss":0,"event_name":"The Mausoleum","floor":20,"gold_loss":0}],"is_beta":false,"boss_relics":[{"not_picked":["SlaversCollar","Pandora\u0027s Box"],"picked":"Empty Cage"}],"items_purged_floors":[11],"is_endless":false,"potions_floor_spawned":[1,4,7,13,16,18],"killed_by":"Shelled Parasite and Fungi","ascension_level":14}}