{"host":"soyfmymeou4emntr","time":1612756903,"event":{"mods":["BaseMod","Minty Spire (QoL Compilation)","Permanent Neow","Relic Sorter","Relic Stats","StSLib"],"gold_per_floor":[113,124,144,144,156,183,183,211,283,283,283],"floor_reached":10,"language":"ENG","playtime":1074,"items_purged":[],"score":156,"play_id":"3cbe6df5-264a-445b-882e-8e1d190a5ec0","local_time":"20210207210143","is_ascension_mode":true,"campfire_choices":[{"floor":7,"key":"REST"}],"circlet_count":0,"master_deck":["AscendersBane","Strike_G","Strike_G","Strike_G","Strike_G","Strike_G","Defend_G","Defend_G","Defend_G","Defend_G","Defend_G","Survivor","Neutralize","Finesse","Dagger Throw","Leg Sweep","Flying Knee+1","Well Laid Plans","Corpse Explosion","All Out Attack"],"relics":["Ring of the Snake","Question Card","Calipers","Molten Egg 2"],"acts_visited":["Exordium"],"potions_floor_usage":[6,6,6,6,6,8],"damage_taken":[{"damage":1.0,"enemies":"Cultist","floor":1.0,"turns":4.0},{"damage":1.0,"enemies":"Small Slimes","floor":2.0,"turns":4.0},{"damage":0.0,"enemies":"Jaw Worm","floor":3.0,"turns":5.0},{"damage":0,"enemies":"2 Fungi Beasts","floor":5,"turns":3},{"damage":16,"enemies":"3 Sentries","floor":6,"turns":10},{"damage":58,"enemies":"Gremlin Nob","floor":8,"turns":5},{"damage":4,"enemies":"3 Sentries","floor":10,"turns":2}],"seed_played":"-9014776330065163540","potions_obtained":[{"floor":1.0,"key":"EntropicBrew"},{"floor":3.0,"key":"SkillPotion"},{"floor":5,"key":"LiquidMemories"}],"is_trial":false,"path_per_floor":["M","M","M","?","M","E","R","E","T","E"],"character_chosen":"THE_SILENT","items_purchased":[],"campfire_rested":1,"item_purchase_floors":[],"current_hp_per_floor":[58,57,57,57,57,41,60,2,2,0,0],"gold":283,"neow_bonus":"RANDOM_COLORLESS","is_daily":false,"chose_seed":false,"campfire_upgraded":0,"win_rate":0.0,"timestamp":1612756903,"path_taken":["M","M","?","?","M","E","R","E","T","E"],"items_purchased_type":[],"build_version":"2020-12-22","purchased_purges":0,"victory":false,"max_hp_per_floor":[66,66,66,66,66,66,66,66,66,66,66],"relic_stats":{"counters":[7,33],"Question Card":1,"obtain_stats":[{"Calipers":8,"Molten Egg 2":9,"Question Card":6,"Ring of the Snake":0},{"Calipers":6,"Molten Egg 2":6,"Question Card":5,"Ring of the Snake":0},{"Calipers":31,"Molten Egg 2":31,"Question Card":26,"Ring of the Snake":0}],"Ring of the Snake":[14]},"card_choices":[{"not_picked":["Impatience","Good Instincts"],"picked":"Finesse","floor":0.0},{"not_picked":["Finisher","Deflect"],"picked":"Dagger Throw","floor":1.0},{"not_picked":["Bane","Sucker Punch"],"picked":"Leg Sweep","floor":2.0},{"not_picked":["Bane","Finisher"],"picked":"Flying Knee","floor":3.0},{"not_picked":["PiercingWail","Cloak And Dagger"],"picked":"Well Laid Plans","floor":5},{"not_picked":["Riddle With Holes","Escape Plan"],"picked":"Corpse Explosion","floor":6},{"not_picked":["Well Laid Plans","Distraction","Flying Knee"],"picked":"All Out Attack","floor":8}],"player_experience":3121309,"relics_obtained":[{"floor":6,"key":"Question Card"},{"floor":8,"key":"Calipers"},{"floor":9,"key":"Molten Egg 2"}],"event_choices":[{"damage_healed":0.0,"max_hp_gain":0.0,"max_hp_loss":0.0,"gold_gain":0.0,"event_name":"Living Wall","player_choice":"Grow","floor":4.0,"gold_loss":0.0,"damage_taken":0.0,"cards_upgraded":["Flying Knee"]}],"is_beta":false,"boss_relics":[],"items_purged_floors":[],"is_endless":false,"potions_floor_spawned":[1,3,5],"killed_by":"3 Sentries","ascension_level":20}}