{"host":"2j7k79oxv8es4yqd","time":1612765507,"event":{"mods":["BaseMod","Minty Spire (QoL Compilation)","Permanent Neow","StSLib"],"gold_per_floor":[110,129,145,162,162,162,189,189,213,228,240,240,274,300,300,398,448,469,394,408,442,451,451,467,491,542,542,542,542],"floor_reached":28,"language":"ZHS","playtime":1531,"items_purged":[],"score":257,"play_id":"9da15969-4f65-48d7-b952-3249ba8a89c5","local_time":"20210208142507","is_ascension_mode":false,"campfire_choices":[{"data":"Dagger Spray","floor":6.0,"key":"SMITH"},{"data":"Neutralize","floor":8.0,"key":"SMITH"},{"data":"Reflex","floor":15.0,"key":"SMITH"},{"floor":23,"key":"RECALL"}],"circlet_count":0,"master_deck":["Strike_G+1","Strike_G","Strike_G","Strike_G","Defend_G","Defend_G","Defend_G","Defend_G+1","Survivor","Neutralize+1","Blur","Backflip","Dagger Spray+1","Eviscerate+1","Noxious Fumes","Reflex+1","Quick Slash","Accuracy","Blur"],"relics":["HoveringKite","Lantern","Strawberry","Ancient Tea Set","CeramicFish","Tiny House","Red Mask","Whetstone","Mummified Hand"],"acts_visited":["Exordium","TheCity"],"potions_floor_usage":[17,18,21,24,25],"damage_taken":[{"damage":0.0,"enemies":"Cultist","floor":1.0,"turns":5.0},{"damage":0.0,"enemies":"Jaw Worm","floor":2.0,"turns":8.0},{"damage":0.0,"enemies":"2 Louse","floor":3.0,"turns":6.0},{"damage":2.0,"enemies":"2 Fungi Beasts","floor":4.0,"turns":6.0},{"damage":9.0,"enemies":"Lagavulin","floor":7.0,"turns":9.0},{"damage":3.0,"enemies":"Lots of Slimes","floor":10.0,"turns":3.0},{"damage":2.0,"enemies":"Exordium Wildlife","floor":11.0,"turns":5.0},{"damage":9.0,"enemies":"3 Sentries","floor":13.0,"turns":9.0},{"damage":0.0,"enemies":"Large Slime","floor":14.0,"turns":6.0},{"damage":10.0,"enemies":"The Guardian","floor":16.0,"turns":16.0},{"damage":5,"enemies":"3 Byrds","floor":18,"turns":6},{"damage":5,"enemies":"Chosen","floor":20,"turns":6},{"damage":34,"enemies":"Masked Bandits","floor":21,"turns":5},{"damage":6,"enemies":"Snake Plant","floor":24,"turns":6},{"damage":29,"enemies":"Snecko","floor":25,"turns":8},{"damage":17,"enemies":"Cultist and Chosen","floor":28,"turns":6}],"seed_played":"4887622667348366700","potions_obtained":[{"floor":3.0,"key":"FearPotion"},{"floor":4.0,"key":"SkillPotion"},{"floor":10.0,"key":"Fruit Juice"},{"floor":14.0,"key":"Swift Potion"},{"floor":16.0,"key":"LiquidMemories"},{"floor":17,"key":"Fruit Juice"},{"floor":18,"key":"LiquidMemories"},{"floor":24,"key":"Strength Potion"}],"is_trial":false,"path_per_floor":["M","M","M","M","?","R","E","R","T","M","M","?","E","M","R","B",null,"M","?","M","?","?","R","M","M","T","T","M"],"character_chosen":"THE_SILENT","items_purchased":[],"campfire_rested":0,"item_purchase_floors":[],"current_hp_per_floor":[70,70,70,68,61,61,59,59,59,56,54,54,45,45,45,35,87,87,87,82,48,48,48,42,13,13,13,0,0],"gold":542,"neow_bonus":"BOSS_RELIC","is_daily":false,"chose_seed":false,"campfire_upgraded":3,"win_rate":0.0,"timestamp":1612765507,"path_taken":["M","M","?","M","?","R","E","R","T","M","M","?","E","M","R","BOSS","M","?","M","?","?","R","M","?","T","?","M"],"items_purchased_type":[],"build_version":"2020-12-22","purchased_purges":0,"victory":false,"max_hp_per_floor":[70,70,70,70,70,70,77,77,77,77,77,77,77,77,77,77,87,92,92,92,92,92,92,92,92,92,92,92,92],"card_choices":[{"not_picked":["Blade Dance","Bane"],"picked":"Blur","floor":1.0},{"not_picked":["Prepared","Terror"],"picked":"Backflip","floor":2.0},{"not_picked":["Outmaneuver","Endless Agony","Expertise"],"picked":"SKIP","floor":3.0},{"not_picked":["Prepared","Well Laid Plans"],"picked":"Dagger Spray","floor":4.0},{"not_picked":["Bane","Catalyst"],"picked":"Eviscerate","floor":7.0},{"not_picked":["Bouncing Flask","Sucker Punch","Deflect"],"picked":"SKIP","floor":10.0},{"not_picked":["Heel Hook","Caltrops","Backflip"],"picked":"SKIP","floor":11.0},{"not_picked":["Blade Dance","Sucker Punch"],"picked":"Noxious Fumes","floor":13.0},{"not_picked":["Poisoned Stab","Glass Knife"],"picked":"Reflex","floor":14.0},{"not_picked":["Predator","Backflip"],"picked":"Quick Slash","floor":18},{"not_picked":["Caltrops","Deadly Poison","Quick Slash"],"picked":"SKIP","floor":20},{"not_picked":["Prepared","Night Terror","Deflect"],"picked":"SKIP","floor":24},{"not_picked":["Bane","Dodge and Roll"],"picked":"Blur","floor":25}],"player_experience":527543,"relics_obtained":[{"floor":7.0,"key":"Strawberry"},{"floor":9.0,"key":"Ancient Tea Set"},{"floor":13.0,"key":"CeramicFish"},{"floor":21,"key":"Red Mask"},{"floor":26,"key":"Whetstone"},{"floor":27,"key":"Mummified Hand"}],"event_choices":[{"damage_healed":0.0,"max_hp_gain":0.0,"max_hp_loss":0.0,"gold_gain":0.0,"event_name":"Scrap Ooze","player_choice":"Success","floor":5.0,"gold_loss":0.0,"damage_taken":7.0,"relics_obtained":["Lantern"]},{"cards_removed":["Defend_G"],"damage_healed":0.0,"max_hp_gain":0.0,"max_hp_loss":0.0,"gold_gain":0.0,"event_name":"Living Wall","player_choice":"Forget","floor":12.0,"gold_loss":0.0,"damage_taken":0.0},{"cards_removed":["Strike_G"],"damage_healed":0,"gold_gain":0,"player_choice":"Gave Gold","damage_taken":0,"max_hp_gain":0,"max_hp_loss":0,"event_name":"Beggar","floor":19,"gold_loss":75},{"damage_healed":0,"gold_gain":0,"player_choice":"Fought Bandits","damage_taken":0,"max_hp_gain":0,"max_hp_loss":0,"event_name":"Masked Bandits","floor":21,"gold_loss":0},{"damage_healed":0,"gold_gain":0,"player_choice":"1 cards matched","damage_taken":0,"max_hp_gain":0,"max_hp_loss":0,"event_name":"Match and Keep!","floor":22,"gold_loss":0,"cards_obtained":["Accuracy"]}],"is_beta":false,"boss_relics":[{"not_picked":["Philosopher\u0027s Stone","Busted Crown"],"picked":"Tiny House"}],"items_purged_floors":[],"is_endless":false,"potions_floor_spawned":[3,4,10,14,16,18,24],"killed_by":"Cultist and Chosen","ascension_level":0}}