{"host":"l2dnabsh5e0fsksb","time":1612759616,"event":{"mods":["2.2 Compatiblity","BaseMod","Downfall","Minty Spire (QoL Compilation)","Quick Restart","StSLib"],"gold_per_floor":[99,113,128,228,228,678,705,732,745,40,40,25,40,54,72,172,172,72,92,102,102,117,117,141,41,76,94,30,30,30,50,70,70,70,70],"floor_reached":33,"language":"ENG","playtime":1405,"items_purged":["downfall:Icky"],"score":282,"play_id":"2165f52d-8beb-44ce-8d3e-5e1459ba8671","local_time":"20210208151656","is_ascension_mode":true,"campfire_choices":[{"floor":1.0,"key":"RECALL"},{"data":"sneckomod:UnknownRarePower","floor":18.0,"key":"SMITH"},{"floor":25.0,"key":"REST"},{"floor":30,"key":"REST"}],"circlet_count":0,"master_deck":["sneckomod:Strike","sneckomod:Strike","sneckomod:Defend","sneckomod:Defend","sneckomod:TailWhip","sneckomod:SnekBite","sneckomod:Unknown","sneckomod:SoulExchange","sneckomod:UnknownWeak","Double Tap","sneckomod:DiceCrush+1","downfall:Icky","downfall:Icky","sneckomod:UnknownExhaust","sneckomod:UnknownUncommonPower","sneckomod:Unknown0Cost","sneckomod:DiceBoulder+1","sneckomod:Nope","sneckomod:RainOfDice","sneckomod:Unknown0Cost","sneckomod:UnknownRarePower+1","sneckomod:SlitherStrike+1","sneckomod:UnknownCommonAttack+1","sneckomod:IronFang","sneckomod:DiceCrush","sneckomod:UnknownBlock","sneckomod:Unknown1Cost","sneckomod:MorePower","sneckomod:UnknownWeak+1","sneckomod:SerpentIdol+1","sneckomod:UnknownCommonSkill+1","sneckomod:UnknownBlock+1","sneckomod:UnknownBlock+1","sneckomod:SoulRoll"],"relics":["sneckomod:SneckoSoul","MealTicket","Akabeko","hexamod:BolsterEngine","Medical Kit","Ice Cream","Black Star","downfall:HeartBlessingBlue","Boot","downfall:HeartBlessingRed","HornCleat","Whetstone"],"acts_visited":["Exordium","TheCity"],"potions_floor_usage":[26,32,33],"damage_taken":[{"damage":0.0,"enemies":"2 Louse","floor":2.0,"turns":2.0},{"damage":0.0,"enemies":"Small Slimes","floor":3.0,"turns":4.0},{"damage":47.0,"enemies":"3 Sentries","floor":8.0,"turns":9.0},{"damage":8.0,"enemies":"Jaw Worm","floor":9.0,"turns":2.0},{"damage":10.0,"enemies":"downfall:FleeingMerchant","floor":10.0,"turns":4.0},{"damage":5.0,"enemies":"downfall:FleeingMerchant","floor":12.0,"turns":4.0},{"damage":7.0,"enemies":"3 Louse","floor":13.0,"turns":4.0},{"damage":9.0,"enemies":"Lots of Slimes","floor":14.0,"turns":4.0},{"damage":0.0,"enemies":"2 Fungi Beasts","floor":15.0,"turns":2.0},{"damage":7.0,"enemies":"SI_SHIV_ARCHETYPE","floor":16.0,"turns":5.0},{"damage":0.0,"enemies":"3 Byrds","floor":19.0,"turns":4.0},{"damage":32.0,"enemies":"Snecko","floor":20.0,"turns":5.0},{"damage":14.0,"enemies":"3 Cultists","floor":22.0,"turns":5.0},{"damage":34,"enemies":"Slavers","floor":26,"turns":6},{"damage":14,"enemies":"Cultist and Chosen","floor":27,"turns":5},{"damage":3,"enemies":"downfall:FleeingMerchant","floor":28,"turns":4},{"damage":26,"enemies":"Snake Plant","floor":31,"turns":5},{"damage":13,"enemies":"Shelled Parasite and Fungi","floor":32,"turns":5},{"damage":48,"enemies":"DF_ARCHETYPE_CLAW","floor":33,"turns":4}],"seed_played":"-7879407155638511027","potions_obtained":[{"floor":2.0,"key":"PowerPotion"},{"floor":3.0,"key":"Explosive Potion"},{"floor":9.0,"key":"ColorlessPotion"},{"floor":16.0,"key":"ColorlessPotion"},{"floor":19.0,"key":"Explosive Potion"},{"floor":20.0,"key":"sneckomod:OffclassReductionPotion"},{"floor":26,"key":"ColorlessPotion"},{"floor":32,"key":"Strength Potion"}],"is_trial":false,"path_per_floor":["R","M","M","?","?","?","T","E","M","$","?","$","M","M","M","B",null,"R","M","M","?","M","?","T","R","E","M","$","?","R","M","M","B"],"character_chosen":"THE_SNECKO","items_purchased":["hexamod:BolsterEngine","Medical Kit","Ice Cream","Block Potion"],"campfire_rested":2,"item_purchase_floors":[10,10,10,28],"current_hp_per_floor":[90,90,90,90,78,78,78,31,23,32,62,72,65,56,56,49,90,100,100,73,73,59,59,59,89,55,41,53,53,83,57,44,0,0,0],"gold":70,"neow_bonus":"ONE_RANDOM_RARE_CARD","is_daily":false,"chose_seed":false,"campfire_upgraded":1,"win_rate":0.0,"timestamp":1612759616,"path_taken":["R","M","M","?","?","?","T","E","M","$","?","$","M","M","M","BOSS","R","M","M","?","M","?","T","R","E","M","$","?","R","?","M","BOSS"],"items_purchased_type":["Relic","Relic","Relic","Potion"],"build_version":"2020-12-22","purchased_purges":1,"victory":false,"max_hp_per_floor":[90,90,90,90,90,90,90,90,90,90,90,90,90,90,90,90,90,100,100,100,100,100,100,100,100,100,100,100,100,100,100,100,100,100,100],"card_choices":[{"not_picked":["sneckomod:SerpentIdol","sneckomod:Unknown1Cost"],"picked":"sneckomod:UnknownWeak","floor":2.0},{"not_picked":["sneckomod:SerpentIdol","sneckomod:UnknownDraw"],"picked":"sneckomod:DiceCrush","floor":3.0},{"not_picked":["sneckomod:DiceBlock","sneckomod:UnknownBlock"],"picked":"sneckomod:UnknownExhaust","floor":8.0},{"not_picked":["sneckomod:UnknownDexterity","sneckomod:SnekBeam"],"picked":"sneckomod:UnknownUncommonPower","floor":9.0},{"not_picked":["sneckomod:SoulExchange","sneckomod:UnknownStrike"],"picked":"sneckomod:Unknown0Cost","floor":10.0},{"not_picked":["sneckomod:UnknownCommonSkill","sneckomod:UnknownDraw"],"picked":"sneckomod:DiceBoulder","floor":12.0},{"not_picked":["sneckomod:UnendingSupply","sneckomod:UnknownDraw"],"picked":"sneckomod:Nope","floor":13.0},{"not_picked":["sneckomod:ImprovisedGuard","sneckomod:SoulCleanse"],"picked":"sneckomod:RainOfDice","floor":14.0},{"not_picked":["sneckomod:QuickBite","sneckomod:UnknownStrike"],"picked":"sneckomod:Unknown0Cost","floor":15.0},{"not_picked":["sneckomod:UnknownRareSkill","sneckomod:UnknownRareAttack"],"picked":"sneckomod:UnknownRarePower","floor":16.0},{"not_picked":["sneckomod:UnknownBlock","sneckomod:UnknownClassRED"],"picked":"sneckomod:SlitherStrike+1","floor":19.0},{"not_picked":["sneckomod:QuickBite","sneckomod:IronFang"],"picked":"sneckomod:UnknownCommonAttack+1","floor":20.0},{"not_picked":["sneckomod:UnknownVulnerable","sneckomod:UnknownClassSLIMEBOUND"],"picked":"sneckomod:DiceCrush","floor":22.0},{"not_picked":["sneckomod:QuickBite","sneckomod:DiceCrush"],"picked":"sneckomod:MorePower","floor":26},{"not_picked":["sneckomod:UnknownColorless+1","sneckomod:UnknownClassGUARDIAN+1"],"picked":"sneckomod:UnknownWeak+1","floor":27},{"not_picked":["sneckomod:RainOfDice","sneckomod:UnknownStrength"],"picked":"sneckomod:SerpentIdol+1","floor":27},{"not_picked":["sneckomod:UnknownUncommonAttack+1","sneckomod:UnknownUncommonPower+1"],"picked":"sneckomod:UnknownCommonSkill+1","floor":28},{"not_picked":["sneckomod:UnknownVulnerable+1","sneckomod:SoulCleanse"],"picked":"sneckomod:UnknownBlock+1","floor":28},{"not_picked":["sneckomod:UnknownClassRED+1","sneckomod:UnknownWeak+1"],"picked":"sneckomod:UnknownBlock+1","floor":31},{"not_picked":["sneckomod:SnakeSap","sneckomod:UnknownClassGUARDIAN"],"picked":"sneckomod:SoulRoll","floor":31},{"not_picked":["sneckomod:SlitherStrike","sneckomod:DiceBlock+1","sneckomod:Rotation+1"],"picked":"SKIP","floor":32}],"player_experience":1918160,"relics_obtained":[{"floor":8.0,"key":"Akabeko"},{"floor":24.0,"key":"Boot"},{"floor":26,"key":"HornCleat"},{"floor":26,"key":"Whetstone"}],"event_choices":[{"damage_healed":0.0,"max_hp_gain":0.0,"max_hp_loss":0.0,"gold_gain":0.0,"event_name":"Scrap Ooze","player_choice":"Success","floor":5.0,"gold_loss":0.0,"damage_taken":12.0,"relics_obtained":["MealTicket"]},{"damage_healed":30.0,"max_hp_gain":0.0,"max_hp_loss":0.0,"gold_gain":0.0,"event_name":"Big Fish","player_choice":"Banana","floor":11.0,"gold_loss":0.0,"damage_taken":0.0},{"damage_healed":0.0,"max_hp_gain":0.0,"max_hp_loss":0.0,"gold_gain":0.0,"event_name":"The Library","player_choice":"Read","floor":21.0,"gold_loss":0.0,"damage_taken":0.0,"cards_obtained":["sneckomod:IronFang"]},{"damage_healed":0.0,"max_hp_gain":0.0,"max_hp_loss":0.0,"gold_gain":0.0,"cards_transformed":["sneckomod:Strike","sneckomod:Defend"],"event_name":"Drug Dealer","player_choice":"Became Test Subject","floor":23.0,"gold_loss":0.0,"damage_taken":0.0,"cards_obtained":["sneckomod:UnknownBlock","sneckomod:Unknown1Cost"]}],"is_beta":false,"boss_relics":[{"not_picked":["Pandora\u0027s Box","Busted Crown"],"picked":"Black Star"}],"items_purged_floors":[10],"is_endless":false,"potions_floor_spawned":[2,3,9,16,19,20,26,32],"killed_by":"DF_ARCHETYPE_CLAW","ascension_level":1}}