{"host":"okvf2hy7r209l3k2","time":1612788063,"event":{"mods":["BaseMod","Block Reminder","Colored Map","Colored Powertips","Downfall","Hermit","Highlight Path","Minty Spire (QoL Compilation)","Permanent Neow","Quick Restart","StSLib","The Cursed","The Hierophant"],"gold_per_floor":[103,95,42,42,47,47,47,59,59,20,40,57,57,12,12,110,110,117,42,18,0,0,0,16,20,20,20,37,37,51,82,82,177,177,193,210,206,206,206,206,216,116,116,113,146,146,162,0,0,0,0],"floor_reached":50,"language":"ENG","playtime":4445,"items_purged":["hierophant:Strike_Hierophant","hierophant:Strike_Hierophant"],"score":473,"play_id":"71cab4f8-9faa-4412-a218-d40747dcb165","local_time":"20210208034103","is_ascension_mode":false,"campfire_choices":[{"data":"hierophant:ArchangelShield","floor":7,"key":"SMITH"},{"data":"hierophant:PristineSoul","floor":13,"key":"SMITH"},{"floor":15,"key":"REST"},{"data":"hierophant:ChurchCoffers","floor":23,"key":"SMITH"},{"data":"hierophant:Flagellation","floor":27,"key":"SMITH"},{"data":"hierophant:Endure","floor":29,"key":"SMITH"},{"floor":32,"key":"REST"},{"floor":40,"key":"REST"},{"floor":46,"key":"REST"},{"floor":49,"key":"REST"}],"circlet_count":0,"master_deck":["hierophant:Punish","hierophant:Defend_Hierophant","hierophant:Defend_Hierophant","hierophant:Defend_Hierophant","hierophant:ChurchCoffers+1","hierophant:Kindle","hierophant:ArchangelShield+1","hierophant:Zeal","hierophant:FlamingChariot","hierophant:Sermon","hierophant:HammerAndAnvil","hierophant:HammerAndAnvil","hierophant:Purify","hierophant:ThreeLashes","hierophant:PristineSoul+1","hierophant:Endure+1","hierophant:Shelter","hierophant:Batter","hierophant:HolyVerse","hierophant:FieryStrike","hierophant:Flagellation+1","hierophant:Chorus+1","hierophant:Smite+1","hierophant:Prophecy+1","hierophant:DivineIntervention+1","hierophant:Smite+1","hierophant:Flagellation+1","hierophant:Endure+1"],"relics":["hierophant:PropheticMaskRelic","Pear","Sundial","Sozu","Pantograph","Toxic Egg 2","Busted Crown","Bottled Lightning","Happy Flower","Red Mask"],"acts_visited":["Exordium","TheCity","TheBeyond"],"potions_floor_usage":[8,16,37,50],"damage_taken":[{"damage":0,"enemies":"Small Slimes","floor":1,"turns":3},{"damage":1,"enemies":"Cultist","floor":2,"turns":4},{"damage":4,"enemies":"2 Louse","floor":5,"turns":2},{"damage":3,"enemies":"Red Slaver","floor":6,"turns":3},{"damage":6,"enemies":"Exordium Wildlife","floor":8,"turns":3},{"damage":5,"enemies":"Looter","floor":10,"turns":3},{"damage":0,"enemies":"Gremlin Nob","floor":11,"turns":3},{"damage":15,"enemies":"Exordium Thugs","floor":12,"turns":5},{"damage":22,"enemies":"Slime Boss","floor":16,"turns":9},{"damage":0,"enemies":"Chosen","floor":18,"turns":3},{"damage":13,"enemies":"2 Thieves","floor":20,"turns":3},{"damage":17,"enemies":"Chosen and Byrds","floor":24,"turns":4},{"damage":0,"enemies":"3 Cultists","floor":25,"turns":3},{"damage":10,"enemies":"Shelled Parasite and Fungi","floor":28,"turns":3},{"damage":9,"enemies":"Chosen and Byrds","floor":30,"turns":3},{"damage":17,"enemies":"Book of Stabbing","floor":31,"turns":4},{"damage":42,"enemies":"Champ","floor":33,"turns":8},{"damage":24,"enemies":"3 Darklings","floor":35,"turns":4},{"damage":5,"enemies":"Orb Walker","floor":36,"turns":2},{"damage":50,"enemies":"Maw","floor":37,"turns":8},{"damage":20,"enemies":"4 Shapes","floor":41,"turns":3},{"damage":0,"enemies":"Writhing Mass","floor":44,"turns":3},{"damage":0,"enemies":"Reptomancer","floor":45,"turns":3},{"damage":0,"enemies":"Jaw Worm Horde","floor":47,"turns":1},{"damage":82,"enemies":"Time Eater","floor":50,"turns":9}],"seed_played":"-198533666317796800","potions_obtained":[{"floor":2,"key":"Explosive Potion"},{"floor":5,"key":"Weak Potion"},{"floor":8,"key":"DistilledChaos"},{"floor":11,"key":"sneckomod:MuddlingPotion"}],"is_trial":false,"path_per_floor":["M","M","$","?","M","M","R","M","T","M","E","M","R","$","R","B",null,"M","$","M","?","?","R","M","M","T","R","M","R","M","E","R","B",null,"M","M","M","?","?","R","M","$","T","M","E","R","M","?","R","B"],"character_chosen":"HIEROPHANT","items_purchased":["hierophant:Sermon","hierophant:Shelter"],"campfire_rested":5,"item_purchase_floors":[3,14],"current_hp_per_floor":[54,53,53,53,49,46,46,40,50,45,45,30,30,30,55,33,85,85,85,72,72,72,72,55,55,55,55,45,45,36,19,44,27,85,61,56,6,6,6,30,10,10,10,10,10,34,34,34,58,0,0],"gold":0,"neow_bonus":"TRANSFORM_TWO_CARDS","is_daily":false,"chose_seed":false,"campfire_upgraded":5,"win_rate":0.0,"timestamp":1612788063,"path_taken":["M","M","$","?","M","M","R","M","T","M","E","?","R","$","R","BOSS","M","$","M","?","?","R","M","M","T","R","M","R","M","E","R","BOSS","M","M","M","?","?","R","?","$","T","M","E","R","M","?","R","BOSS"],"items_purchased_type":["Card","Card"],"build_version":"2020-12-22","purchased_purges":2,"victory":false,"max_hp_per_floor":[75,75,75,75,75,75,75,75,85,85,85,85,85,85,85,85,85,85,85,85,85,85,85,85,85,85,85,85,85,85,85,85,85,85,85,85,85,81,81,81,81,81,81,81,81,81,81,81,81,81,81],"card_choices":[{"not_picked":["hierophant:Doubloon","hierophant:HammerAndAnvil"],"picked":"hierophant:Zeal","floor":1},{"not_picked":["hierophant:Rebuild","hierophant:RepressedViolence"],"picked":"hierophant:FlamingChariot","floor":2},{"not_picked":["hierophant:OrnateBuckler","hierophant:RepressedViolence"],"picked":"hierophant:HammerAndAnvil","floor":5},{"not_picked":["hierophant:LocustPlague","hierophant:Rebuild"],"picked":"hierophant:HammerAndAnvil","floor":6},{"not_picked":["hierophant:AuricBeam","hierophant:Refuge"],"picked":"hierophant:Purify","floor":8},{"not_picked":["hierophant:Shelter","hierophant:Sermon"],"picked":"hierophant:ThreeLashes","floor":10},{"not_picked":["hierophant:ThreeLashes","hierophant:AuricBeam"],"picked":"hierophant:PristineSoul","floor":11},{"not_picked":["hierophant:Doubloon","hierophant:Embezzle"],"picked":"hierophant:Endure","floor":12},{"not_picked":["hierophant:AuricForm","hierophant:WrathOfGod"],"picked":"hierophant:Batter","floor":16},{"not_picked":["hierophant:ArchangelShield","hierophant:Embezzle+1"],"picked":"hierophant:HolyVerse","floor":18},{"not_picked":["hierophant:RepressedViolence+1","hierophant:FaithHealing"],"picked":"hierophant:FieryStrike","floor":20},{"not_picked":["hierophant:Doubloon","hierophant:Zeal"],"picked":"hierophant:Flagellation","floor":24},{"not_picked":["hierophant:HolyVerse","hierophant:ThreeLashes"],"picked":"hierophant:Chorus","floor":25},{"not_picked":["hierophant:Empathy+1","hierophant:Upheaval"],"picked":"hierophant:Smite+1","floor":28},{"not_picked":["hierophant:FieryStrike","hierophant:Cornucopia","hierophant:FlamingChariot"],"picked":"SKIP","floor":30},{"not_picked":["hierophant:SealAway","hierophant:Shelter+1"],"picked":"hierophant:Prophecy+1","floor":31},{"not_picked":["hierophant:Levitation+1","hierophant:DeathKnell+1"],"picked":"hierophant:DivineIntervention+1","floor":33},{"not_picked":[],"picked":"hierophant:Smite+1","floor":35},{"not_picked":["hierophant:SolarFlare+1"],"picked":"SKIP","floor":36},{"not_picked":["hierophant:Empathy+1"],"picked":"SKIP","floor":37},{"not_picked":["hierophant:Blessing+1"],"picked":"SKIP","floor":41},{"not_picked":["hierophant:Purify+1"],"picked":"SKIP","floor":44},{"not_picked":[],"picked":"hierophant:Flagellation+1","floor":45},{"not_picked":[],"picked":"hierophant:Endure+1","floor":47}],"player_experience":197119,"relics_obtained":[{"floor":9,"key":"Pear"},{"floor":11,"key":"Sundial"},{"floor":26,"key":"Pantograph"},{"floor":31,"key":"Toxic Egg 2"},{"floor":43,"key":"Bottled Lightning"},{"floor":45,"key":"Happy Flower"}],"event_choices":[{"cards_removed":["hierophant:Strike_Hierophant"],"damage_healed":0,"gold_gain":0,"player_choice":"Purged","damage_taken":0,"max_hp_gain":0,"max_hp_loss":0,"event_name":"Purifier","floor":4,"gold_loss":0},{"damage_healed":0,"gold_gain":0,"player_choice":"Paid Fearfully","damage_taken":0,"max_hp_gain":0,"max_hp_loss":0,"event_name":"Masked Bandits","floor":21,"gold_loss":18},{"damage_healed":0,"gold_gain":0,"player_choice":"Got Potions","damage_taken":0,"max_hp_gain":0,"max_hp_loss":0,"event_name":"Lab","floor":22,"gold_loss":0},{"damage_healed":0,"gold_gain":0,"player_choice":"Max HP","damage_taken":0,"max_hp_gain":0,"max_hp_loss":4,"event_name":"Winding Halls","floor":38,"gold_loss":0},{"damage_healed":0,"gold_gain":0,"player_choice":"Upgraded","damage_taken":0,"max_hp_gain":0,"max_hp_loss":0,"event_name":"Upgrade Shrine","floor":39,"gold_loss":0,"cards_upgraded":["hierophant:Chorus"]},{"damage_healed":0,"gold_gain":0,"player_choice":"Paid","damage_taken":0,"relics_obtained":["Red Mask"],"max_hp_gain":0,"max_hp_loss":0,"event_name":"Tomb of Lord Red Mask","floor":48,"gold_loss":162}],"is_beta":false,"boss_relics":[{"not_picked":["Runic Dome","Astrolabe"],"picked":"Sozu"},{"not_picked":["Runic Pyramid","SacredBark"],"picked":"Busted Crown"}],"items_purged_floors":[19,42],"is_endless":false,"potions_floor_spawned":[2,5,8,11,18,24,28,31,33,35,37,41],"killed_by":"Time Eater","ascension_level":0}}