{"host":"y89x8uui45kcjy42","time":1612791958,"event":{"mods":["2.2 Compatiblity","BaseMod","CapriCore","Colored Map","Colored Powertips","Custom Start","Friendly Minions","Keyboard Shortcuts","Minty Spire (QoL Compilation)","Relic Stats","Slay the Relics Exporter","StSLib","SuperFastMode","Uncapped"],"gold_per_floor":[111,161,179,193,205,205,205,205,232,0,50,50,50,76,76,153,153,173,8,32,32,52,52,52,86,141,171,171,88,122,140,140,214,214,232,257,257,273,2,2,2,2,26,26,26,26,52,71,71,71,71,71,71,109,137,137,137],"floor_reached":56,"language":"KOR","playtime":1299,"items_purged":["Perseverance+1"],"score":2285,"play_id":"120a3c51-694c-409b-a948-10f2801fd89e","local_time":"20210208224558","is_ascension_mode":true,"campfire_choices":[{"data":"CrushJoints","floor":6,"key":"SMITH"},{"data":"Eruption","floor":7,"key":"SMITH"},{"data":"DevaForm","floor":8,"key":"SMITH"},{"data":"Adaptation","floor":12,"key":"SMITH"},{"data":"Wallop","floor":13,"key":"SMITH"},{"data":"Vault","floor":15,"key":"SMITH"},{"data":"WheelKick","floor":23,"key":"SMITH"},{"data":"TalkToTheHand","floor":24,"key":"SMITH"},{"data":"Omniscience","floor":28,"key":"SMITH"},{"data":"MentalFortress","floor":32,"key":"SMITH"},{"data":"Ragnarok","floor":40,"key":"SMITH"},{"data":"FearNoEvil","floor":41,"key":"SMITH"},{"data":"Vigilance","floor":42,"key":"SMITH"},{"floor":44,"key":"RECALL"},{"data":"Tantrum","floor":49,"key":"SMITH"}],"circlet_count":0,"master_deck":["Eruption+1","Vigilance+1","Reprogram+1","DevaForm+1","CrushJoints+1","Adaptation+1","FearNoEvil+1","Wallop+1","Vault+1","Omniscience+1","TalkToTheHand+1","WheelKick+1","MentalFortress+1","Ragnarok+1","Vault+1","Tantrum+1"],"relics":["Coffee Dripper","OrangePellets","Happy Flower","Blood Vial","VioletLotus","TeardropLocket","HandDrill","Potion Belt","WarpedTongs","FossilizedHelix","Bag of Marbles","Red Mask","Art of War","Coffee Dripper","TungstenRod","Mummified Hand","Vajra","Smiling Mask","Strawberry"],"acts_visited":["Exordium","TheCity","TheBeyond","TheEnding"],"potions_floor_usage":[56,56,56,56],"damage_taken":[{"damage":1,"enemies":"2 Louse","floor":1,"turns":3},{"damage":0,"enemies":"Cultist","floor":3,"turns":3},{"damage":0,"enemies":"Small Slimes","floor":4,"turns":2},{"damage":9,"enemies":"2 Fungi Beasts","floor":5,"turns":4},{"damage":0,"enemies":"Lagavulin","floor":14,"turns":4},{"damage":0,"enemies":"Hexaghost","floor":16,"turns":5},{"damage":15,"enemies":"2 Thieves","floor":18,"turns":4},{"damage":21,"enemies":"Shell Parasite","floor":22,"turns":3},{"damage":61,"enemies":"Slavers","floor":25,"turns":7},{"damage":6,"enemies":"Masked Bandits","floor":27,"turns":3},{"damage":7,"enemies":"Book of Stabbing","floor":30,"turns":3},{"damage":6,"enemies":"Snake Plant","floor":31,"turns":3},{"damage":0,"enemies":"Collector","floor":33,"turns":6},{"damage":0,"enemies":"3 Shapes","floor":35,"turns":2},{"damage":0,"enemies":"Mind Bloom Boss Battle","floor":36,"turns":4},{"damage":12,"enemies":"3 Darklings","floor":38,"turns":3},{"damage":0,"enemies":"Reptomancer","floor":47,"turns":2},{"damage":0,"enemies":"Spire Growth","floor":48,"turns":3},{"damage":0,"enemies":"Time Eater","floor":50,"turns":5},{"damage":0,"enemies":"Donu and Deca","floor":51,"turns":6},{"damage":5,"enemies":"Shield and Spear","floor":55,"turns":4},{"damage":74,"enemies":"The Heart","floor":56,"turns":4}],"seed_played":"-3664209688495121965","potions_obtained":[{"floor":5,"key":"BottledMiracle"},{"floor":14,"key":"EssenceOfSteel"},{"floor":16,"key":"EssenceOfSteel"},{"floor":25,"key":"DistilledChaos"},{"floor":31,"key":"Weak Potion"},{"floor":36,"key":"Strength Potion"}],"is_trial":false,"path_per_floor":["M","?","M","M","M","R","R","R","T","$","?","R","R","E","R","B",null,"M","$","T","?","M","R","R","E","T","?","R","$","E","M","R","B",null,"M","?","?","M","$","R","R","R","T","R","?","$","E","M","R","B","B",null,"R","$","E","B"],"character_chosen":"WATCHER","items_purchased":["Happy Flower","Adaptation","FearNoEvil","Wallop","HandDrill","MentalFortress","Mummified Hand","SteroidPotion","Energy Potion"],"campfire_rested":0,"item_purchase_floors":[10,10,10,10,19,29,39,54,54],"current_hp_per_floor":[60,54,54,54,45,45,45,45,45,45,45,45,45,45,45,47,63,50,50,50,50,31,31,31,36,36,32,32,32,27,23,23,25,57,59,61,61,51,51,51,51,51,51,51,51,51,53,55,55,57,59,66,66,66,70,0,0],"gold":137,"neow_bonus":"ONE_RANDOM_RARE_CARD","is_daily":false,"chose_seed":false,"campfire_upgraded":14,"win_rate":0.0,"timestamp":1612791958,"path_taken":["M","?","?","M","M","R","R","R","T","$","?","R","R","E","R","BOSS","M","$","?","?","?","R","R","E","T","?","R","$","E","M","R","BOSS","M","?","?","?","$","R","R","R","T","R","?","?","E","M","R","BOSS","BOSS","R","$","E","BOSS"],"items_purchased_type":["Relic","Card","Card","Card","Relic","Card","Relic","Potion","Potion"],"build_version":"2020-12-22","purchased_purges":1,"victory":false,"max_hp_per_floor":[68,68,68,68,68,68,68,68,68,68,68,68,68,68,68,68,68,68,68,68,68,68,68,68,68,68,68,68,68,68,68,68,68,68,68,68,68,68,68,68,68,68,68,68,68,68,68,68,68,68,68,68,68,68,75,75,75],"relic_stats":{"Blood Vial":34,"OrangePellets":[12],"Happy Flower":[23],"counters":[22,83],"Mummified Hand":[29],"VioletLotus":[20],"HandDrill":[12],"Art of War":[4],"Smiling Mask":25,"obtain_stats":[{"Potion Belt":20,"Happy Flower":10,"Vajra":43,"Omamori":21,"TeardropLocket":17,"Smiling Mask":47,"WarpedTongs":21,"Blood Vial":14,"OrangePellets":10,"Mummified Hand":39,"Strawberry":55,"WingedGreaves":6,"VioletLotus":17,"Coffee Dripper":0,"HandDrill":19,"Bag of Marbles":26,"Red Mask":27,"Art of War":30,"PureWater":0,"FossilizedHelix":25,"TungstenRod":36},{"Potion Belt":7,"Happy Flower":4,"Vajra":16,"Omamori":7,"TeardropLocket":6,"Smiling Mask":17,"WarpedTongs":7,"Blood Vial":5,"OrangePellets":4,"Mummified Hand":16,"Strawberry":21,"WingedGreaves":4,"VioletLotus":6,"Coffee Dripper":0,"HandDrill":7,"Bag of Marbles":9,"Red Mask":10,"Art of War":11,"PureWater":0,"FossilizedHelix":9,"TungstenRod":15},{"Potion Belt":25,"Happy Flower":12,"Vajra":59,"Omamori":25,"TeardropLocket":21,"Smiling Mask":61,"WarpedTongs":25,"Blood Vial":16,"OrangePellets":12,"Mummified Hand":59,"Strawberry":79,"WingedGreaves":12,"VioletLotus":21,"Coffee Dripper":0,"HandDrill":25,"Bag of Marbles":35,"Red Mask":38,"Art of War":41,"PureWater":0,"FossilizedHelix":35,"TungstenRod":56}],"TungstenRod":17,"WarpedTongs":[24]},"card_choices":[{"not_picked":["Crescendo","CutThroughFate","Fasting2"],"picked":"SKIP","floor":1},{"not_picked":["Conclude","EmptyBody"],"picked":"CrushJoints","floor":3},{"not_picked":["CutThroughFate","FlyingSleeves","Vengeance"],"picked":"SKIP","floor":4},{"not_picked":["EmptyFist","ConjureBlade","ReachHeaven"],"picked":"SKIP","floor":5},{"not_picked":["BowlingBash","InnerPeace"],"picked":"Vault","floor":14},{"not_picked":["LessonLearned","DevaForm"],"picked":"Omniscience","floor":16},{"not_picked":["FlyingSleeves","Collect"],"picked":"TalkToTheHand","floor":18},{"not_picked":["Evaluate+1","ThirdEye"],"picked":"WheelKick","floor":22},{"not_picked":["PathToVictory","FollowUp"],"picked":"Perseverance+1","floor":25},{"not_picked":["Weave","Consecrate","EmptyMind"],"picked":"SKIP","floor":30},{"not_picked":["Weave","Consecrate","EmptyMind"],"picked":"SKIP","floor":30},{"not_picked":["Brilliance","EmptyFist","CrushJoints"],"picked":"SKIP","floor":31},{"not_picked":["Judgement","LessonLearned"],"picked":"Ragnarok","floor":33},{"not_picked":["FollowUp","CrushJoints","EmptyBody"],"picked":"SKIP","floor":35},{"not_picked":["BowlingBash+1","Vengeance","Sanctity"],"picked":"SKIP","floor":38},{"not_picked":["DeceiveReality","Protect"],"picked":"Tantrum","floor":47},{"not_picked":["Perseverance","Evaluate","ClearTheMind"],"picked":"SKIP","floor":48},{"not_picked":["EmptyMind","Vengeance","PathToVictory+1"],"picked":"SKIP","floor":55}],"player_experience":684185,"relics_obtained":[{"floor":14,"key":"Blood Vial"},{"floor":20,"key":"Potion Belt"},{"floor":25,"key":"FossilizedHelix"},{"floor":26,"key":"Bag of Marbles"},{"floor":27,"key":"Red Mask"},{"floor":30,"key":"Art of War"},{"floor":36,"key":"TungstenRod"},{"floor":43,"key":"Vajra"},{"floor":47,"key":"Smiling Mask"},{"floor":55,"key":"Strawberry"}],"event_choices":[{"damage_healed":0,"gold_gain":50,"player_choice":"Touch","damage_taken":6,"max_hp_gain":0,"max_hp_loss":0,"event_name":"FaceTrader","floor":2,"gold_loss":0},{"damage_healed":0,"gold_gain":50,"player_choice":"Pray","damage_taken":0,"max_hp_gain":0,"max_hp_loss":0,"event_name":"Golden Shrine","floor":11,"gold_loss":0},{"damage_healed":0,"gold_gain":0,"player_choice":"Rummage","damage_taken":0,"relics_obtained":["WarpedTongs"],"max_hp_gain":0,"max_hp_loss":0,"event_name":"Accursed Blacksmith","floor":21,"gold_loss":0,"cards_obtained":["Pain"]},{"damage_healed":0,"gold_gain":0,"player_choice":"Fought Bandits","damage_taken":0,"max_hp_gain":0,"max_hp_loss":0,"event_name":"Masked Bandits","floor":27,"gold_loss":0},{"damage_healed":0,"gold_gain":0,"player_choice":"Fight","damage_taken":0,"max_hp_gain":0,"max_hp_loss":0,"event_name":"MindBloom","floor":36,"gold_loss":0},{"damage_healed":0,"gold_gain":0,"player_choice":"Copied","damage_taken":0,"max_hp_gain":0,"max_hp_loss":0,"event_name":"Duplicator","floor":37,"gold_loss":0,"cards_obtained":["Vault"]},{"damage_healed":0,"gold_gain":0,"player_choice":"Ignored","damage_taken":0,"max_hp_gain":0,"max_hp_loss":0,"event_name":"Transmorgrifier","floor":45,"gold_loss":0}],"is_beta":false,"boss_relics":[{"not_picked":["Tiny House","Philosopher\u0027s Stone","Calling Bell"]},{"not_picked":["Coffee Dripper","Black Star","VioletLotus"]}],"items_purged_floors":[54],"is_endless":false,"potions_floor_spawned":[5,14,16,25,31,33,35,36],"killed_by":"The Heart","ascension_level":20}}