{"host":"drjz7zl15rqtgg20","time":1612817969,"event":{"mods":["BaseMod","Colored Map","Downfall","Minty Spire (QoL Compilation)","Permanent Neow","Quick Restart","StSLib"],"gold_per_floor":[99,117,136,136,311,77,123,148,175,193,93,243,43,54,72,176,226,226,236,236,246,257,257,257,257,257,257],"floor_reached":25,"language":"ENG","playtime":982,"items_purged":["Doubt"],"score":236,"play_id":"4ceb3678-4b6a-4c56-b1d8-a21f27929a4a","local_time":"20210208155929","is_ascension_mode":true,"campfire_choices":[{"floor":1,"key":"RECALL"},{"data":"bronze:Iterate","floor":11,"key":"SMITH"},{"data":"bronze:FineTuning","floor":13,"key":"SMITH"},{"data":"bronze:InfiniteLoop","floor":18,"key":"SMITH"}],"circlet_count":0,"master_deck":["bronze:Strike","bronze:Strike","bronze:Strike+1","bronze:Defend","bronze:Defend","bronze:Defend","bronze:Defend","bronze:Replicate","bronze:Goto","bronze:Iterate+1","bronze:DelayedSlice","bronze:Frontload","bronze:FineTuning+1","bronze:Terminator","bronze:Optimize","bronze:InfiniteLoop+1","bronze:FollowUp","bronze:FineTuning"],"relics":["bronze:BronzeCore","HandDrill","Anchor","downfall:HeartBlessingRed","downfall:HeartBlessingGreen","downfall:HeartBlessingBlue","Tiny House","White Beast Statue"],"acts_visited":["Exordium","TheCity"],"potions_floor_usage":[],"damage_taken":[{"damage":5,"enemies":"2 Louse","floor":2,"turns":4},{"damage":3,"enemies":"Jaw Worm","floor":3,"turns":3},{"damage":0,"enemies":"downfall:FleeingMerchant","floor":6,"turns":4},{"damage":38,"enemies":"Lagavulin","floor":9,"turns":12},{"damage":0,"enemies":"Cultist","floor":10,"turns":3},{"damage":0,"enemies":"2 Fungi Beasts","floor":14,"turns":2},{"damage":0,"enemies":"Lots of Slimes","floor":15,"turns":3},{"damage":28,"enemies":"IC_STATUS_ARCHETYPE","floor":16,"turns":9},{"damage":0,"enemies":"Spheric Guardian","floor":19,"turns":1},{"damage":0,"enemies":"Chosen","floor":21,"turns":4},{"damage":0,"enemies":"Snake Plant","floor":22,"turns":3},{"damage":0,"enemies":"Gremlin Leader","floor":25,"turns":4}],"seed_played":"3535624116409696613","potions_obtained":[{"floor":3,"key":"SpeedPotion"},{"floor":9,"key":"PowerPotion"},{"floor":10,"key":"EssenceOfSteel"}],"is_trial":false,"path_per_floor":["R","M","M","?","?","$","T","T","E","M","R","?","R","M","M","B",null,"R","M","?","M","M","?","T","E"],"character_chosen":"THE_AUTOMATON","items_purchased":["HandDrill"],"campfire_rested":0,"item_purchase_floors":[6],"current_hp_per_floor":[70,65,62,62,62,62,62,62,24,24,24,24,34,34,34,6,85,85,85,85,85,85,85,85,85,85,85],"gold":257,"neow_bonus":"THREE_CARDS","is_daily":false,"chose_seed":false,"campfire_upgraded":3,"win_rate":0.0,"timestamp":1612817969,"path_taken":["R","M","M","?","?","$","T","?","E","M","R","?","R","?","M","BOSS","R","M","?","?","M","?","T","E"],"items_purchased_type":["Relic"],"build_version":"2020-12-22","purchased_purges":1,"victory":false,"max_hp_per_floor":[70,70,70,70,70,70,70,70,70,70,70,70,80,80,80,80,85,85,85,85,85,85,85,85,85,85,85],"card_choices":[{"not_picked":["bronze:Overheat","bronze:Frontload"],"picked":"bronze:Iterate","floor":0},{"not_picked":["bronze:Invalidate","bronze:ItsAFeature"],"picked":"bronze:DelayedSlice","floor":2},{"not_picked":["bronze:Shield","bronze:DelayedSlice"],"picked":"bronze:Frontload","floor":3},{"not_picked":["bronze:Turbo","bronze:WhirlingStrike"],"picked":"bronze:FineTuning","floor":6},{"not_picked":["bronze:Safeguard","bronze:Shell"],"picked":"bronze:Terminator","floor":9},{"not_picked":["bronze:Break","bronze:Overheat","bronze:BuggyMess"],"picked":"SKIP","floor":10},{"not_picked":["bronze:Deprecate","bronze:DelayedSlice"],"picked":"bronze:Optimize","floor":14},{"not_picked":["bronze:Iterate","bronze:Turbo","bronze:Shield"],"picked":"SKIP","floor":15},{"not_picked":["bronze:Virus","bronze:HardenedForm"],"picked":"bronze:InfiniteLoop","floor":16},{"not_picked":["bronze:Shield","bronze:DelayedGuard"],"picked":"bronze:FollowUp","floor":17},{"not_picked":["bronze:OilSpill","bronze:WildBeam","bronze:DelayedGuard+1"],"picked":"SKIP","floor":19},{"not_picked":["bronze:Branch","bronze:FollowUp","bronze:Shield+1"],"picked":"SKIP","floor":21},{"not_picked":["bronze:WhirlingStrike","bronze:Frontload"],"picked":"bronze:FineTuning","floor":22}],"player_experience":667919,"relics_obtained":[{"floor":8,"key":"Anchor"},{"floor":9,"key":"Centennial Puzzle"},{"floor":24,"key":"White Beast Statue"}],"event_choices":[{"cards_removed":["bronze:Strike"],"damage_healed":0,"gold_gain":0,"player_choice":"Card Removal","damage_taken":0,"max_hp_gain":0,"max_hp_loss":0,"event_name":"The Cleric","floor":4,"gold_loss":0}],"is_beta":false,"boss_relics":[{"not_picked":["Empty Cage","Fusion Hammer"],"picked":"Tiny House"}],"items_purged_floors":[6],"is_endless":false,"potions_floor_spawned":[3,9,10,14,16,21],"killed_by":"Gremlin Leader","ascension_level":1}}