{"host":"dvpvhz1t6etneyb3","time":1612823518,"event":{"mods":["AchievementEnabler","BaseMod","Colored Map","Highlight Path","Minty Spire (QoL Compilation)","Permanent Neow","Quick Restart"],"gold_per_floor":[112,130,153,170,183,183,198,227,253,273,323,323,335,368,368,442,442,452,210,229,248,24,59,75,86,86,86,114,134,134,134,134,134,134],"floor_reached":33,"language":"ENG","playtime":1369,"items_purged":["Strike_G","Strike_G"],"score":852,"play_id":"3ea98f4f-05ac-4889-bf72-4d17f389e925","local_time":"20210208173158","is_ascension_mode":true,"campfire_choices":[{"data":"Crippling Poison","floor":6.0,"key":"SMITH"},{"data":"Finisher","floor":12.0,"key":"SMITH"},{"data":"Malaise","floor":15.0,"key":"SMITH"},{"floor":27.0,"key":"REST"},{"data":"Footwork","floor":30.0,"key":"SMITH"},{"floor":32.0,"key":"REST"}],"circlet_count":0,"master_deck":["AscendersBane","Strike_G","Strike_G","Strike_G","Defend_G","Defend_G","Defend_G","Defend_G","Defend_G","Survivor","Neutralize","Predator","Endless Agony","Finisher+1","Crippling Poison+1","Bullet Time","Blade Dance","Malaise+1","Venomology","Blade Dance","Infinite Blades","Footwork+1","Accuracy","Bouncing Flask","Outmaneuver+1"],"relics":["Ring of the Snake","Prayer Wheel","Bag of Marbles","CaptainsWheel","PreservedInsect","Bird Faced Urn","Busted Crown","Happy Flower","Oddly Smooth Stone","White Beast Statue","Ancient Tea Set","Meat on the Bone"],"acts_visited":["Exordium","TheCity"],"potions_floor_usage":[33,33],"damage_taken":[{"damage":1.0,"enemies":"Cultist","floor":1.0,"turns":4.0},{"damage":0.0,"enemies":"2 Louse","floor":2.0,"turns":3.0},{"damage":4.0,"enemies":"Jaw Worm","floor":4.0,"turns":4.0},{"damage":3.0,"enemies":"Looter","floor":5.0,"turns":2.0},{"damage":3.0,"enemies":"Large Slime","floor":7.0,"turns":4.0},{"damage":10.0,"enemies":"3 Sentries","floor":8.0,"turns":6.0},{"damage":0.0,"enemies":"Exordium Wildlife","floor":10.0,"turns":3.0},{"damage":0.0,"enemies":"2 Fungi Beasts","floor":13.0,"turns":3.0},{"damage":0.0,"enemies":"Gremlin Nob","floor":14.0,"turns":2.0},{"damage":12.0,"enemies":"Hexaghost","floor":16.0,"turns":9.0},{"damage":0.0,"enemies":"Spheric Guardian","floor":18.0,"turns":1.0},{"damage":2.0,"enemies":"Chosen","floor":20.0,"turns":4.0},{"damage":0.0,"enemies":"Snake Plant","floor":21.0,"turns":1.0},{"damage":23.0,"enemies":"Gremlin Leader","floor":23.0,"turns":7.0},{"damage":23.0,"enemies":"Cultist and Chosen","floor":24.0,"turns":6.0},{"damage":8.0,"enemies":"3 Cultists","floor":25.0,"turns":4.0},{"damage":38.0,"enemies":"Book of Stabbing","floor":28.0,"turns":5.0},{"damage":0.0,"enemies":"Centurion and Healer","floor":29.0,"turns":5.0},{"damage":51,"enemies":"Automaton","floor":33,"turns":6}],"seed_played":"7297283320751530347","potions_obtained":[{"floor":1.0,"key":"Poison Potion"},{"floor":2.0,"key":"BlessingOfTheForge"},{"floor":20.0,"key":"BlessingOfTheForge"},{"floor":25.0,"key":"Regen Potion"},{"floor":28.0,"key":"Energy Potion"}],"is_trial":false,"path_per_floor":["M","M","T","M","M","R","M","E","T","M","?","R","M","E","R","B",null,"M","$","M","M","$","E","M","M","T","R","E","M","R","T","R","B"],"character_chosen":"THE_SILENT","items_purchased":["Happy Flower","Accuracy","Bouncing Flask"],"campfire_rested":2,"item_purchase_floors":[19,22,22],"current_hp_per_floor":[58,58,58,54,51,51,48,38,38,38,38,38,38,38,38,26,52,52,52,50,50,50,31,26,20,20,38,21,27,27,27,45,0,0],"gold":134,"neow_bonus":"ONE_RARE_RELIC","is_daily":false,"chose_seed":false,"campfire_upgraded":4,"win_rate":0.0,"timestamp":1612823518,"path_taken":["M","?","?","M","M","R","M","E","T","M","?","R","M","E","R","BOSS","M","$","M","M","$","E","?","M","T","R","E","M","R","?","R","BOSS"],"items_purchased_type":["Relic","Card","Card"],"build_version":"2020-12-22","purchased_purges":2,"victory":false,"max_hp_per_floor":[60,60,60,60,60,60,60,60,60,60,60,60,60,60,60,60,60,60,60,60,60,60,60,60,60,60,60,60,60,60,60,60,60,60],"card_choices":[{"not_picked":["Distraction","Noxious Fumes"],"picked":"Predator","floor":1.0},{"not_picked":["PiercingWail","Distraction"],"picked":"Endless Agony","floor":1.0},{"not_picked":["Slice","Blade Dance","Dagger Throw"],"picked":"SKIP","floor":2.0},{"not_picked":["Backflip","Terror","Bane"],"picked":"SKIP","floor":2.0},{"not_picked":["Flying Knee","Backflip"],"picked":"Finisher","floor":4.0},{"not_picked":["Cloak And Dagger","Bane","Flying Knee"],"picked":"SKIP","floor":4.0},{"not_picked":["Underhanded Strike","Backflip"],"picked":"Crippling Poison","floor":5.0},{"not_picked":["Tactician","Deadly Poison","Deflect"],"picked":"SKIP","floor":5.0},{"not_picked":["Eviscerate","Slice"],"picked":"Bullet Time","floor":7.0},{"not_picked":["Choke","Flying Knee","Quick Slash"],"picked":"SKIP","floor":7.0},{"not_picked":["Slice","Flying Knee"],"picked":"Blade Dance","floor":8.0},{"not_picked":["Prepared","Tactician","Cloak And Dagger"],"picked":"SKIP","floor":10.0},{"not_picked":["Reflex","Choke","Infinite Blades"],"picked":"SKIP","floor":10.0},{"not_picked":["Deadly Poison","Outmaneuver"],"picked":"Malaise","floor":13.0},{"not_picked":["Expertise","Backflip","Slice"],"picked":"SKIP","floor":13.0},{"not_picked":["All Out Attack","Sucker Punch","Outmaneuver"],"picked":"SKIP","floor":14.0},{"not_picked":["Glass Knife","Storm of Steel"],"picked":"Venomology","floor":16.0},{"not_picked":["Quick Slash+1"],"picked":"SKIP","floor":18.0},{"not_picked":["Poisoned Stab"],"picked":"SKIP","floor":18.0},{"not_picked":[],"picked":"Blade Dance","floor":20.0},{"not_picked":[],"picked":"Infinite Blades","floor":20.0},{"not_picked":[],"picked":"Footwork","floor":21.0},{"not_picked":["Deflect"],"picked":"SKIP","floor":21.0},{"not_picked":["Outmaneuver"],"picked":"SKIP","floor":23.0},{"not_picked":["Finisher+1"],"picked":"SKIP","floor":24.0},{"not_picked":["All Out Attack"],"picked":"SKIP","floor":24.0},{"not_picked":[],"picked":"Outmaneuver+1","floor":25.0},{"not_picked":["Blade Dance"],"picked":"SKIP","floor":25.0},{"not_picked":["Dagger Spray"],"picked":"SKIP","floor":28.0},{"not_picked":["Dash"],"picked":"SKIP","floor":29.0},{"not_picked":["Grand Finale"],"picked":"SKIP","floor":29.0}],"player_experience":2173297,"relics_obtained":[{"floor":3.0,"key":"Bag of Marbles"},{"floor":8.0,"key":"CaptainsWheel"},{"floor":9.0,"key":"PreservedInsect"},{"floor":14.0,"key":"Bird Faced Urn"},{"floor":23.0,"key":"Oddly Smooth Stone"},{"floor":26.0,"key":"White Beast Statue"},{"floor":28.0,"key":"Ancient Tea Set"},{"floor":31.0,"key":"Meat on the Bone"}],"event_choices":[{"damage_healed":0.0,"max_hp_gain":0.0,"max_hp_loss":0.0,"gold_gain":50.0,"event_name":"Golden Shrine","player_choice":"Pray","floor":11.0,"gold_loss":0.0,"damage_taken":0.0}],"is_beta":false,"boss_relics":[{"not_picked":["WristBlade","HoveringKite"],"picked":"Busted Crown"}],"items_purged_floors":[19,22],"is_endless":false,"potions_floor_spawned":[1,2,5,10,13,20,25,28,29],"killed_by":"Automaton","ascension_level":20}}