{"host":"x7xd4wkamhrqrrvw","time":1612743608,"event":{"mods":["AchievementEnabler","BaseMod","Minty Spire (QoL Compilation)","Relic Stats","StSLib"],"gold_per_floor":[115,135,155,166,44,44,76,76,101,113,127,139,139,171,171,245,245,262,262,274,184,196,196,225,225,303,303,303,228,75,88,88,165,165,179,79,79,89,108,140,140,174,198,208,208,83,102,116,116,116,116,116,37,63,63],"floor_reached":56,"language":"ENG","playtime":3426,"items_purged":["Strike_G","Strike_G","Strike_G"],"score":1871,"play_id":"437c4c8b-bb52-4500-98c4-fec8e58f2208","local_time":"20210207222007","is_ascension_mode":true,"campfire_choices":[{"data":"Deadly Poison","floor":6.0,"key":"SMITH"},{"data":"Venomology","floor":13.0,"key":"SMITH"},{"data":"Venomology","floor":15.0,"key":"SMITH"},{"data":"Survivor","floor":23.0,"key":"SMITH"},{"data":"Neutralize","floor":25.0,"key":"SMITH"},{"data":"After Image","floor":27.0,"key":"SMITH"},{"data":"Noxious Fumes","floor":32.0,"key":"SMITH"},{"data":"Well Laid Plans","floor":41.0,"key":"SMITH"},{"floor":45.0,"key":"RECALL"},{"data":"Defend_G","floor":49,"key":"SMITH"},{"data":"Defend_G","floor":52,"key":"SMITH"}],"circlet_count":0,"master_deck":["AscendersBane","Defend_G+1","Defend_G+1","Defend_G+1","Defend_G","Defend_G","Survivor+1","Neutralize+1","Venomology+1","PiercingWail","Flying Knee","Venomology+1","Deadly Poison+1","Dodge and Roll+1","Doppelganger+1","After Image+1","CurseOfTheBell","Deadly Poison+1","Backflip+1","Noxious Fumes+1","Corpse Explosion+1","Backflip+1","Burst+1","Madness+1","Well Laid Plans+1","Footwork","After Image"],"relics":["Ring of the Snake","Toxic Egg 2","Mercury Hourglass","Potion Belt","Eternal Feather","Calling Bell","Pen Nib","Paper Crane","Bird Faced Urn","Enchiridion","Regal Pillow","Kunai","SacredBark","Blood Vial","Akabeko","Shuriken"],"acts_visited":["Exordium","TheCity","TheBeyond","TheEnding"],"potions_floor_usage":[47,47,48,48,50,50,54,54,55,55,55],"damage_taken":[{"damage":2.0,"enemies":"Cultist","floor":1.0,"turns":5.0},{"damage":0.0,"enemies":"Jaw Worm","floor":2.0,"turns":6.0},{"damage":2.0,"enemies":"2 Louse","floor":3.0,"turns":3.0},{"damage":0.0,"enemies":"Looter","floor":4.0,"turns":3.0},{"damage":14.0,"enemies":"3 Sentries","floor":7.0,"turns":12.0},{"damage":15.0,"enemies":"Exordium Thugs","floor":10.0,"turns":4.0},{"damage":0.0,"enemies":"2 Fungi Beasts","floor":11.0,"turns":3.0},{"damage":12.0,"enemies":"Exordium Wildlife","floor":12.0,"turns":5.0},{"damage":12.0,"enemies":"Lagavulin","floor":14.0,"turns":7.0},{"damage":24.0,"enemies":"Slime Boss","floor":16.0,"turns":11.0},{"damage":11.0,"enemies":"Spheric Guardian","floor":18.0,"turns":5.0},{"damage":0.0,"enemies":"Chosen","floor":20.0,"turns":6.0},{"damage":10.0,"enemies":"Snecko","floor":22.0,"turns":6.0},{"damage":24.0,"enemies":"Slavers","floor":24.0,"turns":8.0},{"damage":4.0,"enemies":"Snake Plant","floor":31.0,"turns":4.0},{"damage":8.0,"enemies":"Collector","floor":33.0,"turns":9.0},{"damage":0.0,"enemies":"3 Shapes","floor":35.0,"turns":3.0},{"damage":0.0,"enemies":"3 Darklings","floor":38.0,"turns":3.0},{"damage":11.0,"enemies":"Transient","floor":39.0,"turns":5.0},{"damage":2.0,"enemies":"Reptomancer","floor":40.0,"turns":7.0},{"damage":4.0,"enemies":"Nemesis","floor":42.0,"turns":9.0},{"damage":28.0,"enemies":"Maw","floor":44.0,"turns":9.0},{"damage":0,"enemies":"Jaw Worm Horde","floor":47,"turns":4},{"damage":0,"enemies":"Sphere and 2 Shapes","floor":48,"turns":5},{"damage":13,"enemies":"Donu and Deca","floor":50,"turns":9},{"damage":87,"enemies":"Shield and Spear","floor":54,"turns":8},{"damage":50,"enemies":"The Heart","floor":55,"turns":14}],"seed_played":"4162969322304616037","potions_obtained":[{"floor":1.0,"key":"DuplicationPotion"},{"floor":2.0,"key":"Block Potion"},{"floor":4.0,"key":"GhostInAJar"},{"floor":20.0,"key":"AttackPotion"},{"floor":31.0,"key":"Dexterity Potion"},{"floor":35.0,"key":"Ancient Potion"},{"floor":42.0,"key":"Energy Potion"},{"floor":47,"key":"SpeedPotion"}],"is_trial":false,"path_per_floor":["M","M","M","M","$","R","E","T","T","M","M","M","R","E","R","B",null,"M","?","M","?","M","R","E","R","T","R","?","?","$","M","R","B",null,"M","$","?","M","M","E","R","E","T","M","R","$","M","M","R","B",null,"R","$","E","B",null],"character_chosen":"THE_SILENT","items_purchased":["Deadly Poison","Corpse Explosion+1","Footwork"],"campfire_rested":0,"item_purchase_floors":[5,30,53],"current_hp_per_floor":[57,57,60,60,60,60,58,58,58,43,43,31,31,19,28,4,46,37,21,39,39,33,45,25,37,37,49,49,49,49,51,60,52,58,60,60,60,60,49,58,60,56,56,60,60,60,60,60,60,49,57,60,60,26,27],"gold":63,"neow_bonus":"THREE_RARE_CARDS","is_daily":false,"chose_seed":false,"campfire_upgraded":10,"win_rate":0.0,"timestamp":1612743607,"path_taken":["M","?","M","M","?","R","E","?","T","M","?","M","R","E","R","BOSS","M","?","M","?","?","R","E","R","T","R","?","?","$","M","R","BOSS","M","$","?","M","M","E","R","E","T","M","R","?","?","M","R","BOSS","R","$","E","BOSS"],"items_purchased_type":["Card","Card","Card"],"build_version":"2020-12-22","purchased_purges":3,"victory":true,"max_hp_per_floor":[60,60,60,60,60,60,60,60,60,60,60,60,60,60,60,60,60,60,60,60,60,60,60,60,60,60,60,60,60,60,60,60,60,60,60,60,60,60,60,60,60,60,60,60,60,60,60,60,60,60,60,60,60,60,60],"relic_stats":{"Blood Vial":4,"Regal Pillow":0,"counters":[27,170],"Shuriken":[0],"Bird Faced Urn":[59],"Eternal Feather":59,"Pen Nib":[9],"Kunai":[1],"obtain_stats":[{"Potion Belt":9,"Regal Pillow":24,"SacredBark":34,"Enchiridion":19,"Eternal Feather":14,"Pen Nib":17,"Paper Crane":17,"Akabeko":42,"Mercury Hourglass":8,"Calling Bell":17,"Blood Vial":40,"Shuriken":54,"Bird Faced Urn":17,"Kunai":26,"Toxic Egg 2":7,"Ring of the Snake":0},{"Potion Belt":5,"Regal Pillow":14,"SacredBark":16,"Enchiridion":11,"Eternal Feather":9,"Pen Nib":10,"Paper Crane":10,"Akabeko":21,"Mercury Hourglass":5,"Calling Bell":10,"Blood Vial":20,"Shuriken":26,"Bird Faced Urn":10,"Kunai":14,"Toxic Egg 2":5,"Ring of the Snake":0},{"Potion Belt":29,"Regal Pillow":82,"SacredBark":95,"Enchiridion":63,"Eternal Feather":48,"Pen Nib":58,"Paper Crane":58,"Akabeko":121,"Mercury Hourglass":29,"Calling Bell":58,"Blood Vial":112,"Shuriken":156,"Bird Faced Urn":58,"Kunai":82,"Toxic Egg 2":29,"Ring of the Snake":0}],"Ring of the Snake":[54],"Mercury Hourglass":[540]},"card_choices":[{"not_picked":["Tools of the Trade","After Image"],"picked":"Venomology","floor":0.0},{"not_picked":["Underhanded Strike","Prepared"],"picked":"PiercingWail","floor":1.0},{"not_picked":["Catalyst","Quick Slash"],"picked":"Flying Knee","floor":2.0},{"not_picked":["Dagger Throw","PiercingWail"],"picked":"Venomology","floor":3.0},{"not_picked":["Blade Dance","Distraction","Underhanded Strike"],"picked":"SKIP","floor":4.0},{"not_picked":["Endless Agony","Dagger Throw","Outmaneuver+1"],"picked":"SKIP","floor":7.0},{"not_picked":["Calculated Gamble+1","Tactician+1","Infinite Blades"],"picked":"SKIP","floor":10.0},{"not_picked":["Dagger Throw","Prepared+1","Skewer"],"picked":"SKIP","floor":11.0},{"not_picked":["Quick Slash","PiercingWail+1"],"picked":"Dodge and Roll+1","floor":12.0},{"not_picked":["Cloak And Dagger+1","Flying Knee"],"picked":"Doppelganger+1","floor":14.0},{"not_picked":["Night Terror+1","Storm of Steel+1"],"picked":"After Image","floor":16.0},{"not_picked":["Blade Dance+1","Sucker Punch","Calculated Gamble+1"],"picked":"SKIP","floor":18.0},{"not_picked":["Blur+1","Cloak And Dagger+1"],"picked":"Deadly Poison+1","floor":20.0},{"not_picked":["Poisoned Stab","Choke"],"picked":"Backflip+1","floor":22.0},{"not_picked":["Blade Dance+1","Choke","Expertise+1"],"picked":"SKIP","floor":24.0},{"not_picked":["Calculated Gamble+1","Dodge and Roll+1"],"picked":"Backflip+1","floor":31.0},{"not_picked":["Adrenaline+1","Storm of Steel+1"],"picked":"Burst+1","floor":33.0},{"not_picked":["Bouncing Flask+1","Bane","Poisoned Stab+1"],"picked":"SKIP","floor":35.0},{"not_picked":["Dagger Throw","Dagger Spray"],"picked":"Well Laid Plans","floor":38.0},{"not_picked":["Sucker Punch","Bane+1","Backstab+1"],"picked":"SKIP","floor":39.0},{"not_picked":["Outmaneuver+1","Blur+1","Poisoned Stab"],"picked":"SKIP","floor":40.0},{"not_picked":["A Thousand Cuts","Poisoned Stab","Eviscerate+1"],"picked":"SKIP","floor":42.0},{"not_picked":["Acrobatics+1","Backflip+1","Deflect+1"],"picked":"SKIP","floor":44.0},{"not_picked":["Setup+1","Finisher","Distraction+1"],"picked":"SKIP","floor":47},{"not_picked":["Bane","Quick Slash","Slice"],"picked":"SKIP","floor":48},{"not_picked":["Distraction+1","Escape Plan+1"],"picked":"After Image","floor":54}],"player_experience":439103,"relics_obtained":[{"floor":7.0,"key":"Toxic Egg 2"},{"floor":8.0,"key":"Mercury Hourglass"},{"floor":9.0,"key":"Potion Belt"},{"floor":14.0,"key":"Eternal Feather"},{"floor":17.0,"key":"Pen Nib"},{"floor":17.0,"key":"Paper Crane"},{"floor":17.0,"key":"Bird Faced Urn"},{"floor":19.0,"key":"Enchiridion"},{"floor":24.0,"key":"Regal Pillow"},{"floor":26.0,"key":"Kunai"},{"floor":40.0,"key":"Blood Vial"},{"floor":42.0,"key":"Akabeko"},{"floor":54,"key":"Shuriken"}],"event_choices":[{"damage_healed":0.0,"max_hp_gain":0.0,"max_hp_loss":0.0,"gold_gain":0.0,"event_name":"Cursed Tome","player_choice":"Obtained Book","floor":19.0,"gold_loss":0.0,"damage_taken":16.0},{"cards_removed":["Strike_G"],"damage_healed":0.0,"max_hp_gain":0.0,"max_hp_loss":0.0,"gold_gain":0.0,"event_name":"Designer","player_choice":"Upgrade and Remove","floor":21.0,"gold_loss":90.0,"damage_taken":0.0,"cards_upgraded":["Defend_G"]},{"damage_healed":0.0,"max_hp_gain":0.0,"max_hp_loss":0.0,"gold_gain":0.0,"event_name":"The Library","player_choice":"Read","floor":28.0,"gold_loss":0.0,"damage_taken":0.0,"cards_obtained":["Noxious Fumes"]},{"cards_removed":["Strike_G"],"damage_healed":0.0,"max_hp_gain":0.0,"max_hp_loss":0.0,"gold_gain":0.0,"event_name":"Beggar","player_choice":"Gave Gold","floor":29.0,"gold_loss":75.0,"damage_taken":0.0},{"damage_healed":0.0,"max_hp_gain":0.0,"max_hp_loss":0.0,"gold_gain":0.0,"event_name":"Match and Keep!","player_choice":"1 cards matched","floor":37.0,"gold_loss":0.0,"damage_taken":0.0,"cards_obtained":["Madness"]}],"is_beta":false,"boss_relics":[{"not_picked":["HoveringKite","WristBlade"],"picked":"Calling Bell"},{"not_picked":["SlaversCollar","Pandora\u0027s Box"],"picked":"SacredBark"}],"items_purged_floors":[5,36,46],"is_endless":false,"potions_floor_spawned":[1,2,4,20,31,35,39,42,47],"ascension_level":14}}