{"host":"qy1e0kd24tpj3i2m","time":1612819461,"event":{"mods":["Act Like it!","Alarm Clock","BaseMod","Better Skull","Better Vampires","Colored Map","Colored Powertips","Custom Start","Faster Ascension Climbing","Friendly Minions","GifTheSpireLib","Gremlin Skip","Highlight Path","Minty Spire (QoL Compilation)","Permanent Neow","Poor People Problems","Quick Restart","Red Circlet Mod","Relic Filter Mod","Relic Sorter","Reorder Act Four","SacredBarkPlus","Shop Mod","StSLib","SuperFastMode","Transform Curses","没有小屋子和绿帽子啦"],"gold_per_floor":[116,116,116,130,55,55,74,108,108,122,122,122,397,415,415,490,490,490],"floor_reached":17,"language":"ZHS","playtime":430,"items_purged":["Defend_R"],"score":310,"play_id":"652513d8-4a94-4cd1-9dcb-527a95ab3c23","local_time":"20210209062421","is_ascension_mode":true,"campfire_choices":[{"data":"Uppercut","floor":6.0,"key":"SMITH"},{"data":"True Grit","floor":12.0,"key":"SMITH"},{"data":"Bludgeon","floor":15.0,"key":"SMITH"}],"circlet_count":0,"master_deck":["AscendersBane","Strike_R","Strike_R","Strike_R","Strike_R","Strike_R","Defend_R","Defend_R","Defend_R","Uppercut+1","Fire Breathing","Bludgeon+1","True Grit+1","Blood for Blood","Shrug It Off","Regret","Reckless Charge","Reaper"],"relics":["Burning Blood","NeowsBlessing","Bottled Tornado","Potion Belt","Mark of Pain"],"acts_visited":["Exordium","TheCity"],"potions_floor_usage":[16,16],"damage_taken":[{"damage":0.0,"enemies":"Jaw Worm","floor":1.0,"turns":1.0},{"damage":0.0,"enemies":"Small Slimes","floor":4.0,"turns":1.0},{"damage":0.0,"enemies":"Cultist","floor":7.0,"turns":1.0},{"damage":30.0,"enemies":"Gremlin Nob","floor":8.0,"turns":4.0},{"damage":22.0,"enemies":"Lots of Slimes","floor":10.0,"turns":4.0},{"damage":12.0,"enemies":"2 Fungi Beasts","floor":14.0,"turns":5.0},{"damage":15,"enemies":"Slime Boss","floor":16,"turns":7}],"seed_played":"-6403686464308497393","potions_obtained":[{"floor":8.0,"key":"Ancient Potion"},{"floor":10.0,"key":"SteroidPotion"},{"floor":16,"key":"HeartOfIron"}],"is_trial":false,"path_per_floor":["M","?","?","M","$","R","M","E","T","M","?","R","?","M","R","B",null],"character_chosen":"IRONCLAD","items_purchased":[],"campfire_rested":0,"item_purchase_floors":[],"current_hp_per_floor":[74,74,74,75,75,75,75,51,51,35,24,24,24,18,18,9,59,59],"gold":490,"neow_bonus":"THREE_ENEMY_KILL","is_daily":false,"chose_seed":false,"campfire_upgraded":3,"win_rate":0.0,"timestamp":1612819461,"path_taken":["M","?","?","?","?","R","M","E","T","M","?","R","?","?","R","BOSS"],"items_purchased_type":[],"build_version":"2020-12-22","purchased_purges":1,"victory":false,"max_hp_per_floor":[75,75,75,75,75,75,75,75,75,75,75,75,75,75,75,75,75,75],"card_choices":[{"not_picked":["Perfected Strike","Heavy Blade","Infernal Blade"],"picked":"SKIP","floor":1.0},{"not_picked":["Dual Wield","Dropkick","Havoc"],"picked":"SKIP","floor":4.0},{"not_picked":["Anger","Wild Strike","Exhume"],"picked":"SKIP","floor":7.0},{"not_picked":["Armaments","Sword Boomerang"],"picked":"Blood for Blood","floor":8.0},{"not_picked":["Anger","Headbutt"],"picked":"Shrug It Off","floor":10.0},{"not_picked":["Double Tap","Fire Breathing"],"picked":"Reckless Charge","floor":14.0},{"not_picked":["Feed","Limit Break"],"picked":"Reaper","floor":16}],"player_experience":992508,"relics_obtained":[{"floor":8.0,"key":"Bottled Tornado"}],"event_choices":[{"damage_healed":0.0,"max_hp_gain":0.0,"max_hp_loss":0.0,"gold_gain":0.0,"cards_transformed":["Bash"],"event_name":"Living Wall","player_choice":"Change","floor":2.0,"gold_loss":0.0,"damage_taken":0.0,"cards_obtained":["Uppercut"]},{"damage_healed":0.0,"max_hp_gain":0.0,"max_hp_loss":0.0,"gold_gain":0.0,"event_name":"Match and Keep!","player_choice":"3 cards matched","floor":3.0,"gold_loss":0.0,"damage_taken":0.0,"cards_obtained":["Fire Breathing","Bludgeon","True Grit"]},{"damage_healed":0.0,"max_hp_gain":0.0,"max_hp_loss":0.0,"gold_gain":0.0,"event_name":"Scrap Ooze","player_choice":"Success","floor":11.0,"gold_loss":0.0,"damage_taken":11.0,"relics_obtained":["Potion Belt"]},{"damage_healed":0.0,"max_hp_gain":0.0,"max_hp_loss":0.0,"gold_gain":275.0,"event_name":"Golden Shrine","player_choice":"Desecrate","floor":13.0,"gold_loss":0.0,"damage_taken":0.0,"cards_obtained":["Regret"]}],"is_beta":false,"boss_relics":[{"not_picked":["Runic Cube","Sozu"],"picked":"Mark of Pain"}],"items_purged_floors":[5],"is_endless":false,"potions_floor_spawned":[8,10,16],"ascension_level":20}}