{"host":"y6zg4wwu39otf01a","time":1612827913,"event":{"mods":["Act Like it!","Aspiration","BaseMod","Better Altar","Better Match","Better Note","Better Sensory Stone","Better Skull","Better Third Choice","Challenge The Spire","Colored Map","Colored Powertips","Conspire","GifTheSpireLib","Glutton Mod","Halation","Hermit","Highlight Path","Hubris","Infinite Spire","Mimic Mod","Minty Spire (QoL Compilation)","Quick Restart","Random Character Button","Rare Cards Sparkle","Replay The Spire","Retaliation","Spicy Shops","Spire Arcade","StSLib","Stuff the Spire","The Blue Laboratory","The Jungle"],"gold_per_floor":[109,109,109,109,40,72,72,90,126,137,149,178,34,50,50,153,153,166,166,185,185,185,185,204,237,76,86,86,114,114,132,132,132,132,236,236,254,272,297,307,51,81,81,119,157,173,173,23,23,35,35,35,35,35,35,61,61],"floor_reached":58,"language":"ENG","playtime":6421,"items_purged":[],"score":1260,"play_id":"efe46c3f-eccc-4fa3-9646-3c9b5d84de1e","local_time":"20210208174513","is_ascension_mode":false,"campfire_choices":[{"data":"Brilliance","floor":7.0,"key":"SMITH"},{"data":"StuffTheSpire:Perfection","floor":15.0,"key":"SMITH"},{"data":"Establishment","floor":32,"key":"SMITH"},{"data":"WindmillStrike","floor":34,"key":"SMITH"},{"floor":47,"key":"RECALL"},{"data":"ReplayTheSpireMod:Echo Chamber","floor":49,"key":"SMITH"},{"data":"WindmillStrike","floor":51,"key":"SMITH"},{"data":"CutThroughFate","floor":54,"key":"SMITH"}],"circlet_count":0,"master_deck":["Strike_P","Strike_P+1","Strike_P+1","Defend_P+1","Defend_P+1","Defend_P+1","Defend_P","Eruption","Vigilance","Replay:Battleflow+1","ReplayTheSpireMod:Uncanny Aura","Brilliance+1","WindmillStrike+1","CutThroughFate+1","Prostrate","FollowUp","Shame","Bandage Up","EmptyMind","Establishment+1","WindmillStrike+1","CurseOfTheBell","StuffTheSpire:CelestialWarden","Devotion","Perseverance","Prostrate","Dramatic Entrance","hermit:ItchyTrigger","Brilliance","hermit:TakeCover","Collect+1","hermit:Showdown","ReplayTheSpireMod:Echo Chamber+1","hermit:Virtue","Study+1","hermit:Snipe"],"relics":["PureWater","NeowsBlessing","hubris:MysteriousPyramids","Strawberry","StuffTheSpire:SapphireSignet","StuffTheSpire:Saxophone","Smiling Mask","Calling Bell","Tiny Chest","Pocketwatch","Eternal Feather","Lantern","hubris:SlimyHat","hubris:DisguiseKit","hubris:TinFlute","hubris:ScarierMask","Mummified Hand","ReplayFunnel","halation:Diary","halation:Trompette","infinitespire:CursedDice","Lee\u0027s Waffle","hubris:Potato"],"acts_visited":["Exordium","Exordium","TheBeyond","TheEnding"],"potions_floor_usage":[35,35,40,42,52,57],"damage_taken":[{"damage":0.0,"enemies":"Small Slimes","floor":1.0,"turns":1.0},{"damage":0.0,"enemies":"Lagavulin","floor":6.0,"turns":1.0},{"damage":0.0,"enemies":"2 Louse","floor":8.0,"turns":1.0},{"damage":0.0,"enemies":"Jaw Worm","floor":9.0,"turns":4.0},{"damage":3.0,"enemies":"Jaw Worm","floor":10.0,"turns":2.0},{"damage":0.0,"enemies":"Lots of Slimes","floor":11.0,"turns":3.0},{"damage":14.0,"enemies":"Gremlin Nob","floor":12.0,"turns":3.0},{"damage":2.0,"enemies":"Large Slime","floor":14.0,"turns":4.0},{"damage":22.0,"enemies":"Hexaghost","floor":16.0,"turns":6.0},{"damage":20.0,"enemies":"Shell Parasite","floor":18.0,"turns":5.0},{"damage":3.0,"enemies":"theJungle:GiantWrat","floor":20.0,"turns":4.0},{"damage":20.0,"enemies":"Snake Plant","floor":24.0,"turns":5.0},{"damage":2.0,"enemies":"theJungle:Cassacara","floor":25.0,"turns":4.0},{"damage":35.0,"enemies":"theJungle:2_Snecko_Cultists","floor":27.0,"turns":6.0},{"damage":0,"enemies":"theJungle:MamaSnecko","floor":29,"turns":3},{"damage":1,"enemies":"theJungle:Snecko_Cultist_And_Trap","floor":31,"turns":4},{"damage":14,"enemies":"theJungle:QueenSpyder","floor":35,"turns":9},{"damage":17,"enemies":"3 Darklings","floor":37,"turns":4},{"damage":9,"enemies":"Orb Walker","floor":38,"turns":5},{"damage":30,"enemies":"Maw","floor":40,"turns":8},{"damage":33,"enemies":"Reptomancer","floor":42,"turns":5},{"damage":4,"enemies":"4 Shapes","floor":44,"turns":8},{"damage":5,"enemies":"4 Shapes","floor":45,"turns":9},{"damage":20,"enemies":"4 Shapes","floor":46,"turns":5},{"damage":23,"enemies":"Transient","floor":50,"turns":5},{"damage":24,"enemies":"Donu and Deca","floor":52,"turns":8},{"damage":15,"enemies":"Shield and Spear","floor":56,"turns":5},{"damage":85,"enemies":"The Heart","floor":57,"turns":9}],"seed_played":"-3946510493026443134","potions_obtained":[{"floor":1.0,"key":"blueLaboratory:ExaltedPotion"},{"floor":6.0,"key":"Weak Potion"},{"floor":12.0,"key":"blueLaboratory:RememoryPotion"},{"floor":14.0,"key":"Dexterity Potion"},{"floor":16.0,"key":"LiquidBronze"},{"floor":18.0,"key":"Toxic Potion"},{"floor":29,"key":"Adrenaline Potion"},{"floor":31,"key":"blueLaboratory:AlphaPotion"},{"floor":35,"key":"blueLaboratory:HeartbeatPotion"},{"floor":40,"key":"blueLaboratory:LouseDecoction"},{"floor":46,"key":"LiquidBronze"},{"floor":56,"key":"Strength Potion"}],"is_trial":false,"path_per_floor":["M","?","?","?","$","E","R","M","MIM","M","M","E","$","M","R","B",null,"M","AVR","M","?","PTL","PTL","M","E","$","M","T","E","?","M","R","$","R","B",null,"M","M","T","M","$","E","AVR","MIM","MIM","M","R","$","R","M","R","B",null,"R","$","E","B",null],"character_chosen":"WATCHER","items_purchased":["Brilliance","StuffTheSpire:Saxophone","Bandage Up","hubris:SlimyHat","Dramatic Entrance","Mummified Hand","Lee\u0027s Waffle"],"campfire_rested":0,"item_purchase_floors":[5,13,13,26,26,41,48],"current_hp_per_floor":[72,72,72,58,58,58,58,58,65,62,62,48,48,52,52,36,79,65,65,66,66,66,66,54,58,58,31,31,33,33,36,51,51,66,66,79,66,63,63,43,43,16,16,20,25,9,30,86,86,65,86,64,86,86,86,75,33],"gold":61,"neow_bonus":"THREE_ENEMY_KILL","is_daily":false,"chose_seed":false,"campfire_upgraded":7,"win_rate":0.0,"timestamp":1612827913,"path_taken":["M","?","?","?","?","E","R","M","MIM","M","M","E","$","M","R","BOSS","M","AVR","M","?","PTL","PTL","M","M","E","$","M","T","E","?","M","R","?","R","BOSS","M","M","?","M","$","E","AVR","?","MIM","M","R","?","R","M","R","BOSS","R","$","E","BOSS"],"items_purchased_type":["Card","Relic","Card","Relic","Card","Relic","Relic"],"build_version":"2020-12-22","purchased_purges":0,"victory":true,"max_hp_per_floor":[72,72,72,72,72,72,72,72,79,79,79,79,79,79,79,79,79,79,79,79,79,79,79,79,79,79,79,79,79,79,79,79,79,79,79,79,79,79,79,79,79,79,79,79,79,79,79,86,86,86,86,86,86,86,86,86,86],"card_choices":[{"not_picked":["Sanctity","BowlingBash"],"picked":"Replay:Battleflow","floor":1.0},{"not_picked":["StuffTheSpire:Recharge","hubris:Insight"],"picked":"ReplayTheSpireMod:Uncanny Aura","floor":2.0},{"not_picked":["LikeWater","Wireheading"],"picked":"WindmillStrike","floor":6.0},{"not_picked":["PathToVictory","BowlingBash"],"picked":"CutThroughFate","floor":8.0},{"not_picked":["Halt","EmptyFist"],"picked":"Prostrate","floor":10.0},{"not_picked":["Halt","SandsOfTime"],"picked":"FollowUp","floor":11.0},{"not_picked":["CrushJoints","Replay:BluntJabs","Worship"],"picked":"SKIP","floor":12.0},{"not_picked":["Worship","BattleHymn"],"picked":"EmptyMind","floor":14.0},{"not_picked":["SpiritShield","Judgement"],"picked":"Establishment","floor":16.0},{"not_picked":["FollowUp","Wireheading"],"picked":"WindmillStrike","floor":18.0},{"not_picked":["BowlingBash+1","ClearTheMind"],"picked":"Devotion","floor":20.0},{"not_picked":["FollowUp","FearNoEvil","CrushJoints"],"picked":"SKIP","floor":24.0},{"not_picked":["ClearTheMind","Tantrum"],"picked":"Prostrate","floor":25.0},{"not_picked":["BowlingBash","Halt","WheelKick"],"picked":"SKIP","floor":27.0},{"not_picked":["Replay:Vibes","JustLucky","ClearTheMind","hermit:LuckOfTheDraw"],"picked":"SKIP","floor":29},{"not_picked":["FollowUp","Replay:AllIn","DeceiveReality"],"picked":"hermit:ItchyTrigger","floor":31},{"not_picked":["Vault","SpiritShield","hermit:FinalCanter"],"picked":"Brilliance","floor":35},{"not_picked":["Consecrate+1","Protect","Halt","hermit:Roulette"],"picked":"SKIP","floor":37},{"not_picked":["Swivel","JustLucky","Replay:Vibes+1"],"picked":"hermit:TakeCover","floor":38},{"not_picked":["Wallop","Halt+1","hermit:GoldenBullet"],"picked":"Collect+1","floor":40},{"not_picked":["FlurryOfBlows","JustLucky","EmptyMind"],"picked":"hermit:Showdown","floor":42},{"not_picked":["Halt+1","Alpha","EmptyBody"],"picked":"hermit:Virtue","floor":44},{"not_picked":["Crescendo","Wallop","hermit:Combo"],"picked":"Study+1","floor":45},{"not_picked":["FollowUp+1","FearNoEvil+1","Halt+1","hermit:BodyArmor"],"picked":"SKIP","floor":46},{"not_picked":["FlyingSleeves+1","SandsOfTime+1","Replay:AtTheReady","hermit:LowProfile"],"picked":"SKIP","floor":50},{"not_picked":["Perseverance","FlyingSleeves+1","Halt+1"],"picked":"hermit:Snipe","floor":56}],"player_experience":730099,"relics_obtained":[{"floor":6.0,"key":"hubris:MysteriousPyramids"},{"floor":9.0,"key":"Strawberry"},{"floor":12.0,"key":"StuffTheSpire:SapphireSignet"},{"floor":19.0,"key":"Tiny Chest"},{"floor":19.0,"key":"Pocketwatch"},{"floor":19.0,"key":"Eternal Feather"},{"floor":25.0,"key":"Lantern"},{"floor":28.0,"key":"hubris:DisguiseKit"},{"floor":29,"key":"hubris:TinFlute"},{"floor":42,"key":"ReplayFunnel"},{"floor":44,"key":"halation:Trompette"},{"floor":45,"key":"infinitespire:CursedDice"},{"floor":56,"key":"hubris:Potato"}],"event_choices":[{"damage_healed":0.0,"max_hp_gain":0.0,"max_hp_loss":0.0,"gold_gain":1.0,"event_name":"betterStone:BetterStone","player_choice":"1","floor":2.0,"gold_loss":0.0,"damage_taken":0.0},{"damage_healed":0.0,"max_hp_gain":0.0,"max_hp_loss":0.0,"gold_gain":0.0,"event_name":"Living Wall","player_choice":"Grow","floor":3.0,"gold_loss":0.0,"damage_taken":0.0,"cards_upgraded":["Replay:Battleflow"]},{"damage_healed":72.0,"max_hp_gain":0.0,"max_hp_loss":72.0,"gold_gain":0.0,"event_name":"betterThird:BetterShining","player_choice":"Upgrade","floor":4.0,"gold_loss":0.0,"damage_taken":14.0,"cards_upgraded":["Defend_P","Defend_P"]},{"damage_healed":0.0,"max_hp_gain":0.0,"max_hp_loss":0.0,"gold_gain":0.0,"cards_transformed":["Strike_P"],"event_name":"Transmorgrifier","player_choice":"Transformed","floor":21.0,"gold_loss":0.0,"damage_taken":0.0,"cards_obtained":["Perseverance"]},{"cards_removed":["StuffTheSpire:CelestialWarden"],"damage_healed":0,"gold_gain":0,"player_choice":"Give","damage_taken":0,"max_hp_gain":0,"max_hp_loss":0,"event_name":"betterNote:BetterNote","floor":30,"gold_loss":0,"cards_obtained":["None"]}],"is_beta":false,"boss_relics":[{"not_picked":["Runic Dome","Painkiller Herb","hubris:BlackHole"]},{"not_picked":["Abe\u0027s Treasure","halation:Prosthetics"],"picked":"hubris:ScarierMask"}],"items_purged_floors":[],"is_endless":false,"potions_floor_spawned":[1,6,12,14,16,18,29,31,35,40,46,56],"ascension_level":0}}