{"host":"zwezhz46a5cjkxff","time":1612774336,"event":{"mods":["AchievementEnabler","BaseMod","Colored Map","Colored Powertips","DeckTracker","Minty Spire (QoL Compilation)","Permanent Neow","Quick Restart","Rare Cards Sparkle","Relic Stats","StSLib","SuperFastMode"],"gold_per_floor":[111,61,76,89,104,138,138,138,138,149,149,149],"floor_reached":11,"language":"ENG","playtime":278,"items_purged":[],"score":83,"play_id":"111dc200-6b22-45b9-98a7-1b9ef4b2f65e","local_time":"20210208025216","is_ascension_mode":true,"campfire_choices":[{"floor":7,"key":"RECALL"}],"circlet_count":0,"master_deck":["Strike_B","Strike_B","Strike_B","Defend_B","Defend_B","Defend_B","Defend_B","Zap","Dualcast","Echo Form","Gash","Beam Cell","Go for the Eyes","BootSequence","Defragment"],"relics":["Cracked Core","Blue Candle"],"acts_visited":["Exordium"],"potions_floor_usage":[6,11],"damage_taken":[{"damage":1,"enemies":"2 Louse","floor":1,"turns":2},{"damage":7,"enemies":"Small Slimes","floor":3,"turns":3},{"damage":2,"enemies":"Jaw Worm","floor":4,"turns":2},{"damage":0,"enemies":"Large Slime","floor":5,"turns":5},{"damage":33,"enemies":"3 Sentries","floor":6,"turns":7},{"damage":11,"enemies":"Looter","floor":10,"turns":3},{"damage":29,"enemies":"Gremlin Nob","floor":11,"turns":4}],"seed_played":"-8772479762324591471","potions_obtained":[{"floor":4,"key":"Dexterity Potion"},{"floor":5,"key":"Weak Potion"},{"floor":10,"key":"Ancient Potion"}],"is_trial":false,"path_per_floor":["M","?","M","M","M","E","R","?","T","M","E"],"character_chosen":"DEFECT","items_purchased":[],"campfire_rested":0,"item_purchase_floors":[],"current_hp_per_floor":[67,67,60,58,58,25,25,25,25,14,0,0],"gold":149,"neow_bonus":"THREE_RARE_CARDS","is_daily":false,"chose_seed":false,"campfire_upgraded":0,"win_rate":0.0,"timestamp":1612774336,"path_taken":["M","?","M","M","M","E","R","?","T","M","E"],"items_purchased_type":[],"build_version":"2020-12-22","purchased_purges":0,"victory":false,"max_hp_per_floor":[68,68,68,68,68,68,68,68,68,68,68,68],"relic_stats":{"counters":[7,26],"Blue Candle":[0],"obtain_stats":[{"Blue Candle":6,"Cracked Core":0},{"Blue Candle":5,"Cracked Core":0},{"Blue Candle":19,"Cracked Core":0}]},"card_choices":[{"not_picked":["Core Surge","Rainbow"],"picked":"Echo Form","floor":0},{"not_picked":["Barrage","Hello World"],"picked":"Gash","floor":1},{"not_picked":["Hologram","Darkness"],"picked":"Beam Cell","floor":3},{"not_picked":["Rebound","Doom and Gloom"],"picked":"Go for the Eyes","floor":4},{"not_picked":["Redo","Go for the Eyes","Conserve Battery"],"picked":"SKIP","floor":5},{"not_picked":["Beam Cell","Chill"],"picked":"BootSequence","floor":6},{"not_picked":["Force Field","Turbo"],"picked":"Defragment","floor":10}],"player_experience":81701,"relics_obtained":[{"floor":6,"key":"Blue Candle"}],"event_choices":[{"cards_removed":["Strike_B"],"damage_healed":0,"gold_gain":0,"player_choice":"Card Removal","damage_taken":0,"max_hp_gain":0,"max_hp_loss":0,"event_name":"The Cleric","floor":2,"gold_loss":50},{"damage_healed":0,"gold_gain":0,"player_choice":"Ignored","damage_taken":0,"max_hp_gain":0,"max_hp_loss":0,"event_name":"Liars Game","floor":8,"gold_loss":0}],"is_beta":false,"boss_relics":[],"items_purged_floors":[],"is_endless":false,"potions_floor_spawned":[4,5,10],"killed_by":"Gremlin Nob","ascension_level":2}}