{"host":"bxn2em57qlx5u4i0","time":1612806089,"event":{"mods":["BaseMod","Colored Map","Colored Powertips","Highlight Path","Minty Spire (QoL Compilation)","Random Character Button","Relic Sorter","Relic Stats","StSLib","SuperFastMode"],"gold_per_floor":[112,3,21,38,38,38,74,94,143,68,109,123,123,136,136,136,136],"floor_reached":16,"language":"ENG","playtime":413,"items_purged":[],"score":224,"play_id":"bb840714-8a70-4d27-9914-4c63fd285922","local_time":"20210208124129","is_ascension_mode":true,"campfire_choices":[{"data":"Deadly Poison","floor":6.0,"key":"SMITH"},{"data":"Crippling Poison","floor":13.0,"key":"SMITH"},{"data":"Bullet Time","floor":15.0,"key":"SMITH"}],"circlet_count":0,"master_deck":["AscendersBane","Strike_G","Strike_G","Strike_G","Strike_G","Defend_G","Defend_G","Defend_G","Defend_G","Defend_G","Survivor","Neutralize","Dark Shackles","Backflip","Dagger Throw","Dagger Throw","Deadly Poison+1","Bullet Time+1","Crippling Poison+1","Envenom","Escape Plan","Blade Dance"],"relics":["Ring of the Snake","Golden Idol","The Courier","Anchor","Ancient Tea Set"],"acts_visited":["Exordium"],"potions_floor_usage":[16,16],"damage_taken":[{"damage":2.0,"enemies":"Cultist","floor":1.0,"turns":5.0},{"damage":0.0,"enemies":"Jaw Worm","floor":3.0,"turns":5.0},{"damage":0.0,"enemies":"Small Slimes","floor":4.0,"turns":2.0},{"damage":17.0,"enemies":"3 Sentries","floor":7.0,"turns":11.0},{"damage":0.0,"enemies":"Exordium Wildlife","floor":8.0,"turns":4.0},{"damage":19.0,"enemies":"Gremlin Nob","floor":11.0,"turns":4.0},{"damage":4.0,"enemies":"Blue Slaver","floor":12.0,"turns":3.0},{"damage":0.0,"enemies":"2 Fungi Beasts","floor":14.0,"turns":2.0},{"damage":23,"enemies":"The Guardian","floor":16,"turns":5}],"seed_played":"-4827116682605220540","potions_obtained":[{"floor":7.0,"key":"Swift Potion"},{"floor":12.0,"key":"Fruit Juice"},{"floor":14.0,"key":"Energy Potion"}],"is_trial":false,"path_per_floor":["M","$","M","M","?","R","E","M","T","?","E","M","R","M","R","B"],"character_chosen":"THE_SILENT","items_purchased":["Dagger Throw","Strength Potion"],"campfire_rested":0,"item_purchase_floors":[2,2],"current_hp_per_floor":[57,57,57,57,57,57,40,40,40,40,21,17,17,17,17,0,0],"gold":136,"neow_bonus":"RANDOM_COLORLESS","is_daily":false,"chose_seed":false,"campfire_upgraded":3,"win_rate":0.0,"timestamp":1612806089,"path_taken":["M","$","M","?","?","R","E","M","T","?","E","M","R","M","R","BOSS"],"items_purchased_type":["Card","Potion"],"build_version":"2020-12-22","purchased_purges":0,"victory":false,"max_hp_per_floor":[66,66,66,66,60,60,60,60,60,60,60,60,60,60,60,65,65],"relic_stats":{"counters":[9,41],"Golden Idol":33,"obtain_stats":[{"Anchor":9,"Golden Idol":5,"The Courier":7,"Ancient Tea Set":11,"Ring of the Snake":0},{"Anchor":5,"Golden Idol":3,"The Courier":4,"Ancient Tea Set":6,"Ring of the Snake":0},{"Anchor":27,"Golden Idol":12,"The Courier":23,"Ancient Tea Set":31,"Ring of the Snake":0}],"Ring of the Snake":[18]},"card_choices":[{"not_picked":["Purity","Panacea"],"picked":"Dark Shackles","floor":0.0},{"not_picked":["Accuracy","Setup"],"picked":"Backflip","floor":1.0},{"not_picked":["Deflect","Slice"],"picked":"Dagger Throw","floor":3.0},{"not_picked":["Dagger Throw","Poisoned Stab"],"picked":"Deadly Poison","floor":4.0},{"not_picked":["Dagger Throw","Dodge and Roll"],"picked":"Bullet Time","floor":7.0},{"not_picked":["Noxious Fumes","Sucker Punch"],"picked":"Crippling Poison","floor":8.0},{"not_picked":["Deadly Poison","Outmaneuver"],"picked":"Envenom","floor":11.0},{"not_picked":["Poisoned Stab","Backflip"],"picked":"Escape Plan","floor":12.0},{"not_picked":["Dagger Throw","Slice"],"picked":"Blade Dance","floor":14.0}],"player_experience":3010432,"relics_obtained":[{"floor":7.0,"key":"The Courier"},{"floor":9.0,"key":"Anchor"},{"floor":11.0,"key":"Ancient Tea Set"}],"event_choices":[{"damage_healed":0.0,"max_hp_gain":0.0,"max_hp_loss":6.0,"gold_gain":0.0,"event_name":"Golden Idol","player_choice":"Lose Max HP","floor":5.0,"gold_loss":0.0,"damage_taken":0.0,"relics_obtained":["Golden Idol"]},{"cards_removed":["Strike_G"],"damage_healed":0.0,"max_hp_gain":0.0,"max_hp_loss":0.0,"gold_gain":0.0,"event_name":"The Cleric","player_choice":"Card Removal","floor":10.0,"gold_loss":75.0,"damage_taken":0.0}],"is_beta":false,"boss_relics":[],"items_purged_floors":[],"is_endless":false,"potions_floor_spawned":[7,12,14],"killed_by":"The Guardian","ascension_level":20}}