{"host":"1bvadgc0hovl67h4","time":1612820617,"event":{"mods":["BaseMod","Colored Map","Downfall","Hermit","Minty Spire (QoL Compilation)","StSLib","The Cursed"],"gold_per_floor":[114,114,133,208,65,65,76,176,200,51,51,68,68,88,88,191,191,203,203,203,203,128,128,148,168,168,19,38,38,38,53,53,53,53],"floor_reached":33,"language":"ENG","playtime":1387,"items_purged":["downfall:Bewildered"],"score":335,"play_id":"17b5bb77-bdfb-417d-b272-1248553dfac5","local_time":"20210208134337","is_ascension_mode":false,"campfire_choices":[{"data":"hermit:Maintenance","floor":6,"key":"SMITH"},{"data":"hermit:BodyArmor","floor":13,"key":"SMITH"},{"data":"hermit:Grudge","floor":15,"key":"SMITH"},{"data":"hermit:RoundhouseKick","floor":23,"key":"SMITH"},{"data":"hermit:Quickdraw","floor":30,"key":"SMITH"},{"data":"hermit:Quickdraw","floor":32,"key":"SMITH"}],"circlet_count":0,"master_deck":["hermit:Strike_Hermit","hermit:Strike_Hermit","hermit:Strike_Hermit","hermit:Strike_Hermit","hermit:Defend_Hermit","hermit:Defend_Hermit","hermit:Defend_Hermit","hermit:Defend_Hermit+1","hermit:Snapshot+1","hermit:Covet","hermit:Maintenance+1","hermit:BodyArmor+1","Doubt","hermit:RoundhouseKick+1","Pain","Regret","Clumsy","hermit:Midnight","Pain","Decay","hermit:Grudge+1","hermit:Desperado","hermit:FromBeyond","hermit:Glare","hermit:ShadowCloak","Doubt","Parasite","hermit:Quickdraw+1","hermit:Quickdraw+1"],"relics":["hermit:Momento","Pen Nib","Boot","downfall:ExtraCursedKey","Orichalcum","Anchor","expansioncontent:StudyCardRelic","Lantern","MutagenicStrength","Meat on the Bone","Omamori"],"acts_visited":["Exordium","TheCity"],"potions_floor_usage":[16,28,33,33],"damage_taken":[{"damage":3,"enemies":"Jaw Worm","floor":1,"turns":3},{"damage":7,"enemies":"Small Slimes","floor":3,"turns":3},{"damage":0,"enemies":"2 Louse","floor":7,"turns":2},{"damage":2,"enemies":"Exordium Thugs","floor":12,"turns":5},{"damage":7,"enemies":"2 Fungi Beasts","floor":14,"turns":4},{"damage":23,"enemies":"Hexaghost","floor":16,"turns":9},{"damage":4,"enemies":"Shell Parasite","floor":18,"turns":4},{"damage":0,"enemies":"Chosen","floor":24,"turns":4},{"damage":10,"enemies":"Centurion and Healer","floor":25,"turns":6},{"damage":16,"enemies":"Snake Plant","floor":28,"turns":4},{"damage":0,"enemies":"Snecko","floor":31,"turns":4},{"damage":78,"enemies":"Automaton","floor":33,"turns":10}],"seed_played":"-2910381941621120130","potions_obtained":[{"floor":1,"key":"FearPotion"},{"floor":12,"key":"BlessingOfTheForge"},{"floor":18,"key":"AttackPotion"},{"floor":24,"key":"FairyPotion"},{"floor":29,"key":"hexamod:SoulburnPotion"},{"floor":29,"key":"Energy Potion"}],"is_trial":false,"path_per_floor":["M","?","M","?","$","R","M","?","T","$","T","M","R","M","R","B",null,"M","?","?","?","?","R","M","M","T","$","M","?","R","M","R","B"],"character_chosen":"HERMIT","items_purchased":["Boot","hermit:Midnight","Omamori"],"campfire_rested":0,"item_purchase_floors":[5,10,27],"current_hp_per_floor":[72,57,50,39,39,39,39,44,44,44,44,42,42,35,35,12,80,76,76,76,76,76,76,76,66,66,66,50,50,50,50,50,0,0],"gold":53,"neow_bonus":"RANDOM_COMMON_RELIC","is_daily":false,"chose_seed":false,"campfire_upgraded":6,"win_rate":0.0,"timestamp":1612820617,"path_taken":["M","?","M","?","?","R","M","?","T","$","?","M","R","M","R","BOSS","M","?","?","?","?","R","M","M","T","$","M","?","R","?","R","BOSS"],"items_purchased_type":["Relic","Card","Relic"],"build_version":"2020-12-22","purchased_purges":1,"victory":false,"max_hp_per_floor":[75,75,75,75,75,75,75,80,80,80,80,80,80,80,80,80,80,80,80,80,80,80,80,80,80,80,80,80,80,80,80,80,80,80],"card_choices":[{"not_picked":["hermit:Brawl","hermit:Gestalt"],"picked":"hermit:Maintenance","floor":1},{"not_picked":["hermit:WideOpen","hermit:Snipe"],"picked":"hermit:BodyArmor","floor":3},{"not_picked":["hermit:Ricochet","hermit:Manifest","hermit:LowProfile"],"picked":"SKIP","floor":7},{"not_picked":["hermit:Snipe","hermit:Combo"],"picked":"hermit:Grudge","floor":12},{"not_picked":["hermit:ItchyTrigger","hermit:Snipe"],"picked":"hermit:Desperado","floor":14},{"not_picked":["hermit:Purgatory","hermit:BlackWind"],"picked":"hermit:FromBeyond","floor":16},{"not_picked":["hermit:TrackingShot","hermit:Vantage","hermit:DeadMansHand"],"picked":"SKIP","floor":18},{"not_picked":["hermit:Coalescence+1","hermit:Misfire"],"picked":"hermit:Glare","floor":24},{"not_picked":["hermit:Dive","hermit:Headshot"],"picked":"hermit:ShadowCloak","floor":25},{"not_picked":["hermit:HeroicBravado","hermit:HoleUp"],"picked":"hermit:Quickdraw","floor":28},{"not_picked":["hermit:Dive","hermit:Horror+1"],"picked":"hermit:Quickdraw","floor":31}],"player_experience":254194,"relics_obtained":[{"floor":9,"key":"Orichalcum"},{"floor":11,"key":"Anchor"},{"floor":26,"key":"Meat on the Bone"}],"event_choices":[{"damage_healed":0,"gold_gain":0,"player_choice":"Entered Light","damage_taken":15,"max_hp_gain":0,"max_hp_loss":0,"event_name":"Shining Light","floor":2,"gold_loss":0,"cards_upgraded":["hermit:Defend_Hermit","hermit:Snapshot"]},{"damage_healed":0,"gold_gain":75,"player_choice":"Gather Gold","damage_taken":11,"max_hp_gain":0,"max_hp_loss":0,"event_name":"World of Goop","floor":4,"gold_loss":0},{"damage_healed":0,"gold_gain":0,"player_choice":"Opened","damage_taken":0,"relics_obtained":["Lantern"],"max_hp_gain":0,"max_hp_loss":0,"event_name":"The Mausoleum","floor":19,"gold_loss":0,"cards_obtained":["Writhe"]},{"damage_healed":0,"gold_gain":0,"player_choice":"Inject Mutagens","damage_taken":0,"relics_obtained":["MutagenicStrength"],"max_hp_gain":0,"max_hp_loss":0,"event_name":"Drug Dealer","floor":20,"gold_loss":0},{"damage_healed":0,"gold_gain":0,"player_choice":"Ignored","damage_taken":0,"max_hp_gain":0,"max_hp_loss":0,"event_name":"Vampires","floor":21,"gold_loss":0},{"cards_removed":["Writhe"],"damage_healed":0,"gold_gain":0,"player_choice":"Gave Gold","damage_taken":0,"max_hp_gain":0,"max_hp_loss":0,"event_name":"Beggar","floor":22,"gold_loss":75},{"damage_healed":0,"gold_gain":0,"player_choice":"Got Potions","damage_taken":0,"max_hp_gain":0,"max_hp_loss":0,"event_name":"Lab","floor":29,"gold_loss":0}],"is_beta":false,"boss_relics":[{"not_picked":["SlaversCollar","Runic Pyramid"],"picked":"expansioncontent:StudyCardRelic"}],"items_purged_floors":[10],"is_endless":false,"potions_floor_spawned":[1,12,18,24],"killed_by":"Automaton","ascension_level":0}}