{"host":"m7jrdcbl89w2s34c","time":1612817270,"event":{"mods":["AchievementEnabler","BaseMod","Bestiary","Block Reminder","Colored Map","Colored Powertips","Minty Spire (QoL Compilation)","Permanent Neow","Relic Stats","StSLib"],"gold_per_floor":[117,117,117,134,99,99,130,30,104,130,130,163,6,68,68,143,143,158,32,32,32,32,32,50,62,88,88,123,123,156,166,166,239,239,257,257,257,272,287,314,314,314,314,11,23,76,106,27,27,27],"floor_reached":51,"language":"ENG","playtime":5244,"items_purged":["Clumsy"],"score":1390,"play_id":"19ff8738-ebc5-4e5f-999b-7de98ae8c3f1","local_time":"20210208214750","is_ascension_mode":true,"campfire_choices":[{"floor":6,"key":"REST"},{"floor":11,"key":"REST"},{"floor":15,"key":"REST"},{"data":"Defragment","floor":23,"key":"SMITH"},{"data":"Sunder","floor":27,"key":"SMITH"},{"floor":29,"key":"REST"},{"data":"Seek","floor":32,"key":"SMITH"},{"data":"Defragment","floor":42,"key":"SMITH"},{"data":"Loop","floor":49,"key":"SMITH"}],"circlet_count":0,"master_deck":["AscendersBane","Strike_B","Strike_B","Strike_B","Defend_B","Defend_B","Defend_B","Zap+1","Dualcast","Seek+1","Hello World+1","Steam+1","Conserve Battery+1","White Noise+1","Cold Snap","Sunder+1","Ball Lightning","Turbo+1","Machine Learning+1","Reinforced Body+1","Double Energy+1","Defragment+1","Hyperbeam","Compile Driver","Conserve Battery+1","Hologram+1","BootSequence+1","FTL","Leap+1","Core Surge","Hologram+1","Defragment+1","Leap+1","Cold Snap","Panacea+1","Fusion+1","Conserve Battery+1","Double Energy+1","Hologram+1","Coolheaded+1","Loop+1"],"relics":["Cracked Core","Toxic Egg 2","Nunchaku","Darkstone Periapt","Gambling Chip","Ornamental Fan","Ancient Tea Set","Pear","Inserter","Lantern","Bag of Marbles","Bag of Preparation","Cursed Key","Boot","Cables","Anchor","Bird Faced Urn","MealTicket"],"acts_visited":["Exordium","TheCity","TheBeyond"],"potions_floor_usage":[7,12,28,33,40,40,50,50],"damage_taken":[{"damage":11,"enemies":"Jaw Worm","floor":1,"turns":5},{"damage":2,"enemies":"Small Slimes","floor":4,"turns":4},{"damage":24,"enemies":"Gremlin Nob","floor":7,"turns":4},{"damage":16,"enemies":"3 Sentries","floor":10,"turns":9},{"damage":6,"enemies":"Gremlin Nob","floor":12,"turns":3},{"damage":14,"enemies":"Lagavulin Event","floor":14,"turns":5},{"damage":11,"enemies":"Hexaghost","floor":16,"turns":9},{"damage":5,"enemies":"3 Byrds","floor":18,"turns":6},{"damage":0,"enemies":"Spheric Guardian","floor":24,"turns":3},{"damage":1,"enemies":"Snake Plant","floor":25,"turns":4},{"damage":17,"enemies":"Slavers","floor":28,"turns":7},{"damage":0,"enemies":"Gremlin Leader","floor":30,"turns":8},{"damage":0,"enemies":"Centurion and Healer","floor":31,"turns":5},{"damage":5,"enemies":"Champ","floor":33,"turns":12},{"damage":0,"enemies":"Orb Walker","floor":35,"turns":4},{"damage":0,"enemies":"3 Shapes","floor":38,"turns":2},{"damage":0,"enemies":"Spire Growth","floor":39,"turns":5},{"damage":9,"enemies":"Reptomancer","floor":40,"turns":6},{"damage":4,"enemies":"Sphere and 2 Shapes","floor":45,"turns":4},{"damage":0,"enemies":"2 Orb Walkers","floor":46,"turns":4},{"damage":11,"enemies":"Giant Head","floor":47,"turns":8},{"damage":0,"enemies":"Time Eater","floor":50,"turns":18}],"seed_played":"3817695883875340564","potions_obtained":[{"floor":1,"key":"AttackPotion"},{"floor":10,"key":"DuplicationPotion"},{"floor":16,"key":"SpeedPotion"},{"floor":25,"key":"Dexterity Potion"},{"floor":28,"key":"LiquidMemories"},{"floor":33,"key":"PowerPotion"},{"floor":35,"key":"Block Potion"},{"floor":40,"key":"FocusPotion"},{"floor":47,"key":"DuplicationPotion"}],"is_trial":false,"path_per_floor":["M","?","?","M","?","R","E","$","T","E","R","E","$","?","R","B",null,"M","$","?","?","?","R","M","M","T","R","E","R","E","M","R","B",null,"M","?","?","M","M","E","?","R","T","$","M","?","E","$","R","B",null],"character_chosen":"DEFECT","items_purchased":["White Noise+1","Cold Snap","Ancient Tea Set","Double Energy+1","SkillPotion","Anchor","Fusion+1","Conserve Battery+1","Loop"],"campfire_rested":4,"item_purchase_floors":[8,8,13,19,19,44,44,44,48],"current_hp_per_floor":[53,35,14,12,29,50,26,26,26,10,31,25,25,21,45,34,69,64,64,64,64,58,58,58,57,57,57,40,64,64,64,64,59,76,76,76,76,76,76,67,67,67,73,73,69,69,68,83,83,87],"gold":27,"neow_bonus":"ONE_RANDOM_RARE_CARD","is_daily":false,"chose_seed":false,"campfire_upgraded":5,"win_rate":0.0,"timestamp":1612817270,"path_taken":["M","?","?","M","?","R","E","$","T","E","R","E","?","?","R","BOSS","M","$","?","?","?","R","?","M","T","R","E","R","E","M","R","BOSS","M","?","?","?","M","E","?","R","T","$","M","?","E","$","R","BOSS"],"items_purchased_type":["Card","Card","Relic","Card","Potion","Relic","Card","Card","Card"],"build_version":"2020-12-22","purchased_purges":1,"victory":true,"max_hp_per_floor":[71,71,71,71,71,71,71,71,71,71,71,71,71,81,81,81,81,81,81,81,81,81,81,81,81,81,81,81,81,81,81,81,81,81,81,81,81,81,81,81,81,81,87,87,87,87,87,87,87,87],"relic_stats":{"Darkstone Periapt":6,"Inserter":[46],"counters":[22,135],"Bag of Preparation":[20],"Cursed Key":1,"Boot":[8],"Cables":[34,13,21,0,0],"Nunchaku":[24],"Ornamental Fan":[148],"Gambling Chip":[53],"Bird Faced Urn":[14],"MealTicket":15,"obtain_stats":[{"Darkstone Periapt":9,"Lantern":26,"Pear":14,"Inserter":17,"Bag of Preparation":30,"Ancient Tea Set":13,"Cursed Key":34,"Boot":40,"Cables":43,"Nunchaku":7,"Anchor":44,"Ornamental Fan":12,"Gambling Chip":10,"Bird Faced Urn":46,"MealTicket":47,"Bag of Marbles":28,"Toxic Egg 2":2,"Cracked Core":0},{"Darkstone Periapt":3,"Lantern":10,"Pear":6,"Inserter":7,"Bag of Preparation":12,"Ancient Tea Set":5,"Cursed Key":14,"Boot":18,"Cables":18,"Nunchaku":3,"Anchor":18,"Ornamental Fan":5,"Gambling Chip":4,"Bird Faced Urn":20,"MealTicket":21,"Bag of Marbles":11,"Toxic Egg 2":1,"Cracked Core":0},{"Darkstone Periapt":13,"Lantern":52,"Pear":30,"Inserter":39,"Bag of Preparation":67,"Ancient Tea Set":25,"Cursed Key":84,"Boot":101,"Cables":101,"Nunchaku":13,"Anchor":101,"Ornamental Fan":25,"Gambling Chip":22,"Bird Faced Urn":109,"MealTicket":117,"Bag of Marbles":59,"Toxic Egg 2":5,"Cracked Core":0}]},"card_choices":[{"not_picked":["Melter","Gash"],"picked":"Hello World","floor":1},{"not_picked":["Leap+1","Barrage"],"picked":"Steam+1","floor":4},{"not_picked":["Streamline","Darkness+1"],"picked":"Conserve Battery+1","floor":7},{"not_picked":["Streamline","Reboot+1"],"picked":"Sunder","floor":10},{"not_picked":["Streamline","Lockon"],"picked":"Ball Lightning","floor":12},{"not_picked":["Heatsinks","Barrage"],"picked":"Turbo+1","floor":14},{"not_picked":["Meteor Strike","Amplify+1"],"picked":"Machine Learning","floor":16},{"not_picked":["FTL","Force Field+1"],"picked":"Reinforced Body+1","floor":18},{"not_picked":["Hologram+1","Sweeping Beam"],"picked":"Conserve Battery+1","floor":24},{"not_picked":["Cold Snap","Barrage+1"],"picked":"Hologram+1","floor":25},{"not_picked":["Hologram+1","Gash"],"picked":"BootSequence+1","floor":28},{"not_picked":["All For One","Barrage"],"picked":"FTL","floor":30},{"not_picked":["Gash","Barrage"],"picked":"Leap+1","floor":31},{"not_picked":["Electrodynamics","All For One"],"picked":"Core Surge","floor":33},{"not_picked":["Rip and Tear+1","Beam Cell"],"picked":"Hologram+1","floor":35},{"not_picked":["White Noise+1","Ball Lightning"],"picked":"Defragment","floor":38},{"not_picked":["Hello World","Force Field+1"],"picked":"Leap+1","floor":39},{"not_picked":["Turbo+1","Barrage+1"],"picked":"Cold Snap","floor":40},{"not_picked":["Good Instincts+1","Purity+1"],"picked":"Panacea+1","floor":41},{"not_picked":["Meteor Strike","Go for the Eyes"],"picked":"Double Energy+1","floor":45},{"not_picked":["Double Energy+1","Conserve Battery+1"],"picked":"Hologram+1","floor":46},{"not_picked":["Hologram+1","Self Repair+1"],"picked":"Coolheaded+1","floor":47}],"player_experience":259234,"relics_obtained":[{"floor":7,"key":"Nunchaku"},{"floor":9,"key":"Darkstone Periapt"},{"floor":10,"key":"Gambling Chip"},{"floor":12,"key":"Ornamental Fan"},{"floor":14,"key":"Pear"},{"floor":26,"key":"Lantern"},{"floor":28,"key":"Bag of Marbles"},{"floor":30,"key":"Bag of Preparation"},{"floor":40,"key":"Boot"},{"floor":43,"key":"Cables"},{"floor":46,"key":"Bird Faced Urn"},{"floor":47,"key":"MealTicket"}],"event_choices":[{"damage_healed":0,"gold_gain":0,"player_choice":"Success","damage_taken":18,"relics_obtained":["Toxic Egg 2"],"max_hp_gain":0,"max_hp_loss":0,"event_name":"Scrap Ooze","floor":2,"gold_loss":0},{"damage_healed":0,"gold_gain":0,"player_choice":"Entered Light","damage_taken":21,"max_hp_gain":0,"max_hp_loss":0,"event_name":"Shining Light","floor":3,"gold_loss":0,"cards_upgraded":["Hello World","Zap"]},{"damage_healed":17,"gold_gain":0,"player_choice":"Healed","damage_taken":0,"max_hp_gain":0,"max_hp_loss":0,"event_name":"The Cleric","floor":5,"gold_loss":35},{"damage_healed":0,"gold_gain":30,"player_choice":"Searched \u00272\u0027 times","damage_taken":0,"max_hp_gain":0,"max_hp_loss":0,"event_name":"Dead Adventurer","floor":14,"gold_loss":0},{"damage_healed":0,"gold_gain":0,"player_choice":"Read","damage_taken":0,"max_hp_gain":0,"max_hp_loss":0,"event_name":"The Library","floor":20,"gold_loss":0,"cards_obtained":["Defragment"]},{"damage_healed":0,"gold_gain":0,"cards_transformed":["Strike_B","Defend_B"],"player_choice":"Became Test Subject","damage_taken":0,"max_hp_gain":0,"max_hp_loss":0,"event_name":"Drug Dealer","floor":21,"gold_loss":0,"cards_obtained":["Hyperbeam","Compile Driver"]},{"damage_healed":0,"gold_gain":0,"player_choice":"","damage_taken":6,"max_hp_gain":0,"max_hp_loss":0,"event_name":"Knowing Skull","floor":22,"potions_obtained":[],"gold_loss":0,"cards_obtained":[]},{"damage_healed":0,"gold_gain":0,"player_choice":"Ignored","damage_taken":0,"max_hp_gain":0,"max_hp_loss":0,"event_name":"Tomb of Lord Red Mask","floor":36,"gold_loss":0},{"damage_healed":0,"gold_gain":0,"player_choice":"Upgraded","damage_taken":0,"max_hp_gain":0,"max_hp_loss":0,"event_name":"Upgrade Shrine","floor":37,"gold_loss":0,"cards_upgraded":["Machine Learning"]},{"damage_healed":0,"gold_gain":0,"player_choice":"Memory 1","damage_taken":0,"max_hp_gain":0,"max_hp_loss":0,"event_name":"SensoryStone","floor":41,"gold_loss":0},{"damage_healed":0,"gold_gain":0,"player_choice":"Fight","damage_taken":0,"max_hp_gain":0,"max_hp_loss":0,"event_name":"Mysterious Sphere","floor":46,"gold_loss":0}],"is_beta":false,"boss_relics":[{"not_picked":["Busted Crown","Calling Bell"],"picked":"Inserter"},{"not_picked":["Tiny House","Coffee Dripper"],"picked":"Cursed Key"}],"items_purged_floors":[44],"is_endless":false,"potions_floor_spawned":[1,10,16,24,25,28,33,35,40,47],"ascension_level":15}}