{"host":"8is2j71l4wmybkoi","time":1612762459,"event":{"mods":["AchievementEnabler","BaseMod","Colored Map","Minty Spire (QoL Compilation)","Rare Cards Sparkle","StSLib","SuperFastMode"],"gold_per_floor":[11,11,31,48,48,74,74,101,101,101,115,133,9,28,28,104,104,115,65,82,97,97,128,128,128,152,152,162,176,91,122,122,196,196,206,156,170,120,138,138,11,11,11,11,46,64,0,35,35,35,35],"floor_reached":50,"language":"KOR","playtime":1942,"items_purged":["Strike_R","Strike_R","Defend_R","Defend_R","Cleave"],"score":1097,"play_id":"b46eca49-f7c8-4be7-8220-6d220cff6fe9","local_time":"20210208143419","is_ascension_mode":true,"campfire_choices":[{"data":"Shockwave","floor":7.0,"key":"SMITH"},{"data":"Fire Breathing","floor":10.0,"key":"SMITH"},{"data":"Carnage","floor":15.0,"key":"SMITH"},{"floor":24.0,"key":"REST"},{"data":"Pommel Strike","floor":27,"key":"SMITH"},{"floor":32,"key":"REST"},{"floor":40,"key":"RECALL"},{"floor":42,"key":"REST"},{"floor":49,"key":"REST"}],"circlet_count":0,"master_deck":["AscendersBane","Defend_R+1","Defend_R+1","Bash","Shockwave+1","Feel No Pain","Metallicize","Fire Breathing+1","Pommel Strike+1","Carnage+1","Dropkick","Offering","Juggernaut","Hemokinesis+1","Seeing Red","Shrug It Off","Impervious","Dropkick","Barricade","Fiend Fire","Power Through","Demon Form","Dark Embrace","Dual Wield+1","Sword Boomerang+1"],"relics":["Burning Blood","Lantern","HornCleat","Smiling Mask","Runic Cube","War Paint","Red Skull","Prayer Wheel","Pantograph","Fusion Hammer","Boot","Red Mask","Kunai"],"acts_visited":["Exordium","TheCity","TheBeyond"],"potions_floor_usage":[31,31,33,46,50],"damage_taken":[{"damage":8.0,"enemies":"Jaw Worm","floor":1.0,"turns":5.0},{"damage":4.0,"enemies":"2 Louse","floor":3.0,"turns":4.0},{"damage":10.0,"enemies":"Cultist","floor":4.0,"turns":5.0},{"damage":28.0,"enemies":"Gremlin Nob","floor":6.0,"turns":5.0},{"damage":18.0,"enemies":"3 Sentries","floor":8.0,"turns":9.0},{"damage":1.0,"enemies":"2 Fungi Beasts","floor":11.0,"turns":3.0},{"damage":2.0,"enemies":"Exordium Wildlife","floor":12.0,"turns":4.0},{"damage":0.0,"enemies":"Lots of Slimes","floor":14.0,"turns":1.0},{"damage":22.0,"enemies":"Hexaghost","floor":16.0,"turns":8.0},{"damage":22.0,"enemies":"2 Thieves","floor":18.0,"turns":4.0},{"damage":12.0,"enemies":"3 Byrds","floor":20.0,"turns":3.0},{"damage":29.0,"enemies":"Shelled Parasite and Fungi","floor":21.0,"turns":7.0},{"damage":12.0,"enemies":"Gremlin Leader","floor":23.0,"turns":7.0},{"damage":8.0,"enemies":"Sentry and Sphere","floor":25.0,"turns":3.0},{"damage":15,"enemies":"Centurion and Healer","floor":28,"turns":5},{"damage":10,"enemies":"Snake Plant","floor":29,"turns":2},{"damage":10,"enemies":"Slavers","floor":31,"turns":5},{"damage":18,"enemies":"Champ","floor":33,"turns":10},{"damage":25,"enemies":"3 Darklings","floor":35,"turns":5},{"damage":8,"enemies":"Orb Walker","floor":37,"turns":3},{"damage":8,"enemies":"Jaw Worm Horde","floor":39,"turns":5},{"damage":36,"enemies":"Reptomancer","floor":45,"turns":8},{"damage":12,"enemies":"Maw","floor":46,"turns":5},{"damage":34,"enemies":"Nemesis","floor":48,"turns":9},{"damage":66,"enemies":"Awakened One","floor":50,"turns":8}],"seed_played":"-5279384742322313166","potions_obtained":[{"floor":1.0,"key":"Energy Potion"},{"floor":8.0,"key":"LiquidMemories"},{"floor":14.0,"key":"SpeedPotion"},{"floor":20.0,"key":"Fire Potion"},{"floor":23.0,"key":"SmokeBomb"},{"floor":29,"key":"Dexterity Potion"},{"floor":31,"key":"EssenceOfSteel"},{"floor":35,"key":"GamblersBrew"}],"is_trial":false,"path_per_floor":["M","?","M","M","?","E","R","E","T","R","M","M","$","M","R","B",null,"M","$","M","M","?","E","R","M","T","R","M","M","?","E","R","B",null,"M","$","M","$","M","R","$","R","T","?","E","M","?","E","R","B"],"character_chosen":"IRONCLAD","items_purchased":["Dropkick","Regen Potion"],"campfire_rested":4,"item_purchase_floors":[13,41],"current_hp_per_floor":[66,66,68,64,64,42,42,30,30,30,35,39,39,45,45,29,64,48,48,42,19,13,7,29,27,27,27,18,14,14,10,32,45,68,49,49,47,47,45,45,45,67,67,67,37,43,43,15,37,0,0],"gold":35,"neow_bonus":"REMOVE_TWO","is_daily":false,"chose_seed":false,"campfire_upgraded":4,"win_rate":0.0,"timestamp":1612762459,"path_taken":["M","?","M","M","?","E","R","E","T","R","M","M","$","M","R","BOSS","M","$","M","M","?","E","R","?","T","R","M","M","?","E","R","BOSS","M","$","M","$","M","R","$","R","T","?","E","?","?","E","R","BOSS"],"items_purchased_type":["Card","Potion"],"build_version":"2020-12-22","purchased_purges":5,"victory":false,"max_hp_per_floor":[75,75,75,75,75,75,75,75,75,75,75,75,75,75,75,75,75,75,75,75,75,75,75,75,75,75,75,75,75,75,75,75,75,75,75,75,75,75,75,75,75,75,75,75,75,75,75,75,75,75,75],"card_choices":[{"not_picked":["Rage","Flex"],"picked":"Shockwave","floor":1.0},{"not_picked":["Flex","Warcry"],"picked":"Cleave","floor":3.0},{"not_picked":["Thunderclap","Warcry","Entrench"],"picked":"SKIP","floor":4.0},{"not_picked":["Warcry","Flex"],"picked":"Metallicize","floor":6.0},{"not_picked":["True Grit","Evolve"],"picked":"Fire Breathing","floor":8.0},{"not_picked":["Battle Trance","Havoc"],"picked":"Pommel Strike","floor":11.0},{"not_picked":["Flex","Flame Barrier"],"picked":"Carnage","floor":12.0},{"not_picked":["Havoc","Flame Barrier"],"picked":"Offering","floor":14.0},{"not_picked":["Offering","Fiend Fire"],"picked":"Juggernaut","floor":16.0},{"not_picked":["Perfected Strike+1","Wild Strike+1"],"picked":"Hemokinesis+1","floor":18.0},{"not_picked":["Thunderclap","Fire Breathing","Cleave"],"picked":"SKIP","floor":20.0},{"not_picked":["Pummel","True Grit"],"picked":"Seeing Red","floor":21.0},{"not_picked":["True Grit+1","Bloodletting"],"picked":"Shrug It Off","floor":23.0},{"not_picked":["Armaments","Perfected Strike"],"picked":"Impervious","floor":28},{"not_picked":["Body Slam","Clothesline"],"picked":"Dropkick","floor":29},{"not_picked":["Sever Soul","Headbutt"],"picked":"Barricade","floor":31},{"not_picked":["Demon Form","Double Tap"],"picked":"Fiend Fire","floor":33},{"not_picked":["Cleave","Pommel Strike+1","Fire Breathing"],"picked":"SKIP","floor":35},{"not_picked":["Clash","Pommel Strike+1","Flex"],"picked":"SKIP","floor":35},{"not_picked":["Cleave","Thunderclap+1","Spot Weakness"],"picked":"SKIP","floor":37},{"not_picked":["Infernal Blade","Shrug It Off","Cleave"],"picked":"SKIP","floor":37},{"not_picked":["Iron Wave","Perfected Strike+1"],"picked":"Power Through","floor":39},{"not_picked":["Clothesline+1","Warcry"],"picked":"Demon Form","floor":39},{"not_picked":["Clash","Headbutt","Warcry"],"picked":"SKIP","floor":45},{"not_picked":["Perfected Strike","True Grit+1"],"picked":"Dual Wield+1","floor":46},{"not_picked":["Havoc","Headbutt","Twin Strike+1"],"picked":"SKIP","floor":46},{"not_picked":["True Grit","Feed"],"picked":"Sword Boomerang+1","floor":48}],"player_experience":1049008,"relics_obtained":[{"floor":6.0,"key":"Lantern"},{"floor":8.0,"key":"HornCleat"},{"floor":9.0,"key":"Smiling Mask"},{"floor":23.0,"key":"War Paint"},{"floor":26.0,"key":"Red Skull"},{"floor":31,"key":"Pantograph"},{"floor":45,"key":"Boot"},{"floor":48,"key":"Kunai"}],"event_choices":[{"damage_healed":0.0,"max_hp_gain":0.0,"max_hp_loss":0.0,"gold_gain":0.0,"cards_transformed":["Strike_R"],"event_name":"Living Wall","player_choice":"Change","floor":2.0,"gold_loss":0.0,"damage_taken":0.0,"cards_obtained":["Feel No Pain"]},{"damage_healed":0.0,"max_hp_gain":0.0,"max_hp_loss":0.0,"gold_gain":0.0,"event_name":"The Cleric","player_choice":"Leave","floor":5.0,"gold_loss":0.0,"damage_taken":0.0},{"damage_healed":0.0,"max_hp_gain":0.0,"max_hp_loss":0.0,"gold_gain":0.0,"event_name":"Knowing Skull","player_choice":"","floor":22.0,"potions_obtained":[],"gold_loss":0.0,"damage_taken":6.0,"cards_obtained":[]},{"damage_healed":0,"gold_gain":0,"player_choice":"Obtained Relic","damage_taken":0,"relics_obtained":["Prayer Wheel"],"max_hp_gain":0,"max_hp_loss":0,"event_name":"Addict","floor":30,"gold_loss":85},{"damage_healed":0,"gold_gain":0,"player_choice":"1 cards matched","damage_taken":0,"max_hp_gain":0,"max_hp_loss":0,"event_name":"Match and Keep!","floor":44,"gold_loss":0,"cards_obtained":["Dark Embrace"]},{"damage_healed":0,"gold_gain":0,"player_choice":"1 cards matched","damage_taken":0,"max_hp_gain":0,"max_hp_loss":0,"event_name":"Match and Keep!","floor":44,"gold_loss":0,"cards_obtained":["Dark Embrace"]},{"damage_healed":0,"gold_gain":0,"player_choice":"Paid","damage_taken":0,"relics_obtained":["Red Mask"],"max_hp_gain":0,"max_hp_loss":0,"event_name":"Tomb of Lord Red Mask","floor":47,"gold_loss":64}],"is_beta":false,"boss_relics":[{"not_picked":["Tiny House","Cursed Key"],"picked":"Runic Cube"},{"not_picked":["Philosopher\u0027s Stone","SacredBark"],"picked":"Fusion Hammer"}],"items_purged_floors":[13,19,36,38,41],"is_endless":false,"potions_floor_spawned":[1,8,14,20,23,29,31,35,45],"killed_by":"Awakened One","ascension_level":15}}