{"host":"6gwm7y0tp7acoxay","time":1612788972,"event":{"mods":["BaseMod","Colored Map","Keyboard Shortcuts","Minty Spire (QoL Compilation)","Quick Restart","StSLib","SuperFastMode","everything is the same but u backflip on backflip"],"gold_per_floor":[109,109,109,109,159,192,217,248,248,292,292,313,356,356,356,455,455,471,471,471,58,108,149,183,216,243,276,317,317,317,355,355,463,463,484,273,337,362,362,395,420,420,420,97,142,189,189,542,542,542,542,542,542,128,171,171],"floor_reached":57,"language":"KOR","playtime":1826,"items_purged":["Headbutt","Rage"],"score":3704,"play_id":"1f282a01-cc8b-417a-851f-f36bffd0c539","local_time":"20210208215612","daily_mods":["SealedDeck","Heirloom","Flight"],"is_ascension_mode":true,"campfire_choices":[{"floor":11.0,"key":"REST"},{"data":"Infernal Blade","floor":15.0,"key":"SMITH"},{"data":"Offering","floor":32.0,"key":"SMITH"},{"floor":42.0,"key":"RECALL"},{"data":"Barricade","floor":47.0,"key":"SMITH"},{"data":"Demon Form","floor":49.0,"key":"SMITH"},{"data":"Evolve","floor":53.0,"key":"SMITH"}],"circlet_count":0,"master_deck":["AscendersBane","Seeing Red","Infernal Blade+1","Shrug It Off","Armaments+1","Inflame","Uppercut","Second Wind","Evolve+1","Shockwave","True Grit","Offering+1","Sword Boomerang+1","Necronomicurse","Fire Breathing","Power Through","Body Slam+1","Immolate+1","Barricade+1","Demon Form+1","Battle Trance","Burning Pact"],"relics":["Burning Blood","Mango","Golden Idol","Oddly Smooth Stone","Molten Egg 2","Paper Frog","Turnip","The Courier","SlaversCollar","Necronomicon","Meat on the Bone","Bag of Preparation","Mercury Hourglass","White Beast Statue","Tiny Chest","CeramicFish","Dream Catcher","Potion Belt","MutagenicStrength","Bronze Scales","Black Star","Art of War","CaptainsWheel","Juzu Bracelet","Akabeko","Dead Branch","Question Card","Bag of Marbles","Mummified Hand","Centennial Puzzle","PreservedInsect","Nunchaku","Regal Pillow","Old Coin","Lizard Tail","Pear","Toy Ornithopter","Gremlin Horn","Ice Cream"],"acts_visited":["Exordium","TheCity","TheBeyond","TheEnding"],"potions_floor_usage":[56,56,56],"damage_taken":[{"damage":7.0,"enemies":"Jaw Worm","floor":1.0,"turns":3.0},{"damage":18.0,"enemies":"3 Sentries","floor":6.0,"turns":5.0},{"damage":4.0,"enemies":"Small Slimes","floor":7.0,"turns":3.0},{"damage":15.0,"enemies":"Lagavulin","floor":8.0,"turns":5.0},{"damage":25.0,"enemies":"Gremlin Nob","floor":10.0,"turns":4.0},{"damage":0.0,"enemies":"2 Louse","floor":12.0,"turns":4.0},{"damage":14.0,"enemies":"3 Sentries","floor":13.0,"turns":5.0},{"damage":19.0,"enemies":"The Guardian","floor":16.0,"turns":11.0},{"damage":8.0,"enemies":"3 Byrds","floor":18.0,"turns":2.0},{"damage":15.0,"enemies":"Book of Stabbing","floor":23.0,"turns":3.0},{"damage":6.0,"enemies":"Gremlin Leader","floor":24.0,"turns":4.0},{"damage":26.0,"enemies":"Slavers","floor":25.0,"turns":3.0},{"damage":6.0,"enemies":"Gremlin Leader","floor":27.0,"turns":3.0},{"damage":6.0,"enemies":"Book of Stabbing","floor":28.0,"turns":4.0},{"damage":6.0,"enemies":"Gremlin Leader","floor":31.0,"turns":4.0},{"damage":6.0,"enemies":"Collector","floor":33.0,"turns":4.0},{"damage":13.0,"enemies":"3 Darklings","floor":35.0,"turns":2.0},{"damage":6.0,"enemies":"2 Orb Walkers","floor":37.0,"turns":3.0},{"damage":12.0,"enemies":"Nemesis","floor":40.0,"turns":4.0},{"damage":6.0,"enemies":"Orb Walker","floor":41.0,"turns":1.0},{"damage":11.0,"enemies":"Reptomancer","floor":45.0,"turns":3.0},{"damage":6.0,"enemies":"Nemesis","floor":46.0,"turns":3.0},{"damage":0.0,"enemies":"Reptomancer","floor":48.0,"turns":3.0},{"damage":6.0,"enemies":"Donu and Deca","floor":50.0,"turns":4.0},{"damage":19.0,"enemies":"Awakened One","floor":51.0,"turns":7.0},{"damage":0.0,"enemies":"Shield and Spear","floor":55.0,"turns":2.0},{"damage":31,"enemies":"The Heart","floor":56,"turns":6}],"seed_played":"6695265404920417425","potions_obtained":[{"floor":8.0,"key":"LiquidBronze"},{"floor":10.0,"key":"FairyPotion"},{"floor":18.0,"key":"AttackPotion"},{"floor":25.0,"key":"Block Potion"},{"floor":27.0,"key":"DistilledChaos"},{"floor":28.0,"key":"GamblersBrew"},{"floor":31.0,"key":"PowerPotion"},{"floor":33.0,"key":"Strength Potion"},{"floor":35.0,"key":"SteroidPotion"},{"floor":37.0,"key":"Swift Potion"},{"floor":40.0,"key":"DistilledChaos"},{"floor":55.0,"key":"BlessingOfTheForge"}],"is_trial":true,"path_per_floor":["M","?","?","?","?","E","M","E","T","E","R","M","E","?","R","B",null,"M","?","?","$","?","E","E","E","T","E","E","?","?","E","R","B",null,"M","$","?","T","?","E","M","R","T","$","E","E","R","E","R","B","B",null,"R","$","E","B",null],"character_chosen":"IRONCLAD","items_purchased":["Meat on the Bone","Bag of Preparation","Art of War","Bag of Marbles","Mummified Hand","Pear","ColorlessPotion","Toy Ornithopter","Burning Pact"],"campfire_rested":1,"item_purchase_floors":[21,21,36,44,44,54,54,54,54],"current_hp_per_floor":[81,81,63,63,63,51,53,44,44,25,49,55,47,47,47,34,69,67,67,46,46,46,49,49,41,41,53,53,53,53,53,53,53,74,67,67,67,67,67,61,61,61,61,61,56,56,56,62,62,62,49,73,73,83,91,71],"gold":171,"neow_bonus":"","is_daily":false,"chose_seed":false,"campfire_upgraded":5,"win_rate":0.0,"timestamp":1612788972,"path_taken":["M","?","?","?","?","E","M","E","T","E","R","?","E","?","R","BOSS","M","?","?","$","?","E","E","E","T","E","E","?","?","E","R","BOSS","M","$","?","?","?","E","M","R","T","?","E","E","R","E","R","BOSS","BOSS","R","$","E","BOSS"],"items_purchased_type":["Relic","Relic","Relic","Relic","Relic","Relic","Potion","Relic","Card"],"build_version":"2020-12-22","purchased_purges":2,"victory":true,"max_hp_per_floor":[89,81,81,81,81,81,81,81,81,81,81,81,81,81,81,81,81,81,81,81,81,81,81,81,81,81,81,81,81,81,81,81,81,81,81,81,81,81,81,81,81,81,81,81,81,81,81,81,81,81,81,81,81,91,91,91],"card_choices":[{"not_picked":["Perfected Strike","Heavy Blade"],"picked":"Shockwave","floor":1.0},{"not_picked":["Body Slam+1","Wild Strike+1"],"picked":"Rage","floor":6.0},{"not_picked":["Armaments","Iron Wave+1","Inflame"],"picked":"SKIP","floor":7.0},{"not_picked":["Headbutt+1","Combust"],"picked":"True Grit","floor":8.0},{"not_picked":["Bloodletting","Seeing Red","Perfected Strike+1"],"picked":"SKIP","floor":10.0},{"not_picked":["Clash+1","Thunderclap+1","Hemokinesis+1"],"picked":"SKIP","floor":12.0},{"not_picked":["Rampage+1","Havoc","Blood for Blood+1"],"picked":"SKIP","floor":13.0},{"not_picked":["Barricade","Double Tap"],"picked":"Offering","floor":16.0},{"not_picked":["Sword Boomerang+1","Clash+1","Dual Wield"],"picked":"SKIP","floor":18.0},{"not_picked":["Clash+1","Dual Wield"],"picked":"Sword Boomerang+1","floor":18.0},{"not_picked":["Combust+1","Iron Wave+1"],"picked":"Fire Breathing","floor":23.0},{"not_picked":["Sword Boomerang+1","Shrug It Off"],"picked":"Power Through","floor":24.0},{"not_picked":["Shrug It Off","Body Slam+1","Fiend Fire+1"],"picked":"SKIP","floor":25.0},{"not_picked":["Shrug It Off","Fiend Fire+1"],"picked":"Body Slam+1","floor":25.0},{"not_picked":["Dark Embrace","True Grit","Infernal Blade"],"picked":"SKIP","floor":27.0},{"not_picked":["Second Wind","Dual Wield+1","Rage"],"picked":"SKIP","floor":28.0},{"not_picked":["Combust","Armaments","Iron Wave+1"],"picked":"SKIP","floor":31.0},{"not_picked":["Fiend Fire+1","Demon Form"],"picked":"Immolate+1","floor":33.0},{"not_picked":["Clash+1","Anger+1","Sword Boomerang+1"],"picked":"SKIP","floor":35.0},{"not_picked":["True Grit+1","Shrug It Off","Headbutt+1"],"picked":"SKIP","floor":40.0},{"not_picked":["Twin Strike+1","Armaments","Second Wind"],"picked":"SKIP","floor":41.0},{"not_picked":["Iron Wave+1","Uppercut+1","Armaments+1"],"picked":"Barricade","floor":45.0},{"not_picked":["Heavy Blade+1","True Grit","Twin Strike+1"],"picked":"Demon Form","floor":46.0},{"not_picked":["Ghostly Armor","Whirlwind+1","Battle Trance","Clash+1"],"picked":"SKIP","floor":48.0},{"not_picked":["Ghostly Armor","Whirlwind+1","Clash+1"],"picked":"Battle Trance","floor":48.0},{"not_picked":["Spot Weakness+1","Inflame+1","Rage","Flex"],"picked":"SKIP","floor":55.0}],"player_experience":4503175,"relics_obtained":[{"floor":6.0,"key":"Molten Egg 2"},{"floor":8.0,"key":"Paper Frog"},{"floor":10.0,"key":"Turnip"},{"floor":13.0,"key":"The Courier"},{"floor":20.0,"key":"Necronomicon"},{"floor":23.0,"key":"Mercury Hourglass"},{"floor":24.0,"key":"White Beast Statue"},{"floor":25.0,"key":"Tiny Chest"},{"floor":26.0,"key":"CeramicFish"},{"floor":27.0,"key":"Dream Catcher"},{"floor":28.0,"key":"Potion Belt"},{"floor":31.0,"key":"Bronze Scales"},{"floor":37.0,"key":"CaptainsWheel"},{"floor":38.0,"key":"Juzu Bracelet"},{"floor":40.0,"key":"Akabeko"},{"floor":40.0,"key":"Dead Branch"},{"floor":43.0,"key":"Question Card"},{"floor":45.0,"key":"Centennial Puzzle"},{"floor":45.0,"key":"PreservedInsect"},{"floor":46.0,"key":"Nunchaku"},{"floor":46.0,"key":"Regal Pillow"},{"floor":48.0,"key":"Old Coin"},{"floor":48.0,"key":"Lizard Tail"},{"floor":55.0,"key":"Gremlin Horn"},{"floor":55.0,"key":"Ice Cream"}],"event_choices":[{"damage_healed":0.0,"max_hp_gain":0.0,"max_hp_loss":8.0,"gold_gain":0.0,"event_name":"Golden Idol","player_choice":"Lose Max HP","floor":2.0,"gold_loss":0.0,"damage_taken":0.0,"relics_obtained":["Golden Idol"]},{"damage_healed":0.0,"max_hp_gain":0.0,"max_hp_loss":0.0,"gold_gain":0.0,"event_name":"Scrap Ooze","player_choice":"Success","floor":3.0,"gold_loss":0.0,"damage_taken":18.0,"relics_obtained":["Oddly Smooth Stone"]},{"damage_healed":0.0,"max_hp_gain":0.0,"max_hp_loss":0.0,"gold_gain":0.0,"event_name":"Living Wall","player_choice":"Grow","floor":4.0,"gold_loss":0.0,"damage_taken":0.0,"cards_upgraded":["Armaments"]},{"damage_healed":0.0,"max_hp_gain":0.0,"max_hp_loss":0.0,"gold_gain":50.0,"event_name":"Golden Shrine","player_choice":"Pray","floor":5.0,"gold_loss":0.0,"damage_taken":0.0},{"damage_healed":0.0,"max_hp_gain":0.0,"max_hp_loss":0.0,"gold_gain":0.0,"event_name":"Shining Light","player_choice":"Ignored","floor":14.0,"gold_loss":0.0,"damage_taken":0.0},{"damage_healed":0.0,"max_hp_gain":0.0,"max_hp_loss":0.0,"gold_gain":0.0,"event_name":"The Mausoleum","player_choice":"Ignored","floor":19.0,"gold_loss":0.0,"damage_taken":0.0},{"damage_healed":0.0,"max_hp_gain":0.0,"max_hp_loss":0.0,"gold_gain":0.0,"event_name":"Cursed Tome","player_choice":"Obtained Book","floor":20.0,"gold_loss":0.0,"damage_taken":21.0},{"damage_healed":0.0,"max_hp_gain":0.0,"max_hp_loss":0.0,"gold_gain":50.0,"event_name":"Nest","player_choice":"Stole From Cult","floor":22.0,"gold_loss":0.0,"damage_taken":0.0},{"damage_healed":0.0,"max_hp_gain":0.0,"max_hp_loss":0.0,"gold_gain":0.0,"event_name":"Drug Dealer","player_choice":"Inject Mutagens","floor":29.0,"gold_loss":0.0,"damage_taken":0.0,"relics_obtained":["MutagenicStrength"]},{"cards_removed":["Wild Strike"],"damage_healed":0.0,"max_hp_gain":0.0,"max_hp_loss":0.0,"gold_gain":0.0,"event_name":"Back to Basics","player_choice":"Elegance","floor":30.0,"gold_loss":0.0,"damage_taken":0.0},{"damage_healed":0.0,"max_hp_gain":0.0,"max_hp_loss":0.0,"gold_gain":0.0,"event_name":"Mysterious Sphere","player_choice":"Fight","floor":37.0,"gold_loss":0.0,"damage_taken":0.0},{"damage_healed":0.0,"max_hp_gain":0.0,"max_hp_loss":0.0,"gold_gain":0.0,"event_name":"SecretPortal","player_choice":"Ignored","floor":39.0,"gold_loss":0.0,"damage_taken":0.0}],"is_beta":false,"boss_relics":[{"not_picked":["Sozu","Coffee Dripper"],"picked":"SlaversCollar"},{"not_picked":["Empty Cage","Busted Crown"],"picked":"Black Star"}],"items_purged_floors":[21,36],"is_endless":false,"potions_floor_spawned":[8,10,13,16,18,25,27,28,31,33,35,37,40,41,45,46,48,55],"ascension_level":20}}