{"host":"8iaoobhpyvel1t4g","time":1612778761,"event":{"mods":["Aspiration","BaseMod","Beaked The Cultist","Clawfect","Colored Map","Conspire","Energized Spire","Friendly Minions","Glutton Mod","Halation","Highlight Path","Hubris","Infinite Spire","Jedi Mod","Minty Spire (QoL Compilation)","Permanent Neow","Quick Restart","Replay The Spire","Shop Mod","StSLib","SuperFastMode","The Jungle"],"gold_per_floor":[110,110,124,124,144,144,194,194,194,221,221,251,301,328,328,438,438,466,242,242,314,364,475,475,507,507,540,555,555],"floor_reached":28,"language":"ENG","playtime":1499,"items_purged":["Voices"],"score":239,"play_id":"c8ac3ce1-6ca7-4fba-be66-f25b3665d4fd","local_time":"20210208050601","is_ascension_mode":false,"campfire_choices":[{"data":"Glutton:Clot","floor":6,"key":"SMITH"},{"data":"Glutton:PainMeditation","floor":8,"key":"SMITH"},{"data":"Neutralize","floor":15,"key":"SMITH"},{"data":"Glutton:Torment","floor":24,"key":"SMITH"}],"circlet_count":0,"master_deck":["Glutton:Strike","Glutton:Defend","Glutton:Defend","Glutton:Defend","Glutton:Fever","Glutton:Clot+1","Survivor","Neutralize+1","Glutton:Mug","Glutton:PainMeditation+1","Glutton:Bite","Spot Weakness","Glutton:Slam","Glutton:Treasure","Glutton:Toxicity","Glutton:Toxicity","Glutton:Devour","Glutton:LashOut","conspire:NecroticWound","Glutton:Torment+1","ReplayTheSpireMod:Whispers of Evil","Glutton:Treat","Glutton:KneeJerk+1"],"relics":["m_ByrdBlood","energizedSpire:RedRose","conspire:RunicOctahedron","infinitespire:Cubic Diamond","halation:Pancakes","halation:OrihimeAndHikoboshiSamaAndTears","Ring of Greed","hubris:MobiusCoin","Blue Doll","Ring of Fangs","halation:Prosthetics","Lee\u0027s Waffle","Shovel","theJungle:SpiritDisease","infinitespire:PuzzleCube","Spirit Poop"],"acts_visited":["Exordium","theJungle:Jungle"],"potions_floor_usage":[3,14,21,25,27],"damage_taken":[{"damage":29,"enemies":"Jaw Worm","floor":1,"turns":3},{"damage":16,"enemies":"2 Louse","floor":3,"turns":3},{"damage":13,"enemies":"Small Slimes","floor":5,"turns":4},{"damage":88,"enemies":"Lagavulin","floor":7,"turns":10},{"damage":21,"enemies":"Exordium Wildlife","floor":10,"turns":4},{"damage":20,"enemies":"Blue Slaver","floor":12,"turns":4},{"damage":11,"enemies":"Looter","floor":14,"turns":2},{"damage":84,"enemies":"The Guardian","floor":16,"turns":7},{"damage":45,"enemies":"theJungle:MUSHROOMGANG","floor":18,"turns":4},{"damage":40,"enemies":"theJungle:Flameango_and_Byrd","floor":21,"turns":4},{"damage":43,"enemies":"Nightmare","floor":23,"turns":5},{"damage":53,"enemies":"theJungle:2_Snecko_Cultists","floor":25,"turns":4},{"damage":37,"enemies":"theJungle:2_Flameangoes","floor":27,"turns":6},{"damage":32,"enemies":"theJungle:2_Phrogs","floor":28,"turns":4}],"seed_played":"4086723463289166660","potions_obtained":[{"floor":1,"key":"jedi:tentaclejuice"},{"floor":12,"key":"Block Potion"},{"floor":16,"key":"Explosive Potion"},{"floor":23,"key":"Energy Potion"},{"floor":25,"key":"DistilledChaos"}],"is_trial":false,"path_per_floor":["M","?","M","?","M","R","E","R","T","M","?","M","?","M","R","B",null,"M","$","?","M","?","NM","R","M","T","M","E"],"character_chosen":"GLUTTON","items_purchased":["Glutton:Toxicity","Lee\u0027s Waffle","Glutton:Devour"],"campfire_rested":0,"item_purchase_floors":[19,19,19],"current_hp_per_floor":[91,91,90,90,94,94,97,97,97,96,96,99,99,115,115,80,91,65,99,75,60,60,50,50,30,30,20,0,0],"gold":555,"neow_bonus":"DOUBLE_BOSS_RELIC","is_daily":false,"chose_seed":false,"campfire_upgraded":4,"win_rate":0.0,"timestamp":1612778761,"path_taken":["M","?","M","?","M","R","E","R","T","M","?","?","?","?","R","BOSS","M","$","?","M","?","NM","R","M","T","M","E"],"items_purchased_type":["Card","Relic","Card"],"build_version":"2020-12-22","purchased_purges":1,"victory":false,"max_hp_per_floor":[120,120,120,120,121,121,122,122,122,123,123,124,124,125,125,126,91,92,99,99,100,100,102,102,103,103,104,104,104],"card_choices":[{"not_picked":["Glutton:Borborygmi","Glutton:Misery"],"picked":"Glutton:Fever","floor":1},{"not_picked":["Massacre","beaked:DigDeeper"],"picked":"Glutton:Clot","floor":3},{"not_picked":["Glutton:Rest","Glutton:Thrombosis"],"picked":"Glutton:Mug","floor":5},{"not_picked":["Glutton:Overreach","Glutton:Feed"],"picked":"Glutton:PainMeditation","floor":7},{"not_picked":["Glutton:Misery","Glutton:Brace"],"picked":"Glutton:Bite","floor":10},{"not_picked":["Glutton:Clot","Glutton:Autotomy"],"picked":"Spot Weakness","floor":12},{"not_picked":["Glutton:SelfFlagellate","Glutton:Feast"],"picked":"Glutton:Slam","floor":14},{"not_picked":["Glutton:Avarice","Feed"],"picked":"Glutton:Treasure","floor":16},{"not_picked":["Glutton:Masochism","Glutton:BellySlam","Glutton:KneeJerk+1"],"picked":"SKIP","floor":18},{"not_picked":["Glutton:Slam+1","Glutton:GuardStance+1"],"picked":"Glutton:LashOut","floor":21},{"not_picked":["Glutton:Vitality","Glutton:BloodyKnuckle"],"picked":"Glutton:Torment","floor":23},{"not_picked":["Glutton:ToxicResidue+1","Glutton:Throb"],"picked":"Glutton:Treat","floor":25},{"not_picked":["Glutton:Borborygmi+1","Glutton:Regurgitate+1"],"picked":"Glutton:KneeJerk+1","floor":27}],"player_experience":318582,"relics_obtained":[{"floor":7,"key":"halation:Pancakes"},{"floor":9,"key":"halation:OrihimeAndHikoboshiSamaAndTears"},{"floor":13,"key":"Ring of Greed"},{"floor":13,"key":"hubris:MobiusCoin"},{"floor":13,"key":"Blue Doll"},{"floor":13,"key":"Ring of Fangs"},{"floor":23,"key":"infinitespire:PuzzleCube"},{"floor":26,"key":"Spirit Poop"}],"event_choices":[{"cards_removed":["Glutton:Strike"],"damage_healed":0,"gold_gain":0,"player_choice":"Forget","damage_taken":0,"max_hp_gain":0,"max_hp_loss":0,"event_name":"Living Wall","floor":11,"gold_loss":0}],"is_beta":false,"boss_relics":[{"not_picked":["hubris:Backtick","hubris:Stopwatch"],"picked":"halation:Prosthetics"}],"items_purged_floors":[19],"is_endless":true,"potions_floor_spawned":[1,12,16,23,25],"killed_by":"theJungle:2_Phrogs","ascension_level":0}}