{"host":"684z1xpuwaoqmmh1","time":1612809197,"event":{"mods":["A Magickal Journey","BaseMod","Downfall","Hermit","Jorbs\u0027s Wanderer Trilogy","Marisa????????","Minty Spire (QoL Compilation)","Robot Space Explorer","Shade Mod","StSLib","The Bug Knight","The Dragon Tamer","The Elementalist","The Hayseed","The Hierophant","The Marked","The Mystic","The Runesmith","The Saiyan","The Senshi","The Spell Scribe","The Vixen","TheBandit","TheFirefly"],"gold_per_floor":[114,289,307,382,65,65,96,110,178,178,192,16,16,26,26,101,101,111,124,34,52,72,72,97,97,397,397,424,443,476,406,406,478,478,492,511,160,175,175,205,205,237,264,299,310,324,341,341,341,341,341,341,79,113,113,113],"floor_reached":55,"language":"ENG","playtime":4268,"items_purged":["Doubt","theSenshi:SailorBlock"],"score":1341,"play_id":"e25ba375-ff0b-4021-bada-94ba8ce1d476","local_time":"20210208203317","is_ascension_mode":true,"campfire_choices":[{"data":"theSenshi:MoonlightKnight","floor":6,"key":"SMITH"},{"data":"theSenshi:MoonTwilightFlash","floor":10,"key":"SMITH"},{"data":"theSenshi:SailorNeptuneAssists","floor":15,"key":"SMITH"},{"data":"theSenshi:SailorStarHealerAssists","floor":23,"key":"SMITH"},{"data":"theSenshi:CrisisMakeUp","floor":25,"key":"SMITH"},{"data":"theSenshi:MoonEternalMakeUp","floor":27,"key":"SMITH"},{"data":"theSenshi:IWillPunishYou","floor":32,"key":"SMITH"},{"floor":41,"key":"RECALL"},{"data":"1","floor":49,"key":"LIFT"},{"data":"theSenshi:MoonPrincessHalation","floor":52,"key":"SMITH"}],"circlet_count":0,"master_deck":["AscendersBane","theSenshi:SailorKick","theSenshi:SailorKick","theSenshi:SailorBlock+1","theSenshi:SailorBlock","theSenshi:SailorBlock","theSenshi:RoseThrow","theSenshi:MoonPrismPowerMakeUp","theSenshi:MoonlightKnight+1","theSenshi:GatheringStrength","theSenshi:MoonTiaraMagic+1","theSenshi:SailorV+1","theSenshi:MoonTwilightFlash+1","theSenshi:SailorNeptuneAssists+1","theSenshi:MoonsReflection","theSenshi:SaturnsMystery+1","theSenshi:MoonEternalMakeUp+1","theSenshi:SailorVenusAssists+1","theSenshi:SailorStarHealerAssists+1","theSenshi:SailorJupiterAssists+1","theSenshi:MoonCosmicPowerMakeUp+1","theSenshi:CrisisMakeUp+1","theSenshi:MoonPrincessHalation+1","theSenshi:IWillPunishYou+1","theSenshi:SilverCrystal+1","theSenshi:MoonPunch","theSenshi:SailorChibiMoonAssists","theSenshi:SailorMercuryAssists","theSenshi:SailorPlanetAttack+1","Parasite","theSenshi:FatedKiss","Parasite","theSenshi:TuxedoMaskAssists","Dramatic Entrance","theSenshi:TallSilhouette"],"relics":["theSenshi:TransformationBroochRelic","theSenshi:HolyGrailRelic","Runesmith:AutoHammer","Mercury Hourglass","theSenshi:CosmicHeartCompactRelic","Sozu","Guardian:GemstoneGun","Old Coin","Pen Nib","Dream Catcher","Girya","Black Star","Sundial","Darkstone Periapt","Bottled Flame","Incense Burner","War Paint","Shuriken","Ginger","Pear","Nunchaku","Whetstone"],"acts_visited":["Exordium","TheCity","TheBeyond","TheEnding"],"potions_floor_usage":[55,55],"damage_taken":[{"damage":0,"enemies":"Cultist","floor":1,"turns":6},{"damage":10,"enemies":"Jaw Worm","floor":3,"turns":9},{"damage":12,"enemies":"Lagavulin","floor":7,"turns":11},{"damage":0,"enemies":"Small Slimes","floor":8,"turns":3},{"damage":19,"enemies":"Exordium Thugs","floor":11,"turns":4},{"damage":2,"enemies":"Lots of Slimes","floor":14,"turns":3},{"damage":41,"enemies":"Slime Boss","floor":16,"turns":12},{"damage":23,"enemies":"Spheric Guardian","floor":18,"turns":7},{"damage":12,"enemies":"Chosen","floor":19,"turns":6},{"damage":18,"enemies":"Shelled Parasite and Fungi","floor":21,"turns":7},{"damage":21,"enemies":"3 Cultists","floor":22,"turns":6},{"damage":1,"enemies":"HollowMod:Nosk","floor":24,"turns":10},{"damage":41,"enemies":"Slavers","floor":28,"turns":7},{"damage":0,"enemies":"Snecko","floor":29,"turns":7},{"damage":24,"enemies":"Book of Stabbing","floor":30,"turns":6},{"damage":44,"enemies":"Automaton","floor":33,"turns":11},{"damage":4,"enemies":"Orb Walker","floor":35,"turns":4},{"damage":1,"enemies":"3 Darklings","floor":36,"turns":7},{"damage":15,"enemies":"4 Shapes","floor":38,"turns":13},{"damage":42,"enemies":"Nemesis","floor":40,"turns":10},{"damage":62,"enemies":"Giant Head","floor":42,"turns":10},{"damage":48,"enemies":"Reptomancer","floor":44,"turns":10},{"damage":0,"enemies":"Jaw Worm Horde","floor":45,"turns":4},{"damage":14,"enemies":"Writhing Mass","floor":46,"turns":8},{"damage":0,"enemies":"Sphere and 2 Shapes","floor":47,"turns":6},{"damage":94,"enemies":"Time Eater","floor":50,"turns":18},{"damage":97,"enemies":"Shield and Spear","floor":54,"turns":10},{"damage":46,"enemies":"The Heart","floor":55,"turns":2}],"seed_played":"3356135251922529968","potions_obtained":[{"floor":1,"key":"Strength Potion"},{"floor":8,"key":"Strength Potion"}],"is_trial":false,"path_per_floor":["M","?","M","?","$","R","E","M","T","R","M","$","?","M","R","B",null,"M","M","?","M","M","R","E","R","T","R","E","M","E","?","R","B",null,"M","M","$","M","?","E","R","E","T","E","M","M","M","?","R","B",null,"R","$","E","B"],"character_chosen":"THE_SENSHI","items_purchased":["theSenshi:HolyGrailRelic","theSenshi:CosmicHeartCompactRelic","theSenshi:MoonsReflection","Sundial","Pear"],"campfire_rested":0,"item_purchase_floors":[5,12,12,37,53],"current_hp_per_floor":[68,68,58,47,47,47,35,35,35,35,16,16,21,19,19,13,63,55,58,58,62,66,66,79,79,79,79,56,72,73,73,73,46,72,78,80,80,80,80,69,69,23,23,10,31,48,58,64,64,13,72,72,82,15,0,0],"gold":113,"neow_bonus":"TRANSFORM_CARD","is_daily":false,"chose_seed":false,"campfire_upgraded":8,"win_rate":0.0,"timestamp":1612809197,"path_taken":["M","?","M","?","$","R","E","M","T","R","M","$","?","M","R","BOSS","M","M","?","M","M","R","E","R","T","R","E","?","E","?","R","BOSS","M","M","$","?","?","E","R","E","T","E","?","M","?","?","R","BOSS","R","$","E","BOSS"],"items_purchased_type":["Relic","Relic","Card","Relic","Relic"],"build_version":"2020-12-22","purchased_purges":2,"victory":false,"max_hp_per_floor":[75,75,75,75,75,75,75,75,75,75,75,75,80,80,80,80,80,80,80,80,80,80,80,80,80,80,80,80,80,80,80,80,80,80,80,80,80,80,80,80,80,80,80,80,80,86,86,92,92,92,92,92,102,102,102,102],"card_choices":[{"not_picked":["theSenshi:YouCanTalk","theSenshi:SailorVenusAssists"],"picked":"theSenshi:GatheringStrength","floor":1},{"not_picked":["theSenshi:EncouragingSpeech","theSenshi:SupersonicWaves"],"picked":"theSenshi:MoonTiaraMagic","floor":3},{"not_picked":["theSenshi:SailorPlanetAttack","theSenshi:HesSoDreamy"],"picked":"theSenshi:SailorV","floor":7},{"not_picked":["theSenshi:EncouragingSpeech","theSenshi:SchoolBag"],"picked":"theSenshi:MoonTwilightFlash","floor":8},{"not_picked":["theSenshi:MoonsReflection","theSenshi:SailorMarsAssists"],"picked":"theSenshi:SailorNeptuneAssists","floor":11},{"not_picked":["theSenshi:LunasBite","theSenshi:NeptunesGrace"],"picked":"theSenshi:SaturnsMystery","floor":14},{"not_picked":["theSenshi:InTheNameOfTheMoon","theSenshi:SailorPlutoAssists"],"picked":"theSenshi:MoonEternalMakeUp","floor":16},{"not_picked":["theSenshi:RainbowMoonHeartAche","theSenshi:LateForSchool"],"picked":"theSenshi:SailorVenusAssists","floor":18},{"not_picked":["theSenshi:MoonTiaraMagic","theSenshi:MoonPower"],"picked":"theSenshi:SailorStarHealerAssists","floor":19},{"not_picked":["theSenshi:TuxedoSmokingBomber","theSenshi:SupersonicWaves"],"picked":"theSenshi:SailorJupiterAssists+1","floor":21},{"not_picked":["theSenshi:LunasBite","theSenshi:MoonKick"],"picked":"theSenshi:MoonCosmicPowerMakeUp+1","floor":22},{"not_picked":["theSenshi:TuxedoMaskAssists","theSenshi:SailorStarFighterAssists"],"picked":"theSenshi:CrisisMakeUp","floor":24},{"not_picked":["theSenshi:SailorStarMakerAssists+1","theSenshi:SailorPlanetPower","theSenshi:SupersonicWaves"],"picked":"SKIP","floor":28},{"not_picked":["theSenshi:SupersonicWaves","theSenshi:LunasBite"],"picked":"theSenshi:MoonPrincessHalation","floor":29},{"not_picked":["theSenshi:MoonsReflection","theSenshi:Sidestep"],"picked":"theSenshi:IWillPunishYou","floor":30},{"not_picked":["theSenshi:InTheNameOfTheMoon","theSenshi:SailorPlutoAssists"],"picked":"theSenshi:SilverCrystal","floor":33},{"not_picked":["theSenshi:SailorMarsAssists","theSenshi:LateForSchool"],"picked":"theSenshi:MoonPunch","floor":35},{"not_picked":["theSenshi:LunasBite","theSenshi:MoonSpiralHeartAttack"],"picked":"theSenshi:SailorChibiMoonAssists","floor":36},{"not_picked":["theSenshi:MoonPower","theSenshi:SailorVenusAssists","theSenshi:SupersonicWaves"],"picked":"SKIP","floor":38},{"not_picked":["theSenshi:MoonsReflection","theSenshi:SchoolBag"],"picked":"theSenshi:SailorMercuryAssists","floor":40},{"not_picked":["theSenshi:MoonTwilightFlash","theSenshi:GatheringStrength","theSenshi:SteeledNerves"],"picked":"SKIP","floor":42},{"not_picked":["theSenshi:HesSoDreamy","theSenshi:MoonsReflection+1","theSenshi:DramaticEntrance"],"picked":"SKIP","floor":44},{"not_picked":["theSenshi:SailorMercuryAssists","theSenshi:SupersonicWaves"],"picked":"theSenshi:SailorPlanetAttack+1","floor":45},{"not_picked":["theSenshi:MoonTiaraMagic","theSenshi:SailorMercuryAssists","theSenshi:MoonPower"],"picked":"SKIP","floor":46},{"not_picked":["theSenshi:Sidestep","theSenshi:TallSilhouette"],"picked":"theSenshi:FatedKiss","floor":47},{"not_picked":["theSenshi:MoonPrincessHalation","theSenshi:SailorVenusAssists"],"picked":"theSenshi:TallSilhouette","floor":54}],"player_experience":3207507,"relics_obtained":[{"floor":7,"key":"Runesmith:AutoHammer"},{"floor":9,"key":"Mercury Hourglass"},{"floor":24,"key":"Guardian:GemstoneGun"},{"floor":26,"key":"Old Coin"},{"floor":28,"key":"Pen Nib"},{"floor":30,"key":"Dream Catcher"},{"floor":40,"key":"Darkstone Periapt"},{"floor":40,"key":"Bottled Flame"},{"floor":42,"key":"Incense Burner"},{"floor":42,"key":"War Paint"},{"floor":44,"key":"Shuriken"},{"floor":44,"key":"Ginger"},{"floor":54,"key":"Nunchaku"},{"floor":54,"key":"Whetstone"}],"event_choices":[{"damage_healed":0,"gold_gain":175,"player_choice":"AGREE","damage_taken":0,"max_hp_gain":0,"max_hp_loss":0,"event_name":"Liars Game","floor":2,"gold_loss":0,"cards_obtained":["Doubt"]},{"damage_healed":0,"gold_gain":75,"player_choice":"Gather Gold","damage_taken":11,"max_hp_gain":0,"max_hp_loss":0,"event_name":"World of Goop","floor":4,"gold_loss":0},{"damage_healed":0,"gold_gain":0,"player_choice":"Donut","damage_taken":0,"max_hp_gain":5,"max_hp_loss":0,"event_name":"Big Fish","floor":13,"gold_loss":0},{"cards_removed":["theSenshi:SailorKick"],"damage_healed":0,"gold_gain":0,"player_choice":"Upgrade and Remove","damage_taken":0,"max_hp_gain":0,"max_hp_loss":0,"event_name":"Designer","floor":20,"gold_loss":90,"cards_upgraded":["theSenshi:MoonTiaraMagic"]},{"damage_healed":0,"gold_gain":0,"player_choice":"Paid Gold","damage_taken":0,"relics_obtained":["Girya"],"max_hp_gain":0,"max_hp_loss":0,"event_name":"WeMeetAgain","floor":31,"gold_loss":70},{"damage_healed":0,"gold_gain":0,"player_choice":"Upgraded","damage_taken":0,"max_hp_gain":0,"max_hp_loss":0,"event_name":"Upgrade Shrine","floor":39,"gold_loss":0,"cards_upgraded":["theSenshi:SilverCrystal"]},{"damage_healed":0,"gold_gain":0,"player_choice":"3 cards matched","damage_taken":0,"max_hp_gain":0,"max_hp_loss":0,"event_name":"Match and Keep!","floor":48,"gold_loss":0,"cards_obtained":["Parasite","theSenshi:TuxedoMaskAssists","Dramatic Entrance"]}],"is_beta":false,"boss_relics":[{"not_picked":["Ectoplasm","SlaversCollar"],"picked":"Sozu"},{"not_picked":["Runesmith:UraniumAnvil","Pandora\u0027s Box"],"picked":"Black Star"}],"items_purged_floors":[5,37],"is_endless":false,"potions_floor_spawned":[1,8,22,29,30,42,44,46,47,54],"killed_by":"The Heart","ascension_level":13}}