{"host":"4h8o09gisu0rxdvb","time":1612754088,"event":{"mods":["BaseMod","Better Third Choice","Downfall","Hermit","Minty Spire (QoL Compilation)","Reliquary","StSLib","The Construct","The Death Knight","The Hierophant","The Runesmith"],"gold_per_floor":[99,111,123,223,323,323,376,390,390,390,390],"floor_reached":9,"language":"ENG","playtime":971,"items_purged":[],"score":51,"play_id":"1603c46e-d426-400c-8a91-4f052705eb59","local_time":"20210207221448","is_ascension_mode":false,"campfire_choices":[{"data":"champ:Taunt","floor":1,"key":"SMITH"},{"floor":6,"key":"REST"}],"circlet_count":0,"master_deck":["champ:Strike","champ:Strike","champ:Strike","champ:Strike","champ:Defend","champ:Defend","champ:Defend","champ:Defend","champ:Execute","champ:Taunt+1","champ:FaceSlap","champ:Endure","champ:Circumvent","champ:ArenaPreparation"],"relics":["champ:ChampionCrown","downfall:CloakOfManyFaces","CultistMask","FaceOfCleric","NlothsMask","GremlinMask","SsserpentHead"],"acts_visited":["Exordium"],"potions_floor_usage":[],"damage_taken":[{"damage":10,"enemies":"Small Slimes","floor":2,"turns":3},{"damage":11,"enemies":"Cultist","floor":3,"turns":3},{"damage":140,"enemies":"downfall:FaceTrader","floor":5,"turns":16},{"damage":30,"enemies":"Jaw Worm","floor":8,"turns":5},{"damage":51,"enemies":"3 Sentries","floor":9,"turns":10}],"seed_played":"-92231555490249070","potions_obtained":[{"floor":5,"key":"SkillPotion"},{"floor":8,"key":"champ:CounterPotion"}],"is_trial":false,"path_per_floor":["R","M","M","?","?","R","T","M","E"],"character_chosen":"THE_CHAMP","items_purchased":[],"campfire_rested":1,"item_purchase_floors":[],"current_hp_per_floor":[99,99,98,98,18,47,47,48,0,0,0],"gold":390,"neow_bonus":"TEN_PERCENT_HP_BONUS","is_daily":false,"chose_seed":false,"campfire_upgraded":1,"win_rate":0.0,"timestamp":1612754088,"path_taken":["R","M","M","?","?","R","T","M","E"],"items_purchased_type":[],"build_version":"2020-12-22","purchased_purges":0,"victory":false,"max_hp_per_floor":[99,99,99,99,99,99,99,100,100,100,100],"card_choices":[{"not_picked":["champ:PreciseThrust","champ:DefensiveShout"],"picked":"champ:FaceSlap","floor":2},{"not_picked":["champ:StanceDance","champ:GladiatorStyle"],"picked":"champ:Endure","floor":3},{"not_picked":["champ:FalseCounter","champ:TornadoPunch"],"picked":"champ:Circumvent","floor":5},{"not_picked":["champ:Backstep","champ:GladiatorStyle"],"picked":"champ:ArenaPreparation","floor":8}],"player_experience":518438,"relics_obtained":[{"floor":5,"key":"downfall:CloakOfManyFaces"}],"event_choices":[],"is_beta":false,"boss_relics":[],"items_purged_floors":[],"is_endless":false,"potions_floor_spawned":[5,8],"killed_by":"3 Sentries","ascension_level":0}}