{"host":"u25um2at8ivhxl8o","time":1612756761,"event":{"mods":["BaseMod","Colored Map","Downfall","Minty Spire (QoL Compilation)","StSLib"],"gold_per_floor":[118,118,118,118,293,293,333,356,356,356,356,356,374,54,54,175,175,189,189,189,210,225,225,259,284,284,302,302,84,84,123,123,249,249,263,263,200,218,218,218,253,178,178,178,194,194,194],"floor_reached":46,"language":"ENG","playtime":4442,"items_purged":["Doubt","Strike_G","Strike_G","Strike_G"],"score":735,"play_id":"b5a1dd94-7dca-45f5-a60d-fe8d13d4e426","local_time":"20210207195921","is_ascension_mode":true,"campfire_choices":[{"data":"Neutralize","floor":6,"key":"SMITH"},{"data":"Survivor","floor":10,"key":"SMITH"},{"data":"Defend_G","floor":12,"key":"SMITH"},{"data":"Bane","floor":15,"key":"SMITH"},{"floor":23,"key":"REST"},{"floor":28,"key":"REST"},{"data":"Footwork","floor":30,"key":"SMITH"},{"data":"Corpse Explosion","floor":32,"key":"SMITH"},{"floor":40,"key":"RECALL"},{"floor":44,"key":"REST"}],"circlet_count":0,"master_deck":["Strike_G","Strike_G","Defend_G","Defend_G+1","Defend_G","Defend_G","Defend_G","Neutralize+1","Bouncing Flask+1","Bane+1","Corpse Explosion+1","PiercingWail","Writhe","Cloak And Dagger+1","Footwork+1","Adrenaline","Calculated Gamble+1"],"relics":["Ring of the Serpent","NeowsBlessing","Golden Idol","Unceasing Top","Ninja Scroll","Gremlin Horn","Membership Card","Lantern","Pen Nib","Bag of Marbles","Eternal Feather","Pantograph","Singing Bowl","Busted Crown","CaptainsWheel","HornCleat"],"acts_visited":["Exordium","TheCity","TheBeyond"],"potions_floor_usage":[16,16,31,31,33,33,33,33,41,41],"damage_taken":[{"damage":0,"enemies":"Small Slimes","floor":1,"turns":1},{"damage":0,"enemies":"Gremlin Nob","floor":7,"turns":1},{"damage":0,"enemies":"2 Louse","floor":8,"turns":1},{"damage":3,"enemies":"Jaw Worm","floor":13,"turns":4},{"damage":40,"enemies":"Slime Boss","floor":16,"turns":11},{"damage":17,"enemies":"2 Thieves","floor":18,"turns":3},{"damage":3,"enemies":"Chosen","floor":21,"turns":4},{"damage":24,"enemies":"Centurion and Healer","floor":22,"turns":6},{"damage":7,"enemies":"Gremlin Leader","floor":24,"turns":7},{"damage":14,"enemies":"Snake Plant","floor":25,"turns":3},{"damage":6,"enemies":"3 Cultists","floor":27,"turns":3},{"damage":24,"enemies":"Slavers","floor":31,"turns":5},{"damage":65,"enemies":"Collector","floor":33,"turns":12},{"damage":8,"enemies":"3 Shapes","floor":35,"turns":4},{"damage":2,"enemies":"Orb Walker","floor":38,"turns":3},{"damage":25,"enemies":"Reptomancer","floor":41,"turns":9},{"damage":20,"enemies":"Writhing Mass","floor":45,"turns":7},{"damage":57,"enemies":"Giant Head","floor":46,"turns":7}],"seed_played":"2424362961598089163","potions_obtained":[{"floor":1,"key":"EntropicBrew"},{"floor":7,"key":"DistilledChaos"},{"floor":16,"key":"Block Potion"},{"floor":21,"key":"BlessingOfTheForge"},{"floor":22,"key":"CunningPotion"},{"floor":25,"key":"Regen Potion"},{"floor":33,"key":"Strength Potion"},{"floor":35,"key":"EssenceOfSteel"},{"floor":45,"key":"bronze:BurnAndBuffPotion"}],"is_trial":false,"path_per_floor":["M","?","?","?","?","R","E","M","T","R","?","R","M","$","R","B",null,"M","?","?","M","M","R","E","M","T","M","R","$","R","E","R","B",null,"M","?","$","M","T","R","E","$","T","R","M","E"],"character_chosen":"THE_SILENT","items_purchased":["Membership Card","Lantern","Block Potion","Pantograph","Footwork"],"campfire_rested":3,"item_purchase_floors":[14,14,14,29,29],"current_hp_per_floor":[63,63,68,68,68,68,68,68,68,68,61,61,58,58,58,18,56,39,39,39,36,12,32,25,11,11,5,34,34,43,36,45,5,55,49,49,49,49,49,58,35,35,35,67,47,0,0],"gold":194,"neow_bonus":"THREE_ENEMY_KILL","is_daily":false,"chose_seed":false,"campfire_upgraded":6,"win_rate":0.0,"timestamp":1612756761,"path_taken":["M","?","?","?","?","R","E","M","T","R","?","R","?","$","R","BOSS","M","?","?","M","M","R","E","M","T","M","R","$","R","E","R","BOSS","M","?","$","M","?","R","E","$","T","R","M","E"],"items_purchased_type":["Relic","Relic","Potion","Relic","Card"],"build_version":"2020-12-22","purchased_purges":4,"victory":false,"max_hp_per_floor":[70,70,75,69,69,69,69,69,69,69,69,69,69,69,69,69,69,69,69,69,69,69,69,69,69,69,69,69,69,69,71,71,71,71,73,73,73,75,75,75,77,77,77,77,77,77,77],"card_choices":[{"not_picked":["Dagger Throw","Quick Slash"],"picked":"Bouncing Flask","floor":1},{"not_picked":["Deadly Poison","Deflect","Riddle With Holes"],"picked":"SKIP","floor":7},{"not_picked":["PiercingWail","Flying Knee","Sucker Punch"],"picked":"SKIP","floor":8},{"not_picked":["Dagger Spray","Bouncing Flask"],"picked":"Bane","floor":13},{"not_picked":["Storm of Steel","Doppelganger"],"picked":"Corpse Explosion","floor":16},{"not_picked":["Flying Knee+1","Bouncing Flask+1"],"picked":"PiercingWail","floor":18},{"not_picked":["PiercingWail+1","Cloak And Dagger","Slice"],"picked":"SKIP","floor":21},{"not_picked":["Tactician+1","PiercingWail","Slice"],"picked":"SKIP","floor":22},{"not_picked":["Finisher+1","Deflect+1"],"picked":"Cloak And Dagger+1","floor":24},{"not_picked":["Blade Dance","Outmaneuver+1","Eviscerate"],"picked":"SKIP","floor":25},{"not_picked":["Underhanded Strike","Slice","Cloak And Dagger+1"],"picked":"SKIP","floor":27},{"not_picked":["Blade Dance","Flying Knee+1","Deadly Poison"],"picked":"Singing Bowl","floor":31},{"not_picked":["Doppelganger","Tools of the Trade"],"picked":"Adrenaline","floor":33},{"not_picked":["Outmaneuver+1"],"picked":"Singing Bowl","floor":35},{"not_picked":["Choke+1"],"picked":"Singing Bowl","floor":38},{"not_picked":["Quick Slash+1"],"picked":"Singing Bowl","floor":41},{"not_picked":[],"picked":"Calculated Gamble+1","floor":45}],"player_experience":365910,"relics_obtained":[{"floor":7,"key":"Unceasing Top"},{"floor":9,"key":"Ninja Scroll"},{"floor":24,"key":"Bag of Marbles"},{"floor":26,"key":"Eternal Feather"},{"floor":31,"key":"Singing Bowl"},{"floor":41,"key":"CaptainsWheel"},{"floor":43,"key":"HornCleat"}],"event_choices":[{"damage_healed":0,"gold_gain":0,"player_choice":"Grow","damage_taken":0,"max_hp_gain":0,"max_hp_loss":0,"event_name":"Living Wall","floor":2,"gold_loss":0,"cards_upgraded":["Bouncing Flask"]},{"damage_healed":0,"gold_gain":0,"player_choice":"Donut","damage_taken":0,"max_hp_gain":5,"max_hp_loss":0,"event_name":"Big Fish","floor":3,"gold_loss":0},{"damage_healed":0,"gold_gain":0,"player_choice":"Lose Max HP","damage_taken":0,"relics_obtained":["Golden Idol"],"max_hp_gain":0,"max_hp_loss":6,"event_name":"Golden Idol","floor":4,"gold_loss":0},{"damage_healed":0,"gold_gain":175,"player_choice":"AGREE","damage_taken":0,"max_hp_gain":0,"max_hp_loss":0,"event_name":"Liars Game","floor":5,"gold_loss":0,"cards_obtained":["Doubt"]},{"damage_healed":0,"gold_gain":0,"player_choice":"Success","damage_taken":7,"relics_obtained":["Gremlin Horn"],"max_hp_gain":0,"max_hp_loss":0,"event_name":"Scrap Ooze","floor":11,"gold_loss":0},{"damage_healed":0,"gold_gain":0,"player_choice":"Ignored","damage_taken":0,"max_hp_gain":0,"max_hp_loss":0,"event_name":"Cursed Tome","floor":19,"gold_loss":0},{"damage_healed":0,"gold_gain":0,"player_choice":"Opened","damage_taken":0,"relics_obtained":["Pen Nib"],"max_hp_gain":0,"max_hp_loss":0,"event_name":"The Mausoleum","floor":20,"gold_loss":0,"cards_obtained":["Writhe"]},{"cards_removed":["Survivor"],"damage_healed":0,"gold_gain":0,"player_choice":"Removed Skill","damage_taken":0,"max_hp_gain":0,"max_hp_loss":0,"event_name":"Falling","floor":36,"gold_loss":0}],"is_beta":false,"boss_relics":[{"not_picked":["SacredBark","bronze:MakeshiftBattery"],"picked":"Ring of the Serpent"},{"not_picked":["Snecko Eye","Calling Bell"],"picked":"Busted Crown"}],"items_purged_floors":[14,29,37,42],"is_endless":false,"potions_floor_spawned":[1,7,16,21,22,25,33,35,45],"killed_by":"Giant Head","ascension_level":9}}