{"host":"mai03x2ekbjy4059","time":1612825042,"event":{"mods":["2.2 Compatiblity","BaseMod","Colored Map","DeckTracker","Keyboard Shortcuts","Minty Spire (QoL Compilation)","Permanent Neow","Quick Restart","SuperFastMode","everything is the same but u backflip on backflip"],"gold_per_floor":[117,292,292,311,411,447,447,465,465,465,465],"floor_reached":10,"language":"KOR","playtime":226,"items_purged":[],"score":69,"play_id":"6e4728cd-a725-4e6e-a3ca-421cd4c91577","local_time":"20210209075722","is_ascension_mode":true,"campfire_choices":[{"floor":7,"key":"REST"}],"circlet_count":0,"master_deck":["Strike_G","Strike_G","Strike_G","Strike_G","Strike_G","Defend_G","Defend_G","Defend_G","Defend_G","Defend_G","Survivor","Neutralize","Writhe","A Thousand Cuts","Doubt","After Image","Backstab"],"relics":["Ring of the Snake","Golden Idol","Ornamental Fan","Question Card"],"acts_visited":["Exordium"],"potions_floor_usage":[6],"damage_taken":[{"damage":1,"enemies":"Cultist","floor":1,"turns":5},{"damage":0,"enemies":"2 Louse","floor":4,"turns":4},{"damage":64,"enemies":"Gremlin Nob","floor":6,"turns":8},{"damage":0,"enemies":"Small Slimes","floor":8,"turns":5},{"damage":17,"enemies":"Lagavulin","floor":10,"turns":9}],"seed_played":"-8995717269729136823","potions_obtained":[{"floor":4,"key":"Block Potion"}],"is_trial":false,"path_per_floor":["M","?","?","M","?","E","R","M","T","E"],"character_chosen":"THE_SILENT","items_purchased":[],"campfire_rested":1,"item_purchase_floors":[],"current_hp_per_floor":[69,69,65,65,65,1,20,20,20,3,3],"gold":465,"neow_bonus":"THREE_RARE_CARDS","is_daily":false,"chose_seed":false,"campfire_upgraded":0,"win_rate":0.0,"timestamp":1612825042,"path_taken":["M","?","?","M","?","E","R","M","T","E"],"items_purchased_type":[],"build_version":"2020-12-22","purchased_purges":0,"victory":false,"max_hp_per_floor":[70,70,65,65,65,65,65,65,65,65,65],"card_choices":[{"not_picked":["After Image","Envenom"],"picked":"A Thousand Cuts","floor":0},{"not_picked":["Flechettes","Deadly Poison","Underhanded Strike"],"picked":"SKIP","floor":1},{"not_picked":["Poisoned Stab","Leg Sweep","Dagger Spray"],"picked":"SKIP","floor":4},{"not_picked":["Deadly Poison","Finisher"],"picked":"After Image","floor":6},{"not_picked":["Eviscerate","PiercingWail"],"picked":"Backstab","floor":8}],"player_experience":1176074,"relics_obtained":[{"floor":6,"key":"Ornamental Fan"},{"floor":9,"key":"Question Card"}],"event_choices":[{"damage_healed":0,"gold_gain":175,"player_choice":"AGREE","damage_taken":0,"max_hp_gain":0,"max_hp_loss":0,"event_name":"Liars Game","floor":2,"gold_loss":0,"cards_obtained":["Doubt"]},{"damage_healed":0,"gold_gain":0,"player_choice":"Lose Max HP","damage_taken":0,"relics_obtained":["Golden Idol"],"max_hp_gain":0,"max_hp_loss":5,"event_name":"Golden Idol","floor":3,"gold_loss":0},{"damage_healed":0,"gold_gain":100,"player_choice":"Pray","damage_taken":0,"max_hp_gain":0,"max_hp_loss":0,"event_name":"Golden Shrine","floor":5,"gold_loss":0}],"is_beta":false,"boss_relics":[],"items_purged_floors":[],"is_endless":false,"potions_floor_spawned":[4],"killed_by":"Lagavulin","ascension_level":1}}