{"host":"vdpaduzlq0qlaikq","time":1612756839,"event":{"mods":["AchievementEnabler","BaseMod","Better Third Choice","BetterRewards","Colored Map","Downfall","Gold Saver","Hermit","Jorbs\u0027s Wanderer Trilogy","Minty Spire (QoL Compilation)","Relic Filter","Spicy Shops","StSLib","The Necromancer"],"gold_per_floor":[751,751,46,80,90,90,90,90,90,145,195,220,220,239,239,318,318,334,94,112,49,49,79,79,89,89,125,153,153,184,184,184,261,261,296,170,216,234,234,268,268,299,311,323,382,422,448,470,482,494,506,518,33,65,90],"floor_reached":56,"language":"ENG","playtime":2780,"items_purged":[],"score":2780,"play_id":"b2172482-1bd9-44bd-9fa6-8ec5c8658313","local_time":"20210208020039","is_ascension_mode":true,"campfire_choices":[{"data":"Creative AI","floor":6,"key":"SMITH"},{"data":"HandOfGreed","floor":8,"key":"SMITH"},{"data":"Defragment","floor":13,"key":"SMITH"},{"data":"Turbo","floor":15,"key":"SMITH"},{"data":"Chill","floor":24,"key":"SMITH"},{"data":"Machine Learning","floor":29,"key":"SMITH"},{"floor":32,"key":"RECALL"},{"data":"Storm","floor":41,"key":"SMITH"},{"data":"Buffer","floor":44,"key":"SMITH"},{"data":"White Noise","floor":49,"key":"SMITH"},{"data":"Capacitor","floor":52,"key":"SMITH"}],"circlet_count":0,"master_deck":["AscendersBane","Strike_B","Defend_B","Defend_B","Defend_B","Defend_B","Zap","Dualcast+1","Creative AI+1","Stack","Hello World","Defragment+1","Loop","Tempest+1","Ball Lightning","Capacitor+1","HandOfGreed+1","Loop","Turbo+1","Lockon","Thunder Strike","Echo Form","Chill+1","Loop","Skim","Heatsinks","BootSequence","Machine Learning+1","Force Field+1","Buffer+1","Darkness+1","White Noise","Storm+1","Self Repair","White Noise+1","White Noise+1"],"relics":["Cracked Core","Mummified Hand","Guardian:PocketSentry","Eternal Feather","Prayer Wheel","Bronze Scales","Darkstone Periapt","Tiny Chest","DataDisk","Runic Capacitor","Incense Burner","Anchor","The Courier","Pear","Odd Mushroom","Cables","SacredBark","Potion Belt","Happy Flower","Pen Nib","Ornamental Fan","Bag of Preparation","Strawberry","Empty Cage","Chemical X","FossilizedHelix","War Paint","MawBank","Shuriken","Meat on the Bone","Letter Opener","Bottled Tornado","CaptainsWheel","Calipers"],"acts_visited":["Exordium","TheCity","TheBeyond","TheEnding"],"potions_floor_usage":[11,12,16,23,27,28,46,50,55,55,55],"damage_taken":[{"damage":4,"enemies":"Jaw Worm","floor":1,"turns":2},{"damage":0,"enemies":"Cultist","floor":4,"turns":2},{"damage":0,"enemies":"2 Louse","floor":5,"turns":2},{"damage":0,"enemies":"3 Sentries","floor":10,"turns":4},{"damage":38,"enemies":"The Mushroom Lair","floor":11,"turns":4},{"damage":15,"enemies":"Lagavulin","floor":12,"turns":4},{"damage":0,"enemies":"Large Slime","floor":14,"turns":3},{"damage":18,"enemies":"The Guardian","floor":16,"turns":6},{"damage":6,"enemies":"3 Byrds","floor":18,"turns":2},{"damage":13,"enemies":"2 Thieves","floor":20,"turns":4},{"damage":38,"enemies":"Book of Stabbing","floor":23,"turns":4},{"damage":1,"enemies":"Cultist and Chosen","floor":25,"turns":5},{"damage":0,"enemies":"Shelled Parasite and Fungi","floor":27,"turns":7},{"damage":3,"enemies":"Gremlin Leader","floor":28,"turns":4},{"damage":5,"enemies":"Book of Stabbing","floor":30,"turns":4},{"damage":17,"enemies":"Champ","floor":33,"turns":8},{"damage":8,"enemies":"3 Shapes","floor":35,"turns":4},{"damage":16,"enemies":"2 Orb Walkers","floor":37,"turns":5},{"damage":9,"enemies":"3 Darklings","floor":38,"turns":3},{"damage":0,"enemies":"Nemesis","floor":40,"turns":4},{"damage":0,"enemies":"Reptomancer","floor":42,"turns":4},{"damage":0,"enemies":"Nemesis","floor":46,"turns":3},{"damage":0,"enemies":"Transient","floor":47,"turns":5},{"damage":0,"enemies":"Maw","floor":48,"turns":2},{"damage":0,"enemies":"Time Eater","floor":50,"turns":4},{"damage":20,"enemies":"Shield and Spear","floor":54,"turns":3},{"damage":28,"enemies":"The Heart","floor":55,"turns":6}],"seed_played":"-123129819681746004","potions_obtained":[{"floor":1,"key":"Strength Potion"},{"floor":5,"key":"LiquidMemories"},{"floor":14,"key":"AttackPotion"},{"floor":16,"key":"FocusPotion"},{"floor":18,"key":"Guardian:BlockOnCardUsePotion"},{"floor":23,"key":"Explosive Potion"},{"floor":37,"key":"ColorlessPotion"},{"floor":38,"key":"PotionOfCapacity"},{"floor":40,"key":"PowerPotion"},{"floor":42,"key":"Explosive Potion"}],"is_trial":false,"path_per_floor":["M","?","$","M","M","R","$","R","T","E","?","E","R","M","R","B",null,"M","$","M","$","T","E","R","M","T","M","E","R","E","?","R","B",null,"M","$","?","M","?","E","R","E","T","R","T","E","M","M","R","B",null,"R","$","E","B",null],"character_chosen":"DEFECT","items_purchased":["Mummified Hand","Guardian:PocketSentry","Creative AI","Stack","Eternal Feather","Hello World","Prayer Wheel","Bronze Scales","Darkstone Periapt","Tiny Chest","Defragment","DataDisk","Loop","Runic Capacitor","SteroidPotion","Capacitor","Incense Burner","Anchor","HandOfGreed","Potion Belt","Happy Flower","Skim","Chemical X","Bottled Tornado","EssenceOfSteel","CaptainsWheel"],"campfire_rested":0,"item_purchase_floors":[0,0,0,0,0,0,0,0,0,0,0,0,0,0,0,3,3,3,3,19,19,21,36,53,53,53],"current_hp_per_floor":[60,60,60,60,60,71,71,71,71,81,43,28,40,40,52,34,69,63,63,50,50,50,12,27,26,26,26,23,41,43,43,61,44,77,69,69,53,44,44,51,72,79,79,88,88,88,88,88,88,88,88,88,88,75,47],"gold":90,"neow_bonus":"","is_daily":false,"chose_seed":false,"campfire_upgraded":10,"win_rate":0.0,"timestamp":1612756839,"path_taken":["M","?","$","?","M","R","$","R","T","E","?","E","R","M","R","BOSS","M","$","M","$","?","E","R","M","T","M","E","R","E","?","R","BOSS","M","$","?","M","?","E","R","E","T","R","?","E","M","M","R","BOSS","R","$","E","BOSS"],"items_purchased_type":["Relic","Relic","Card","Card","Relic","Card","Relic","Relic","Relic","Relic","Card","Relic","Card","Relic","Potion","Card","Relic","Relic","Card","Relic","Relic","Card","Relic","Relic","Potion","Relic"],"build_version":"2020-12-22","purchased_purges":0,"victory":true,"max_hp_per_floor":[71,71,71,71,71,71,71,71,71,81,81,81,81,81,81,81,81,81,81,81,81,81,81,81,81,81,81,81,81,88,88,88,88,88,88,88,88,88,88,88,88,88,88,88,88,88,88,88,88,88,88,88,88,88,88],"card_choices":[{"not_picked":["Coolheaded","Compile Driver"],"picked":"Tempest","floor":1},{"not_picked":["Conserve Battery","Darkness"],"picked":"Ball Lightning","floor":1},{"not_picked":["Ball Lightning","Coolheaded"],"picked":"Loop","floor":4},{"not_picked":["Doom and Gloom","Cold Snap","Ball Lightning"],"picked":"SKIP","floor":4},{"not_picked":["Hologram","Skim","Doom and Gloom"],"picked":"SKIP","floor":5},{"not_picked":["Sunder","Undo","Compile Driver"],"picked":"SKIP","floor":5},{"not_picked":["Steam","Conserve Battery","Compile Driver"],"picked":"SKIP","floor":10},{"not_picked":["Barrage","Steam"],"picked":"Turbo","floor":12},{"not_picked":["Ball Lightning","Skim"],"picked":"Lockon","floor":14},{"not_picked":["Redo","Compile Driver"],"picked":"Thunder Strike","floor":14},{"not_picked":["Core Surge","All For One"],"picked":"Echo Form","floor":16},{"not_picked":["Streamline","Compile Driver"],"picked":"Chill","floor":18},{"not_picked":["Coolheaded+1","Ball Lightning","Compile Driver"],"picked":"SKIP","floor":18},{"not_picked":["Redo","Reprogram"],"picked":"Loop","floor":20},{"not_picked":["Rip and Tear","Stack","Tempest"],"picked":"SKIP","floor":20},{"not_picked":["Beam Cell","Ball Lightning"],"picked":"Heatsinks","floor":23},{"not_picked":["Reboot","Streamline"],"picked":"BootSequence","floor":25},{"not_picked":["Melter","Rip and Tear","Skim"],"picked":"SKIP","floor":25},{"not_picked":["Streamline","Ball Lightning","Steam"],"picked":"SKIP","floor":27},{"not_picked":["Steam Power","Static Discharge","Steam+1"],"picked":"SKIP","floor":27},{"not_picked":["Steam Power","Turbo+1"],"picked":"Machine Learning","floor":28},{"not_picked":["Heatsinks","Undo"],"picked":"Force Field+1","floor":30},{"not_picked":["Fission","Seek"],"picked":"Buffer","floor":33},{"not_picked":["Cold Snap+1","Compile Driver"],"picked":"Darkness+1","floor":35},{"not_picked":["Reprogram","Turbo+1","Redo"],"picked":"SKIP","floor":35},{"not_picked":["Sweeping Beam","Streamline"],"picked":"White Noise","floor":37},{"not_picked":["Rebound","Streamline"],"picked":"Storm","floor":38},{"not_picked":["Beam Cell","Ball Lightning"],"picked":"Self Repair","floor":38},{"not_picked":["FTL","Redo"],"picked":"White Noise","floor":40},{"not_picked":["Go for the Eyes","Steam","Gash+1"],"picked":"SKIP","floor":42},{"not_picked":["Thunder Strike","Blizzard"],"picked":"White Noise+1","floor":46},{"not_picked":["Compile Driver","Leap","Hologram"],"picked":"SKIP","floor":47},{"not_picked":["Blizzard+1","Go for the Eyes","Stack"],"picked":"SKIP","floor":47},{"not_picked":["Sweeping Beam+1","Chaos","Lockon"],"picked":"SKIP","floor":48},{"not_picked":["Lockon","Recycle+1","Undo"],"picked":"SKIP","floor":48},{"not_picked":["Streamline+1","Hologram","Sweeping Beam"],"picked":"SKIP","floor":54}],"player_experience":740078,"relics_obtained":[{"floor":9,"key":"The Courier"},{"floor":10,"key":"Pear"},{"floor":11,"key":"Odd Mushroom"},{"floor":12,"key":"Cables"},{"floor":23,"key":"Pen Nib"},{"floor":26,"key":"Ornamental Fan"},{"floor":28,"key":"Bag of Preparation"},{"floor":30,"key":"Strawberry"},{"floor":37,"key":"FossilizedHelix"},{"floor":40,"key":"War Paint"},{"floor":42,"key":"MawBank"},{"floor":43,"key":"Shuriken"},{"floor":45,"key":"Meat on the Bone"},{"floor":46,"key":"Letter Opener"},{"floor":54,"key":"Calipers"}],"event_choices":[{"cards_removed":["Strike_B"],"damage_healed":0,"gold_gain":0,"player_choice":"Card Removal","damage_taken":0,"max_hp_gain":0,"max_hp_loss":0,"event_name":"Wheel of Change","floor":2,"gold_loss":0},{"damage_healed":0,"gold_gain":0,"player_choice":"Fought Mushrooms","damage_taken":0,"max_hp_gain":0,"max_hp_loss":0,"event_name":"Mushrooms","floor":11,"gold_loss":0},{"damage_healed":0,"gold_gain":0,"player_choice":"Ignored","damage_taken":0,"max_hp_gain":0,"max_hp_loss":0,"event_name":"Vampires","floor":31,"gold_loss":0},{"damage_healed":0,"gold_gain":0,"player_choice":"Fight","damage_taken":0,"max_hp_gain":0,"max_hp_loss":0,"event_name":"Mysterious Sphere","floor":37,"gold_loss":0},{"damage_healed":0,"gold_gain":0,"player_choice":"Ignored","damage_taken":0,"max_hp_gain":0,"max_hp_loss":0,"event_name":"Tomb of Lord Red Mask","floor":39,"gold_loss":0}],"is_beta":false,"boss_relics":[{"not_picked":["Pandora\u0027s Box","Sozu"],"picked":"SacredBark"},{"not_picked":["Philosopher\u0027s Stone","Tiny House"],"picked":"Empty Cage"}],"items_purged_floors":[],"is_endless":false,"potions_floor_spawned":[1,5,14,16,18,23,37,38,40,42],"ascension_level":15}}