{"host":"qxt9611uhnemh1bn","time":1612824482,"event":{"mods":["AchievementEnabler","BaseMod","Minty Spire (QoL Compilation)","StSLib"],"gold_per_floor":[18,35,53,128,143,168,168,168,195,207,81,98,98,111,111,208,208,227,212,212,22,48,48,65,118,118,143,143,175,175,38,38,141,141,155,0,19,69,80,80,110,110,110,110,145,161,173,187,187,187,187,187,50,79,79],"floor_reached":56,"language":"ENG","playtime":2328,"items_purged":["Pain","Strike_R"],"score":1447,"play_id":"9d06f9e5-d728-4add-9f85-50c81f399cc2","local_time":"20210208164802","is_ascension_mode":false,"campfire_choices":[{"data":"Apotheosis","floor":7.0,"key":"SMITH"},{"floor":15.0,"key":"REST"},{"floor":23.0,"key":"REST"},{"floor":28.0,"key":"REST"},{"data":"1","floor":30,"key":"LIFT"},{"data":"2","floor":32,"key":"LIFT"},{"data":"3","floor":40,"key":"LIFT"},{"floor":42,"key":"RECALL"}],"circlet_count":0,"master_deck":["Strike_R","Strike_R","Strike_R","Strike_R","Defend_R","Defend_R","Defend_R","Defend_R","Bash","Apotheosis+1","Ghostly Armor","Barricade","Armaments","Sword Boomerang","Body Slam","True Grit","True Grit","Exhume","Thunderclap+1","Cleave","Entrench","Disarm","Shrug It Off","Feel No Pain","Headbutt","Impervious","Offering","Shrug It Off+1","Shockwave","Sentinel","Parasite","Evolve","Impervious"],"relics":["Burning Blood","Anchor","WarpedTongs","Tiny Chest","Fusion Hammer","Bronze Scales","Nunchaku","Centennial Puzzle","Bottled Lightning","PreservedInsect","Girya","Coffee Dripper","Red Mask","Lizard Tail","Blood Vial","Question Card","HornCleat","Turnip"],"acts_visited":["Exordium","TheCity","TheBeyond","TheEnding"],"potions_floor_usage":[29,29,33,41,50,54,55,55],"damage_taken":[{"damage":0.0,"enemies":"Cultist","floor":1.0,"turns":4.0},{"damage":6.0,"enemies":"2 Louse","floor":2.0,"turns":4.0},{"damage":0.0,"enemies":"Small Slimes","floor":3.0,"turns":4.0},{"damage":7.0,"enemies":"Red Slaver","floor":5.0,"turns":7.0},{"damage":33.0,"enemies":"Gremlin Nob","floor":6.0,"turns":4.0},{"damage":19.0,"enemies":"2 Fungi Beasts","floor":10.0,"turns":4.0},{"damage":7.0,"enemies":"Blue Slaver","floor":12.0,"turns":4.0},{"damage":0.0,"enemies":"Looter","floor":14.0,"turns":3.0},{"damage":0.0,"enemies":"The Guardian","floor":16.0,"turns":12.0},{"damage":20.0,"enemies":"Spheric Guardian","floor":18.0,"turns":9.0},{"damage":0.0,"enemies":"2 Thieves","floor":19.0,"turns":4.0},{"damage":17.0,"enemies":"Cultist and Chosen","floor":24.0,"turns":9.0},{"damage":4.0,"enemies":"Slavers","floor":27.0,"turns":7.0},{"damage":7,"enemies":"Book of Stabbing","floor":29,"turns":5},{"damage":0,"enemies":"Automaton","floor":33,"turns":11},{"damage":0,"enemies":"3 Shapes","floor":35,"turns":4},{"damage":6,"enemies":"Orb Walker","floor":37,"turns":3},{"damage":6,"enemies":"Mind Bloom Boss Battle","floor":38,"turns":6},{"damage":6,"enemies":"Spire Growth","floor":39,"turns":3},{"damage":7,"enemies":"Nemesis","floor":41,"turns":3},{"damage":41,"enemies":"Reptomancer","floor":45,"turns":10},{"damage":6,"enemies":"3 Darklings","floor":46,"turns":6},{"damage":0,"enemies":"Transient","floor":47,"turns":5},{"damage":12,"enemies":"Writhing Mass","floor":48,"turns":5},{"damage":6,"enemies":"Awakened One","floor":50,"turns":16},{"damage":49,"enemies":"Shield and Spear","floor":54,"turns":5},{"damage":38,"enemies":"The Heart","floor":55,"turns":11}],"seed_played":"5028393372454767357","potions_obtained":[{"floor":1.0,"key":"CultistPotion"},{"floor":3.0,"key":"SkillPotion"},{"floor":10.0,"key":"SpeedPotion"},{"floor":13.0,"key":"Fruit Juice"},{"floor":13.0,"key":"DuplicationPotion"},{"floor":13.0,"key":"EntropicBrew"},{"floor":16.0,"key":"DuplicationPotion"},{"floor":27.0,"key":"LiquidMemories"},{"floor":29,"key":"DistilledChaos"},{"floor":35,"key":"ElixirPotion"},{"floor":38,"key":"SkillPotion"},{"floor":46,"key":"GamblersBrew"},{"floor":47,"key":"Block Potion"},{"floor":54,"key":"Weak Potion"}],"is_trial":false,"path_per_floor":["M","M","M","?","M","E","R","?","T","M","$","M","?","M","R","B",null,"M","M","?","$","T","R","M","T","T","E","R","E","R","$","R","B",null,"M","?","M","?","M","R","E","R","T","T","E","M","M","M","R","B",null,"R","$","E","B",null],"character_chosen":"IRONCLAD","items_purchased":["Body Slam","Disarm","Bronze Scales","Impervious","Evolve"],"campfire_rested":3,"item_purchase_floors":[11,21,21,31,53],"current_hp_per_floor":[80,80,80,69,68,41,41,41,41,28,28,27,32,38,63,69,85,71,77,77,77,77,85,74,74,74,76,85,84,84,84,84,85,85,85,85,85,85,85,85,84,84,84,84,50,52,60,56,56,58,85,85,85,42,12],"gold":79,"neow_bonus":"RANDOM_COLORLESS_2","is_daily":false,"chose_seed":false,"campfire_upgraded":1,"win_rate":0.0,"timestamp":1612824482,"path_taken":["M","M","M","?","M","E","R","?","T","M","$","?","?","M","R","BOSS","M","M","?","$","?","R","M","?","T","E","R","E","R","$","R","BOSS","M","?","M","?","M","R","E","R","T","?","E","M","M","M","R","BOSS","R","$","E","BOSS"],"items_purchased_type":["Card","Card","Relic","Card","Card"],"build_version":"2020-12-22","purchased_purges":2,"victory":true,"max_hp_per_floor":[80,80,80,80,80,80,80,80,80,80,80,80,85,85,85,85,85,85,85,85,85,85,85,85,85,85,85,85,85,85,85,85,85,85,85,85,85,85,85,85,85,85,85,85,85,85,85,85,85,85,85,85,85,85,85],"card_choices":[{"not_picked":["Magnetism","Master of Strategy"],"picked":"Apotheosis","floor":0.0},{"not_picked":["Intimidate","Warcry"],"picked":"Ghostly Armor","floor":1.0},{"not_picked":["Reckless Charge","Dropkick","Havoc"],"picked":"SKIP","floor":2.0},{"not_picked":["Anger","Inflame"],"picked":"Barricade","floor":3.0},{"not_picked":["Perfected Strike","Flex","Second Wind"],"picked":"SKIP","floor":5.0},{"not_picked":["Brutality","Anger"],"picked":"Armaments","floor":6.0},{"not_picked":["Twin Strike","Clash"],"picked":"Sword Boomerang","floor":10.0},{"not_picked":["Clash","Clothesline"],"picked":"True Grit","floor":12.0},{"not_picked":["Armaments","Dropkick"],"picked":"True Grit","floor":14.0},{"not_picked":["Brutality","Reaper"],"picked":"Exhume","floor":16.0},{"not_picked":["Sword Boomerang","Perfected Strike"],"picked":"Thunderclap+1","floor":18.0},{"not_picked":["Thunderclap","Rupture+1"],"picked":"Cleave","floor":19.0},{"not_picked":["Heavy Blade+1","Reaper"],"picked":"Shrug It Off","floor":24.0},{"not_picked":["Cleave","Disarm"],"picked":"Feel No Pain","floor":27.0},{"not_picked":["Heavy Blade+1","Iron Wave+1"],"picked":"Headbutt","floor":29},{"not_picked":["Limit Break","Brutality"],"picked":"Offering","floor":33},{"not_picked":["Havoc","Clash"],"picked":"Shrug It Off+1","floor":35},{"not_picked":["Clash+1","Wild Strike","Iron Wave+1"],"picked":"SKIP","floor":37},{"not_picked":["Sword Boomerang","Clothesline","Combust"],"picked":"SKIP","floor":39},{"not_picked":["Dark Embrace","Heavy Blade","Thunderclap"],"picked":"SKIP","floor":41},{"not_picked":["Anger","Clash","Shrug It Off","Havoc+1"],"picked":"SKIP","floor":45},{"not_picked":["Havoc","Sword Boomerang+1","Cleave"],"picked":"Shockwave","floor":46},{"not_picked":["Anger+1","Shrug It Off+1","Pommel Strike+1"],"picked":"Sentinel","floor":47},{"not_picked":["Second Wind+1","Havoc+1","Pommel Strike+1","Warcry"],"picked":"SKIP","floor":48},{"not_picked":["Exhume","Anger","Shrug It Off"],"picked":"Impervious","floor":54}],"player_experience":241564,"relics_obtained":[{"floor":6.0,"key":"Anchor"},{"floor":9.0,"key":"Tiny Chest"},{"floor":22.0,"key":"Nunchaku"},{"floor":25.0,"key":"Centennial Puzzle"},{"floor":26.0,"key":"Bottled Lightning"},{"floor":27.0,"key":"PreservedInsect"},{"floor":29,"key":"Girya"},{"floor":38,"key":"Lizard Tail"},{"floor":41,"key":"Blood Vial"},{"floor":44,"key":"Question Card"},{"floor":45,"key":"HornCleat"},{"floor":54,"key":"Turnip"}],"event_choices":[{"damage_healed":0.0,"max_hp_gain":0.0,"max_hp_loss":0.0,"gold_gain":75.0,"event_name":"World of Goop","player_choice":"Gather Gold","floor":4.0,"gold_loss":0.0,"damage_taken":11.0},{"damage_healed":0.0,"max_hp_gain":0.0,"max_hp_loss":0.0,"gold_gain":0.0,"event_name":"Accursed Blacksmith","player_choice":"Rummage","floor":8.0,"gold_loss":0.0,"damage_taken":0.0,"relics_obtained":["WarpedTongs"],"cards_obtained":["Pain"]},{"damage_healed":0.0,"max_hp_gain":0.0,"max_hp_loss":0.0,"gold_gain":0.0,"event_name":"Lab","player_choice":"Got Potions","floor":13.0,"gold_loss":0.0,"damage_taken":0.0},{"damage_healed":0.0,"max_hp_gain":0.0,"max_hp_loss":0.0,"gold_gain":0.0,"event_name":"The Library","player_choice":"Read","floor":20.0,"gold_loss":0.0,"damage_taken":0.0,"cards_obtained":["Entrench"]},{"damage_healed":0,"gold_gain":0,"player_choice":"Paid","damage_taken":0,"relics_obtained":["Red Mask"],"max_hp_gain":0,"max_hp_loss":0,"event_name":"Tomb of Lord Red Mask","floor":36,"gold_loss":155},{"damage_healed":0,"gold_gain":0,"player_choice":"Fight","damage_taken":0,"max_hp_gain":0,"max_hp_loss":0,"event_name":"MindBloom","floor":38,"gold_loss":0}],"is_beta":false,"boss_relics":[{"not_picked":["Runic Pyramid","Pandora\u0027s Box"],"picked":"Fusion Hammer"},{"not_picked":["Busted Crown","Tiny House"],"picked":"Coffee Dripper"}],"items_purged_floors":[11,53],"is_endless":false,"potions_floor_spawned":[1,3,10,16,27,29,35,38,46,47,48,54],"ascension_level":0}}