{"host":"oehe2dxjvdgux73m","time":1612803870,"event":{"mods":["AchievementEnabler","BaseMod","Colored Map","Colored Powertips","DeckTracker","Keyboard Shortcuts","Minty Spire (QoL Compilation)","Permanent Neow","Quick Restart","StSLib","SuperFastMode"],"gold_per_floor":[115,135,151,171,188,188,188,206,206,281,313,333,333,333,333,404,404,419,430,430,430,5,40,63,92,158,181,193,255,282,304,316,406,418,445,12,25,50,50,78,78,78,78,78,89,108,18,18,18,18,18,18,18,3,3,3],"floor_reached":55,"language":"KOR","playtime":2901,"items_purged":["Decay"],"score":1742,"play_id":"52948633-a67a-4b7c-9758-8928a8b5fdee","local_time":"20210209020430","is_ascension_mode":true,"campfire_choices":[{"data":"Cloak And Dagger","floor":6.0,"key":"SMITH"},{"data":"Deadly Poison","floor":13.0,"key":"SMITH"},{"floor":15.0,"key":"REST"},{"data":"Footwork","floor":28.0,"key":"SMITH"},{"data":"Neutralize","floor":32.0,"key":"SMITH"},{"data":"After Image","floor":41.0,"key":"SMITH"},{"floor":44.0,"key":"REST"},{"floor":49.0,"key":"RECALL"},{"floor":53.0,"key":"REST"}],"circlet_count":0,"master_deck":["AscendersBane","Defend_G","Defend_G","Defend_G","Defend_G","Survivor","Neutralize+1","Backflip+1","Deadly Poison+1","Cloak And Dagger+1","Bullet Time","Footwork+1","Acrobatics","Accuracy","Tools of the Trade","Well Laid Plans","Eviscerate","PiercingWail","Predator","Accuracy","Concentrate+1","Wraith Form v2","Leg Sweep+1","Apotheosis","Footwork","Flechettes","Acrobatics","After Image+1","Prepared+1","Blade Dance","Grand Finale","Deflect"],"relics":["Ring of the Snake","Ornamental Fan","White Beast Statue","Snecko Eye","Meat on the Bone","MawBank","Blood Vial","Empty Cage","Membership Card","Shuriken","Unceasing Top","Lizard Tail"],"acts_visited":["Exordium","TheCity","TheBeyond","TheEnding"],"potions_floor_usage":[],"damage_taken":[{"damage":1.0,"enemies":"2 Louse","floor":1.0,"turns":3.0},{"damage":0.0,"enemies":"Jaw Worm","floor":2.0,"turns":6.0},{"damage":1.0,"enemies":"Small Slimes","floor":3.0,"turns":4.0},{"damage":3.0,"enemies":"Looter","floor":4.0,"turns":4.0},{"damage":1.0,"enemies":"Exordium Wildlife","floor":5.0,"turns":5.0},{"damage":5.0,"enemies":"Large Slime","floor":8.0,"turns":6.0},{"damage":15.0,"enemies":"Lagavulin","floor":11.0,"turns":6.0},{"damage":3.0,"enemies":"Blue Slaver","floor":12.0,"turns":5.0},{"damage":8.0,"enemies":"The Guardian","floor":16.0,"turns":15.0},{"damage":11.0,"enemies":"2 Thieves","floor":18.0,"turns":3.0},{"damage":9.0,"enemies":"Shell Parasite","floor":19.0,"turns":7.0},{"damage":2.0,"enemies":"Book of Stabbing","floor":23.0,"turns":6.0},{"damage":25.0,"enemies":"Cultist and Chosen","floor":24.0,"turns":9.0},{"damage":1.0,"enemies":"Chosen and Byrds","floor":25.0,"turns":7.0},{"damage":0.0,"enemies":"Snecko","floor":27.0,"turns":6.0},{"damage":2.0,"enemies":"Centurion and Healer","floor":30.0,"turns":5.0},{"damage":18.0,"enemies":"Snake Plant","floor":31.0,"turns":4.0},{"damage":7.0,"enemies":"Automaton","floor":33.0,"turns":12.0},{"damage":11.0,"enemies":"Orb Walker","floor":35.0,"turns":5.0},{"damage":15.0,"enemies":"3 Darklings","floor":37.0,"turns":6.0},{"damage":4.0,"enemies":"Mind Bloom Boss Battle","floor":38.0,"turns":9.0},{"damage":41.0,"enemies":"Nemesis","floor":40.0,"turns":15.0},{"damage":0.0,"enemies":"Writhing Mass","floor":45.0,"turns":8.0},{"damage":1.0,"enemies":"Sphere and 2 Shapes","floor":46.0,"turns":8.0},{"damage":39.0,"enemies":"Donu and Deca","floor":50.0,"turns":12.0},{"damage":12.0,"enemies":"Awakened One","floor":51.0,"turns":10.0},{"damage":102,"enemies":"Shield and Spear","floor":55,"turns":3}],"seed_played":"2329268547692925600","potions_obtained":[{"floor":2.0,"key":"Weak Potion"},{"floor":3.0,"key":"ColorlessPotion"},{"floor":12.0,"key":"BlessingOfTheForge"},{"floor":16.0,"key":"SteroidPotion"},{"floor":18.0,"key":"SneckoOil"},{"floor":23.0,"key":"EntropicBrew"},{"floor":24.0,"key":"Dexterity Potion"},{"floor":25.0,"key":"FairyPotion"},{"floor":40.0,"key":"Ancient Potion"},{"floor":45.0,"key":"Regen Potion"},{"floor":46.0,"key":"SteroidPotion"}],"is_trial":false,"path_per_floor":["M","M","M","M","M","R","?","M","T","?","E","M","R","?","R","B",null,"M","M","?","?","$","E","M","M","T","M","R","?","M","M","R","B",null,"M","$","M","?","?","E","R","?","T","R","M","M","$","$","R","B","B",null,"R","$","E"],"character_chosen":"THE_SILENT","items_purchased":["Meat on the Bone","Well Laid Plans","Membership Card","Shuriken","Apotheosis","Footwork","Blade Dance","Grand Finale","Deflect"],"campfire_rested":3,"item_purchase_floors":[22,22,36,36,36,36,47,47,54],"current_hp_per_floor":[58,58,57,54,53,53,53,48,48,37,22,19,19,1,19,11,48,37,28,28,28,28,38,25,36,36,38,38,38,38,34,34,41,55,46,46,33,31,31,25,25,25,25,43,45,60,60,60,60,33,35,54,60,60,0,0],"gold":3,"neow_bonus":"REMOVE_TWO","is_daily":false,"chose_seed":false,"campfire_upgraded":5,"win_rate":0.0,"timestamp":1612803870,"path_taken":["M","M","M","M","M","R","?","M","T","?","E","M","R","?","R","BOSS","M","M","?","?","$","E","M","M","T","?","R","?","M","M","R","BOSS","M","$","M","?","?","E","R","?","T","R","M","?","?","$","R","BOSS","BOSS","R","$","E"],"items_purchased_type":["Relic","Card","Relic","Relic","Card","Card","Card","Card","Card"],"build_version":"2020-12-22","purchased_purges":1,"victory":false,"max_hp_per_floor":[60,60,60,60,60,60,60,60,60,60,60,60,60,60,60,60,60,60,60,60,60,60,60,60,60,60,60,60,60,60,60,60,60,60,60,60,60,60,60,60,60,60,60,60,60,60,60,60,60,60,60,60,60,60,60,60],"card_choices":[{"not_picked":["Riddle With Holes","Setup"],"picked":"Backflip","floor":1.0},{"not_picked":["Outmaneuver","Deflect"],"picked":"Deadly Poison","floor":2.0},{"not_picked":["Backflip","Choke","Concentrate"],"picked":"SKIP","floor":3.0},{"not_picked":["Backflip","Skewer"],"picked":"Dagger Spray","floor":4.0},{"not_picked":["Outmaneuver","Deflect"],"picked":"Cloak And Dagger","floor":5.0},{"not_picked":["Outmaneuver","Dagger Spray","Backflip"],"picked":"SKIP","floor":8.0},{"not_picked":["Unload","Dagger Throw","Expertise"],"picked":"SKIP","floor":11.0},{"not_picked":["Dagger Throw","Sucker Punch","Accuracy"],"picked":"SKIP","floor":12.0},{"not_picked":["After Image","Phantasmal Killer"],"picked":"Bullet Time","floor":16.0},{"not_picked":["Riddle With Holes+1","Choke"],"picked":"Footwork","floor":18.0},{"not_picked":["Dagger Throw","Slice"],"picked":"Acrobatics","floor":19.0},{"not_picked":["Distraction","Infinite Blades+1","Deflect"],"picked":"SKIP","floor":23.0},{"not_picked":["Sucker Punch","Phantasmal Killer"],"picked":"Eviscerate","floor":24.0},{"not_picked":["Sucker Punch","Dagger Spray+1"],"picked":"PiercingWail","floor":25.0},{"not_picked":["Dodge and Roll","Dagger Throw"],"picked":"Predator","floor":27.0},{"not_picked":["Sucker Punch","Masterful Stab"],"picked":"Accuracy","floor":30.0},{"not_picked":["Leg Sweep","Poisoned Stab+1"],"picked":"Concentrate+1","floor":31.0},{"not_picked":["Corpse Explosion","Adrenaline"],"picked":"Wraith Form v2","floor":33.0},{"not_picked":["Prepared","Deadly Poison"],"picked":"Leg Sweep+1","floor":35.0},{"not_picked":["Finisher","Accuracy"],"picked":"Flechettes","floor":37.0},{"not_picked":["Slice+1","Dagger Throw+1"],"picked":"Acrobatics","floor":38.0},{"not_picked":["Deadly Poison","Bane"],"picked":"After Image","floor":40.0},{"not_picked":["Expertise","Terror"],"picked":"Prepared+1","floor":45.0},{"not_picked":["Dagger Throw","Bane","Distraction"],"picked":"SKIP","floor":46.0}],"player_experience":424989,"relics_obtained":[{"floor":9.0,"key":"Ornamental Fan"},{"floor":11.0,"key":"White Beast Statue"},{"floor":23.0,"key":"MawBank"},{"floor":26.0,"key":"Blood Vial"},{"floor":38.0,"key":"Unceasing Top"},{"floor":40.0,"key":"Lizard Tail"}],"event_choices":[{"damage_healed":0.0,"max_hp_gain":0.0,"max_hp_loss":0.0,"gold_gain":0.0,"event_name":"Liars Game","player_choice":"Ignored","floor":7.0,"gold_loss":0.0,"damage_taken":0.0},{"damage_healed":0.0,"max_hp_gain":0.0,"max_hp_loss":0.0,"gold_gain":75.0,"event_name":"World of Goop","player_choice":"Gather Gold","floor":10.0,"gold_loss":0.0,"damage_taken":11.0},{"damage_healed":0.0,"max_hp_gain":0.0,"max_hp_loss":0.0,"gold_gain":0.0,"event_name":"Shining Light","player_choice":"Entered Light","floor":14.0,"gold_loss":0.0,"damage_taken":18.0,"cards_upgraded":["Strike_G","Backflip"]},{"damage_healed":0.0,"max_hp_gain":0.0,"max_hp_loss":0.0,"gold_gain":0.0,"event_name":"Forgotten Altar","player_choice":"Smashed Altar","floor":20.0,"gold_loss":0.0,"damage_taken":0.0,"cards_obtained":["Decay"]},{"damage_healed":0.0,"max_hp_gain":0.0,"max_hp_loss":0.0,"gold_gain":0.0,"cards_transformed":["Strike_G","Strike_G"],"event_name":"Drug Dealer","player_choice":"Became Test Subject","floor":21.0,"gold_loss":0.0,"damage_taken":0.0,"cards_obtained":["Accuracy","Tools of the Trade"]},{"damage_healed":0.0,"max_hp_gain":0.0,"max_hp_loss":0.0,"gold_gain":50.0,"event_name":"Nest","player_choice":"Stole From Cult","floor":29.0,"gold_loss":0.0,"damage_taken":0.0},{"damage_healed":0.0,"max_hp_gain":0.0,"max_hp_loss":0.0,"gold_gain":0.0,"event_name":"MindBloom","player_choice":"Fight","floor":38.0,"gold_loss":0.0,"damage_taken":0.0},{"cards_removed":["Dagger Spray"],"damage_healed":0.0,"max_hp_gain":0.0,"max_hp_loss":0.0,"gold_gain":0.0,"event_name":"Falling","player_choice":"Removed Attack","floor":39.0,"gold_loss":0.0,"damage_taken":0.0},{"damage_healed":0.0,"max_hp_gain":0.0,"max_hp_loss":0.0,"gold_gain":0.0,"event_name":"The Moai Head","player_choice":"Ignored","floor":42.0,"gold_loss":0.0,"damage_taken":0.0}],"is_beta":false,"boss_relics":[{"not_picked":["Ectoplasm","Black Star"],"picked":"Snecko Eye"},{"not_picked":["Philosopher\u0027s Stone","Runic Pyramid"],"picked":"Empty Cage"}],"items_purged_floors":[22],"is_endless":false,"potions_floor_spawned":[2,3,12,16,18,19,23,24,25,27,30,31,33,35,37,38,40,45,46],"killed_by":"Shield and Spear","ascension_level":20}}