{"host":"f8toxsj3bk02pkeu","time":1612783625,"event":{"mods":["BaseMod","Minty Spire (QoL Compilation)","Permanent Neow","Quick Restart","StSLib","SuperFastMode"],"gold_per_floor":[113,38,53,53,53,53,110,110,192,220,237,237,237,237],"floor_reached":13,"language":"ENG","playtime":218,"items_purged":[],"score":162,"play_id":"ff809765-7586-442b-934f-9aa1149d6d05","local_time":"20210208042705","is_ascension_mode":true,"campfire_choices":[{"floor":6,"key":"RECALL"},{"data":"Fire Breathing","floor":8,"key":"SMITH"},{"data":"Barricade","floor":12,"key":"SMITH"}],"circlet_count":0,"master_deck":["AscendersBane","Strike_R","Strike_R","Strike_R","Strike_R","Strike_R","Defend_R","Defend_R","Defend_R","Defend_R","Shrug It Off+1","Pommel Strike+1","Fire Breathing+1","Barricade+1"],"relics":["Burning Blood","NeowsBlessing","Pen Nib","Art of War","Question Card","Strawberry"],"acts_visited":["Exordium"],"potions_floor_usage":[10,13],"damage_taken":[{"damage":0,"enemies":"Jaw Worm","floor":1,"turns":1},{"damage":0,"enemies":"2 Louse","floor":3,"turns":1},{"damage":0,"enemies":"Gremlin Nob","floor":7,"turns":1},{"damage":25,"enemies":"Gremlin Nob","floor":10,"turns":4},{"damage":0,"enemies":"Small Slimes","floor":11,"turns":3},{"damage":38,"enemies":"Lagavulin","floor":13,"turns":13}],"seed_played":"-1780419848532343993","potions_obtained":[{"floor":3,"key":"SmokeBomb"},{"floor":7,"key":"FearPotion"},{"floor":10,"key":"Swift Potion"}],"is_trial":false,"path_per_floor":["M","?","M","?","?","R","?","R","T","E","M","R","E"],"character_chosen":"IRONCLAD","items_purchased":[],"campfire_rested":0,"item_purchase_floors":[],"current_hp_per_floor":[74,74,75,52,41,41,47,47,47,35,41,41,3,3],"gold":237,"neow_bonus":"THREE_ENEMY_KILL","is_daily":false,"chose_seed":false,"campfire_upgraded":2,"win_rate":0.0,"timestamp":1612783625,"path_taken":["M","?","M","?","?","R","?","R","T","E","M","R","E"],"items_purchased_type":[],"build_version":"2020-12-22","purchased_purges":0,"victory":false,"max_hp_per_floor":[75,75,75,75,75,75,75,75,75,82,82,82,82,82],"card_choices":[{"not_picked":["Clash","Inflame"],"picked":"Shrug It Off","floor":1},{"not_picked":["Ghostly Armor","Clash"],"picked":"Pommel Strike","floor":3},{"not_picked":["Armaments","Feel No Pain"],"picked":"Fire Breathing","floor":7},{"not_picked":["Searing Blow","Clothesline","Twin Strike"],"picked":"Barricade","floor":10},{"not_picked":["Wild Strike","Combust","Dual Wield","Perfected Strike"],"picked":"SKIP","floor":11}],"player_experience":986417,"relics_obtained":[{"floor":7,"key":"Art of War"},{"floor":9,"key":"Question Card"},{"floor":10,"key":"Strawberry"}],"event_choices":[{"cards_removed":["Bash"],"damage_healed":0,"gold_gain":0,"player_choice":"Card Removal","damage_taken":0,"max_hp_gain":0,"max_hp_loss":0,"event_name":"The Cleric","floor":2,"gold_loss":75},{"damage_healed":0,"gold_gain":0,"player_choice":"Entered Light","damage_taken":23,"max_hp_gain":0,"max_hp_loss":0,"event_name":"Shining Light","floor":4,"gold_loss":0,"cards_upgraded":["Shrug It Off","Pommel Strike"]},{"damage_healed":0,"gold_gain":0,"player_choice":"Success","damage_taken":11,"relics_obtained":["Pen Nib"],"max_hp_gain":0,"max_hp_loss":0,"event_name":"Scrap Ooze","floor":5,"gold_loss":0},{"damage_healed":0,"gold_gain":0,"player_choice":"Searched \u00271\u0027 times","damage_taken":0,"max_hp_gain":0,"max_hp_loss":0,"event_name":"Dead Adventurer","floor":7,"gold_loss":0}],"is_beta":false,"boss_relics":[],"items_purged_floors":[],"is_endless":false,"potions_floor_spawned":[3,7,10],"killed_by":"Lagavulin","ascension_level":20}}