{"host":"y0i0tbisecj7yjyn","time":1612759040,"event":{"mods":["A Penny For Your Troubles","AlwaysNeverKeys","BaseMod","BetterRewards","Colored Map","Colored Powertips","Curses Come First","Displayed Cursed Tome","Keyboard Shortcuts","Minty Spire (QoL Compilation)","Random Character Button","Rare Cards Sparkle","Relic Sorter","StSLib","SuperFastMode","Transform Curses","Weighted Paths"],"gold_per_floor":[110,110,110,120,70,70,32,57,57,57,57,57,82,96,96,193,193,211,211,224,224,243,269,284,284,308,308,13,13,46,46,46,142,142,160,178,178,228,228,228,6,6,31,45,45,59,92,105,105,106,106,106,31,63,63],"floor_reached":56,"language":"ENG","playtime":3017,"items_purged":["Strike_B"],"score":1352,"play_id":"8be78928-ba53-439b-b3ae-1f27f884d92e","local_time":"20210207223720","is_ascension_mode":true,"campfire_choices":[{"data":"Genetic Algorithm","floor":6,"key":"SMITH"},{"floor":11,"key":"REST"},{"data":"Zap","floor":15,"key":"SMITH"},{"data":"Storm","floor":27,"key":"SMITH"},{"data":"Heatsinks","floor":29,"key":"SMITH"},{"data":"Heatsinks","floor":32,"key":"SMITH"},{"data":"Echo Form","floor":40,"key":"SMITH"},{"data":"Electrodynamics","floor":42,"key":"SMITH"},{"data":"Chrysalis","floor":49,"key":"SMITH"},{"data":"Capacitor","floor":52,"key":"SMITH"}],"circlet_count":0,"master_deck":["Strike_B","Defend_B","Defend_B+1","Zap+1","Dualcast","Genetic Algorithm+1","Cold Snap+1","Gash","Self Repair","Redo","Heatsinks+1","Electrodynamics+1","Storm+1","Self Repair","Heatsinks+1","Capacitor","Static Discharge","Echo Form+1","Capacitor+1","Chrysalis+1","Self Repair","Capacitor+1","Gash+1","Capacitor+1","Loop+1","Thunder Strike+1"],"relics":["Cracked Core","Matryoshka","Mummified Hand","Dream Catcher","Anchor","InkBottle","Question Card","DataDisk","Empty Cage","Molten Egg 2","Darkstone Periapt","NlothsMask","Lizard Tail","Ice Cream","MutagenicStrength","Philosopher\u0027s Stone","TungstenRod","Bag of Preparation","Potion Belt","MealTicket","Boot"],"acts_visited":["Exordium","TheCity","TheBeyond","TheEnding"],"potions_floor_usage":[16,16,20,23,36,47,50,50,50],"damage_taken":[{"damage":7,"enemies":"2 Louse","floor":1,"turns":2},{"damage":7,"enemies":"Jaw Worm","floor":4,"turns":4},{"damage":13,"enemies":"Gremlin Nob","floor":13,"turns":4},{"damage":0,"enemies":"Small Slimes","floor":14,"turns":2},{"damage":29,"enemies":"Slime Boss","floor":16,"turns":12},{"damage":2,"enemies":"Shell Parasite","floor":18,"turns":4},{"damage":7,"enemies":"2 Thieves","floor":20,"turns":3},{"damage":36,"enemies":"Snake Plant","floor":22,"turns":4},{"damage":12,"enemies":"Slavers","floor":23,"turns":3},{"damage":11,"enemies":"Sentry and Sphere","floor":24,"turns":4},{"damage":2,"enemies":"Book of Stabbing","floor":30,"turns":4},{"damage":27,"enemies":"Collector","floor":33,"turns":8},{"damage":0,"enemies":"3 Darklings","floor":35,"turns":2},{"damage":13,"enemies":"3 Shapes","floor":36,"turns":4},{"damage":31,"enemies":"Mind Bloom Boss Battle","floor":38,"turns":4},{"damage":0,"enemies":"Maw","floor":44,"turns":5},{"damage":0,"enemies":"3 Darklings","floor":46,"turns":1},{"damage":0,"enemies":"Reptomancer","floor":47,"turns":2},{"damage":0,"enemies":"Sphere and 2 Shapes","floor":48,"turns":2},{"damage":118,"enemies":"Awakened One","floor":50,"turns":9},{"damage":11,"enemies":"Shield and Spear","floor":54,"turns":4},{"damage":63,"enemies":"The Heart","floor":55,"turns":5}],"seed_played":"1090983734231458940","potions_obtained":[{"floor":13,"key":"SpeedPotion"},{"floor":14,"key":"Energy Potion"},{"floor":16,"key":"Strength Potion"},{"floor":18,"key":"ColorlessPotion"},{"floor":19,"key":"FairyPotion"},{"floor":23,"key":"Ancient Potion"},{"floor":24,"key":"SmokeBomb"},{"floor":33,"key":"AttackPotion"},{"floor":44,"key":"ColorlessPotion"},{"floor":46,"key":"AttackPotion"},{"floor":47,"key":"EssenceOfSteel"}],"is_trial":false,"path_per_floor":["M","?","?","M","?","R","$","T","T","?","R","T","E","M","R","B",null,"M","?","M","T","M","E","M","?","T","R","$","R","E","?","R","B",null,"M","M","?","?","?","R","$","R","T","M","?","M","E","M","R","B",null,"R","$","E","B",null],"character_chosen":"DEFECT","items_purchased":["Self Repair","Lizard Tail","Bag of Preparation","Self Repair"],"campfire_rested":1,"item_purchase_floors":[7,28,41,41],"current_hp_per_floor":[68,53,53,46,46,46,46,46,46,39,61,61,55,62,62,40,75,75,75,75,75,53,55,58,58,58,58,58,58,70,70,70,57,75,75,75,71,54,54,54,54,54,54,71,71,71,71,71,71,50,71,71,71,71,29],"gold":63,"neow_bonus":"TRANSFORM_TWO_CARDS","is_daily":false,"chose_seed":false,"campfire_upgraded":9,"win_rate":0.0,"timestamp":1612759040,"path_taken":["M","?","?","M","?","R","?","?","T","?","R","?","E","M","R","BOSS","M","?","?","?","?","E","M","?","T","R","?","R","E","?","R","BOSS","M","M","?","?","?","R","$","R","T","M","?","?","E","M","R","BOSS","R","$","E","BOSS"],"items_purchased_type":["Card","Relic","Relic","Card"],"build_version":"2020-12-22","purchased_purges":1,"victory":true,"max_hp_per_floor":[75,75,75,75,75,75,75,75,75,75,75,75,75,75,75,75,75,75,75,75,75,75,75,75,75,75,75,75,75,75,75,75,75,75,75,75,71,71,71,71,71,71,71,71,71,71,71,71,71,71,71,71,71,71,71],"card_choices":[{"not_picked":["Genetic Algorithm","Go for the Eyes"],"picked":"Gash","floor":1},{"not_picked":["Go for the Eyes","Rip and Tear","Turbo"],"picked":"SKIP","floor":4},{"not_picked":["Compile Driver","Skim"],"picked":"Redo","floor":11},{"not_picked":["Hologram","Doom and Gloom","Genetic Algorithm"],"picked":"Heatsinks","floor":13},{"not_picked":["Recycle","Turbo","Undo","Stack"],"picked":"SKIP","floor":14},{"not_picked":["Amplify","Thunder Strike","Buffer"],"picked":"Electrodynamics","floor":16},{"not_picked":["Compile Driver+1","Hologram","Barrage"],"picked":"Storm","floor":18},{"not_picked":["Leap","Ball Lightning","Hologram+1"],"picked":"Self Repair","floor":20},{"not_picked":["Coolheaded","Tempest","Go for the Eyes+1","Steam"],"picked":"SKIP","floor":22},{"not_picked":["Thunder Strike+1","Redo","Cold Snap+1"],"picked":"Heatsinks","floor":23},{"not_picked":["Cold Snap+1","Coolheaded","Blizzard+1"],"picked":"Capacitor","floor":24},{"not_picked":["Barrage+1","Loop","Darkness"],"picked":"Static Discharge","floor":30},{"not_picked":["Rainbow","Core Surge+1","Fission"],"picked":"Echo Form","floor":33},{"not_picked":["Coolheaded","Rebound+1","Scrape+1","Ball Lightning+1"],"picked":"SKIP","floor":35},{"not_picked":["Rebound+1","Skim+1","Hologram+1"],"picked":"Capacitor+1","floor":36},{"not_picked":["HandOfGreed+1","Good Instincts","Secret Weapon"],"picked":"Chrysalis","floor":39},{"not_picked":["Darkness+1","Coolheaded","Consume"],"picked":"Capacitor","floor":44},{"not_picked":["Rebound+1","Ball Lightning+1","Streamline+1"],"picked":"Gash+1","floor":46},{"not_picked":["Cold Snap+1","Aggregate+1","Coolheaded+1"],"picked":"Capacitor","floor":47},{"not_picked":["Go for the Eyes+1","Ball Lightning+1","Gash+1"],"picked":"Loop+1","floor":48},{"not_picked":["Redo","Leap","Lockon+1"],"picked":"Thunder Strike+1","floor":54}],"player_experience":391920,"relics_obtained":[{"floor":8,"key":"Mummified Hand"},{"floor":8,"key":"Dream Catcher"},{"floor":9,"key":"Anchor"},{"floor":9,"key":"InkBottle"},{"floor":12,"key":"Question Card"},{"floor":13,"key":"DataDisk"},{"floor":21,"key":"Molten Egg 2"},{"floor":23,"key":"Darkstone Periapt"},{"floor":30,"key":"Ice Cream"},{"floor":38,"key":"TungstenRod"},{"floor":43,"key":"Potion Belt"},{"floor":47,"key":"MealTicket"},{"floor":54,"key":"Boot"}],"event_choices":[{"damage_healed":0,"gold_gain":0,"player_choice":"Entered Light","damage_taken":15,"max_hp_gain":0,"max_hp_loss":0,"event_name":"Shining Light","floor":2,"gold_loss":0,"cards_upgraded":["Cold Snap","Defend_B"]},{"damage_healed":0,"gold_gain":0,"player_choice":"Box","damage_taken":0,"relics_obtained":["Matryoshka"],"max_hp_gain":0,"max_hp_loss":0,"event_name":"Big Fish","floor":3,"gold_loss":0,"cards_obtained":["Regret"]},{"cards_removed":["Regret"],"damage_healed":0,"gold_gain":0,"player_choice":"Card Removal","damage_taken":0,"max_hp_gain":0,"max_hp_loss":0,"event_name":"The Cleric","floor":5,"gold_loss":50},{"cards_removed":["Regret"],"damage_healed":0,"gold_gain":0,"player_choice":"Card Removal","damage_taken":7,"max_hp_gain":0,"max_hp_loss":0,"event_name":"Golden Wing","floor":10,"gold_loss":0},{"damage_healed":0,"gold_gain":0,"player_choice":"Got Potions","damage_taken":0,"max_hp_gain":0,"max_hp_loss":0,"event_name":"Lab","floor":19,"gold_loss":0},{"damage_healed":0,"gold_gain":0,"player_choice":"Trade","damage_taken":0,"relics_obtained":["NlothsMask"],"max_hp_gain":0,"max_hp_loss":0,"event_name":"FaceTrader","floor":25,"gold_loss":0},{"damage_healed":0,"gold_gain":0,"player_choice":"Inject Mutagens","damage_taken":0,"relics_obtained":["MutagenicStrength"],"max_hp_gain":0,"max_hp_loss":0,"event_name":"Drug Dealer","floor":31,"gold_loss":0},{"damage_healed":0,"gold_gain":0,"player_choice":"Max HP","damage_taken":0,"max_hp_gain":0,"max_hp_loss":4,"event_name":"Winding Halls","floor":37,"gold_loss":0},{"damage_healed":0,"gold_gain":0,"player_choice":"Fight","damage_taken":0,"max_hp_gain":0,"max_hp_loss":0,"event_name":"MindBloom","floor":38,"gold_loss":0},{"damage_healed":0,"gold_gain":0,"player_choice":"Memory 1","damage_taken":0,"max_hp_gain":0,"max_hp_loss":0,"event_name":"SensoryStone","floor":39,"gold_loss":0},{"damage_healed":0,"gold_gain":0,"player_choice":"Upgraded","damage_taken":0,"max_hp_gain":0,"max_hp_loss":0,"event_name":"Upgrade Shrine","floor":45,"gold_loss":0,"cards_upgraded":["Capacitor"]}],"is_beta":false,"boss_relics":[{"not_picked":["Sozu","SacredBark"],"picked":"Empty Cage"},{"not_picked":["Fusion Hammer","Cursed Key"],"picked":"Philosopher\u0027s Stone"}],"items_purged_floors":[53],"is_endless":false,"potions_floor_spawned":[13,14,16,18,23,24,33,44,46,47],"ascension_level":2}}