{"host":"5rycm1ajjg5acc5q","time":1612825041,"event":{"mods":["BaseMod","Better Third Choice","Downfall","Highlight Path","Minty Spire (QoL Compilation)","Replay The Spire","StSLib"],"gold_per_floor":[113,124,124,143,143,176,176,186,186,202,202,289,289,317,317,412,412,425,22,32,32,32,57,76,108,108,122,132,132,165,179,179,276,276,289,289,341,351,351,399,399,411,512,545,597,315,330,374,374,374,374,374,27,61,61],"floor_reached":56,"language":"ENG","playtime":27634,"items_purged":[],"score":1350,"play_id":"9122ebf2-d72a-43b0-beea-0085ecba50ca","local_time":"20210208165721","is_ascension_mode":true,"campfire_choices":[{"data":"Magnetism","floor":7,"key":"SMITH"},{"data":"Recycle","floor":11,"key":"SMITH"},{"data":"Zap","floor":13,"key":"SMITH"},{"data":"ReplaySort","floor":15,"key":"SMITH"},{"floor":32,"key":"REST"},{"data":"ReplayTheSpireMod:GoodbyeWorld","floor":41,"key":"SMITH"},{"data":"Hello World","floor":41,"key":"SMITH"},{"floor":49,"key":"RECALL"},{"data":"Dualcast","floor":52,"key":"SMITH"},{"data":"White Noise","floor":52,"key":"SMITH"}],"circlet_count":0,"master_deck":["Strike_B","Defend_B","Defend_B","Defend_B+1","Defend_B","Zap+1","Dualcast+1","Magnetism+1","ReplaySort+1","Turbo","Recycle+1","Conserve Battery","ReplayTheSpireMod:System Scan+1","Hello World+1","Coolheaded","Echo Form+1","All For One+1","ReplayTheSpireMod:Reroute Power+1","Amplify+1","Compile Driver+1","Compile Driver+1","Stack+1","Rebound","Machine Learning+1","Rainbow+1","ReplayTheSpireMod:Repulse","White Noise+1","Hologram+1","ReplayTheSpireMod:Omega Cannon+1","Chaos","Lockon+1","Finesse","Thinking Ahead+1","Panache+1","Buffer+1","Stack+1","ReplayTheSpireMod:GoodbyeWorld+1","BootSequence","ReplayTheSpireMod:Calculation Training+1","Undo","Auto Shields+1","BasicCrystalCard+1","Conserve Battery","Echo Form+1","downfall:Bewildered","Stack","Hologram","ReplayTheSpireMod:Omega Cannon+1","Capacitor+1"],"relics":["Cracked Core","ReplayTheSpireMod:Ring of Collecting","Ring of Peace","Replay:Accelerometer","Ring of Hypnosis","Golden Egg","Replay:WaspNest","Busted Crown","Tiny Chest","Question Card","Bronze Scales","Ring of Shattering","Ring of Misfortune","Replay:Arrowhead","Blue Doll","Honey Jar","Prayer Wheel","Durian","MealTicket","Ring of Fury","Juzu Bracelet","Ring of Greed","Golden Idol","MawBank","Pondfish Scales","DollysMirror","Bag of Marbles","War Paint","Vajra","Guide Book","Chameleon Ring"],"acts_visited":["Exordium","TheCity","TheBeyond","TheEnding"],"potions_floor_usage":[6,23,23,33,33,33,33,33,33,37,37,38,45,50,54,55,55,55],"damage_taken":[{"damage":5,"enemies":"Jaw Worm","floor":1,"turns":4},{"damage":0,"enemies":"2 Louse","floor":2,"turns":3},{"damage":0,"enemies":"Small Slimes","floor":4,"turns":3},{"damage":0,"enemies":"Lagavulin","floor":6,"turns":7},{"damage":0,"enemies":"Blue Slaver","floor":8,"turns":4},{"damage":6,"enemies":"Exordium Wildlife","floor":10,"turns":5},{"damage":9,"enemies":"3 Sentries","floor":14,"turns":7},{"damage":0,"enemies":"Slime Boss","floor":16,"turns":6},{"damage":8,"enemies":"Spheric Guardian","floor":18,"turns":4},{"damage":0,"enemies":"3 Byrds","floor":20,"turns":4},{"damage":7,"enemies":"Book of Stabbing","floor":23,"turns":5},{"damage":0,"enemies":"Snecko","floor":24,"turns":3},{"damage":16,"enemies":"Slavers","floor":25,"turns":5},{"damage":5,"enemies":"Snake Plant","floor":27,"turns":4},{"damage":0,"enemies":"Centurion and Healer","floor":28,"turns":4},{"damage":12,"enemies":"Gremlin Leader","floor":30,"turns":5},{"damage":0,"enemies":"Snecko","floor":31,"turns":3},{"damage":8,"enemies":"Automaton","floor":33,"turns":9},{"damage":0,"enemies":"Orb Walker","floor":35,"turns":3},{"damage":20,"enemies":"2 Orb Walkers","floor":37,"turns":4},{"damage":0,"enemies":"3 Shapes","floor":38,"turns":3},{"damage":0,"enemies":"Jaw Worm Horde","floor":42,"turns":3},{"damage":0,"enemies":"Spire Growth","floor":44,"turns":5},{"damage":0,"enemies":"Nemesis","floor":45,"turns":3},{"damage":0,"enemies":"Sphere and 2 Shapes","floor":47,"turns":3},{"damage":0,"enemies":"R_Hoarder","floor":48,"turns":6},{"damage":0,"enemies":"Replay:Hell Engine","floor":50,"turns":9},{"damage":7,"enemies":"Shield and Spear","floor":54,"turns":4},{"damage":0,"enemies":"The Heart","floor":55,"turns":8}],"seed_played":"-32117618906319832","potions_obtained":[{"floor":2,"key":"BlessingOfTheForge"},{"floor":14,"key":"AttackPotion"},{"floor":20,"key":"Venom Potion"},{"floor":27,"key":"Weak Potion"},{"floor":30,"key":"Fire Potion"},{"floor":31,"key":"Elixir"},{"floor":37,"key":"Guardian:BlockOnCardUsePotion"},{"floor":38,"key":"AttackPotion"},{"floor":44,"key":"Toxic Potion"},{"floor":48,"key":"Strength Potion"},{"floor":54,"key":"DuplicationPotion"}],"is_trial":false,"path_per_floor":["M","M","?","M","?","E","R","M","T","M","R","?","R","E","R","B",null,"M","$","M","?","?","E","M","E","T","M","M","T","E","M","R","B",null,"M","?","?","M","?","T","R","M","T","M","E","$","M","E","R","B",null,"R","$","E","B",null],"character_chosen":"DEFECT","items_purchased":["Amplify","Tiny Chest","Compile Driver","Stack","DollysMirror","Bag of Marbles","Vajra","Guide Book","PowerPotion"],"campfire_rested":1,"item_purchase_floors":[19,19,19,19,46,46,53,53,53],"current_hp_per_floor":[63,63,63,63,63,63,63,63,63,57,57,30,30,21,21,21,68,60,60,60,60,60,53,53,37,37,32,32,32,20,20,40,32,68,68,58,43,43,43,43,43,43,43,43,43,58,58,58,58,58,73,73,73,66,66],"gold":61,"neow_bonus":"RANDOM_COLORLESS_2","is_daily":false,"chose_seed":false,"campfire_upgraded":8,"win_rate":0.0,"timestamp":1612825041,"path_taken":["M","M","?","M","?","E","R","M","T","M","R","?","R","E","R","BOSS","M","$","M","?","?","E","M","E","T","M","?","?","E","M","R","BOSS","M","?","?","M","?","?","R","M","T","M","E","$","M","E","R","BOSS","R","$","E","BOSS"],"items_purchased_type":["Card","Relic","Card","Card","Relic","Relic","Relic","Relic","Potion"],"build_version":"2020-12-22","purchased_purges":0,"victory":true,"max_hp_per_floor":[68,68,68,68,68,68,68,68,68,68,68,68,68,68,68,68,68,68,68,68,68,68,68,68,68,68,68,68,68,68,68,68,68,68,68,68,73,73,73,73,73,73,73,73,73,73,73,73,73,73,73,73,73,73,73],"card_choices":[{"not_picked":["Crow Ritual","ReplayUltimateDefense"],"picked":"Magnetism","floor":0},{"not_picked":["Compile Driver","Stack"],"picked":"ReplaySort","floor":1},{"not_picked":["Ball Lightning","Cold Snap","Gash"],"picked":"SKIP","floor":2},{"not_picked":["Redo","Rainbow"],"picked":"Turbo","floor":4},{"not_picked":["Stack","Turbo"],"picked":"Recycle","floor":6},{"not_picked":["Steam","Chaos"],"picked":"Conserve Battery","floor":8},{"not_picked":["Redo","Sunder"],"picked":"ReplayTheSpireMod:System Scan","floor":10},{"not_picked":["Darkness","Compile Driver"],"picked":"Hello World","floor":12},{"not_picked":["ReplayGash","Doom and Gloom"],"picked":"Coolheaded","floor":12},{"not_picked":["ReplayTheSpireMod:Calculation Training","Rebound"],"picked":"Echo Form","floor":14},{"not_picked":["Biased Cognition","ReplayTheSpireMod:Fabricate Wheel"],"picked":"All For One","floor":16},{"not_picked":[],"picked":"ReplayTheSpireMod:Reroute Power","floor":18},{"not_picked":[],"picked":"Rebound","floor":20},{"not_picked":[],"picked":"ReplayTheSpireMod:Repulse","floor":23},{"not_picked":["Go for the Eyes"],"picked":"White Noise","floor":24},{"not_picked":["Cold Snap+1"],"picked":"Hologram+1","floor":25},{"not_picked":["Beam Cell","Ball Lightning+1"],"picked":"SKIP","floor":27},{"not_picked":["ReplayTheSpireMod:System Scan","Leap+1"],"picked":"SKIP","floor":28},{"not_picked":["Ball Lightning"],"picked":"ReplayTheSpireMod:Omega Cannon","floor":30},{"not_picked":["Cold Snap"],"picked":"Chaos","floor":31},{"not_picked":["ReplayTheSpireMod:Omega Cannon"],"picked":"ReplayTheSpireMod:Fabricate Wheel","floor":33},{"not_picked":["Barrage","ReplayTheSpireMod:System Scan+1"],"picked":"Lockon+1","floor":35},{"not_picked":["Replay:Parry","Replay:Bootleg Shield Generator"],"picked":"Finesse","floor":36},{"not_picked":["PanicButton","Flash of Steel"],"picked":"Thinking Ahead","floor":36},{"not_picked":["Dramatic Entrance","Jack Of All Trades"],"picked":"Panache","floor":36},{"not_picked":["Reinforced Body","Gash"],"picked":"Stack+1","floor":37},{"not_picked":["Stack+1","Compile Driver"],"picked":"ReplayTheSpireMod:GoodbyeWorld","floor":38},{"not_picked":["Compile Driver+1","Storm"],"picked":"BootSequence","floor":38},{"not_picked":["ReplayTheSpireMod:Fabricate Wheel","Go for the Eyes+1"],"picked":"ReplayTheSpireMod:Calculation Training","floor":42},{"not_picked":["Streamline","Gash"],"picked":"Undo","floor":42},{"not_picked":["Hologram","Leap"],"picked":"Auto Shields+1","floor":44},{"not_picked":["Capacitor","ReplayGash+1"],"picked":"BasicCrystalCard+1","floor":44},{"not_picked":["Rip and Tear","Gash+1"],"picked":"Conserve Battery","floor":45},{"not_picked":["Scrape","Barrage+1"],"picked":"Stack","floor":47},{"not_picked":["ReplayRNGCard","Sweeping Beam+1"],"picked":"Hologram","floor":47},{"not_picked":["Double Energy+1","Beam Cell"],"picked":"ReplayTheSpireMod:Omega Cannon","floor":48},{"not_picked":["Gash","Ball Lightning"],"picked":"Capacitor+1","floor":54}],"player_experience":282509,"relics_obtained":[{"floor":3,"key":"ReplayTheSpireMod:Ring of Collecting"},{"floor":3,"key":"Ring of Peace"},{"floor":6,"key":"Replay:Accelerometer"},{"floor":9,"key":"Ring of Hypnosis"},{"floor":9,"key":"Golden Egg"},{"floor":14,"key":"Replay:WaspNest"},{"floor":23,"key":"Question Card"},{"floor":25,"key":"Bronze Scales"},{"floor":26,"key":"Ring of Shattering"},{"floor":29,"key":"Ring of Misfortune"},{"floor":29,"key":"Replay:Arrowhead"},{"floor":30,"key":"Blue Doll"},{"floor":37,"key":"Durian"},{"floor":40,"key":"MealTicket"},{"floor":40,"key":"Ring of Fury"},{"floor":43,"key":"Juzu Bracelet"},{"floor":43,"key":"Ring of Greed"},{"floor":43,"key":"Golden Idol"},{"floor":43,"key":"MawBank"},{"floor":45,"key":"Pondfish Scales"},{"floor":48,"key":"War Paint"},{"floor":54,"key":"Chameleon Ring"}],"event_choices":[{"cards_removed":["CommonCold"],"damage_healed":0,"gold_gain":0,"player_choice":"Forget","damage_taken":0,"max_hp_gain":0,"max_hp_loss":0,"event_name":"Living Wall","floor":5,"gold_loss":0},{"damage_healed":0,"gold_gain":0,"player_choice":"Ignored","damage_taken":0,"max_hp_gain":0,"max_hp_loss":0,"event_name":"Ghosts","floor":21,"gold_loss":0},{"damage_healed":0,"gold_gain":0,"cards_transformed":["Strike_B","Strike_B"],"player_choice":"Became Test Subject","damage_taken":0,"max_hp_gain":0,"max_hp_loss":0,"event_name":"Drug Dealer","floor":22,"gold_loss":0,"cards_obtained":["Machine Learning","Rainbow"]},{"damage_healed":0,"gold_gain":0,"player_choice":"Memory 3","damage_taken":10,"max_hp_gain":0,"max_hp_loss":0,"event_name":"SensoryStone","floor":36,"gold_loss":0},{"damage_healed":0,"gold_gain":0,"player_choice":"Fight","damage_taken":0,"max_hp_gain":0,"max_hp_loss":0,"event_name":"Mysterious Sphere","floor":37,"gold_loss":0},{"cards_removed":["Strike_B"],"damage_healed":0,"gold_gain":0,"player_choice":"Removed Attack","damage_taken":0,"max_hp_gain":0,"max_hp_loss":0,"event_name":"Falling","floor":39,"gold_loss":0}],"is_beta":false,"boss_relics":[{"not_picked":["Velvet Choker","Kintsugi"],"picked":"Busted Crown"},{"not_picked":["Runic Dome","Abe\u0027s Treasure"],"picked":"Honey Jar"}],"items_purged_floors":[],"is_endless":false,"potions_floor_spawned":[2,14,20,27,30,31,33,37,38,44,48,54],"ascension_level":1}}