{"host":"1y3caoxlf2txzqg0","time":1612808516,"event":{"mods":["Alarm Clock","BaseMod","Colored Map","DeckTracker","GifTheSpireLib","Minty Spire (QoL Compilation)","Rare Cards Sparkle","Relic Stats","Spire Birthday Party","StSLib"],"gold_per_floor":[114,129,129,129,148,148,186,255,255,255,274,312,162,181,181,331,331,350,369,119,138,138,176,26,26,26],"floor_reached":25,"language":"DEU","playtime":4213,"items_purged":[],"score":256,"play_id":"c7796436-7d47-4fde-80ce-b393950f5694","local_time":"20210208192156","daily_mods":["Shiny","Green Cards","Terminal"],"is_ascension_mode":false,"campfire_choices":[{"data":"Venomology","floor":6,"key":"SMITH"},{"floor":15,"key":"REST"}],"circlet_count":0,"master_deck":["Venomology+1","Corpse Explosion","Malaise","Phantasmal Killer","Die Die Die","Adrenaline","Envenom","Doppelganger","Burst","Wraith Form v2","Tools of the Trade","Night Terror","Unload","After Image","Bullet Time","Storm of Steel","Glass Knife","A Thousand Cuts","Grand Finale","Judgement","ConjureBlade","MasterReality","Brilliance","Devotion","Blasphemy","Ragnarok","LessonLearned","Scrawl","Vault","Alpha","Wish","Omniscience","Establishment","SpiritShield","DevaForm","DeusExMachina","PathToVictory","Injury","FlurryOfBlows","FollowUp+1","Prostrate","Prepared+1"],"relics":["PureWater","Darkstone Periapt","Golden Idol","Ancient Tea Set","Pen Nib","Calipers","PreservedInsect","Cursed Key","Pear","Oddly Smooth Stone","Blood Vial"],"acts_visited":["Exordium","TheCity"],"potions_floor_usage":[11,12,16,16,21,21,21],"damage_taken":[{"damage":0,"enemies":"Small Slimes","floor":1,"turns":1},{"damage":0,"enemies":"2 Louse","floor":2,"turns":2},{"damage":6,"enemies":"Jaw Worm","floor":5,"turns":3},{"damage":9,"enemies":"3 Sentries","floor":7,"turns":4},{"damage":0,"enemies":"Gremlin Gang","floor":11,"turns":2},{"damage":11,"enemies":"Gremlin Nob","floor":12,"turns":3},{"damage":0,"enemies":"Large Slime","floor":14,"turns":2},{"damage":31,"enemies":"Hexaghost","floor":16,"turns":7},{"damage":0,"enemies":"Chosen","floor":18,"turns":5},{"damage":0,"enemies":"3 Byrds","floor":19,"turns":2},{"damage":0,"enemies":"Centurion and Healer","floor":21,"turns":2},{"damage":12,"enemies":"Slavers","floor":23,"turns":4},{"damage":100010,"enemies":"Snake Plant","floor":25,"turns":3}],"seed_played":"-2425098010432476902","potions_obtained":[{"floor":1,"key":"ColorlessPotion"},{"floor":7,"key":"Strength Potion"},{"floor":11,"key":"Energy Potion"},{"floor":14,"key":"Block Potion"},{"floor":19,"key":"AttackPotion"},{"floor":21,"key":"Dexterity Potion"}],"is_trial":false,"path_per_floor":["M","M","?","?","M","R","E","?","T","?","M","E","$","M","R","B",null,"M","M","$","M","$","E","$","M"],"character_chosen":"WATCHER","items_purchased":["PreservedInsect","Pear","Blood Vial"],"campfire_rested":1,"item_purchase_floors":[13,20,24],"current_hp_per_floor":[70,69,62,68,62,62,53,53,53,58,58,47,47,47,67,36,65,64,63,72,71,70,58,58,0,0],"gold":26,"neow_bonus":"","is_daily":true,"chose_seed":false,"campfire_upgraded":1,"win_rate":0.0,"timestamp":1612808516,"path_taken":["M","M","?","?","M","R","E","?","T","?","?","E","$","M","R","BOSS","M","M","$","M","$","E","$","M"],"items_purchased_type":["Relic","Relic","Relic"],"build_version":"2020-12-22","purchased_purges":0,"victory":false,"max_hp_per_floor":[70,69,68,73,72,71,70,69,68,72,71,70,69,68,67,66,65,64,63,72,71,70,69,68,68,68],"relic_stats":{"Darkstone Periapt":6,"Blood Vial":2,"counters":[13,39],"Golden Idol":73,"Pen Nib":[2],"PreservedInsect":38,"Cursed Key":0,"obtain_stats":[{"Darkstone Periapt":3,"Blood Vial":24,"Calipers":12,"Pear":20,"Golden Idol":4,"Oddly Smooth Stone":23,"Pen Nib":9,"PreservedInsect":13,"PureWater":0,"Ancient Tea Set":7,"Cursed Key":17},{"Darkstone Periapt":2,"Blood Vial":12,"Calipers":6,"Pear":10,"Golden Idol":2,"Oddly Smooth Stone":12,"Pen Nib":4,"PreservedInsect":6,"PureWater":0,"Ancient Tea Set":4,"Cursed Key":8},{"Darkstone Periapt":3,"Blood Vial":37,"Calipers":15,"Pear":31,"Golden Idol":3,"Oddly Smooth Stone":37,"Pen Nib":10,"PreservedInsect":15,"PureWater":0,"Ancient Tea Set":10,"Cursed Key":24}]},"card_choices":[{"not_picked":["Caltrops","FlyingSleeves","Endless Agony"],"picked":"SKIP","floor":1},{"not_picked":["Cloak And Dagger","LikeWater"],"picked":"PathToVictory","floor":2},{"not_picked":["Prepared","Reflex"],"picked":"FlurryOfBlows","floor":5},{"not_picked":["Heel Hook","ForeignInfluence","CutThroughFate"],"picked":"SKIP","floor":7},{"not_picked":["CutThroughFate","Setup","FearNoEvil"],"picked":"SKIP","floor":11},{"not_picked":["ThirdEye","Halt","LikeWater"],"picked":"SKIP","floor":12},{"not_picked":["Setup","EmptyFist","Underhanded Strike"],"picked":"SKIP","floor":14},{"not_picked":["Outmaneuver","Crippling Poison","Collect"],"picked":"SKIP","floor":18},{"not_picked":["Protect","Prepared"],"picked":"FollowUp+1","floor":19},{"not_picked":["Burst","FlurryOfBlows"],"picked":"Prostrate","floor":21},{"not_picked":["PathToVictory+1","WreathOfFlame"],"picked":"Prepared+1","floor":23}],"player_experience":892154,"relics_obtained":[{"floor":7,"key":"Ancient Tea Set"},{"floor":9,"key":"Pen Nib"},{"floor":12,"key":"Calipers"},{"floor":23,"key":"Oddly Smooth Stone"}],"event_choices":[{"damage_healed":0,"gold_gain":0,"player_choice":"Success","damage_taken":7,"relics_obtained":["Darkstone Periapt"],"max_hp_gain":0,"max_hp_loss":0,"event_name":"Scrap Ooze","floor":3,"gold_loss":0},{"damage_healed":0,"gold_gain":0,"player_choice":"Take Wound","damage_taken":0,"relics_obtained":["Golden Idol"],"max_hp_gain":0,"max_hp_loss":0,"event_name":"Golden Idol","floor":4,"gold_loss":0,"cards_obtained":["Injury"]},{"damage_healed":0,"gold_gain":69,"player_choice":"Gained Gold","damage_taken":0,"max_hp_gain":0,"max_hp_loss":0,"event_name":"Golden Wing","floor":8,"gold_loss":0},{"damage_healed":0,"gold_gain":0,"player_choice":"Donut","damage_taken":0,"max_hp_gain":5,"max_hp_loss":0,"event_name":"Big Fish","floor":10,"gold_loss":0}],"is_beta":false,"boss_relics":[{"not_picked":["Ectoplasm","Black Star"],"picked":"Cursed Key"}],"items_purged_floors":[],"is_endless":false,"potions_floor_spawned":[1,7,11,12,14,19,21],"killed_by":"Snake Plant","ascension_level":0}}