{"host":"y76clbnovzmw9ubx","time":1612827352,"event":{"mods":["AchievementEnabler","BaseMod","Minty Spire (QoL Compilation)","Permanent Neow","Relic Stats"],"gold_per_floor":[112,130,141,158,176,176,176],"floor_reached":6,"language":"ENG","playtime":398,"items_purged":[],"score":80,"play_id":"bce75ac6-4e9a-481a-ba90-41c976668ad8","local_time":"20210208183552","is_ascension_mode":true,"campfire_choices":[],"circlet_count":0,"master_deck":["AscendersBane","Strike_G","Strike_G","Strike_G","Strike_G","Strike_G","Defend_G","Defend_G","Defend_G","Defend_G","Defend_G","Survivor","Neutralize","Finisher","Leg Sweep","Poisoned Stab","Noxious Fumes","Deflect"],"relics":["Ring of the Snake"],"acts_visited":["Exordium"],"potions_floor_usage":[5,6],"damage_taken":[{"damage":4,"enemies":"2 Louse","floor":1,"turns":3},{"damage":0,"enemies":"Small Slimes","floor":2,"turns":4},{"damage":0,"enemies":"Jaw Worm","floor":3,"turns":3},{"damage":5,"enemies":"3 Louse","floor":4,"turns":5},{"damage":7,"enemies":"Gremlin Gang","floor":5,"turns":5},{"damage":56,"enemies":"Gremlin Nob","floor":6,"turns":4}],"seed_played":"4095143225066915362","potions_obtained":[{"floor":1,"key":"Fire Potion"},{"floor":3,"key":"PowerPotion"}],"is_trial":false,"path_per_floor":["M","M","M","M","M","E"],"character_chosen":"THE_SILENT","items_purchased":[],"campfire_rested":0,"item_purchase_floors":[],"current_hp_per_floor":[55,55,55,50,43,0,0],"gold":176,"neow_bonus":"THREE_CARDS","is_daily":false,"chose_seed":false,"campfire_upgraded":0,"win_rate":0.0,"timestamp":1612827352,"path_taken":["M","M","M","M","M","E"],"items_purchased_type":[],"build_version":"2020-12-22","purchased_purges":0,"victory":false,"max_hp_per_floor":[66,66,66,66,66,66,66],"relic_stats":{"counters":[6,24],"obtain_stats":[{"Ring of the Snake":0},{"Ring of the Snake":0},{"Ring of the Snake":0}],"Ring of the Snake":[12]},"card_choices":[{"not_picked":["Crippling Poison","Eviscerate"],"picked":"Finisher","floor":0},{"not_picked":["Setup","Acrobatics"],"picked":"Leg Sweep","floor":1},{"not_picked":["Dodge and Roll","Deflect"],"picked":"Poisoned Stab","floor":2},{"not_picked":["Eviscerate","Deadly Poison","Quick Slash"],"picked":"SKIP","floor":3},{"not_picked":["Sucker Punch","Choke"],"picked":"Noxious Fumes","floor":4},{"not_picked":["Dagger Throw","Unload"],"picked":"Deflect","floor":5}],"player_experience":3215051,"relics_obtained":[],"event_choices":[],"is_beta":false,"boss_relics":[],"items_purged_floors":[],"is_endless":false,"potions_floor_spawned":[1,3],"killed_by":"Gremlin Nob","ascension_level":20}}