{"host":"tj6tjcyqgbd0xj5u","time":1612797543,"event":{"mods":["Aspiration","BaseMod","Better Match","BetterRewards","Challenge The Spire","Conspire","Defuse TimeMaze Blight","Dota2Spire","Downfall","Energized Spire","Evolution","GifTheSpireLib","Good Game Mod","Halation","Hubris","Hyrulean Relics","Infinite Spire","Minty Spire (QoL Compilation)","Reliquary","Replay The Spire","Reworked Bosses","Spikes Relics","StS++","StSLib","Stuff the Spire"],"gold_per_floor":[18,18,18,35,51,51,81,81,107,142,142,158,187,202,202,300,300,318,243,243,261,272,272,272,272,343,343,343,343],"floor_reached":28,"language":"ENG","playtime":1031,"items_purged":["Defend_R"],"score":382,"play_id":"3b81f08f-9c23-44f7-8b7d-79ec7fadf71e","local_time":"20210208111903","is_ascension_mode":true,"campfire_choices":[{"data":"Slimebound:MassFeed","floor":6.0,"key":"SMITH"},{"floor":11.0,"key":"REST"},{"floor":15.0,"key":"REST"},{"data":"True Grit","floor":23.0,"key":"SMITH"}],"circlet_count":0,"master_deck":["Iron Wave","Iron Wave","Iron Wave","Iron Wave","Iron Wave","True Grit+1","Defend_R+1","Defend_R","Bash","Slimebound:MassFeed+1","Absolvement","hubris:InfiniteBlow","Uppercut","Iron Wave","Clothesline","Cleave"],"relics":["Burning Blood","StuffTheSpire:OccultApparatus","REME:ComplimentaryCards","hubris:FunFungus","StoneCalendar","Strawberry","Replay:Baseball","Charon\u0027s Ashes","energizedSpire:DeadBattery","hubris:Towel","Replay:Ringing Soul"],"acts_visited":["Exordium","TheCity"],"potions_floor_usage":[],"damage_taken":[{"damage":2.0,"enemies":"Jaw Worm","floor":1.0,"turns":3.0},{"damage":3.0,"enemies":"Small Slimes","floor":4.0,"turns":3.0},{"damage":0.0,"enemies":"2 Louse","floor":5.0,"turns":2.0},{"damage":55.0,"enemies":"3 Sentries","floor":7.0,"turns":10.0},{"damage":30.0,"enemies":"Gremlin Nob","floor":10.0,"turns":6.0},{"damage":22.0,"enemies":"Gremlin Gang","floor":12.0,"turns":4.0},{"damage":17.0,"enemies":"Lagavulin","floor":13.0,"turns":7.0},{"damage":16.0,"enemies":"3 Louse","floor":14.0,"turns":6.0},{"damage":74.0,"enemies":"The Guardian","floor":16.0,"turns":15.0},{"damage":15.0,"enemies":"Chosen","floor":18.0,"turns":5.0},{"damage":13.0,"enemies":"Spheric Guardian","floor":21.0,"turns":4.0},{"damage":78.0,"enemies":"Centurion and Healer","floor":22.0,"turns":10.0},{"damage":25,"enemies":"Cultist and Chosen","floor":28,"turns":4}],"seed_played":"6775486322833081665","potions_obtained":[{"floor":10.0,"key":"Slimebound:ThreeZeroPotion"},{"floor":12.0,"key":"Dota2Spire:Clarity"},{"floor":13.0,"key":"Dexterity Potion"},{"floor":21.0,"key":"LiquidBronze"},{"floor":22.0,"key":"SpeedPotion"}],"is_trial":false,"path_per_floor":["M","?","$","M","M","R","E","?","T","E","R","M","E","M","R","B",null,"M","$","?","M","M","R","?","?","T","?","M"],"character_chosen":"IRONCLAD","items_purchased":[],"campfire_rested":2,"item_purchase_floors":[],"current_hp_per_floor":[79,58,58,64,77,77,42,42,49,26,58,55,46,41,76,9,92,88,88,88,85,18,18,18,18,18,18,0,0],"gold":343,"neow_bonus":"ONE_RARE_RELIC","is_daily":false,"chose_seed":false,"campfire_upgraded":2,"win_rate":0.0,"timestamp":1612797543,"path_taken":["M","?","$","M","M","R","E","?","T","E","R","M","E","M","R","BOSS","M","$","?","M","M","R","?","?","T","?","?"],"items_purchased_type":[],"build_version":"2020-12-22","purchased_purges":1,"victory":false,"max_hp_per_floor":[83,83,83,86,92,92,100,100,107,107,107,119,119,119,119,119,119,123,123,123,127,127,127,127,127,127,127,131,131],"card_choices":[{"not_picked":["StuffTheSpire:RockThrow","StuffTheSpire:Incineration"],"picked":"Absolvement","floor":1.0},{"not_picked":["infinitespire:Fortify","ReplayTheSpireMod:Book of Names"],"picked":"hubris:InfiniteBlow","floor":2.0},{"not_picked":["Body Slam","StuffTheSpire:RagingBull"],"picked":"Uppercut","floor":4.0},{"not_picked":["StSpp:TheBiggerTheyAre","StuffTheSpire:BloodClot","StuffTheSpire:Slingshot"],"picked":"SKIP","floor":5.0},{"not_picked":["StuffTheSpire:RockThrow","StSpp:Vengeance","Heavy Blade"],"picked":"SKIP","floor":7.0},{"not_picked":["StSpp:Succumb","Shrug It Off"],"picked":"Iron Wave","floor":10.0},{"not_picked":["Whirlwind","Clash"],"picked":"Clothesline","floor":12.0},{"not_picked":["StuffTheSpire:RockThrow","Dual Wield","ReplayTheSpireMod:Strike From Hell"],"picked":"SKIP","floor":13.0},{"not_picked":["Headbutt","StuffTheSpire:RockThrow"],"picked":"Cleave","floor":14.0},{"not_picked":["Carnage","Clothesline","Perfected Strike"],"picked":"SKIP","floor":18.0},{"not_picked":["Searing Blow","Sword Boomerang","Wild Strike+1"],"picked":"SKIP","floor":21.0},{"not_picked":["StuffTheSpire:Resist","Anger","Armaments+1"],"picked":"SKIP","floor":22.0}],"player_experience":135120,"relics_obtained":[{"floor":7.0,"key":"StoneCalendar"},{"floor":9.0,"key":"Strawberry"},{"floor":10.0,"key":"Replay:Baseball"},{"floor":13.0,"key":"reliquary:FerryPass"},{"floor":16.0,"key":"Charon\u0027s Ashes"},{"floor":26.0,"key":"Replay:Ringing Soul"}],"event_choices":[{"damage_healed":0.0,"max_hp_gain":0.0,"max_hp_loss":0.0,"gold_gain":0.0,"event_name":"betterMatch:BetterMatch","player_choice":"3","floor":25.0,"gold_loss":0.0,"damage_taken":0.0,"cards_obtained":[]}],"is_beta":false,"boss_relics":[{"not_picked":["Replay:Drink Me","hubris:VirtuousBlindfold"],"picked":"energizedSpire:DeadBattery"}],"items_purged_floors":[19],"is_endless":false,"potions_floor_spawned":[7,10,12,13,21,22],"killed_by":"Cultist and Chosen","ascension_level":6}}