{"host":"xltl1aroowo69o4n","time":1612742466,"event":{"mods":["BaseMod","Colored Map","Colored Powertips","Downfall","Marisa????????","Minty Spire (QoL Compilation)","Replay The Spire","StSLib","The Cursed","The Hierophant","The Mystic","The Necromancer","The Servant 0.9.4"],"gold_per_floor":[360,380,404,64,79,79,112,112,112,112,147,207,207,207,12,82,82,182,182,199,34,50,17,17,17,17,30,55,74,74,74,87,99,99,204,204,220,320,335,347,399,399,414,414,414,414,38,38,49,59,59,59,59],"floor_reached":52,"language":"ENG","playtime":2405,"items_purged":[],"score":555,"play_id":"5c8c1d73-0d3a-4c24-971f-7fc56f24e4e8","local_time":"20210207190106","is_ascension_mode":false,"campfire_choices":[{"floor":6,"key":"RECALL"},{"floor":8,"key":"REST"},{"data":"Shackles_Of_Pain","floor":10,"key":"SMITH"},{"floor":17,"key":"REST"},{"floor":26,"key":"REST"},{"floor":31,"key":"REST"},{"floor":34,"key":"REST"},{"data":"Mayhem","floor":42,"key":"SMITH"},{"floor":44,"key":"REST"},{"data":"Plague_Bolt","floor":46,"key":"SMITH"},{"floor":51,"key":"DIG"}],"circlet_count":0,"master_deck":["Strike_W","Strike_W","Strike_W","Strike_W","Defend_W","Defend_W+1","Defend_W","Defend_W","Negative_Energy_Arrows","Bone_Wall+1","Negative_Energy_Javelin","Epidemic","Summon_Vampire_Lady","Poisoned Strike","Death_March_Dance","Shackles_Of_Pain+1","Plague_Bolt+1","Stop_Heart","Slay_Living","Mayhem+1","Summon_Death_Knight","Blood_Curse","Dramatic Entrance","Summon_Lich","Shade_Step","Life_Drain","Negative_Energy_Sphere","Vampiric_Strike+1","Deaths_Shadow","Corrupt","Summon_Death_Knight","Spectral_Armor","Bone_Spikes+1","Negative_Energy_Javelin+1","Necrotic_Claws+1","Chrysalis","Consume_Illness","ReplayTheSpireMod:Trickstab","Slay_Living","Vampiric_Strike+1","Consume_Illness"],"relics":["Vampire_Amulet","CaptainsWheel","White Beast Statue","Pen Nib","Meat on the Bone","Ring of Chaos","Nunchaku","Busted Crown","CatCart","Pear","War Paint"],"acts_visited":["Exordium","TheCity","TheBeyond"],"potions_floor_usage":[2,11,12,18,22,25,35,35,40,41,52,52],"damage_taken":[{"damage":0,"enemies":"Cultist","floor":1,"turns":4},{"damage":4,"enemies":"Jaw Worm","floor":2,"turns":5},{"damage":10,"enemies":"Small Slimes","floor":5,"turns":3},{"damage":43,"enemies":"3 Sentries","floor":7,"turns":8},{"damage":21,"enemies":"Gremlin Nob","floor":11,"turns":5},{"damage":10,"enemies":"Gremlin Nob","floor":12,"turns":5},{"damage":52,"enemies":"Hexaghost","floor":18,"turns":9},{"damage":19,"enemies":"Chosen","floor":20,"turns":5},{"damage":25,"enemies":"2 Thieves","floor":22,"turns":3},{"damage":0,"enemies":"Slavers","floor":25,"turns":1},{"damage":21,"enemies":"Snake Plant","floor":27,"turns":5},{"damage":68,"enemies":"Centurion and Healer","floor":29,"turns":9},{"damage":24,"enemies":"Cultist and Chosen","floor":32,"turns":5},{"damage":18,"enemies":"Shelled Parasite and Fungi","floor":33,"turns":4},{"damage":74,"enemies":"Collector","floor":35,"turns":10},{"damage":41,"enemies":"3 Darklings","floor":37,"turns":6},{"damage":17,"enemies":"Orb Walker","floor":39,"turns":4},{"damage":54,"enemies":"Writhing Mass","floor":40,"turns":7},{"damage":6,"enemies":"Orin","floor":41,"turns":11},{"damage":57,"enemies":"Transient","floor":43,"turns":5},{"damage":17,"enemies":"Maw","floor":49,"turns":7},{"damage":31,"enemies":"3 Darklings","floor":50,"turns":5},{"damage":169,"enemies":"Donu and Deca","floor":52,"turns":9}],"seed_played":"-6501604946466833445","potions_obtained":[{"floor":1,"key":"Block Potion"},{"floor":2,"key":"Fruit Juice"},{"floor":5,"key":"sneckomod:MuddlingPotion"},{"floor":11,"key":"Block Potion"},{"floor":12,"key":"SteroidPotion"},{"floor":18,"key":"PowerPotion"},{"floor":20,"key":"LiquidMemories"},{"floor":22,"key":"Weak Potion"},{"floor":24,"key":"FairyPotion"},{"floor":24,"key":"SmokeBomb"},{"floor":24,"key":"LiquidBronze"},{"floor":27,"key":"Toxic Potion"},{"floor":35,"key":"Dexterity Potion"},{"floor":37,"key":"Fire Potion"},{"floor":40,"key":"Energy Potion"},{"floor":41,"key":"hexamod:SoulburnPotion"},{"floor":43,"key":"AttackPotion"}],"is_trial":false,"path_per_floor":["M","M","T","$","M","R","E","R","T","R","E","?","PTL","PTL","$","?","R","B",null,"M","$","M","$","?","E","R","M","T","M","?","R","M","M","R","B",null,"M","?","M","M","?","R","M","R","T","R","$","?","M","M","R_BF","B"],"character_chosen":"NECROMANCER","items_purchased":["Summon_Vampire_Lady","Poisoned Strike","Death_March_Dance","Mayhem","Dramatic Entrance","Summon_Lich","Life_Drain","Chrysalis","Consume_Illness","ReplayTheSpireMod:Trickstab","Slay_Living"],"campfire_rested":6,"item_purchase_floors":[4,4,4,15,21,21,23,47,47,47,47],"current_hp_per_floor":[68,71,71,71,68,68,55,73,73,73,54,58,58,58,58,58,73,41,73,56,56,47,47,47,47,68,70,70,34,58,73,55,47,68,33,73,43,43,43,15,70,70,48,69,79,79,79,79,83,60,60,0,0],"gold":59,"neow_bonus":"TWO_FIFTY_GOLD","is_daily":false,"chose_seed":false,"campfire_upgraded":3,"win_rate":0.0,"timestamp":1612742466,"path_taken":["M","?","?","$","?","R","E","R","T","R","E","?","PTL","PTL","?","?","R","BOSS","M","$","M","$","?","E","R","?","T","M","?","R","M","M","R","BOSS","M","?","?","M","?","R","M","R","T","R","$","?","M","?","R_BF","BOSS"],"items_purchased_type":["Card","Card","Card","Card","Card","Card","Card","Card","Card","Card","Card"],"build_version":"2020-12-13","purchased_purges":0,"victory":false,"max_hp_per_floor":[68,73,73,73,73,73,73,73,73,73,73,73,73,73,73,73,73,73,73,73,73,73,73,73,73,73,73,73,73,73,73,73,73,73,73,73,73,73,73,73,73,73,73,73,83,83,83,83,83,83,83,83,83],"card_choices":[{"not_picked":["Blood_for_Blood","Exploit"],"picked":"Negative_Energy_Javelin","floor":1},{"not_picked":["Life_Tap","Bones_to_Steel"],"picked":"Epidemic","floor":2},{"not_picked":["Uncharnel","Bone_Prison"],"picked":"Shackles_Of_Pain","floor":5},{"not_picked":["Death_Coil","Death_March_Dance"],"picked":"Plague_Bolt","floor":7},{"not_picked":["Necromantic_Selection","Summon_Undead"],"picked":"Stop_Heart","floor":11},{"not_picked":["Bone_Prison","Bone_Bullets"],"picked":"Slay_Living","floor":12},{"not_picked":["Requiem","Grasp_Heart"],"picked":"Summon_Death_Knight","floor":18},{"not_picked":["Stop_Heart","Death_Knell"],"picked":"Blood_Curse","floor":20},{"not_picked":["Negative_Energy_Sphere","Consume_Illness"],"picked":"Shade_Step","floor":22},{"not_picked":["Negative_Energy_Shield","Deaths_Shadow"],"picked":"Negative_Energy_Sphere","floor":27},{"not_picked":["Consume_Illness","Negative_Energy_Javelin+1"],"picked":"Vampiric_Strike+1","floor":29},{"not_picked":["Acid_Javelin","Vampiric_Strike"],"picked":"Deaths_Shadow","floor":32},{"not_picked":["Deaths_Shadow","Finger_Of_Death+1"],"picked":"Corrupt","floor":33},{"not_picked":["Negative_Energy_Bomb","Skeleton_Dragon"],"picked":"Summon_Death_Knight","floor":35},{"not_picked":["Necromantic_Selection+1"],"picked":"SKIP","floor":37},{"not_picked":[],"picked":"Spectral_Armor","floor":39},{"not_picked":[],"picked":"Bone_Spikes+1","floor":40},{"not_picked":[],"picked":"Negative_Energy_Javelin+1","floor":41},{"not_picked":[],"picked":"Necrotic_Claws+1","floor":43},{"not_picked":[],"picked":"Vampiric_Strike+1","floor":49},{"not_picked":[],"picked":"Consume_Illness","floor":50}],"player_experience":145461,"relics_obtained":[{"floor":7,"key":"CaptainsWheel"},{"floor":9,"key":"White Beast Statue"},{"floor":11,"key":"Pen Nib"},{"floor":12,"key":"Meat on the Bone"},{"floor":28,"key":"Nunchaku"},{"floor":41,"key":"CatCart"},{"floor":45,"key":"Pear"},{"floor":51,"key":"War Paint"}],"event_choices":[{"damage_healed":0,"gold_gain":30,"player_choice":"Searched \u00273\u0027 times","damage_taken":0,"max_hp_gain":0,"max_hp_loss":0,"event_name":"Dead Adventurer","floor":12,"gold_loss":0},{"damage_healed":0,"gold_gain":70,"player_choice":"Gained Gold","damage_taken":0,"max_hp_gain":0,"max_hp_loss":0,"event_name":"Golden Wing","floor":16,"gold_loss":0},{"damage_healed":0,"gold_gain":0,"player_choice":"Got Potions","damage_taken":0,"max_hp_gain":0,"max_hp_loss":0,"event_name":"Lab","floor":24,"gold_loss":0},{"damage_healed":24,"gold_gain":0,"player_choice":"Heal","damage_taken":0,"max_hp_gain":0,"max_hp_loss":0,"event_name":"The Library","floor":30,"gold_loss":0},{"damage_healed":0,"gold_gain":100,"player_choice":"Pray","damage_taken":0,"max_hp_gain":0,"max_hp_loss":0,"event_name":"Golden Shrine","floor":38,"gold_loss":0},{"damage_healed":0,"gold_gain":0,"player_choice":"Fight","damage_taken":0,"max_hp_gain":0,"max_hp_loss":0,"event_name":"OrinTheCat","floor":41,"gold_loss":0},{"damage_healed":0,"gold_gain":0,"player_choice":"Ignored","damage_taken":0,"max_hp_gain":0,"max_hp_loss":0,"event_name":"NoteForYourself","floor":48,"gold_loss":0}],"is_beta":false,"boss_relics":[{"not_picked":["Ectoplasm","Snecko Eye"],"picked":"Ring of Chaos"},{"not_picked":["bronze:MakeshiftBattery","Runic Pyramid"],"picked":"Busted Crown"}],"items_purged_floors":[],"is_endless":false,"potions_floor_spawned":[1,2,5,11,12,18,20,22,25,27,29,32,33,35,37,39,40,41,43,49,50],"killed_by":"Donu and Deca","ascension_level":0}}