{"host":"zjnmjbs15rdpqnz9","time":1612810939,"event":{"mods":["BaseMod","Downfall","Minty Spire (QoL Compilation)","StSLib"],"gold_per_floor":[99,117,117,127,146,146,198,198,208,208,208,225,225,259,270,366,366,366,383,396,496,508,508,508,508],"floor_reached":23,"language":"ENG","playtime":1145,"items_purged":[],"score":193,"play_id":"d70df118-5962-4be6-b04e-938ea7e667c9","local_time":"20210208120219","is_ascension_mode":false,"campfire_choices":[{"data":"bronze:Goto","floor":1,"key":"SMITH"},{"data":"bronze:DigitalCarnage","floor":8,"key":"SMITH"},{"data":"bronze:AlphaBuild","floor":13,"key":"SMITH"},{"data":"bronze:GetLatest","floor":18,"key":"SMITH"}],"circlet_count":0,"master_deck":["bronze:Defend","bronze:Defend","bronze:Replicate","bronze:Goto+1","bronze:Branch","Shame","bronze:DigitalCarnage+1","bronze:FollowUp","bronze:WhirlingStrike","bronze:AlphaBuild+1","bronze:GetLatest+1","bronze:Virus","bronze:Optimize+1","bronze:Frontload","bronze:CutThrough","J.A.X.","bronze:BuggyMess+1"],"relics":["bronze:BronzeCore","Boot","Blue Candle","Centennial Puzzle","Black Star","MutagenicStrength"],"acts_visited":["Exordium","TheCity"],"potions_floor_usage":[22,23],"damage_taken":[{"damage":0,"enemies":"Cultist","floor":2,"turns":4},{"damage":1,"enemies":"Jaw Worm","floor":4,"turns":4},{"damage":5,"enemies":"Small Slimes","floor":5,"turns":2},{"damage":0,"enemies":"Exordium Wildlife","floor":9,"turns":2},{"damage":0,"enemies":"Large Slime","floor":12,"turns":1},{"damage":3,"enemies":"Gremlin Nob","floor":14,"turns":3},{"damage":0,"enemies":"2 Fungi Beasts","floor":15,"turns":1},{"damage":15,"enemies":"SI_SHIV_ARCHETYPE","floor":16,"turns":10},{"damage":0,"enemies":"Spheric Guardian","floor":19,"turns":1},{"damage":0,"enemies":"Shell Parasite","floor":20,"turns":2},{"damage":55,"enemies":"downfall:Augmenter","floor":21,"turns":6},{"damage":0,"enemies":"Snecko","floor":22,"turns":2},{"damage":35,"enemies":"Slavers","floor":23,"turns":3}],"seed_played":"-4692182374937185464","potions_obtained":[{"floor":4,"key":"Regen Potion"},{"floor":12,"key":"SpeedPotion"},{"floor":14,"key":"EssenceOfSteel"}],"is_trial":false,"path_per_floor":["R","M","?","M","M","?","T","R","M","?","?","M","R","E","M","B",null,"R","M","M","?","M","E"],"character_chosen":"THE_AUTOMATON","items_purchased":[],"campfire_rested":0,"item_purchase_floors":[],"current_hp_per_floor":[77,77,77,76,71,71,71,71,71,76,71,71,71,68,68,53,82,82,82,82,27,32,0,0,0],"gold":508,"neow_bonus":"TEN_PERCENT_HP_BONUS","is_daily":false,"chose_seed":false,"campfire_upgraded":4,"win_rate":0.0,"timestamp":1612810939,"path_taken":["R","M","?","M","?","?","T","R","M","?","?","M","R","E","M","BOSS","R","M","M","?","M","E"],"items_purchased_type":[],"build_version":"2020-12-22","purchased_purges":0,"victory":false,"max_hp_per_floor":[77,77,77,77,77,77,77,77,77,82,82,82,82,82,82,82,82,82,82,82,82,82,82,82,82],"card_choices":[{"not_picked":["bronze:Invalidate","bronze:Return"],"picked":"bronze:Branch","floor":2},{"not_picked":["bronze:Repair","bronze:FineTuning"],"picked":"bronze:DigitalCarnage","floor":4},{"not_picked":["bronze:ForceShield","bronze:CloningBeam"],"picked":"bronze:FollowUp","floor":5},{"not_picked":["bronze:Invalidate","bronze:BugBarrage"],"picked":"bronze:WhirlingStrike","floor":9},{"not_picked":["bronze:Shell","bronze:WildBeam"],"picked":"bronze:AlphaBuild","floor":12},{"not_picked":["bronze:Turbo","bronze:Shield"],"picked":"bronze:GetLatest","floor":14},{"not_picked":["bronze:Allocate","bronze:Shield","bronze:FineTuning"],"picked":"SKIP","floor":15},{"not_picked":["bronze:CleanCode","bronze:HardenedForm"],"picked":"bronze:Virus","floor":16},{"not_picked":["bronze:BugBarrage+1","bronze:ChildClass+1"],"picked":"bronze:Optimize+1","floor":19},{"not_picked":["bronze:NullPointer+1","bronze:BitShift","bronze:Deprecate"],"picked":"SKIP","floor":20},{"not_picked":[],"picked":"J.A.X.","floor":21},{"not_picked":["bronze:DarkDash","bronze:CutThrough"],"picked":"bronze:BuggyMess+1","floor":21},{"not_picked":["bronze:DelayedSlice","bronze:CutThrough","bronze:Iterate"],"picked":"SKIP","floor":22}],"player_experience":890764,"relics_obtained":[{"floor":7,"key":"Boot"},{"floor":14,"key":"Centennial Puzzle"},{"floor":21,"key":"MutagenicStrength"}],"event_choices":[{"damage_healed":0,"gold_gain":0,"player_choice":"Donut","damage_taken":0,"max_hp_gain":5,"max_hp_loss":0,"event_name":"Big Fish","floor":10,"gold_loss":0}],"is_beta":false,"boss_relics":[{"not_picked":["Tiny House","Philosopher\u0027s Stone"],"picked":"Black Star"}],"items_purged_floors":[],"is_endless":false,"potions_floor_spawned":[4,12,14,15,21],"killed_by":"Slavers","ascension_level":0}}