{"host":"d2y4rmbezebiv8aj","time":1612763266,"event":{"mods":["AchievementEnabler","BaseMod","Bestiary","BetterRewards","Colored Map","Colored Powertips","Custom Start","Highlight Path","Minty Spire (QoL Compilation)","Quick Restart","Rare Cards Sparkle","Relic Sorter","Relic Stats","Shop Mod","Slay-I","StSLib","SuperFastMode"],"gold_per_floor":[111,128,128,144,159,159,191,191,243,268,297,309,347,434,446,531,543,572,4,4,14,31,31,64,114,141,158,158,176,203,216,216,289,289,303,349,349,361,361,390,390,390,469,469,469,24,56,70,70,70],"floor_reached":51,"language":"DEU","playtime":1549,"items_purged":[],"score":1923,"play_id":"84f67db8-d0ba-4006-acd4-87e3264a11b0","local_time":"20210208064746","is_ascension_mode":true,"campfire_choices":[{"data":"1","floor":6.0,"key":"LIFT"},{"data":"2","floor":12.0,"key":"LIFT"},{"data":"3","floor":15.0,"key":"LIFT"},{"data":"Envenom","floor":23.0,"key":"SMITH"},{"floor":28.0,"key":"REST"},{"floor":32,"key":"REST"},{"data":"Envenom","floor":44,"key":"SMITH"},{"data":"Infinite Blades","floor":49,"key":"SMITH"}],"circlet_count":0,"master_deck":["AscendersBane","Strike_G+1","Strike_G","Strike_G","Strike_G","Defend_G","Defend_G","Defend_G","Defend_G","Defend_G","Survivor","Neutralize+1","Infinite Blades","Infinite Blades","Bandage Up","Blade Dance","Footwork+1","Panache+1","Masterful Stab","Distraction+1","Slice","Deflect","Dodge and Roll","Sucker Punch","Backflip","Backflip","Envenom+1","Backstab","Infinite Blades+1","PiercingWail+1","Blade Dance+1","Infinite Blades","Storm of Steel+1","Prepared+1","Envenom+1","Slice","Die Die Die","Finisher+1","Violence+1","Doubt"],"relics":["Ring of the Snake","Lee\u0027s Waffle","Girya","PreservedInsect","HornCleat","Regal Pillow","MawBank","Whetstone","Philosopher\u0027s Stone","Toxic Egg 2","Medical Kit","Juzu Bracelet","Bag of Marbles","Lantern","Cursed Key","Unceasing Top","Pocketwatch","White Beast Statue","Molten Egg 2","Pear","Toolbox","MealTicket"],"acts_visited":["Exordium","TheCity","TheBeyond"],"potions_floor_usage":[30,33,50],"damage_taken":[{"damage":0.0,"enemies":"Small Slimes","floor":1.0,"turns":4.0},{"damage":0.0,"enemies":"Cultist","floor":2.0,"turns":3.0},{"damage":0.0,"enemies":"2 Louse","floor":4.0,"turns":2.0},{"damage":2.0,"enemies":"Blue Slaver","floor":5.0,"turns":3.0},{"damage":13.0,"enemies":"Lagavulin","floor":7.0,"turns":5.0},{"damage":0.0,"enemies":"3 Sentries","floor":10.0,"turns":5.0},{"damage":0.0,"enemies":"Large Slime","floor":11.0,"turns":4.0},{"damage":0.0,"enemies":"Gremlin Nob","floor":13.0,"turns":2.0},{"damage":4.0,"enemies":"Hexaghost","floor":16.0,"turns":8.0},{"damage":0.0,"enemies":"Spheric Guardian","floor":18.0,"turns":3.0},{"damage":0.0,"enemies":"Shell Parasite","floor":21.0,"turns":3.0},{"damage":0.0,"enemies":"Snecko","floor":22.0,"turns":3.0},{"damage":18.0,"enemies":"Slavers","floor":24.0,"turns":5.0},{"damage":15.0,"enemies":"3 Cultists","floor":27.0,"turns":5.0},{"damage":1.0,"enemies":"Shelled Parasite and Fungi","floor":29.0,"turns":3.0},{"damage":3,"enemies":"Book of Stabbing","floor":30,"turns":2},{"damage":18,"enemies":"Sentry and Sphere","floor":31,"turns":4},{"damage":17,"enemies":"Champ","floor":33,"turns":6},{"damage":2,"enemies":"3 Darklings","floor":35,"turns":2},{"damage":7,"enemies":"2 Orb Walkers","floor":36,"turns":3},{"damage":10,"enemies":"3 Shapes","floor":38,"turns":3},{"damage":0,"enemies":"Giant Head","floor":40,"turns":4},{"damage":0,"enemies":"Nemesis","floor":47,"turns":3},{"damage":6,"enemies":"Maw","floor":48,"turns":5},{"damage":51,"enemies":"Donu and Deca","floor":50,"turns":7}],"seed_played":"6096148029859755101","potions_obtained":[{"floor":7.0,"key":"Strength Potion"},{"floor":10.0,"key":"SkillPotion"},{"floor":16.0,"key":"PowerPotion"},{"floor":30,"key":"Regen Potion"},{"floor":35,"key":"Energy Potion"},{"floor":40,"key":"DuplicationPotion"}],"is_trial":false,"path_per_floor":["M","M","?","M","M","R","E","?","T","E","M","R","E","?","R","B",null,"M","$","?","M","M","R","E","?","T","M","R","M","E","M","R","B",null,"M","?","?","M","?","E","?","?","T","R","?","$","E","M","R","B",null],"character_chosen":"THE_SILENT","items_purchased":["Lee\u0027s Waffle","Girya","Infinite Blades","Infinite Blades","PreservedInsect","Bandage Up","Blade Dance","Footwork","Panache","Toxic Egg 2","Medical Kit","Infinite Blades","PiercingWail+1","Pear","Toolbox"],"campfire_rested":2,"item_purchase_floors":[0,0,0,0,0,0,0,0,0,19,19,19,19,46,46],"current_hp_per_floor":[73,73,73,73,71,71,60,60,60,64,68,68,68,57,57,57,69,73,73,73,73,73,73,59,59,59,48,73,72,69,55,73,60,70,68,61,61,55,55,55,55,55,55,55,55,65,65,63,63,16],"gold":70,"neow_bonus":"","is_daily":false,"chose_seed":false,"campfire_upgraded":3,"win_rate":0.0,"timestamp":1612763266,"path_taken":["M","M","?","M","?","R","E","?","T","E","M","R","E","?","R","BOSS","M","$","?","M","M","R","E","?","T","M","R","M","E","M","R","BOSS","M","?","?","M","?","E","?","?","T","R","?","$","E","M","R","BOSS"],"items_purchased_type":["Relic","Relic","Card","Card","Relic","Card","Card","Card","Card","Relic","Relic","Card","Card","Relic","Relic"],"build_version":"2020-12-22","purchased_purges":0,"victory":true,"max_hp_per_floor":[73,73,73,73,73,73,73,73,73,73,73,73,73,73,73,73,73,73,73,73,73,73,73,73,73,73,73,73,73,73,73,73,73,73,73,73,73,73,73,73,73,73,73,73,73,83,83,83,83,83],"relic_stats":{"Lee\u0027s Waffle":56,"Regal Pillow":44,"counters":[147,605],"PreservedInsect":1185,"Juzu Bracelet":1,"Whetstone":["Strike_G","Neutralize"],"MawBank":108,"Medical Kit":[2],"Cursed Key":1,"MealTicket":103,"obtain_stats":[{"Gremlin Horn":25,"Vajra":22,"Ginger":36,"Whetstone":13,"Bottled Tornado":13,"Sling":0,"Blood Vial":31,"Sozu":34,"Centennial Puzzle":11,"HornCleat":19,"DollysMirror":37,"Philosopher\u0027s Stone":17,"MealTicket":0,"HandDrill":39,"Kunai":21,"Toxic Egg 2":12,"Girya":0,"Pear":29,"Happy Flower":0,"Oddly Smooth Stone":7,"Eternal Feather":0,"Pen Nib":27,"War Paint":5,"Question Card":40,"WarpedTongs":2,"SlaversCollar":34,"Bottled Flame":43,"Shuriken":0,"Bird Faced Urn":0,"Bronze Scales":43,"Molten Egg 2":26,"Black Star":34,"Unceasing Top":36,"Meat on the Bone":28,"Pocketwatch":46,"Darkstone Periapt":6,"Regal Pillow":4,"Lantern":10,"Singing Bowl":37,"Snake Skull":11,"Juzu Bracelet":24,"Ancient Tea Set":25,"Cursed Key":34,"Nunchaku":23,"Dream Catcher":23,"WristBlade":34,"Mummified Hand":9,"Ninja Scroll":23,"Toolbox":46,"Tiny Chest":7,"Red Mask":30,"InkBottle":26,"Ring of the Snake":0,"Lee\u0027s Waffle":37,"NeowsBlessing":0,"The Courier":10,"PreservedInsect":22,"Omamori":30,"Frozen Egg 2":26,"Orichalcum":43,"MawBank":10,"Medical Kit":19,"White Beast Statue":40,"Mercury Hourglass":9,"Turnip":40,"Bag of Marbles":9,"Art of War":26,"Toy Ornithopter":6,"FossilizedHelix":45},{"Gremlin Horn":83,"Vajra":106,"Ginger":42,"Whetstone":130,"Bottled Tornado":27,"Sling":19,"Blood Vial":63,"Sozu":64,"Centennial Puzzle":26,"HornCleat":30,"DollysMirror":65,"Philosopher\u0027s Stone":10,"MealTicket":48,"HandDrill":43,"Kunai":13,"Toxic Egg 2":54,"Girya":122,"Pear":61,"Happy Flower":69,"Oddly Smooth Stone":25,"Eternal Feather":19,"Pen Nib":60,"War Paint":2,"Question Card":116,"WarpedTongs":98,"SlaversCollar":113,"Bottled Flame":44,"Shuriken":69,"Bird Faced Urn":48,"Bronze Scales":117,"Molten Egg 2":59,"Black Star":40,"Unceasing Top":142,"Meat on the Bone":85,"Pocketwatch":94,"Darkstone Periapt":25,"Regal Pillow":72,"Lantern":101,"Singing Bowl":65,"Snake Skull":7,"Juzu Bracelet":135,"Ancient Tea Set":83,"Cursed Key":140,"Nunchaku":107,"Dream Catcher":107,"WristBlade":87,"Mummified Hand":5,"Ninja Scroll":33,"Toolbox":144,"Tiny Chest":100,"Red Mask":62,"InkBottle":15,"Ring of the Snake":0,"Lee\u0027s Waffle":115,"NeowsBlessing":0,"The Courier":53,"PreservedInsect":59,"Omamori":38,"Frozen Egg 2":83,"Orichalcum":92,"MawBank":128,"Medical Kit":132,"White Beast Statue":144,"Mercury Hourglass":75,"Turnip":66,"Bag of Marbles":25,"Art of War":34,"Toy Ornithopter":3,"FossilizedHelix":93},{"Gremlin Horn":354,"Vajra":441,"Ginger":171,"Whetstone":536,"Bottled Tornado":106,"Sling":78,"Blood Vial":270,"Sozu":279,"Centennial Puzzle":102,"HornCleat":126,"DollysMirror":282,"Philosopher\u0027s Stone":35,"MealTicket":202,"HandDrill":176,"Kunai":47,"Toxic Egg 2":228,"Girya":508,"Pear":263,"Happy Flower":302,"Oddly Smooth Stone":101,"Eternal Feather":78,"Pen Nib":258,"War Paint":2,"Question Card":479,"WarpedTongs":408,"SlaversCollar":468,"Bottled Flame":182,"Shuriken":302,"Bird Faced Urn":202,"Bronze Scales":482,"Molten Egg 2":257,"Black Star":164,"Unceasing Top":583,"Meat on the Bone":361,"Pocketwatch":390,"Darkstone Periapt":101,"Regal Pillow":312,"Lantern":420,"Singing Bowl":282,"Snake Skull":21,"Juzu Bracelet":558,"Ancient Tea Set":354,"Cursed Key":578,"Nunchaku":443,"Dream Catcher":443,"WristBlade":369,"Mummified Hand":11,"Ninja Scroll":136,"Toolbox":590,"Tiny Chest":416,"Red Mask":264,"InkBottle":56,"Ring of the Snake":0,"Lee\u0027s Waffle":478,"NeowsBlessing":0,"The Courier":223,"PreservedInsect":257,"Omamori":154,"Frozen Egg 2":354,"Orichalcum":384,"MawBank":530,"Medical Kit":547,"White Beast Statue":590,"Mercury Hourglass":323,"Turnip":287,"Bag of Marbles":101,"Art of War":138,"Toy Ornithopter":3,"FossilizedHelix":387}],"Unceasing Top":[26],"Ring of the Snake":[293],"Pocketwatch":[0]},"card_choices":[{"not_picked":["Outmaneuver","Escape Plan"],"picked":"Masterful Stab","floor":1.0},{"not_picked":["Underhanded Strike","Choke"],"picked":"Distraction","floor":2.0},{"not_picked":["Distraction","Dagger Throw"],"picked":"Slice","floor":4.0},{"not_picked":["Calculated Gamble","Outmaneuver"],"picked":"Deflect","floor":5.0},{"not_picked":["Choke","Dagger Throw"],"picked":"Dodge and Roll","floor":7.0},{"not_picked":["Backflip","Wraith Form v2"],"picked":"Sucker Punch","floor":10.0},{"not_picked":["Cloak And Dagger","Prepared"],"picked":"Backflip","floor":11.0},{"not_picked":["Skewer","Bane"],"picked":"Backflip","floor":13.0},{"not_picked":["Corpse Explosion","Tools of the Trade"],"picked":"Envenom","floor":16.0},{"not_picked":["Escape Plan","Quick Slash"],"picked":"Backstab","floor":18.0},{"not_picked":["Sucker Punch","Choke+1"],"picked":"Blade Dance+1","floor":21.0},{"not_picked":["Expertise+1","Calculated Gamble+1"],"picked":"Infinite Blades","floor":22.0},{"not_picked":["Masterful Stab","Well Laid Plans","Deflect+1"],"picked":"SKIP","floor":24.0},{"not_picked":["Setup+1","Heel Hook+1","Poisoned Stab"],"picked":"SKIP","floor":27.0},{"not_picked":["Quick Slash","Underhanded Strike","Sucker Punch"],"picked":"SKIP","floor":29.0},{"not_picked":["Heel Hook+1","Acrobatics+1"],"picked":"Storm of Steel+1","floor":30},{"not_picked":["Backflip+1","Flechettes"],"picked":"Prepared+1","floor":31},{"not_picked":["Phantasmal Killer+1","Unload"],"picked":"Envenom","floor":33},{"not_picked":["Dodge and Roll+1","Bane","Underhanded Strike"],"picked":"SKIP","floor":35},{"not_picked":["Flying Knee","Outmaneuver+1"],"picked":"Slice","floor":36},{"not_picked":["Terror+1","Choke"],"picked":"Die Die Die","floor":38},{"not_picked":["Cloak And Dagger+1","Crippling Poison+1"],"picked":"Finisher+1","floor":40},{"not_picked":["Purity+1","Madness+1"],"picked":"Violence+1","floor":42},{"not_picked":["Backflip+1","Concentrate+1","Setup+1"],"picked":"SKIP","floor":47},{"not_picked":["Dagger Throw+1","Setup+1","PiercingWail+1"],"picked":"SKIP","floor":48}],"player_experience":421310,"relics_obtained":[{"floor":7.0,"key":"HornCleat"},{"floor":9.0,"key":"Regal Pillow"},{"floor":10.0,"key":"MawBank"},{"floor":13.0,"key":"Whetstone"},{"floor":24.0,"key":"Juzu Bracelet"},{"floor":26.0,"key":"Bag of Marbles"},{"floor":30,"key":"Lantern"},{"floor":36,"key":"Unceasing Top"},{"floor":40,"key":"White Beast Statue"},{"floor":43,"key":"Molten Egg 2"},{"floor":47,"key":"MealTicket"}],"event_choices":[{"damage_healed":0.0,"max_hp_gain":0.0,"max_hp_loss":0.0,"gold_gain":0.0,"event_name":"Upgrade Shrine","player_choice":"Upgraded","floor":3.0,"gold_loss":0.0,"damage_taken":0.0,"cards_upgraded":["Panache"]},{"damage_healed":0.0,"max_hp_gain":0.0,"max_hp_loss":0.0,"gold_gain":0.0,"event_name":"Living Wall","player_choice":"Grow","floor":8.0,"gold_loss":0.0,"damage_taken":0.0,"cards_upgraded":["Footwork"]},{"damage_healed":0.0,"max_hp_gain":0.0,"max_hp_loss":0.0,"gold_gain":75.0,"event_name":"World of Goop","player_choice":"Gather Gold","floor":14.0,"gold_loss":0.0,"damage_taken":11.0},{"damage_healed":0.0,"max_hp_gain":0.0,"max_hp_loss":0.0,"gold_gain":0.0,"event_name":"Vampires","player_choice":"Ignored","floor":20.0,"gold_loss":0.0,"damage_taken":0.0},{"damage_healed":0.0,"max_hp_gain":0.0,"max_hp_loss":0.0,"gold_gain":50.0,"event_name":"Nest","player_choice":"Stole From Cult","floor":25.0,"gold_loss":0.0,"damage_taken":0.0},{"damage_healed":0,"gold_gain":0,"player_choice":"Fight","damage_taken":0,"max_hp_gain":0,"max_hp_loss":0,"event_name":"Mysterious Sphere","floor":36,"gold_loss":0},{"damage_healed":0,"gold_gain":0,"player_choice":"Ignored","damage_taken":0,"max_hp_gain":0,"max_hp_loss":0,"event_name":"Tomb of Lord Red Mask","floor":37,"gold_loss":0},{"damage_healed":0,"gold_gain":0,"player_choice":"Gave Potion","damage_taken":0,"relics_obtained":["Pocketwatch"],"max_hp_gain":0,"max_hp_loss":0,"event_name":"WeMeetAgain","floor":39,"gold_loss":0},{"cards_removed":["Strike_G"],"damage_healed":0,"gold_gain":0,"player_choice":"Removed Attack","damage_taken":0,"max_hp_gain":0,"max_hp_loss":0,"event_name":"Falling","floor":41,"gold_loss":0},{"damage_healed":0,"gold_gain":0,"player_choice":"Memory 1","damage_taken":0,"max_hp_gain":0,"max_hp_loss":0,"event_name":"SensoryStone","floor":42,"gold_loss":0},{"damage_healed":0,"gold_gain":0,"player_choice":"Upgraded","damage_taken":0,"max_hp_gain":0,"max_hp_loss":0,"event_name":"Upgrade Shrine","floor":45,"gold_loss":0,"cards_upgraded":["Distraction"]}],"is_beta":false,"boss_relics":[{"not_picked":["Fusion Hammer","Coffee Dripper"],"picked":"Philosopher\u0027s Stone"},{"not_picked":["Runic Dome","SlaversCollar"],"picked":"Cursed Key"}],"items_purged_floors":[],"is_endless":false,"potions_floor_spawned":[7,10,11,16,21,22,27,30,35,40,47,48],"ascension_level":16}}