{"host":"0mk07bycsqo1qk03","time":1612781747,"event":{"mods":["BaseMod","Downfall","Hermit","Hubris","Minty Spire (QoL Compilation)","Reliquary","Replay The Spire","StSLib","The Cursed"],"gold_per_floor":[11,28,48,48,62,62,72,72,99,99,129,147,147,173,173,250,250,265,265,365,381,16,16,16,42,42,42,76,76,92,107,107,181,181,191,209,209,209],"floor_reached":37,"language":"ENG","playtime":1369,"items_purged":["Writhe"],"score":899,"play_id":"51f7d859-912e-4e58-9203-4284dca4f6b2","local_time":"20210208115547","is_ascension_mode":true,"campfire_choices":[{"data":"Venomology","floor":6,"key":"SMITH"},{"data":"Deadly Poison","floor":8,"key":"SMITH"},{"data":"Bane","floor":10,"key":"SMITH"},{"floor":15,"key":"DIG"},{"data":"Neutralize","floor":23,"key":"SMITH"},{"data":"Cloak And Dagger","floor":29,"key":"SMITH"},{"floor":32,"key":"REST"}],"circlet_count":0,"master_deck":["AscendersBane","Strike_G","Strike_G+1","Strike_G","Strike_G","Strike_G+1","Defend_G","Defend_G","Defend_G","Defend_G","Defend_G","Survivor","Neutralize+1","Venomology+1","ReplayTheSpireMod:Speed Training","Deadly Poison+1","Prepared","Bane+1","Bouncing Flask","Crippling Poison","Poisoned Stab","Cloak And Dagger+1","Replay:Bag of Tricks","downfall:Bewildered","downfall:Haunted","downfall:Haunted","downfall:Icky","Tools of the Trade","Sickly","Distraction+1","ReplayTheSpireMod:IOU","ReplayTheSpireMod:From All Sides","Draining Mist","Deflect+1","Doppelganger","Deflect+1","Noxious Fumes+1"],"relics":["Ring of the Snake","Whetstone","Replay:Wax Seal","Akabeko","Torii","reliquary:Craggleroot","sneckomod:BabySnecko","Du-Vu Doll","Anchor","reliquary:PurpleTingedLeaf","Strawberry","hubris:Zylophone","Snake Skull","reliquary:TridentHead","Cursed Key"],"acts_visited":["Exordium","TheCity","TheBeyond"],"potions_floor_usage":[2,7,12,12,14,14,16,18,21,25,25,28,33,35,36],"damage_taken":[{"damage":1,"enemies":"2 Louse","floor":1,"turns":5},{"damage":0,"enemies":"Cultist","floor":2,"turns":3},{"damage":0,"enemies":"Small Slimes","floor":3,"turns":5},{"damage":4,"enemies":"2 Fungi Beasts","floor":5,"turns":5},{"damage":0,"enemies":"3 Louse","floor":7,"turns":5},{"damage":12,"enemies":"Gremlin Nob","floor":11,"turns":3},{"damage":0,"enemies":"Looter","floor":12,"turns":2},{"damage":28,"enemies":"3 Sentries","floor":14,"turns":9},{"damage":0,"enemies":"Hexaghost","floor":16,"turns":7},{"damage":9,"enemies":"2 Thieves","floor":18,"turns":4},{"damage":1,"enemies":"Chosen","floor":21,"turns":4},{"damage":23,"enemies":"Book of Stabbing","floor":25,"turns":6},{"damage":3,"enemies":"Slavers","floor":28,"turns":4},{"damage":1,"enemies":"3 Cultists","floor":30,"turns":4},{"damage":0,"enemies":"Centurion and Healer","floor":31,"turns":2},{"damage":43,"enemies":"Automaton","floor":33,"turns":7},{"damage":0,"enemies":"Orb Walker","floor":35,"turns":2},{"damage":8,"enemies":"3 Shapes","floor":36,"turns":2},{"damage":62,"enemies":"Writhing Mass","floor":37,"turns":4}],"seed_played":"-5499420755981826420","potions_obtained":[{"floor":1,"key":"champ:CounterPotion"},{"floor":3,"key":"Venom Potion"},{"floor":12,"key":"Milkshake"},{"floor":16,"key":"Fire Potion"},{"floor":28,"key":"hexamod:SoulburnPotion"},{"floor":30,"key":"Venom Potion"},{"floor":33,"key":"Guardian:BlockOnCardUsePotion"}],"is_trial":false,"path_per_floor":["M","M","M","?","M","R","M","R","T","R","E","M","$","E","R","B",null,"M","?","?","M","$","R","?","E","T","T","E","R","M","M","R","B",null,"M","M","M"],"character_chosen":"THE_SILENT","items_purchased":["Anchor","reliquary:PurpleTingedLeaf"],"campfire_rested":1,"item_purchase_floors":[22,22],"current_hp_per_floor":[62,62,62,62,58,58,58,58,58,58,46,46,46,18,18,18,57,48,48,53,52,52,52,52,37,37,37,35,35,35,35,59,19,66,67,59,0,0],"gold":209,"neow_bonus":"THREE_RARE_CARDS","is_daily":false,"chose_seed":false,"campfire_upgraded":5,"win_rate":0.0,"timestamp":1612781747,"path_taken":["M","M","M","?","?","R","M","R","T","R","E","M","$","E","R","BOSS","M","?","?","M","$","R","?","E","T","?","E","R","M","?","R","BOSS","M","M","M"],"items_purchased_type":["Relic","Relic"],"build_version":"2020-12-22","purchased_purges":1,"victory":false,"max_hp_per_floor":[70,70,70,70,70,70,70,70,70,70,70,70,70,70,70,70,70,70,70,75,75,75,75,75,82,82,82,82,82,82,82,82,82,82,82,82,82,82],"card_choices":[{"not_picked":["After Image","ReplayTheSpireMod:Necrosis"],"picked":"Venomology","floor":0},{"not_picked":["Deadly Poison","hubris:SlightOfHand"],"picked":"ReplayTheSpireMod:Speed Training","floor":1},{"not_picked":["Concentrate","Bane"],"picked":"Deadly Poison","floor":2},{"not_picked":["Cloak And Dagger","Hidden Blade"],"picked":"Prepared","floor":3},{"not_picked":["Expertise","Prepared"],"picked":"Bane","floor":5},{"not_picked":["Dodge and Roll","Acrobatics"],"picked":"Bouncing Flask","floor":7},{"not_picked":["Sucker Punch","Dagger Throw"],"picked":"Crippling Poison","floor":11},{"not_picked":["Finisher","All Out Attack"],"picked":"Poisoned Stab","floor":12},{"not_picked":["Flying Knee","Heel Hook"],"picked":"Cloak And Dagger","floor":14},{"not_picked":["Unload","Wraith Form v2"],"picked":"Replay:Bag of Tricks","floor":16},{"not_picked":["Dagger Spray","Outmaneuver","Slice"],"picked":"SKIP","floor":18},{"not_picked":["Predator","Bane"],"picked":"Distraction+1","floor":21},{"not_picked":["Distraction","hubris:Counter"],"picked":"ReplayTheSpireMod:From All Sides","floor":25},{"not_picked":["Cloak And Dagger+1","ReplayTheSpireMod:Shiv Toss"],"picked":"Draining Mist","floor":28},{"not_picked":["Caltrops","Poisoned Stab","Flying Knee"],"picked":"SKIP","floor":30},{"not_picked":["Dodge and Roll+1","Prepared"],"picked":"Deflect+1","floor":31},{"not_picked":["Unload","Grand Finale"],"picked":"Doppelganger","floor":33},{"not_picked":["Quick Slash","hubris:SlightOfHand+1"],"picked":"Deflect+1","floor":35},{"not_picked":["Sucker Punch","Night Terror"],"picked":"Noxious Fumes+1","floor":36}],"player_experience":1021863,"relics_obtained":[{"floor":9,"key":"Whetstone"},{"floor":11,"key":"Replay:Wax Seal"},{"floor":14,"key":"Akabeko"},{"floor":15,"key":"Torii"},{"floor":25,"key":"Strawberry"},{"floor":26,"key":"hubris:Zylophone"},{"floor":27,"key":"Snake Skull"},{"floor":28,"key":"reliquary:TridentHead"}],"event_choices":[{"damage_healed":0,"gold_gain":0,"player_choice":"Ignored","damage_taken":0,"max_hp_gain":0,"max_hp_loss":0,"event_name":"WeMeetAgain","floor":4,"gold_loss":0}],"is_beta":false,"boss_relics":[{"not_picked":["hubris:ScarierMask","hubris:TerracottaHorce"],"picked":"reliquary:Craggleroot"},{"not_picked":["Snecko Scales","ReplayTheSpireMod:DimensionalGlitch"],"picked":"Cursed Key"}],"items_purged_floors":[22],"is_endless":false,"potions_floor_spawned":[1,3,12,16,28,30,31,33],"killed_by":"Writhing Mass","ascension_level":13}}