{"host":"tetq3wi5anb97imq","time":1612810434,"event":{"mods":["BaseMod","Block Reminder","Minty Spire (QoL Compilation)","Quick Restart","StSLib","SuperFastMode"],"gold_per_floor":[112,112,123,135,135,135,149,182,262,2,25,100,120,20,20,20,20],"floor_reached":16,"language":"ENG","playtime":251,"items_purged":[],"score":200,"play_id":"be6018c0-db0c-45ae-b3a3-cf1f29fa7bc4","local_time":"20210208165354","is_ascension_mode":true,"campfire_choices":[{"floor":6.0,"key":"DIG"},{"data":"Footwork","floor":15.0,"key":"SMITH"}],"circlet_count":0,"master_deck":["AscendersBane","Strike_G","Strike_G","Strike_G","Strike_G","Defend_G","Defend_G","Defend_G","Defend_G","Defend_G","Survivor","Neutralize","Poisoned Stab","Dagger Spray","Flying Knee","Flying Knee","Leg Sweep","Blade Dance+1","Malaise+1","Panacea+1","Backflip+1","Footwork+1","Bandage Up+1"],"relics":["Ring of the Snake","NeowsBlessing","Shovel","Orichalcum","Toxic Egg 2","Mercury Hourglass","Odd Mushroom"],"acts_visited":["Exordium"],"potions_floor_usage":[16,16],"damage_taken":[{"damage":0.0,"enemies":"2 Louse","floor":1.0,"turns":1.0},{"damage":0.0,"enemies":"Cultist","floor":3.0,"turns":1.0},{"damage":0.0,"enemies":"Jaw Worm","floor":4.0,"turns":1.0},{"damage":4.0,"enemies":"2 Fungi Beasts","floor":7.0,"turns":3.0},{"damage":6.0,"enemies":"Gremlin Nob","floor":8.0,"turns":4.0},{"damage":0.0,"enemies":"The Mushroom Lair","floor":11.0,"turns":4.0},{"damage":2.0,"enemies":"3 Louse","floor":13.0,"turns":2.0},{"damage":16,"enemies":"Hexaghost","floor":16,"turns":12}],"seed_played":"1669035048241955612","potions_obtained":[{"floor":4.0,"key":"Weak Potion"},{"floor":7.0,"key":"Ancient Potion"},{"floor":11.0,"key":"CunningPotion"},{"floor":13.0,"key":"AttackPotion"}],"is_trial":false,"path_per_floor":["M","?","M","M","?","R","M","E","T","$","?","?","M","$","R","B"],"character_chosen":"THE_SILENT","items_purchased":["Malaise+1","Panacea+1","Bandage Up+1"],"campfire_rested":0,"item_purchase_floors":[10,10,14],"current_hp_per_floor":[59,59,59,59,48,48,44,38,38,38,38,27,25,25,25,15,15],"gold":20,"neow_bonus":"THREE_ENEMY_KILL","is_daily":false,"chose_seed":false,"campfire_upgraded":1,"win_rate":0.0,"timestamp":1612810434,"path_taken":["M","?","M","?","?","R","M","E","T","$","?","?","M","?","R","BOSS"],"items_purchased_type":["Card","Card","Card"],"build_version":"2020-12-22","purchased_purges":0,"victory":false,"max_hp_per_floor":[66,66,66,66,66,66,66,66,66,66,66,66,66,66,66,66,66],"card_choices":[{"not_picked":["Underhanded Strike","Flechettes"],"picked":"Poisoned Stab","floor":1.0},{"not_picked":["Tactician","Deflect"],"picked":"Flying Knee","floor":3.0},{"not_picked":["Acrobatics","Riddle With Holes"],"picked":"Flying Knee","floor":4.0},{"not_picked":["PiercingWail","Concentrate"],"picked":"Leg Sweep","floor":7.0},{"not_picked":["All Out Attack","PiercingWail+1"],"picked":"Blade Dance+1","floor":8.0},{"not_picked":["Poisoned Stab","Riddle With Holes"],"picked":"Backflip+1","floor":11.0},{"not_picked":["Reflex+1","Dagger Spray"],"picked":"Footwork","floor":13.0}],"player_experience":1647864,"relics_obtained":[{"floor":6.0,"key":"Orichalcum"},{"floor":8.0,"key":"Toxic Egg 2"},{"floor":9.0,"key":"Mercury Hourglass"},{"floor":11.0,"key":"Odd Mushroom"}],"event_choices":[{"damage_healed":0.0,"max_hp_gain":0.0,"max_hp_loss":0.0,"gold_gain":0.0,"cards_transformed":["Strike_G"],"event_name":"Transmorgrifier","player_choice":"Transformed","floor":2.0,"gold_loss":0.0,"damage_taken":0.0,"cards_obtained":["Dagger Spray"]},{"damage_healed":0.0,"max_hp_gain":0.0,"max_hp_loss":0.0,"gold_gain":0.0,"event_name":"Scrap Ooze","player_choice":"Success","floor":5.0,"gold_loss":0.0,"damage_taken":11.0,"relics_obtained":["Shovel"]},{"damage_healed":0.0,"max_hp_gain":0.0,"max_hp_loss":0.0,"gold_gain":0.0,"event_name":"Mushrooms","player_choice":"Fought Mushrooms","floor":11.0,"gold_loss":0.0,"damage_taken":0.0},{"damage_healed":0.0,"max_hp_gain":0.0,"max_hp_loss":0.0,"gold_gain":75.0,"event_name":"World of Goop","player_choice":"Gather Gold","floor":12.0,"gold_loss":0.0,"damage_taken":11.0}],"is_beta":false,"boss_relics":[],"items_purged_floors":[],"is_endless":false,"potions_floor_spawned":[4,7,11,13],"killed_by":"Hexaghost","ascension_level":20}}