{"host":"zsnmfqgcm92hlreo","time":1612826455,"event":{"mods":["AchievementEnabler","BaseMod","Bestiary","Block Reminder","Colored Map","Colored Powertips","Minty Spire (QoL Compilation)","Permanent Neow","Quick Restart","Relic Stats","StSLib","Weighted Paths"],"gold_per_floor":[112,128,138,152,171,204,204,238,262,262,16,28,48,48,48,125,125,144,87,103,103,116,148,164,191,191,208,225,257,257,288,288,367,367,379,379,121,121,140,167,177,228,254,254,288,77,77,111,111,111,111],"floor_reached":52,"language":"ENG","playtime":2410,"items_purged":["Parasite","Decay","Strike_R"],"score":2289,"play_id":"a3a874f5-6f4a-4bff-b28e-afa1264cfb86","local_time":"20210208172055","is_ascension_mode":true,"campfire_choices":[{"data":"Immolate","floor":7.0,"key":"SMITH"},{"floor":10.0,"key":"REST"},{"data":"Carnage","floor":15.0,"key":"SMITH"},{"data":"Dual Wield","floor":30.0,"key":"SMITH"},{"data":"Evolve","floor":32.0,"key":"SMITH"},{"floor":47.0,"key":"REST"},{"floor":49.0,"key":"RECALL"}],"circlet_count":0,"master_deck":["AscendersBane","Strike_R","Strike_R","Strike_R","Strike_R","Defend_R","Defend_R","Defend_R","Defend_R","Bash","Immolate+1","Pommel Strike","Impervious","Shrug It Off","Power Through","Second Wind","Shockwave","Carnage+1","Feed","Power Through","Barricade","Flame Barrier+1","Body Slam","Perfected Strike","Body Slam","Exhume","Shrug It Off","Dual Wield+1","Evolve+1","Corruption","Power Through","Dark Embrace","Dual Wield+1","Shrug It Off+1","Reaper","Entrench+1"],"relics":["Burning Blood","Self Forming Clay","Happy Flower","Vajra","Strange Spoon","Snecko Eye","Potion Belt","Blood Vial","Bottled Tornado","Bottled Flame","WingedGreaves","Fusion Hammer","Toxic Egg 2","Charon\u0027s Ashes","Art of War","InkBottle","Smiling Mask"],"acts_visited":["Exordium","TheCity","TheBeyond"],"potions_floor_usage":[51,51],"damage_taken":[{"damage":7.0,"enemies":"2 Louse","floor":1.0,"turns":3.0},{"damage":0.0,"enemies":"Cultist","floor":2.0,"turns":2.0},{"damage":13.0,"enemies":"Small Slimes","floor":3.0,"turns":4.0},{"damage":1.0,"enemies":"2 Fungi Beasts","floor":4.0,"turns":3.0},{"damage":22.0,"enemies":"Large Slime","floor":5.0,"turns":6.0},{"damage":32.0,"enemies":"Gremlin Nob","floor":6.0,"turns":5.0},{"damage":19.0,"enemies":"3 Sentries","floor":8.0,"turns":8.0},{"damage":1.0,"enemies":"Looter","floor":12.0,"turns":2.0},{"damage":0.0,"enemies":"2 Fungi Beasts","floor":13.0,"turns":2.0},{"damage":44.0,"enemies":"Hexaghost","floor":16.0,"turns":12.0},{"damage":0.0,"enemies":"Shell Parasite","floor":18.0,"turns":2.0},{"damage":6.0,"enemies":"3 Byrds","floor":20.0,"turns":2.0},{"damage":0.0,"enemies":"Snecko","floor":22.0,"turns":3.0},{"damage":0.0,"enemies":"Gremlin Leader","floor":23.0,"turns":2.0},{"damage":9.0,"enemies":"Snake Plant","floor":24.0,"turns":3.0},{"damage":10.0,"enemies":"Book of Stabbing","floor":25.0,"turns":3.0},{"damage":0.0,"enemies":"Centurion and Healer","floor":27.0,"turns":4.0},{"damage":0.0,"enemies":"Chosen and Byrds","floor":28.0,"turns":4.0},{"damage":1.0,"enemies":"Gremlin Leader","floor":29.0,"turns":5.0},{"damage":17.0,"enemies":"Book of Stabbing","floor":31.0,"turns":4.0},{"damage":9.0,"enemies":"Collector","floor":33.0,"turns":10.0},{"damage":12.0,"enemies":"3 Darklings","floor":35.0,"turns":4.0},{"damage":1.0,"enemies":"Orb Walker","floor":39.0,"turns":5.0},{"damage":0.0,"enemies":"Giant Head","floor":40.0,"turns":4.0},{"damage":28.0,"enemies":"3 Darklings","floor":41.0,"turns":3.0},{"damage":0.0,"enemies":"2 Orb Walkers","floor":42.0,"turns":2.0},{"damage":0.0,"enemies":"Reptomancer","floor":45.0,"turns":3.0},{"damage":5.0,"enemies":"Nemesis","floor":48.0,"turns":3.0},{"damage":21,"enemies":"Donu and Deca","floor":50,"turns":5},{"damage":36,"enemies":"Time Eater","floor":51,"turns":10}],"seed_played":"-8160716230059131920","potions_obtained":[{"floor":1.0,"key":"BloodPotion"},{"floor":5.0,"key":"SkillPotion"},{"floor":13.0,"key":"Ancient Potion"},{"floor":16.0,"key":"LiquidBronze"},{"floor":22.0,"key":"DistilledChaos"},{"floor":23.0,"key":"Strength Potion"},{"floor":28.0,"key":"Block Potion"},{"floor":29.0,"key":"SkillPotion"},{"floor":31.0,"key":"FairyPotion"},{"floor":39.0,"key":"SpeedPotion"}],"is_trial":false,"path_per_floor":["M","M","M","M","M","E","R","E","T","R","$","M","M","?","R","B",null,"M","$","M","?","M","E","M","E","T","M","M","E","R","E","R","B",null,"M","?","$","?","M","E","M","?","T","$","E","$","R","E","R","B","B",null],"character_chosen":"IRONCLAD","items_purchased":["Strange Spoon","Body Slam","Power Through","Dark Embrace","Entrench+1"],"campfire_rested":2,"item_purchase_floors":[11,19,37,37,46],"current_hp_per_floor":[67,73,66,71,55,44,44,31,31,53,53,58,64,64,64,26,61,67,67,67,67,72,75,72,68,68,75,75,75,75,64,64,63,72,68,68,68,68,71,74,52,66,66,66,74,74,80,80,80,76,58],"gold":111,"neow_bonus":"THREE_RARE_CARDS","is_daily":false,"chose_seed":false,"campfire_upgraded":4,"win_rate":0.0,"timestamp":1612826455,"path_taken":["M","M","M","M","M","E","R","E","T","R","$","M","M","?","R","BOSS","M","?","?","?","M","E","M","E","T","M","M","E","R","E","R","BOSS","M","?","$","?","M","E","M","?","T","?","E","$","R","E","R","BOSS","BOSS"],"items_purchased_type":["Relic","Card","Card","Card","Card"],"build_version":"2020-12-22","purchased_purges":3,"victory":true,"max_hp_per_floor":[75,75,75,75,75,75,75,75,75,75,72,72,72,72,72,72,72,72,72,72,72,72,75,75,75,75,75,75,75,75,75,75,75,75,75,75,75,71,71,74,74,80,80,80,80,80,80,80,80,80,80],"relic_stats":{"Blood Vial":14,"Strange Spoon":[57],"Happy Flower":[32],"counters":[30,128],"Self Forming Clay":[135],"Snecko Eye":[154,138,147,166],"Charon\u0027s Ashes":[156],"Art of War":[2],"Smiling Mask":0,"obtain_stats":[{"Potion Belt":23,"Happy Flower":8,"Self Forming Clay":6,"Vajra":9,"Charon\u0027s Ashes":42,"Bottled Tornado":26,"Smiling Mask":48,"Burning Blood":0,"Blood Vial":25,"Strange Spoon":11,"Bottled Flame":29,"Snecko Eye":17,"WingedGreaves":31,"Fusion Hammer":34,"Art of War":43,"Toxic Egg 2":40,"InkBottle":45},{"Potion Belt":14,"Happy Flower":7,"Self Forming Clay":6,"Vajra":7,"Charon\u0027s Ashes":26,"Bottled Tornado":16,"Smiling Mask":28,"Burning Blood":0,"Blood Vial":16,"Strange Spoon":7,"Bottled Flame":19,"Snecko Eye":10,"WingedGreaves":20,"Fusion Hammer":21,"Art of War":26,"Toxic Egg 2":24,"InkBottle":27},{"Potion Belt":56,"Happy Flower":31,"Self Forming Clay":23,"Vajra":31,"Charon\u0027s Ashes":107,"Bottled Tornado":62,"Smiling Mask":113,"Burning Blood":0,"Blood Vial":62,"Strange Spoon":31,"Bottled Flame":75,"Snecko Eye":47,"WingedGreaves":79,"Fusion Hammer":89,"Art of War":107,"Toxic Egg 2":102,"InkBottle":110}],"Burning Blood":150,"InkBottle":[10]},"card_choices":[{"not_picked":["Exhume","Corruption"],"picked":"Immolate","floor":0.0},{"not_picked":["Anger","Iron Wave"],"picked":"Pommel Strike","floor":1.0},{"not_picked":["Havoc","Combust"],"picked":"Impervious","floor":2.0},{"not_picked":["True Grit","Pommel Strike"],"picked":"Shrug It Off","floor":3.0},{"not_picked":["Rupture","Dual Wield"],"picked":"Power Through","floor":4.0},{"not_picked":["Cleave","Body Slam","Havoc"],"picked":"SKIP","floor":5.0},{"not_picked":["Evolve","Warcry"],"picked":"Second Wind","floor":6.0},{"not_picked":["Sword Boomerang","Warcry"],"picked":"Shockwave","floor":8.0},{"not_picked":["Flex","Pommel Strike"],"picked":"Carnage","floor":12.0},{"not_picked":["Reckless Charge","Iron Wave","Whirlwind"],"picked":"SKIP","floor":13.0},{"not_picked":["Fiend Fire","Juggernaut"],"picked":"Barricade","floor":16.0},{"not_picked":["Metallicize","Iron Wave"],"picked":"Flame Barrier+1","floor":18.0},{"not_picked":["Sword Boomerang","Flex+1"],"picked":"Perfected Strike","floor":20.0},{"not_picked":["Wild Strike","Pummel"],"picked":"Body Slam","floor":22.0},{"not_picked":["Disarm","Thunderclap"],"picked":"Exhume","floor":23.0},{"not_picked":["Havoc","Armaments","Warcry"],"picked":"SKIP","floor":24.0},{"not_picked":["Thunderclap","Armaments","True Grit"],"picked":"SKIP","floor":25.0},{"not_picked":["Anger","Headbutt","Pummel"],"picked":"SKIP","floor":27.0},{"not_picked":["Combust+1","Warcry"],"picked":"Shrug It Off","floor":28.0},{"not_picked":["Shockwave+1","Barricade"],"picked":"Dual Wield","floor":29.0},{"not_picked":["Battle Trance","Flex"],"picked":"Evolve","floor":31.0},{"not_picked":["Brutality","Feed"],"picked":"Corruption","floor":33.0},{"not_picked":["Pummel","Dropkick","Anger"],"picked":"SKIP","floor":35.0},{"not_picked":["Bloodletting+1","Havoc","Wild Strike+1"],"picked":"SKIP","floor":39.0},{"not_picked":["Cleave","Sentinel+1"],"picked":"Dual Wield+1","floor":40.0},{"not_picked":["Uppercut","Pommel Strike"],"picked":"Shrug It Off+1","floor":41.0},{"not_picked":["Flex+1","Inflame"],"picked":"Reaper","floor":45.0},{"not_picked":["Feed","Perfected Strike","Rampage"],"picked":"SKIP","floor":48.0}],"player_experience":1051052,"relics_obtained":[{"floor":6.0,"key":"Self Forming Clay"},{"floor":8.0,"key":"Happy Flower"},{"floor":9.0,"key":"Vajra"},{"floor":23.0,"key":"Potion Belt"},{"floor":25.0,"key":"Blood Vial"},{"floor":26.0,"key":"Bottled Tornado"},{"floor":29.0,"key":"Bottled Flame"},{"floor":31.0,"key":"WingedGreaves"},{"floor":40.0,"key":"Toxic Egg 2"},{"floor":42.0,"key":"Charon\u0027s Ashes"},{"floor":43.0,"key":"Art of War"},{"floor":45.0,"key":"InkBottle"},{"floor":48.0,"key":"Smiling Mask"}],"event_choices":[{"damage_healed":0.0,"max_hp_gain":0.0,"max_hp_loss":0.0,"gold_gain":0.0,"event_name":"Match and Keep!","player_choice":"2 cards matched","floor":14.0,"gold_loss":0.0,"damage_taken":0.0,"cards_obtained":["Feed","Power Through"]},{"damage_healed":0.0,"max_hp_gain":0.0,"max_hp_loss":0.0,"gold_gain":0.0,"event_name":"Forgotten Altar","player_choice":"Smashed Altar","floor":21.0,"gold_loss":0.0,"damage_taken":0.0,"cards_obtained":["Decay"]},{"damage_healed":0.0,"max_hp_gain":0.0,"max_hp_loss":0.0,"gold_gain":0.0,"event_name":"Tomb of Lord Red Mask","player_choice":"Ignored","floor":36.0,"gold_loss":0.0,"damage_taken":0.0},{"damage_healed":0.0,"max_hp_gain":0.0,"max_hp_loss":4.0,"gold_gain":0.0,"event_name":"Winding Halls","player_choice":"Max HP","floor":38.0,"gold_loss":0.0,"damage_taken":0.0},{"damage_healed":0.0,"max_hp_gain":0.0,"max_hp_loss":0.0,"gold_gain":0.0,"event_name":"Mysterious Sphere","player_choice":"Fight","floor":42.0,"gold_loss":0.0,"damage_taken":0.0}],"is_beta":false,"boss_relics":[{"not_picked":["Pandora\u0027s Box","Mark of Pain"],"picked":"Snecko Eye"},{"not_picked":["Cursed Key","Empty Cage"],"picked":"Fusion Hammer"}],"items_purged_floors":[11,37,46],"is_endless":false,"potions_floor_spawned":[1,5,13,16,22,23,28,29,31,39,42,45],"ascension_level":20}}