{"host":"zy8sn0tmwn4g7fne","time":1612794891,"event":{"mods":["BaseMod","Better-Laid Plans","Minty Spire (QoL Compilation)","Quick Restart","StSLib","【功能Mod】Neow奖励","【功能Mod】强力的原版药水"],"gold_per_floor":[111,121,36,51,51,86,86,98,125,153,153,153,170,500,500,574,574,588,129,129,143,143,174,174,201,201,235,235,245,265,283,283,357,357,372,386,386,411,430,461,461,488,488,514,514,529,529,544,544,544,544,544],"floor_reached":51,"language":"ZHS","playtime":2926,"items_purged":[],"score":1590,"play_id":"f017e294-9f75-4872-9887-8f5753c8627e","local_time":"20210208223451","is_ascension_mode":true,"campfire_choices":[{"floor":7.0,"key":"REST"},{"data":"Carnage","floor":12.0,"key":"SMITH"},{"floor":15.0,"key":"REST"},{"data":"Rupture","floor":24.0,"key":"SMITH"},{"floor":32.0,"key":"REST"},{"data":"J.A.X.","floor":41.0,"key":"SMITH"},{"floor":47.0,"key":"RECALL"},{"data":"Armaments","floor":49.0,"key":"SMITH"}],"circlet_count":0,"master_deck":["AscendersBane","Defend_R","Defend_R","Defend_R","Defend_R","Bash","Sever Soul","Rage","Impervious","Carnage+1","Bloodletting","Demon Form","Offering","Disarm","Rupture+1","Deep Breath","J.A.X.+1","Blood for Blood+1","Armaments+1","Bite+1","Bite+1","Bite+1","Bite+1","Bite+1","Seeing Red","Shrug It Off","CurseOfTheBell","Madness","Madness","Brutality","Dual Wield+1"],"relics":["Black Star","Orichalcum","Happy Flower","Lantern","Lizard Tail","Meat on the Bone","Old Coin","Runic Pyramid","Molten Egg 2","Gremlin Horn","Nunchaku","Pear","Dream Catcher","Red Mask","Calling Bell","PreservedInsect","Singing Bowl","Girya","Torii","Blue Candle","MealTicket","Oddly Smooth Stone","Pocketwatch","Akabeko","Centennial Puzzle","Mercury Hourglass"],"acts_visited":["Exordium","TheCity","TheBeyond"],"potions_floor_usage":[50,51],"damage_taken":[{"damage":9.0,"enemies":"Small Slimes","floor":1.0,"turns":5.0},{"damage":4.0,"enemies":"2 Louse","floor":2.0,"turns":3.0},{"damage":2.0,"enemies":"Jaw Worm","floor":4.0,"turns":3.0},{"damage":39.0,"enemies":"3 Sentries","floor":6.0,"turns":12.0},{"damage":0.0,"enemies":"2 Fungi Beasts","floor":8.0,"turns":3.0},{"damage":2.0,"enemies":"Gremlin Nob","floor":10.0,"turns":4.0},{"damage":3.0,"enemies":"Blue Slaver","floor":13.0,"turns":2.0},{"damage":15.0,"enemies":"Lagavulin","floor":14.0,"turns":4.0},{"damage":13.0,"enemies":"Hexaghost","floor":16.0,"turns":8.0},{"damage":33.0,"enemies":"3 Byrds","floor":18.0,"turns":8.0},{"damage":29.0,"enemies":"Shell Parasite","floor":21.0,"turns":5.0},{"damage":31.0,"enemies":"Book of Stabbing","floor":23.0,"turns":4.0},{"damage":53.0,"enemies":"Slavers","floor":25.0,"turns":6.0},{"damage":18.0,"enemies":"Masked Bandits","floor":27.0,"turns":4.0},{"damage":30.0,"enemies":"Snecko","floor":29.0,"turns":5.0},{"damage":27.0,"enemies":"Snake Plant","floor":30.0,"turns":5.0},{"damage":12.0,"enemies":"Centurion and Healer","floor":31.0,"turns":4.0},{"damage":86.0,"enemies":"Collector","floor":33.0,"turns":8.0},{"damage":53.0,"enemies":"3 Shapes","floor":35.0,"turns":15.0},{"damage":42.0,"enemies":"3 Darklings","floor":36.0,"turns":5.0},{"damage":9.0,"enemies":"Mind Bloom Boss Battle","floor":38.0,"turns":5.0},{"damage":32.0,"enemies":"Maw","floor":39.0,"turns":7.0},{"damage":54.0,"enemies":"Nemesis","floor":40.0,"turns":5.0},{"damage":20.0,"enemies":"Giant Head","floor":42.0,"turns":4.0},{"damage":10.0,"enemies":"Nemesis","floor":44.0,"turns":5.0},{"damage":35.0,"enemies":"Transient","floor":46.0,"turns":6.0},{"damage":18.0,"enemies":"Jaw Worm Horde","floor":48.0,"turns":5.0},{"damage":52,"enemies":"Donu and Deca","floor":50,"turns":7},{"damage":72,"enemies":"Time Eater","floor":51,"turns":3}],"seed_played":"2695506988778610640","potions_obtained":[{"floor":1.0,"key":"Energy Potion"},{"floor":10.0,"key":"Dexterity Potion"},{"floor":13.0,"key":"Swift Potion"},{"floor":14.0,"key":"Dexterity Potion"},{"floor":21.0,"key":"DuplicationPotion"},{"floor":25.0,"key":"AttackPotion"},{"floor":27.0,"key":"SteroidPotion"},{"floor":38.0,"key":"Energy Potion"},{"floor":40.0,"key":"Energy Potion"},{"floor":44.0,"key":"GamblersBrew"}],"is_trial":false,"path_per_floor":["M","M","$","M","?","E","R","M","T","E","?","R","M","E","R","B",null,"M","$","?","M","?","E","R","E","T","?","?","M","M","M","R","B",null,"M","M","?","?","M","E","R","E","T","E","?","M","R","M","R","B","B"],"character_chosen":"IRONCLAD","items_purchased":["LiquidBronze","Molten Egg 2","Rupture","Deep Breath"],"campfire_rested":3,"item_purchase_floors":[3,19,19,19],"current_hp_per_floor":[59,55,55,53,53,14,36,36,36,34,34,34,33,20,42,43,67,48,48,48,33,33,16,16,31,31,27,27,21,21,36,61,23,70,55,48,32,46,52,33,33,42,42,56,42,42,42,54,54,35,0,0],"gold":544,"neow_bonus":"BOSS_RELIC","is_daily":false,"chose_seed":false,"campfire_upgraded":4,"win_rate":0.0,"timestamp":1612794891,"path_taken":["M","M","$","M","?","E","R","M","T","E","?","R","M","E","R","BOSS","M","$","?","M","?","E","R","E","T","?","?","?","M","M","R","BOSS","M","M","?","?","M","E","R","E","T","E","?","?","R","M","R","BOSS","BOSS"],"items_purchased_type":["Potion","Relic","Card","Card"],"build_version":"2020-12-22","purchased_purges":0,"victory":false,"max_hp_per_floor":[75,75,75,75,75,75,75,75,75,75,75,75,75,75,75,75,75,75,75,75,75,75,75,75,85,85,85,85,85,85,85,85,85,85,87,89,89,91,93,95,95,97,97,97,97,99,99,99,99,99,99,99],"card_choices":[{"not_picked":["Dual Wield","Flex"],"picked":"Sever Soul","floor":1.0},{"not_picked":["Headbutt","Anger","Body Slam"],"picked":"SKIP","floor":2.0},{"not_picked":["Iron Wave","Sentinel"],"picked":"Rage","floor":4.0},{"not_picked":["Bloodletting","Iron Wave"],"picked":"Impervious","floor":6.0},{"not_picked":["Warcry","Heavy Blade","Clash"],"picked":"SKIP","floor":8.0},{"not_picked":["Clash","Rupture","Carnage"],"picked":"SKIP","floor":10.0},{"not_picked":["Clash","Rupture"],"picked":"Carnage","floor":10.0},{"not_picked":["Havoc","Carnage","Spot Weakness"],"picked":"SKIP","floor":13.0},{"not_picked":["Immolate","Anger"],"picked":"Demon Form","floor":14.0},{"not_picked":["Berserk","Immolate"],"picked":"Offering","floor":16.0},{"not_picked":["Havoc","Iron Wave"],"picked":"Disarm","floor":18.0},{"not_picked":["Dropkick+1","Warcry","Clash+1"],"picked":"SKIP","floor":21.0},{"not_picked":["Blood for Blood+1","Whirlwind+1","Sword Boomerang+1"],"picked":"SKIP","floor":23.0},{"not_picked":["Whirlwind+1","Sword Boomerang+1"],"picked":"Blood for Blood+1","floor":23.0},{"not_picked":["Anger+1","Disarm","Armaments"],"picked":"SKIP","floor":25.0},{"not_picked":["Anger+1","Disarm"],"picked":"Armaments","floor":25.0},{"not_picked":["Dual Wield","Headbutt+1"],"picked":"Seeing Red","floor":29.0},{"not_picked":["Clash+1","Clothesline+1","Sword Boomerang+1"],"picked":"SKIP","floor":30.0},{"not_picked":["Wild Strike+1","Whirlwind+1"],"picked":"Shrug It Off","floor":31.0},{"not_picked":["Iron Wave+1","Armaments","Second Wind"],"picked":"Singing Bowl","floor":35.0},{"not_picked":["Armaments","Pommel Strike+1","Twin Strike+1"],"picked":"Singing Bowl","floor":36.0},{"not_picked":["Whirlwind+1","Power Through","Dropkick+1"],"picked":"Singing Bowl","floor":38.0},{"not_picked":["Armaments","Cleave+1","Clash+1"],"picked":"Singing Bowl","floor":39.0},{"not_picked":["Feed+1","Intimidate","Sever Soul+1"],"picked":"Singing Bowl","floor":40.0},{"not_picked":["Fire Breathing+1","Rage","Reckless Charge+1"],"picked":"Singing Bowl","floor":42.0},{"not_picked":["Thunderclap+1","Headbutt+1"],"picked":"Brutality","floor":44.0},{"not_picked":["Flame Barrier","Dark Embrace","Havoc"],"picked":"Singing Bowl","floor":46.0},{"not_picked":["Wild Strike+1","True Grit"],"picked":"Dual Wield+1","floor":48.0}],"player_experience":455053,"relics_obtained":[{"floor":6.0,"key":"Orichalcum"},{"floor":6.0,"key":"Happy Flower"},{"floor":9.0,"key":"Lantern"},{"floor":10.0,"key":"Blood Vial"},{"floor":10.0,"key":"Lizard Tail"},{"floor":14.0,"key":"Meat on the Bone"},{"floor":14.0,"key":"Old Coin"},{"floor":23.0,"key":"Gremlin Horn"},{"floor":23.0,"key":"Nunchaku"},{"floor":25.0,"key":"Pear"},{"floor":25.0,"key":"Dream Catcher"},{"floor":27.0,"key":"Red Mask"},{"floor":34.0,"key":"PreservedInsect"},{"floor":34.0,"key":"Singing Bowl"},{"floor":34.0,"key":"Girya"},{"floor":38.0,"key":"Torii"},{"floor":40.0,"key":"Blue Candle"},{"floor":40.0,"key":"MealTicket"},{"floor":42.0,"key":"Oddly Smooth Stone"},{"floor":42.0,"key":"Pocketwatch"},{"floor":43.0,"key":"Akabeko"},{"floor":44.0,"key":"Centennial Puzzle"},{"floor":44.0,"key":"Mercury Hourglass"}],"event_choices":[{"damage_healed":0.0,"max_hp_gain":0.0,"max_hp_loss":0.0,"gold_gain":0.0,"event_name":"Shining Light","player_choice":"Ignored","floor":5.0,"gold_loss":0.0,"damage_taken":0.0},{"damage_healed":0.0,"max_hp_gain":0.0,"max_hp_loss":0.0,"gold_gain":0.0,"cards_transformed":["Strike_R"],"event_name":"Living Wall","player_choice":"Change","floor":11.0,"gold_loss":0.0,"damage_taken":0.0,"cards_obtained":["Bloodletting"]},{"damage_healed":0.0,"max_hp_gain":0.0,"max_hp_loss":0.0,"gold_gain":0.0,"event_name":"The Mausoleum","player_choice":"Ignored","floor":20.0,"gold_loss":0.0,"damage_taken":0.0},{"damage_healed":0.0,"max_hp_gain":0.0,"max_hp_loss":0.0,"gold_gain":0.0,"event_name":"Drug Dealer","player_choice":"Obtain J.A.X.","floor":22.0,"gold_loss":0.0,"damage_taken":0.0,"cards_obtained":["J.A.X."]},{"damage_healed":0.0,"max_hp_gain":0.0,"max_hp_loss":0.0,"gold_gain":0.0,"event_name":"Masked Bandits","player_choice":"Fought Bandits","floor":27.0,"gold_loss":0.0,"damage_taken":0.0},{"damage_healed":0.0,"max_hp_gain":0.0,"max_hp_loss":0.0,"gold_gain":0.0,"event_name":"Vampires","player_choice":"Became a vampire (Vial)","floor":28.0,"relics_lost":["Blood Vial"],"gold_loss":0.0,"damage_taken":0.0,"cards_obtained":["Bite","Bite","Bite","Bite","Bite"]},{"damage_healed":0.0,"max_hp_gain":0.0,"max_hp_loss":0.0,"gold_gain":0.0,"event_name":"Winding Halls","player_choice":"Embrace Madness","floor":37.0,"gold_loss":0.0,"damage_taken":16.0,"cards_obtained":["Madness","Madness"]},{"damage_healed":0.0,"max_hp_gain":0.0,"max_hp_loss":0.0,"gold_gain":0.0,"event_name":"MindBloom","player_choice":"Fight","floor":38.0,"gold_loss":0.0,"damage_taken":0.0},{"damage_healed":0.0,"max_hp_gain":0.0,"max_hp_loss":0.0,"gold_gain":0.0,"event_name":"Wheel of Change","player_choice":"Damaged","floor":45.0,"gold_loss":0.0,"damage_taken":14.0}],"is_beta":false,"boss_relics":[{"not_picked":["Runic Dome","Empty Cage"],"picked":"Runic Pyramid"},{"not_picked":["Busted Crown","Tiny House"],"picked":"Calling Bell"}],"items_purged_floors":[],"is_endless":false,"potions_floor_spawned":[1,6,10,13,14,21,25,27,30,38,40,44],"killed_by":"Time Eater","ascension_level":20}}