{"host":"4gr5irrdjh39ysed","time":1612809616,"event":{"mods":["AchievementEnabler","BaseMod","Colored Map","Downfall","Hermit","Minty Spire (QoL Compilation)","Random Character Button","StSLib","The Construct","The Cursed","The Disciple","The Hierophant","The Mystic","The Necromancer","The Runesmith"],"gold_per_floor":[111,129,143,33,33,60,71,87,110,130,130,130,130,144,144,245,245,260,86,86,111,126,126,1,34,59,24,24,24,24,24,24,121,121,138,149,163,8,28,28,43,43,66,415,23,23,23,51,51,51,51,51,33,67,67],"floor_reached":56,"language":"ENG","playtime":2767,"items_purged":["Defend_P","Defend_P","Defend_P","ThirdEye"],"score":1486,"play_id":"f92bea6d-a6b0-4c98-a957-ebc01c49aded","local_time":"20210208114016","is_ascension_mode":true,"campfire_choices":[{"floor":13,"key":"RECALL"},{"data":"Devotion","floor":15,"key":"SMITH"},{"data":"ReachHeaven","floor":23,"key":"SMITH"},{"data":"FlurryOfBlows","floor":29,"key":"SMITH"},{"data":"J.A.X.","floor":32,"key":"SMITH"},{"data":"Vault","floor":40,"key":"SMITH"},{"data":"Ragnarok","floor":42,"key":"SMITH"},{"data":"ConjureBlade","floor":46,"key":"SMITH"},{"data":"WindmillStrike","floor":49,"key":"SMITH"},{"data":"Consecrate","floor":52,"key":"SMITH"}],"circlet_count":0,"master_deck":["Strike_P","Strike_P","Strike_P","Strike_P","Eruption","Vigilance","CrushJoints","FearNoEvil","InnerPeace","WheelKick","EmptyMind","Consecrate+1","ReachHeaven+1","Devotion+1","Alpha","FlurryOfBlows+1","ForeignInfluence","BattleHymn","Prostrate","PathToVictory+1","WindmillStrike+1","J.A.X.+1","ConjureBlade+1","Swivel+1","FollowUp+1","Ragnarok+1","Vault+1","InnerPeace+1","Flash of Steel","Consecrate+1","ReachHeaven","BattleHymn"],"relics":["HolyWater","StrikeDummy","Centennial Puzzle","Red Mask","Bronze Scales","Anchor","construct:ClawGrip","Bag of Preparation","Old Coin","Membership Card","Yang","Blue Candle","Meat on the Bone","Gambling Chip"],"acts_visited":["Exordium","TheCity","TheBeyond","TheEnding"],"potions_floor_usage":[16,16,35,37,39,44,48,55,55],"damage_taken":[{"damage":14,"enemies":"Jaw Worm","floor":1,"turns":3},{"damage":5,"enemies":"Small Slimes","floor":2,"turns":2},{"damage":6,"enemies":"Cultist","floor":3,"turns":3},{"damage":20,"enemies":"Gremlin Nob","floor":6,"turns":3},{"damage":21,"enemies":"2 Fungi Beasts","floor":7,"turns":3},{"damage":11,"enemies":"Looter","floor":8,"turns":2},{"damage":30,"enemies":"Lots of Slimes","floor":10,"turns":3},{"damage":27,"enemies":"3 Louse","floor":14,"turns":3},{"damage":75,"enemies":"The Guardian","floor":16,"turns":6},{"damage":12,"enemies":"Chosen","floor":18,"turns":3},{"damage":64,"enemies":"Masked Bandits","floor":21,"turns":5},{"damage":39,"enemies":"Shell Parasite","floor":22,"turns":4},{"damage":65,"enemies":"Slavers","floor":25,"turns":4},{"damage":48,"enemies":"Collector","floor":33,"turns":5},{"damage":43,"enemies":"3 Darklings","floor":35,"turns":4},{"damage":30,"enemies":"Orb Walker","floor":36,"turns":4},{"damage":66,"enemies":"Spire Growth","floor":37,"turns":5},{"damage":81,"enemies":"Jaw Worm Horde","floor":39,"turns":5},{"damage":41,"enemies":"4 Shapes","floor":41,"turns":5},{"damage":133,"enemies":"2 Orb Walkers","floor":44,"turns":6},{"damage":60,"enemies":"Nemesis","floor":48,"turns":5},{"damage":178,"enemies":"Awakened One","floor":50,"turns":10},{"damage":137,"enemies":"Shield and Spear","floor":54,"turns":6},{"damage":304,"enemies":"The Heart","floor":55,"turns":10}],"seed_played":"2010702261564775854","potions_obtained":[{"floor":3,"key":"sneckomod:MuddlingPotion"},{"floor":6,"key":"LiquidMemories"},{"floor":8,"key":"Swift Potion"},{"floor":18,"key":"Swift Potion"},{"floor":33,"key":"construct:ShiftPotion"},{"floor":35,"key":"Fire Potion"},{"floor":39,"key":"ColorlessPotion"},{"floor":44,"key":"EssenceOfSteel"},{"floor":48,"key":"SneckoOil"}],"is_trial":false,"path_per_floor":["M","M","M","$","?","E","M","M","T","M","?","?","R","M","R","B",null,"M","$","?","?","M","R","$","E","T","$","?","R","?","$","R","B",null,"M","M","M","$","M","R","M","R","T","?","$","R","?","E","R","B",null,"R","$","E","B",null],"character_chosen":"WATCHER","items_purchased":["WheelKick","ForeignInfluence","WindmillStrike","Ragnarok","Membership Card","Yang","Flash of Steel","ReachHeaven"],"campfire_rested":0,"item_purchase_floors":[4,19,27,38,45,45,45,53],"current_hp_per_floor":[2051,2046,2040,2040,2015,1995,1974,1963,1963,1933,1933,1933,1933,1906,1906,1831,2012,2000,2000,2000,1936,1897,1897,1897,1832,1832,1832,1832,1832,1832,1832,1832,1784,2000,1957,1927,1861,1861,1780,1780,1739,1739,1739,1606,1606,1606,1601,1541,1541,1363,1895,1895,1895,1758,1454],"gold":67,"neow_bonus":"THREE_CARDS","is_daily":false,"chose_seed":false,"campfire_upgraded":9,"win_rate":0.0,"timestamp":1612809616,"path_taken":["M","M","M","$","?","E","M","M","T","M","?","?","R","M","R","BOSS","M","$","?","?","M","R","$","E","T","$","?","R","?","?","R","BOSS","M","M","M","$","?","R","M","R","T","?","$","R","?","E","R","BOSS","R","$","E","BOSS"],"items_purchased_type":["Card","Card","Card","Card","Relic","Relic","Card","Card"],"build_version":"2020-12-22","purchased_purges":4,"victory":true,"max_hp_per_floor":[2072,2072,2072,2072,2072,2072,2072,2072,2072,2072,2072,2072,2072,2072,2072,2072,2072,2072,2072,2072,2072,2072,2072,2072,2072,2072,2072,2072,2072,2072,2072,2072,2072,2072,2072,2072,2072,2072,2072,2072,2072,2072,2072,2072,2072,2072,2072,2072,2072,2072,2072,2072,2072,2072,2072],"card_choices":[{"not_picked":["ClearTheMind","Protect"],"picked":"ThirdEye","floor":0},{"not_picked":["Evaluate","ThirdEye"],"picked":"CrushJoints","floor":1},{"not_picked":["EmptyMind","Tantrum"],"picked":"FearNoEvil","floor":2},{"not_picked":["TalkToTheHand","WreathOfFlame"],"picked":"InnerPeace","floor":3},{"not_picked":["Protect","MentalFortress"],"picked":"EmptyMind","floor":6},{"not_picked":["ClearTheMind","Swivel"],"picked":"Consecrate","floor":7},{"not_picked":["PathToVictory","Meditate"],"picked":"ReachHeaven","floor":8},{"not_picked":["CrushJoints","Meditate","SashWhip"],"picked":"SKIP","floor":10},{"not_picked":["WindmillStrike","Evaluate"],"picked":"Devotion","floor":14},{"not_picked":["Wish","Blasphemy"],"picked":"Alpha","floor":16},{"not_picked":["Protect","WaveOfTheHand"],"picked":"FlurryOfBlows","floor":18},{"not_picked":["EmptyFist","FlyingSleeves"],"picked":"BattleHymn","floor":21},{"not_picked":["Swivel","JustLucky"],"picked":"Prostrate","floor":22},{"not_picked":["SignatureMove","JustLucky"],"picked":"PathToVictory+1","floor":25},{"not_picked":["MasterReality","SpiritShield"],"picked":"ConjureBlade","floor":33},{"not_picked":["Evaluate+1","CutThroughFate"],"picked":"Swivel+1","floor":35},{"not_picked":["EmptyFist","FearNoEvil+1"],"picked":"FollowUp+1","floor":36},{"not_picked":["DeceiveReality","FlyingSleeves","Wireheading"],"picked":"SKIP","floor":37},{"not_picked":["Consecrate","Protect"],"picked":"Vault","floor":39},{"not_picked":["CutThroughFate","Protect","Crescendo+1"],"picked":"SKIP","floor":41},{"not_picked":["PathToVictory","SashWhip"],"picked":"InnerPeace+1","floor":44},{"not_picked":["Prostrate","ClearTheMind"],"picked":"Consecrate+1","floor":48},{"not_picked":["EmptyFist","EmptyBody"],"picked":"BattleHymn","floor":54}],"player_experience":327913,"relics_obtained":[{"floor":6,"key":"Centennial Puzzle"},{"floor":21,"key":"Red Mask"},{"floor":25,"key":"Bronze Scales"},{"floor":26,"key":"Anchor"},{"floor":43,"key":"Bag of Preparation"},{"floor":44,"key":"Old Coin"},{"floor":48,"key":"Meat on the Bone"},{"floor":54,"key":"Gambling Chip"}],"event_choices":[{"damage_healed":0,"gold_gain":0,"player_choice":"Success","damage_taken":25,"relics_obtained":["StrikeDummy"],"max_hp_gain":0,"max_hp_loss":0,"event_name":"Scrap Ooze","floor":5,"gold_loss":0},{"cards_removed":["Defend_P"],"damage_healed":0,"gold_gain":0,"player_choice":"Forget","damage_taken":0,"max_hp_gain":0,"max_hp_loss":0,"event_name":"Living Wall","floor":11,"gold_loss":0},{"damage_healed":0,"gold_gain":0,"player_choice":"Bought 0 Potions","damage_taken":0,"max_hp_gain":0,"max_hp_loss":0,"event_name":"The Woman in Blue","floor":12,"gold_loss":0},{"damage_healed":0,"gold_gain":0,"player_choice":"Fought Bandits","damage_taken":0,"max_hp_gain":0,"max_hp_loss":0,"event_name":"Masked Bandits","floor":21,"gold_loss":0},{"damage_healed":0,"gold_gain":0,"player_choice":"Ignored","damage_taken":0,"max_hp_gain":0,"max_hp_loss":0,"event_name":"The Mausoleum","floor":28,"gold_loss":0},{"damage_healed":0,"gold_gain":0,"player_choice":"Obtain J.A.X.","damage_taken":0,"max_hp_gain":0,"max_hp_loss":0,"event_name":"Drug Dealer","floor":30,"gold_loss":0,"cards_obtained":["J.A.X."]},{"damage_healed":0,"gold_gain":0,"player_choice":"Fight","damage_taken":0,"max_hp_gain":0,"max_hp_loss":0,"event_name":"Mysterious Sphere","floor":44,"gold_loss":0}],"is_beta":false,"boss_relics":[{"not_picked":["Fusion Hammer","construct:WeddingRing"],"picked":"HolyWater"},{"not_picked":["Empty Cage","Tiny House"],"picked":"construct:ClawGrip"}],"items_purged_floors":[4,19,24,45],"is_endless":false,"potions_floor_spawned":[3,6,8,10,18,33,35,36,39,44,48],"ascension_level":6}}