{"host":"zsnmfqgcm92hlreo","time":1612757471,"event":{"mods":["AchievementEnabler","BaseMod","Bestiary","Block Reminder","Colored Map","Colored Powertips","Minty Spire (QoL Compilation)","Permanent Neow","Quick Restart","Relic Stats","StSLib","Weighted Paths"],"gold_per_floor":[113,129,94,109,122,152,162,162,214,214,214,245,260,260,260,353,353,374,424,445,243,279,279,300,300,300],"floor_reached":25,"language":"ENG","playtime":892,"items_purged":[],"score":426,"play_id":"f6d0176d-61b4-4112-b17a-044be7163191","local_time":"20210207221111","is_ascension_mode":true,"campfire_choices":[{"floor":8.0,"key":"REST"},{"floor":15.0,"key":"REST"},{"data":"Immolate","floor":23,"key":"SMITH"}],"circlet_count":0,"master_deck":["AscendersBane","Strike_R","Strike_R","Strike_R","Strike_R","Strike_R","Defend_R","Defend_R","Defend_R","Defend_R","Bash","Clothesline","Immolate+1","Heavy Blade","Headbutt","Power Through","Evolve","Battle Trance","Limit Break","Offering","Clothesline","Sever Soul","Fire Breathing","Clothesline+1","Power Through"],"relics":["Mark of Pain","Bag of Preparation","Pen Nib","Golden Idol","Blue Candle","Boot","Sozu","Lee\u0027s Waffle","Red Mask"],"acts_visited":["Exordium","TheCity"],"potions_floor_usage":[22],"damage_taken":[{"damage":6.0,"enemies":"Jaw Worm","floor":1.0,"turns":5.0},{"damage":3.0,"enemies":"2 Louse","floor":2.0,"turns":2.0},{"damage":0.0,"enemies":"Cultist","floor":4.0,"turns":3.0},{"damage":29.0,"enemies":"Large Slime","floor":5.0,"turns":6.0},{"damage":30.0,"enemies":"3 Sentries","floor":6.0,"turns":6.0},{"damage":0.0,"enemies":"Exordium Wildlife","floor":7.0,"turns":1.0},{"damage":25.0,"enemies":"Lagavulin","floor":12.0,"turns":5.0},{"damage":0.0,"enemies":"Blue Slaver","floor":13.0,"turns":3.0},{"damage":29.0,"enemies":"The Guardian","floor":16.0,"turns":9.0},{"damage":6.0,"enemies":"Chosen","floor":18.0,"turns":3.0},{"damage":16.0,"enemies":"Shell Parasite","floor":20.0,"turns":3.0},{"damage":18,"enemies":"Masked Bandits","floor":22,"turns":3},{"damage":12,"enemies":"Centurion and Healer","floor":24,"turns":4},{"damage":48,"enemies":"Gremlin Leader","floor":25,"turns":4}],"seed_played":"4769903208070939800","potions_obtained":[{"floor":5.0,"key":"Energy Potion"},{"floor":6.0,"key":"BloodPotion"},{"floor":7.0,"key":"GamblersBrew"},{"floor":13.0,"key":"Swift Potion"}],"is_trial":false,"path_per_floor":["M","M","?","M","M","E","M","R","T","?","?","E","M","?","R","B",null,"M","?","M","$","?","R","M","E"],"character_chosen":"IRONCLAD","items_purchased":["Fire Breathing","Lee\u0027s Waffle"],"campfire_rested":2,"item_purchase_floors":[21,21],"current_hp_per_floor":[62,59,75,75,46,31,31,53,53,53,53,28,28,28,48,19,56,50,50,34,75,57,57,45,0,0],"gold":300,"neow_bonus":"BOSS_RELIC","is_daily":false,"chose_seed":false,"campfire_upgraded":1,"win_rate":0.0,"timestamp":1612757471,"path_taken":["M","M","?","M","M","E","M","R","T","?","?","E","?","?","R","BOSS","M","?","M","$","?","R","M","E"],"items_purchased_type":["Card","Relic"],"build_version":"2020-12-22","purchased_purges":0,"victory":false,"max_hp_per_floor":[75,75,75,75,75,75,75,75,75,68,68,68,68,68,68,68,68,68,68,68,75,75,75,75,75,75],"relic_stats":{"Sozu":2,"Lee\u0027s Waffle":41,"counters":[14,57],"Golden Idol":47,"Blue Candle":[0],"Pen Nib":[7],"Bag of Preparation":[18],"Boot":[2],"obtain_stats":[{"Sozu":17,"Lee\u0027s Waffle":21,"Golden Idol":10,"Blue Candle":11,"Mark of Pain":0,"Pen Nib":9,"Bag of Preparation":6,"Red Mask":22,"Boot":12,"Burning Blood":0},{"Sozu":9,"Lee\u0027s Waffle":11,"Golden Idol":6,"Blue Candle":6,"Mark of Pain":0,"Pen Nib":6,"Bag of Preparation":5,"Red Mask":12,"Boot":7,"Burning Blood":0},{"Sozu":40,"Lee\u0027s Waffle":46,"Golden Idol":23,"Blue Candle":23,"Mark of Pain":0,"Pen Nib":23,"Bag of Preparation":22,"Red Mask":49,"Boot":28,"Burning Blood":0}]},"card_choices":[{"not_picked":["Cleave","Searing Blow"],"picked":"Clothesline","floor":1.0},{"not_picked":["Blood for Blood","Pommel Strike"],"picked":"Immolate","floor":2.0},{"not_picked":["Sword Boomerang","Searing Blow"],"picked":"Heavy Blade","floor":4.0},{"not_picked":["Perfected Strike","Flex"],"picked":"Headbutt","floor":5.0},{"not_picked":["Sword Boomerang","Intimidate"],"picked":"Power Through","floor":6.0},{"not_picked":["Cleave","Headbutt"],"picked":"Evolve","floor":7.0},{"not_picked":["Clash","Shrug It Off"],"picked":"Battle Trance","floor":12.0},{"not_picked":["Hemokinesis","Ghostly Armor"],"picked":"Limit Break","floor":13.0},{"not_picked":["Barricade","Double Tap"],"picked":"Offering","floor":16.0},{"not_picked":["Headbutt","Hemokinesis"],"picked":"Clothesline","floor":18.0},{"not_picked":["Warcry","Ghostly Armor"],"picked":"Sever Soul","floor":20.0},{"not_picked":["Havoc","Twin Strike+1"],"picked":"Clothesline+1","floor":22},{"not_picked":["Perfected Strike","Ghostly Armor"],"picked":"Power Through","floor":24}],"player_experience":1044236,"relics_obtained":[{"floor":6.0,"key":"Bag of Preparation"},{"floor":9.0,"key":"Pen Nib"},{"floor":11.0,"key":"Blue Candle"},{"floor":12.0,"key":"Boot"},{"floor":22,"key":"Red Mask"}],"event_choices":[{"damage_healed":18.0,"max_hp_gain":0.0,"max_hp_loss":0.0,"gold_gain":0.0,"event_name":"The Cleric","player_choice":"Healed","floor":3.0,"gold_loss":35.0,"damage_taken":0.0},{"damage_healed":0.0,"max_hp_gain":0.0,"max_hp_loss":7.0,"gold_gain":0.0,"event_name":"Golden Idol","player_choice":"Lose Max HP","floor":10.0,"gold_loss":0.0,"damage_taken":0.0,"relics_obtained":["Golden Idol"]},{"damage_healed":0.0,"max_hp_gain":0.0,"max_hp_loss":0.0,"gold_gain":0.0,"event_name":"Wheel of Change","player_choice":"Relic","floor":11.0,"gold_loss":0.0,"damage_taken":0.0},{"damage_healed":0.0,"max_hp_gain":0.0,"max_hp_loss":0.0,"gold_gain":0.0,"event_name":"Shining Light","player_choice":"Ignored","floor":14.0,"gold_loss":0.0,"damage_taken":0.0},{"damage_healed":0.0,"max_hp_gain":0.0,"max_hp_loss":0.0,"gold_gain":50.0,"event_name":"Nest","player_choice":"Stole From Cult","floor":19.0,"gold_loss":0.0,"damage_taken":0.0},{"damage_healed":0,"gold_gain":0,"player_choice":"Fought Bandits","damage_taken":0,"max_hp_gain":0,"max_hp_loss":0,"event_name":"Masked Bandits","floor":22,"gold_loss":0}],"is_beta":false,"boss_relics":[{"not_picked":["Ectoplasm","Runic Dome"],"picked":"Sozu"}],"items_purged_floors":[],"is_endless":false,"potions_floor_spawned":[5,6,7,13,20,22],"killed_by":"Gremlin Leader","ascension_level":20}}