{"host":"pgm1p3lvdjflie30","time":1612765608,"event":{"mods":["AchievementEnabler","Alarm Clock","Aspiration","BaseMod","Challenge The Spire","Colored Map","Colored Powertips","Dark Map","Energized Spire","Hermit","HornydragonMod","Minty Spire (QoL Compilation)","Quarter Circle Forward PUNCH!","Quick Restart","Relic Stats","Robot Space Explorer","Spicy Shops","StSLib","The Blackbeard","The IronCluck","Waifu the Spire","【功能Mod】混沌之?修复?丁","篝火指南"],"gold_per_floor":[117,39,49,64,29,29,29,29,29,29,29,29,39,56,56,154,154,174,28,47,47,47,47,47,47,47,47,58,58,68,0,0,101,101,117,117,135,153,153,153],"floor_reached":39,"language":"ZHS","playtime":1146,"items_purged":[],"score":369,"play_id":"bbbc89c2-a827-4ada-9a08-d18988e03401","local_time":"20210208142648","is_ascension_mode":false,"campfire_choices":[{"data":"Seeing Red","floor":6,"key":"SMITH"},{"data":"Hemokinesis","floor":10,"key":"SMITH"},{"data":"Thunderclap","floor":12,"key":"SMITH"},{"data":"Perfected Strike","floor":15,"key":"SMITH"},{"data":"Twin Strike","floor":23,"key":"SMITH"},{"data":"Flex","floor":25,"key":"SMITH"},{"data":"Perfected Strike","floor":29,"key":"SMITH"},{"floor":32,"key":"REST"}],"circlet_count":0,"master_deck":["Strike_R","Strike_R","Strike_R","Strike_R","Strike_R","Defend_R","Defend_R","Bash+1","Thunderclap+1","Hemokinesis+1","Blood for Blood+1","Pommel Strike","Shrug It Off","Seeing Red+1","Twin Strike+1","Perfected Strike+1","Demon Form","Bloodletting","Flex+1","Battle Trance","Perfected Strike+1","Sword Boomerang+1","Offering","Headbutt","Feed","Rampage","Thunderclap","Cleave","Parasite"],"relics":["Burning Blood"],"acts_visited":["Exordium","TheCity","TheBeyond"],"potions_floor_usage":[1,16,30,33,37,38],"damage_taken":[{"damage":1,"enemies":"Cultist","floor":1,"turns":3},{"damage":5,"enemies":"Small Slimes","floor":3,"turns":3},{"damage":2,"enemies":"2 Louse","floor":4,"turns":2},{"damage":10,"enemies":"Red Slaver","floor":13,"turns":2},{"damage":13,"enemies":"Lots of Slimes","floor":14,"turns":3},{"damage":53,"enemies":"The Guardian","floor":16,"turns":5},{"damage":26,"enemies":"Shell Parasite","floor":18,"turns":3},{"damage":12,"enemies":"Chosen","floor":20,"turns":3},{"damage":5,"enemies":"Snake Plant","floor":28,"turns":2},{"damage":27,"enemies":"Snecko","floor":30,"turns":4},{"damage":100,"enemies":"Champ","floor":33,"turns":8},{"damage":12,"enemies":"Orb Walker","floor":35,"turns":2},{"damage":45,"enemies":"3 Darklings","floor":37,"turns":5},{"damage":40,"enemies":"Transient","floor":38,"turns":5},{"damage":42,"enemies":"Writhing Mass","floor":39,"turns":3}],"seed_played":"7050830371343240238","potions_obtained":[{"floor":1,"key":"Fruit Juice"},{"floor":4,"key":"AttackPotion"},{"floor":28,"key":"FearPotion"},{"floor":30,"key":"Explosive Potion"},{"floor":33,"key":"DistilledChaos"},{"floor":37,"key":"BloodPotion"}],"is_trial":false,"path_per_floor":["M","$","M","M","$","R","?","?","T","R","$","R","M","M","R","B",null,"M","$","M","?","?","R","?","R","T","$","M","R","M","$","R","B",null,"M","T","M","M","M"],"character_chosen":"IRONCLAD","items_purchased":["Blood for Blood","Seeing Red","FairyPotion","Flex","Offering","Headbutt"],"campfire_rested":1,"item_purchase_floors":[2,5,19,19,31,31],"current_hp_per_floor":[85,85,85,85,85,85,68,68,68,68,68,68,64,57,57,10,85,65,65,59,59,59,59,59,59,59,59,60,60,39,39,64,7,85,79,79,60,26,0,0],"gold":153,"neow_bonus":"THREE_CARDS","is_daily":false,"chose_seed":false,"campfire_upgraded":7,"win_rate":0.0,"timestamp":1612765608,"path_taken":["M","$","?","M","$","R","?","?","T","R","$","R","?","M","R","BOSS","M","$","?","?","?","R","?","R","T","$","M","R","?","$","R","BOSS","M","?","M","M","?"],"items_purchased_type":["Card","Card","Potion","Card","Card","Card"],"build_version":"2020-12-22","purchased_purges":0,"victory":false,"max_hp_per_floor":[85,85,85,85,85,85,85,85,85,85,85,85,85,85,85,85,85,85,85,85,85,85,85,85,85,85,85,85,85,85,85,85,85,85,85,85,88,88,88,88],"relic_stats":{"counters":[15,53],"obtain_stats":[{"Burning Blood":0},{"Burning Blood":0},{"Burning Blood":0}],"Burning Blood":74},"card_choices":[{"not_picked":["Clash","Dropkick"],"picked":"Thunderclap","floor":0},{"not_picked":["Searing Blow","Clothesline"],"picked":"Hemokinesis","floor":1},{"not_picked":["Evolve","Armaments"],"picked":"Pommel Strike","floor":3},{"not_picked":["Entrench","Dark Embrace"],"picked":"Shrug It Off","floor":4},{"not_picked":["Headbutt","Clothesline"],"picked":"Twin Strike","floor":13},{"not_picked":["Pommel Strike","Warcry"],"picked":"Perfected Strike","floor":14},{"not_picked":["Offering","Exhume"],"picked":"Demon Form","floor":16},{"not_picked":["Anger","Clash"],"picked":"Bloodletting","floor":18},{"not_picked":["Havoc+1","Whirlwind"],"picked":"Battle Trance","floor":20},{"not_picked":["Clothesline","Burning Pact"],"picked":"Perfected Strike","floor":28},{"not_picked":["Clash","Feel No Pain"],"picked":"Sword Boomerang+1","floor":30},{"not_picked":["Bludgeon","Juggernaut"],"picked":"Feed","floor":33},{"not_picked":["Heavy Blade+1","Thunderclap"],"picked":"Rampage","floor":35},{"not_picked":["Warcry+1","Clash+1"],"picked":"Thunderclap","floor":37},{"not_picked":["Brutality","Anger+1"],"picked":"Cleave","floor":38}],"player_experience":363266,"relics_obtained":[],"event_choices":[{"damage_healed":0,"gold_gain":0,"player_choice":"Entered Light","damage_taken":17,"max_hp_gain":0,"max_hp_loss":0,"event_name":"Shining Light","floor":7,"gold_loss":0,"cards_upgraded":["Blood for Blood","Bash"]},{"cards_removed":["Defend_R"],"damage_healed":0,"gold_gain":0,"player_choice":"Offered Basic","damage_taken":0,"max_hp_gain":0,"max_hp_loss":0,"event_name":"Bonfire Elementals","floor":8,"gold_loss":0},{"damage_healed":0,"gold_gain":0,"player_choice":"Ignored","damage_taken":0,"max_hp_gain":0,"max_hp_loss":0,"event_name":"Cursed Tome","floor":22,"gold_loss":0},{"cards_removed":["Defend_R"],"damage_healed":0,"gold_gain":0,"player_choice":"Purged","damage_taken":0,"max_hp_gain":0,"max_hp_loss":0,"event_name":"Purifier","floor":24,"gold_loss":0}],"is_beta":false,"boss_relics":[{"not_picked":["energizedSpire:StickyHand","energizedSpire:TabascoSauce","Busted Crown"]},{"not_picked":["Snecko Eye","Cursed Key","Velvet Choker"]}],"items_purged_floors":[],"is_endless":false,"potions_floor_spawned":[1,4,28,30,33,37],"killed_by":"Writhing Mass","ascension_level":0}}