{"host":"aelxjre69umlx7r4","time":1612763229,"event":{"mods":["AchievementEnabler","BaseMod","DeckTracker","Highlight Path","Keyboard Shortcuts","Minty Spire (QoL Compilation)","Permanent Neow","SuperFastMode"],"gold_per_floor":[110,63,63,238,248,279,279,307,353,364,380,393,408,438,438,541,541,551,570,582,240,240,240,240,240],"floor_reached":24,"language":"KOR","playtime":1298,"items_purged":["Strike_R"],"score":229,"play_id":"76d30b1a-2e23-4e84-8cb2-949813c38226","local_time":"20210208144709","is_ascension_mode":true,"campfire_choices":[{"data":"Armaments","floor":15.0,"key":"SMITH"},{"data":"Apotheosis","floor":23.0,"key":"SMITH"}],"circlet_count":0,"master_deck":["Strike_R","Strike_R","Strike_R","Defend_R","Defend_R","Defend_R","Defend_R","Bash","Battle Trance","Sword Boomerang","Armaments+1","Spot Weakness","Pommel Strike","Fire Breathing","Thunderclap","Carnage","Double Tap","Evolve","Pummel","Apotheosis+1","Flex"],"relics":["Burning Blood","Strawberry","Regal Pillow","Art of War","Boot","Sozu"],"acts_visited":["Exordium","TheCity"],"potions_floor_usage":[],"damage_taken":[{"damage":1.0,"enemies":"Cultist","floor":1.0,"turns":3.0},{"damage":1.0,"enemies":"2 Louse","floor":5.0,"turns":3.0},{"damage":52.0,"enemies":"Lagavulin","floor":6.0,"turns":10.0},{"damage":11.0,"enemies":"3 Sentries","floor":8.0,"turns":6.0},{"damage":2.0,"enemies":"Small Slimes","floor":10.0,"turns":4.0},{"damage":2.0,"enemies":"Blue Slaver","floor":11.0,"turns":3.0},{"damage":11.0,"enemies":"Large Slime","floor":12.0,"turns":4.0},{"damage":21.0,"enemies":"Lots of Slimes","floor":13.0,"turns":5.0},{"damage":25.0,"enemies":"Gremlin Nob","floor":14.0,"turns":4.0},{"damage":23.0,"enemies":"The Guardian","floor":16.0,"turns":10.0},{"damage":17.0,"enemies":"3 Byrds","floor":18.0,"turns":4.0},{"damage":5.0,"enemies":"Shell Parasite","floor":19.0,"turns":3.0},{"damage":24.0,"enemies":"3 Cultists","floor":20.0,"turns":5.0},{"damage":70,"enemies":"Gremlin Leader","floor":24,"turns":2}],"seed_played":"-6564535638855898411","potions_obtained":[{"floor":1.0,"key":"Block Potion"},{"floor":5.0,"key":"FairyPotion"},{"floor":6.0,"key":"SkillPotion"},{"floor":13.0,"key":"SkillPotion"}],"is_trial":false,"path_per_floor":["M","$","?","?","M","E","?","E","T","M","M","M","M","E","R","B",null,"M","M","M","$","?","R","E"],"character_chosen":"IRONCLAD","items_purchased":["Sword Boomerang","Pummel","Apotheosis"],"campfire_rested":0,"item_purchase_floors":[2,21,21],"current_hp_per_floor":[87,87,87,87,87,41,34,29,29,33,37,32,17,24,24,7,87,76,77,59,59,59,59,0,0],"gold":240,"neow_bonus":"RANDOM_COMMON_RELIC","is_daily":false,"chose_seed":false,"campfire_upgraded":2,"win_rate":0.0,"timestamp":1612763229,"path_taken":["M","?","?","?","M","E","?","E","T","M","M","M","M","E","R","BOSS","M","M","M","$","?","R","E"],"items_purchased_type":["Card","Card","Card"],"build_version":"2020-12-22","purchased_purges":1,"victory":false,"max_hp_per_floor":[87,87,87,87,87,87,87,87,87,87,87,87,87,87,87,87,87,87,87,87,87,87,87,87,87],"card_choices":[{"not_picked":["Warcry","Shrug It Off"],"picked":"Battle Trance","floor":1.0},{"not_picked":["Wild Strike","Battle Trance"],"picked":"Armaments","floor":5.0},{"not_picked":["Sword Boomerang","Disarm"],"picked":"Spot Weakness","floor":6.0},{"not_picked":["Clash","Rupture"],"picked":"Pommel Strike","floor":8.0},{"not_picked":["Body Slam","Rage","Fiend Fire"],"picked":"SKIP","floor":10.0},{"not_picked":["Flame Barrier","Hemokinesis"],"picked":"Fire Breathing","floor":11.0},{"not_picked":["Pommel Strike","Anger","Perfected Strike"],"picked":"SKIP","floor":12.0},{"not_picked":["Body Slam","Perfected Strike"],"picked":"Thunderclap","floor":13.0},{"not_picked":["Metallicize","Shockwave"],"picked":"Carnage","floor":14.0},{"not_picked":["Reaper","Barricade"],"picked":"Double Tap","floor":16.0},{"not_picked":["Clothesline","Sentinel","True Grit"],"picked":"SKIP","floor":18.0},{"not_picked":["Rage","Wild Strike","Perfected Strike"],"picked":"SKIP","floor":19.0},{"not_picked":["Rampage","Warcry+1"],"picked":"Evolve","floor":20.0}],"player_experience":391261,"relics_obtained":[{"floor":6.0,"key":"Regal Pillow"},{"floor":9.0,"key":"Art of War"},{"floor":14.0,"key":"Boot"}],"event_choices":[{"cards_removed":["Strike_R"],"damage_healed":0.0,"max_hp_gain":0.0,"max_hp_loss":0.0,"gold_gain":0.0,"event_name":"Living Wall","player_choice":"Forget","floor":3.0,"gold_loss":0.0,"damage_taken":0.0},{"damage_healed":0.0,"max_hp_gain":0.0,"max_hp_loss":0.0,"gold_gain":175.0,"event_name":"Liars Game","player_choice":"AGREE","floor":4.0,"gold_loss":0.0,"damage_taken":0.0,"cards_obtained":["Doubt"]},{"cards_removed":["Doubt"],"damage_healed":0.0,"max_hp_gain":0.0,"max_hp_loss":0.0,"gold_gain":0.0,"event_name":"Golden Wing","player_choice":"Card Removal","floor":7.0,"gold_loss":0.0,"damage_taken":7.0},{"damage_healed":0.0,"max_hp_gain":0.0,"max_hp_loss":0.0,"gold_gain":0.0,"event_name":"The Library","player_choice":"Read","floor":22.0,"gold_loss":0.0,"damage_taken":0.0,"cards_obtained":["Flex"]}],"is_beta":false,"boss_relics":[{"not_picked":["Tiny House","Runic Dome"],"picked":"Sozu"}],"items_purged_floors":[21],"is_endless":false,"potions_floor_spawned":[1,5,6,13],"killed_by":"Gremlin Leader","ascension_level":1}}