{"host":"v4tuy5ykrbdcm9o9","time":1612759900,"event":{"mods":["BaseMod","Duelist Mod","Minty Spire (QoL Compilation)","Replay The Spire","StSLib"],"gold_per_floor":[112,112,132,149,166,192,192,227,253,253,253,279,291,261,261,360,360,379,398,26,26,44,74,74,74],"floor_reached":24,"language":"ENG","playtime":1941,"items_purged":[],"score":319,"play_id":"020cafda-12bd-4812-b9b2-83f780e82516","local_time":"20210207235140","is_ascension_mode":true,"campfire_choices":[{"floor":7,"key":"RECALL"},{"floor":10,"key":"REST"},{"floor":15,"key":"REST"}],"circlet_count":0,"master_deck":["Strike_B","Strike_B","Strike_B","Strike_B","Defend_B","Defend_B","Defend_B","Defend_B","Sunder","Vigilance","Eruption","Conserve Battery","Steam","Lockon","FTL","Genetic Algorithm","Sunder","ReplayTheSpireMod:Repulse","Core Surge","Turbo","Sweeping Beam","Steam","Panacea","Turbo+1","Streamline"],"relics":["Cracked Core","Blue Candle","Replay:Wax Seal","Lantern","Toy Ornithopter","Onion Ring","SlaversCollar","HornCleat","Gremlin Horn"],"acts_visited":["Exordium","TheCity"],"potions_floor_usage":[6,12,16,16,18,19,22],"damage_taken":[{"damage":3,"enemies":"Jaw Worm","floor":1,"turns":4},{"damage":5,"enemies":"Small Slimes","floor":3,"turns":4},{"damage":0,"enemies":"Cultist","floor":4,"turns":4},{"damage":1,"enemies":"Blue Slaver","floor":5,"turns":5},{"damage":2,"enemies":"3 Sentries","floor":6,"turns":4},{"damage":11,"enemies":"Replay:BlueRogue","floor":8,"turns":5},{"damage":24,"enemies":"Lagavulin","floor":12,"turns":7},{"damage":0,"enemies":"Looter","floor":13,"turns":3},{"damage":80,"enemies":"Fading Forest","floor":16,"turns":11},{"damage":15,"enemies":"Spheric Guardian","floor":18,"turns":4},{"damage":9,"enemies":"2 Thieves","floor":19,"turns":2},{"damage":46,"enemies":"Centurion and Healer","floor":22,"turns":9},{"damage":21,"enemies":"theDuelist:KaibaA2","floor":23,"turns":4},{"damage":0,"enemies":"Cultist and Chosen","floor":24,"turns":1}],"seed_played":"-1981121792940209172","potions_obtained":[{"floor":4,"key":"SteroidPotion"},{"floor":5,"key":"Reflective Coating"},{"floor":12,"key":"Regen Potion"},{"floor":14,"key":"Block Potion"},{"floor":14,"key":"Fire Potion"},{"floor":16,"key":"Energy Potion"},{"floor":18,"key":"PowerPotion"},{"floor":22,"key":"Strength Potion"},{"floor":23,"key":"BlessingOfTheForge"}],"is_trial":false,"path_per_floor":["M","?","M","M","M","E","R","E","T","R","?","E","M","?","R","B",null,"M","M","$","$","M","E","M"],"character_chosen":"DEFECT","items_purchased":["Steam","Panacea","HornCleat"],"campfire_rested":2,"item_purchase_floors":[20,20,20],"current_hp_per_floor":[72,72,67,67,66,64,64,53,53,77,74,55,55,55,79,16,66,56,52,52,52,26,5,5,5],"gold":74,"neow_bonus":"TEN_PERCENT_HP_BONUS","is_daily":false,"chose_seed":false,"campfire_upgraded":0,"win_rate":0.0,"timestamp":1612759900,"path_taken":["M","?","M","M","M","E","R","E","T","R","?","E","M","?","R","BOSS","M","M","?","$","M","E","M"],"items_purchased_type":["Card","Card","Relic"],"build_version":"2020-12-22","purchased_purges":0,"victory":false,"max_hp_per_floor":[82,82,82,82,82,82,82,82,82,82,82,82,82,82,82,82,82,82,82,82,82,82,82,82,82],"card_choices":[{"not_picked":["Turbo","ReplayTheSpireMod:Repulse"],"picked":"Sunder","floor":1},{"not_picked":["Doom and Gloom","Gash"],"picked":"Conserve Battery","floor":3},{"not_picked":["Recycle","Coolheaded"],"picked":"Steam","floor":4},{"not_picked":["Doom and Gloom","Static Discharge"],"picked":"Lockon","floor":5},{"not_picked":["Go for the Eyes","ReplayTheSpireMod:Reroute Power"],"picked":"FTL","floor":6},{"not_picked":["ReplayGash","ReplaySolidLightProjector"],"picked":"Genetic Algorithm","floor":8},{"not_picked":["Cold Snap","Ball Lightning"],"picked":"Sunder","floor":12},{"not_picked":["Leap","Echo Form"],"picked":"ReplayTheSpireMod:Repulse","floor":13},{"not_picked":["Biased Cognition","Multi-Cast"],"picked":"Core Surge","floor":16},{"not_picked":["Stack","Leap"],"picked":"Turbo","floor":18},{"not_picked":["Glacier","Turbo"],"picked":"Sweeping Beam","floor":19},{"not_picked":["Glacier","Streamline+1"],"picked":"Turbo+1","floor":22},{"not_picked":["Genetic Algorithm","Stack"],"picked":"Streamline","floor":23}],"player_experience":804822,"relics_obtained":[{"floor":6,"key":"Blue Candle"},{"floor":8,"key":"Replay:Wax Seal"},{"floor":9,"key":"Lantern"},{"floor":12,"key":"Onion Ring"},{"floor":23,"key":"Gremlin Horn"}],"event_choices":[{"damage_healed":0,"gold_gain":0,"player_choice":"Success","damage_taken":3,"relics_obtained":["Toy Ornithopter"],"max_hp_gain":0,"max_hp_loss":0,"event_name":"Scrap Ooze","floor":11,"gold_loss":0},{"damage_healed":0,"gold_gain":0,"player_choice":"Bought 2 Potions","damage_taken":0,"max_hp_gain":0,"max_hp_loss":0,"event_name":"The Woman in Blue","floor":14,"gold_loss":0}],"is_beta":false,"boss_relics":[{"not_picked":["FrozenCore","Painkiller Herb"],"picked":"SlaversCollar"}],"items_purged_floors":[],"is_endless":false,"potions_floor_spawned":[4,5,12,16,18,22,23],"killed_by":"Cultist and Chosen","ascension_level":7}}