{"host":"36t3qd3wjvajtu1z","time":1612828439,"event":{"mods":["2.2 Compatiblity","AchievementEnabler","BaseMod","Block Reminder","Colored Powertips","Minty Spire (QoL Compilation)","Permanent Neow","Quick Restart","Random Character Button","Rare Cards Sparkle","Relic Stats","Slay-I","StSLib"],"gold_per_floor":[318,116,116,126,144,160,160,188,203,203,222,222,176,176,202,202,202,202],"floor_reached":16,"language":"ENG","playtime":890,"items_purged":[],"score":218,"play_id":"b1fed3a2-bf83-4ba6-b9f6-606e15050d56","local_time":"20210208155359","is_ascension_mode":true,"campfire_choices":[{"data":"Predator","floor":6.0,"key":"SMITH"},{"floor":11.0,"key":"REST"},{"data":"Concentrate","floor":15.0,"key":"SMITH"}],"circlet_count":0,"master_deck":["AscendersBane","Strike_G","Strike_G","Strike_G","Strike_G","Strike_G","Defend_G+1","Defend_G+1","Defend_G","Defend_G","Defend_G","Survivor","Neutralize","Clumsy","Predator+1","Predator","Dagger Throw","Bullet Time","Prepared","Underhanded Strike","Parasite","Concentrate+1"],"relics":["Ring of the Snake","Tingsha","Boot","War Paint","Oddly Smooth Stone"],"acts_visited":["Exordium"],"potions_floor_usage":[],"damage_taken":[{"damage":14.0,"enemies":"Jaw Worm","floor":1.0,"turns":7.0},{"damage":0.0,"enemies":"Cultist","floor":3.0,"turns":4.0},{"damage":1.0,"enemies":"Small Slimes","floor":4.0,"turns":4.0},{"damage":6.0,"enemies":"Blue Slaver","floor":5.0,"turns":6.0},{"damage":27.0,"enemies":"Lagavulin","floor":7.0,"turns":5.0},{"damage":0.0,"enemies":"Red Slaver","floor":8.0,"turns":3.0},{"damage":0.0,"enemies":"Exordium Wildlife","floor":10.0,"turns":2.0},{"damage":6.0,"enemies":"Gremlin Nob","floor":14.0,"turns":3.0},{"damage":18,"enemies":"Hexaghost","floor":16,"turns":9}],"seed_played":"3156065895935600008","potions_obtained":[{"floor":1.0,"key":"FearPotion"},{"floor":5.0,"key":"FearPotion"},{"floor":7.0,"key":"LiquidMemories"}],"is_trial":false,"path_per_floor":["M","?","M","M","M","R","E","M","T","M","R","?","?","E","R","B"],"character_chosen":"THE_SILENT","items_purchased":[],"campfire_rested":1,"item_purchase_floors":[],"current_hp_per_floor":[13,45,36,36,35,29,29,2,2,2,2,21,21,37,31,31,13,13],"gold":202,"neow_bonus":"ONE_RARE_RELIC","is_daily":false,"chose_seed":false,"campfire_upgraded":2,"win_rate":0.0,"timestamp":1612828439,"path_taken":["M","?","M","M","M","R","E","?","T","?","R","?","?","E","R","BOSS"],"items_purchased_type":[],"build_version":"2020-12-22","purchased_purges":0,"victory":false,"max_hp_per_floor":[65,66,66,66,66,66,66,66,66,66,66,66,66,66,66,66,66,66],"relic_stats":{"counters":[9,43],"Tingsha":[72],"War Paint":["Defend_G","Defend_G"],"Boot":[12],"obtain_stats":[{"Oddly Smooth Stone":14,"Tingsha":0,"War Paint":9,"Boot":7,"Ring of the Snake":0},{"Oddly Smooth Stone":8,"Tingsha":0,"War Paint":6,"Boot":5,"Ring of the Snake":0},{"Oddly Smooth Stone":34,"Tingsha":0,"War Paint":29,"Boot":26,"Ring of the Snake":0}],"Ring of the Snake":[18]},"card_choices":[{"not_picked":["Acrobatics","Concentrate"],"picked":"Predator","floor":1.0},{"not_picked":["Expertise","Poisoned Stab"],"picked":"Predator","floor":3.0},{"not_picked":["Predator","Deflect","Bane"],"picked":"SKIP","floor":4.0},{"not_picked":["Outmaneuver","PiercingWail"],"picked":"Dagger Throw","floor":5.0},{"not_picked":["Slice","Blur"],"picked":"Bullet Time","floor":7.0},{"not_picked":["Flying Knee","Riddle With Holes"],"picked":"Prepared","floor":8.0},{"not_picked":["Endless Agony","Backflip"],"picked":"Underhanded Strike","floor":10.0},{"not_picked":["Corpse Explosion","Sucker Punch"],"picked":"Concentrate","floor":14.0}],"player_experience":445055,"relics_obtained":[{"floor":7.0,"key":"Boot"},{"floor":9.0,"key":"War Paint"},{"floor":14.0,"key":"Oddly Smooth Stone"}],"event_choices":[{"damage_healed":0.0,"max_hp_gain":0.0,"max_hp_loss":0.0,"gold_gain":0.0,"event_name":"Wheel of Change","player_choice":"Damaged","floor":2.0,"gold_loss":0.0,"damage_taken":9.0},{"damage_healed":0.0,"max_hp_gain":0.0,"max_hp_loss":0.0,"gold_gain":0.0,"event_name":"World of Goop","player_choice":"Left Gold","floor":12.0,"gold_loss":46.0,"damage_taken":0.0},{"damage_healed":16.0,"max_hp_gain":0.0,"max_hp_loss":0.0,"gold_gain":0.0,"event_name":"Mushrooms","player_choice":"Healed and dodged fight","floor":13.0,"gold_loss":0.0,"damage_taken":0.0,"cards_obtained":["Parasite"]}],"is_beta":false,"boss_relics":[],"items_purged_floors":[],"is_endless":false,"potions_floor_spawned":[1,5,7,8],"killed_by":"Hexaghost","ascension_level":19}}