{"host":"d8cz15m779bv9isj","time":1612814402,"event":{"mods":["Aspiration","BaseMod","Colored Map","Colored Powertips","DeckTracker","Downfall","Hermit","Highlight Path","Hubris","Infinite Spire","Minty Spire (QoL Compilation)","Quick Restart","Random Character Button","Relic Sorter","Replay The Spire","StSLib","SuperFastMode","Synergy Search","The Cursed","The Disciple","The Jungle","The Runesmith"],"gold_per_floor":[17,17,17,92,137,147,177,195,195,195,195,205,216,216,216,320,320,245,257,257,257,281,313,313,388,459,459,478,495,495,512,512,617,617,634,634,634,634],"floor_reached":37,"language":"ENG","playtime":1609,"items_purged":["Strike_G"],"score":435,"play_id":"a81e8fdd-9c12-4b92-b734-0a8583cf9585","local_time":"20210208210002","is_ascension_mode":false,"campfire_choices":[{"data":"Tools of the Trade","floor":11,"key":"SMITH"},{"floor":15,"key":"REST"},{"data":"Envenom","floor":24,"key":"SMITH"},{"floor":30,"key":"REST"},{"floor":32,"key":"REST"}],"circlet_count":0,"master_deck":["Strike_G","Defend_G","Defend_G","Defend_G","Defend_G","Defend_G","Survivor","Neutralize","Bouncing Flask","Deadly Poison","After Image","Tools of the Trade+1","Well Laid Plans","ReplayTheSpireMod:Scrap Shanks","Footwork","Envenom+1","Footwork","Backflip+1","Hallucinations","Underhanded Strike","Normality","Tools of the Trade","Backflip+1","Noxious Fumes+1","Envenom"],"relics":["Ring of the Snake","ReplayTheSpireMod:Ring of Challenge","ReplayTheSpireMod:Ring of Exchange","WingedGreaves","Anchor","Bag of Preparation","MealTicket","HoveringKite","Pen Nib","Pear","ReplayTheSpireMod:CursedCoin","Kunai","aspiration:FutureDiary"],"acts_visited":["Exordium","TheCity","TheBeyond"],"potions_floor_usage":[16,19,33,37],"damage_taken":[{"damage":0,"enemies":"Small Slimes","floor":1,"turns":4},{"damage":0,"enemies":"Jaw Worm","floor":6,"turns":3},{"damage":29,"enemies":"3 Sentries","floor":7,"turns":12},{"damage":2,"enemies":"Cultist","floor":8,"turns":4},{"damage":2,"enemies":"Blue Slaver","floor":12,"turns":4},{"damage":10,"enemies":"Exordium Thugs","floor":13,"turns":5},{"damage":5,"enemies":"Fading Forest","floor":16,"turns":11},{"damage":12,"enemies":"2 Thieves","floor":18,"turns":5},{"damage":28,"enemies":"3 Byrds","floor":19,"turns":4},{"damage":34,"enemies":"Slavers","floor":23,"turns":12},{"damage":0,"enemies":"Snecko","floor":28,"turns":6},{"damage":40,"enemies":"Cultist and Chosen","floor":29,"turns":7},{"damage":17,"enemies":"Sentry and Sphere","floor":31,"turns":9},{"damage":26,"enemies":"Automaton","floor":33,"turns":11},{"damage":24,"enemies":"3 Darklings","floor":35,"turns":5},{"damage":69,"enemies":"2 Orb Walkers","floor":37,"turns":4}],"seed_played":"-7544369693070807687","potions_obtained":[{"floor":6,"key":"LiquidBronze"},{"floor":14,"key":"FairyPotion"},{"floor":14,"key":"ColorlessPotion"},{"floor":16,"key":"Strength Potion"},{"floor":19,"key":"Doom Potion"},{"floor":29,"key":"FearPotion"},{"floor":31,"key":"PowerPotion"},{"floor":35,"key":"Adrenaline Potion"}],"is_trial":false,"path_per_floor":["M","?","$","?","T","M","E","M","T","?","R","M","M","?","R","B",null,"M","M","?","?","T","E","R","$","T","?","M","M","R","M","R","B",null,"M","?","?"],"character_chosen":"THE_SILENT","items_purchased":["ReplayTheSpireMod:CursedCoin"],"campfire_rested":3,"item_purchase_floors":[25],"current_hp_per_floor":[70,63,63,52,52,52,23,21,21,21,21,19,9,9,30,35,70,58,30,30,17,17,40,40,55,55,55,55,15,40,23,48,22,85,61,61,0,0],"gold":634,"neow_bonus":"ONE_RARE_RELIC","is_daily":false,"chose_seed":false,"campfire_upgraded":2,"win_rate":0.0,"timestamp":1612814402,"path_taken":["M","?","$","?","?","M","E","?","T","?","R","?","M","?","R","BOSS","M","?","?","?","?","E","R","?","T","?","M","M","R","M","R","BOSS","M","?","?"],"items_purchased_type":["Relic"],"build_version":"2020-12-22","purchased_purges":1,"victory":false,"max_hp_per_floor":[70,70,70,70,70,70,70,70,70,70,70,70,70,70,70,70,70,70,70,70,75,75,85,85,85,85,85,85,85,85,85,85,85,85,85,85,85,85],"card_choices":[{"not_picked":["hubris:SlightOfHand","Terror"],"picked":"Bouncing Flask","floor":1},{"not_picked":["Sucker Punch","Dodge and Roll"],"picked":"Deadly Poison","floor":6},{"not_picked":["Dagger Throw","Hidden Blade"],"picked":"After Image","floor":7},{"not_picked":["Tactician","Cloak And Dagger","Leg Sweep"],"picked":"SKIP","floor":8},{"not_picked":["PiercingWail","Deadly Poison"],"picked":"ReplayTheSpireMod:Scrap Shanks","floor":12},{"not_picked":["hubris:SlightOfHand","Blade Dance"],"picked":"Footwork","floor":13},{"not_picked":["Storm of Steel","After Image"],"picked":"Envenom","floor":16},{"not_picked":["Endless Agony","Dagger Spray"],"picked":"Footwork","floor":18},{"not_picked":["Underhanded Strike","PiercingWail"],"picked":"Backflip+1","floor":19},{"not_picked":["ReplayTheSpireMod:Exploit Weakness","Dagger Spray"],"picked":"Underhanded Strike","floor":23},{"not_picked":["Backstab","Calculated Gamble+1"],"picked":"Tools of the Trade","floor":28},{"not_picked":["Masterful Stab","Sucker Punch"],"picked":"Backflip+1","floor":29},{"not_picked":["Predator","Dagger Throw"],"picked":"Noxious Fumes+1","floor":31},{"not_picked":["Malaise","aspiration:Lunge"],"picked":"Envenom","floor":33},{"not_picked":["Dagger Spray","hubris:SlightOfHand+1","Infinite Blades+1"],"picked":"SKIP","floor":35}],"player_experience":232865,"relics_obtained":[{"floor":5,"key":"Anchor"},{"floor":7,"key":"Bag of Preparation"},{"floor":9,"key":"MealTicket"},{"floor":20,"key":"ReplayTheSpireMod:Ring of Exchange"},{"floor":20,"key":"ReplayTheSpireMod:Ring of Challenge"},{"floor":22,"key":"Pen Nib"},{"floor":23,"key":"Pear"},{"floor":26,"key":"Kunai"}],"event_choices":[{"cards_removed":["Strike_G"],"damage_healed":0,"gold_gain":0,"player_choice":"Card Removal","damage_taken":7,"max_hp_gain":0,"max_hp_loss":0,"event_name":"Golden Wing","floor":2,"gold_loss":0},{"damage_healed":0,"gold_gain":75,"player_choice":"Gather Gold","damage_taken":11,"max_hp_gain":0,"max_hp_loss":0,"event_name":"World of Goop","floor":4,"gold_loss":0},{"damage_healed":0,"gold_gain":0,"player_choice":"2 cards matched","damage_taken":0,"max_hp_gain":0,"max_hp_loss":0,"event_name":"Match and Keep!","floor":10,"gold_loss":0,"cards_obtained":["Tools of the Trade","Well Laid Plans"]},{"damage_healed":0,"gold_gain":0,"player_choice":"Got Potions","damage_taken":0,"max_hp_gain":0,"max_hp_loss":0,"event_name":"Lab","floor":14,"gold_loss":0},{"damage_healed":0,"gold_gain":0,"player_choice":"Shed Blood","damage_taken":18,"max_hp_gain":5,"max_hp_loss":0,"event_name":"Forgotten Altar","floor":21,"gold_loss":0},{"cards_removed":["Strike_G"],"damage_healed":0,"gold_gain":0,"player_choice":"Elegance","damage_taken":0,"max_hp_gain":0,"max_hp_loss":0,"event_name":"Back to Basics","floor":27,"gold_loss":0},{"cards_removed":["Strike_G"],"damage_healed":0,"gold_gain":0,"player_choice":"Removed Attack","damage_taken":0,"max_hp_gain":0,"max_hp_loss":0,"event_name":"Falling","floor":36,"gold_loss":0},{"damage_healed":0,"gold_gain":0,"player_choice":"Fight","damage_taken":0,"max_hp_gain":0,"max_hp_loss":0,"event_name":"Mysterious Sphere","floor":37,"gold_loss":0}],"is_beta":false,"boss_relics":[{"not_picked":["Snecko Scales","Snecko Eye"],"picked":"HoveringKite"},{"not_picked":["Replay:Ancient Bell","aspiration:RitualDagger"],"picked":"aspiration:FutureDiary"}],"items_purged_floors":[25],"is_endless":false,"potions_floor_spawned":[6,16,19,29,31,35],"killed_by":"2 Orb Walkers","ascension_level":0}}