{"host":"fxrgx7wt2cpkbhka","time":1612748644,"event":{"mods":["AchievementEnabler","BaseMod","Colored Powertips","Dark Map","Minty Spire (QoL Compilation)","Permanent Neow","Quick Restart","Slay-I","StSLib","Waifu the Spire"],"gold_per_floor":[119,129,129,144,144,144,188,153,153,153,153,171,186,226,226,317,317,338,354,354,401,436,436,450,450,477,477,602,621,621,621,621,720,720,740,803,260,291,291,291,334,348,348,204,220,240,240,258,258,258],"floor_reached":51,"language":"ENG","playtime":1636,"items_purged":[],"score":1169,"play_id":"9fa85110-231a-4cf8-8e3f-9885b1f8290b","local_time":"20210207174404","is_ascension_mode":true,"campfire_choices":[{"data":"Perfected Strike","floor":6,"key":"SMITH"},{"data":"1","floor":10,"key":"LIFT"},{"data":"Limit Break","floor":15,"key":"SMITH"},{"data":"2","floor":23,"key":"LIFT"},{"data":"3","floor":25,"key":"LIFT"},{"data":"Metallicize","floor":27,"key":"SMITH"},{"data":"Inflame","floor":30,"key":"SMITH"},{"data":"Perfected Strike","floor":32,"key":"SMITH"},{"data":"Flash of Steel","floor":40,"key":"SMITH"},{"data":"Spot Weakness","floor":47,"key":"SMITH"},{"data":"Intimidate","floor":49,"key":"SMITH"}],"circlet_count":0,"master_deck":["AscendersBane","Strike_R+1","Strike_R+1","Strike_R+1","Strike_R+1","Strike_R+1","Defend_R+1","Defend_R+1","Defend_R+1","Defend_R+1","Bash","Perfected Strike+1","Metallicize+1","Perfected Strike+1","Injury","Clash","Clash","Intimidate+1","Clash","Limit Break+1","Flex","Inflame+1","Flash of Steel+1","Spot Weakness+1","Writhe"],"relics":["Burning Blood","Anchor","Dead Branch","Golden Idol","Du-Vu Doll","Girya","Eternal Feather","Runic Dome","Bag of Marbles","Red Mask","TungstenRod","Bottled Tornado","Busted Crown","Torii","Oddly Smooth Stone","FossilizedHelix","CaptainsWheel","StoneCalendar","Bottled Flame","ClockworkSouvenir"],"acts_visited":["Exordium","TheCity","TheBeyond"],"potions_floor_usage":[33,50,50],"damage_taken":[{"damage":0,"enemies":"Small Slimes","floor":1,"turns":3},{"damage":0,"enemies":"2 Louse","floor":2,"turns":2},{"damage":0,"enemies":"Cultist","floor":4,"turns":3},{"damage":16,"enemies":"3 Sentries","floor":7,"turns":6},{"damage":5,"enemies":"Exordium Thugs","floor":12,"turns":4},{"damage":0,"enemies":"Exordium Wildlife","floor":13,"turns":4},{"damage":22,"enemies":"Gremlin Nob","floor":14,"turns":3},{"damage":45,"enemies":"The Guardian","floor":16,"turns":7},{"damage":0,"enemies":"Chosen","floor":18,"turns":3},{"damage":22,"enemies":"Shell Parasite","floor":19,"turns":4},{"damage":28,"enemies":"Masked Bandits","floor":22,"turns":5},{"damage":22,"enemies":"Chosen and Byrds","floor":24,"turns":5},{"damage":4,"enemies":"Colosseum Slavers","floor":28,"turns":3},{"damage":0,"enemies":"Colosseum Nobs","floor":28,"turns":2},{"damage":14,"enemies":"Snake Plant","floor":29,"turns":3},{"damage":46,"enemies":"Automaton","floor":33,"turns":8},{"damage":16,"enemies":"3 Darklings","floor":35,"turns":4},{"damage":30,"enemies":"2 Orb Walkers","floor":36,"turns":4},{"damage":0,"enemies":"Mind Bloom Boss Battle","floor":38,"turns":4},{"damage":12,"enemies":"Nemesis","floor":41,"turns":5},{"damage":0,"enemies":"Orb Walker","floor":42,"turns":3},{"damage":0,"enemies":"Spire Growth","floor":45,"turns":4},{"damage":0,"enemies":"Transient","floor":46,"turns":5},{"damage":0,"enemies":"Jaw Worm Horde","floor":48,"turns":4},{"damage":51,"enemies":"Time Eater","floor":50,"turns":6}],"seed_played":"-934660852018166724","potions_obtained":[{"floor":2,"key":"LiquidBronze"},{"floor":13,"key":"EssenceOfSteel"},{"floor":19,"key":"BloodPotion"},{"floor":41,"key":"Explosive Potion"}],"is_trial":false,"path_per_floor":["M","M","?","M","?","R","E","?","T","R","?","M","M","E","R","B",null,"M","M","?","T","?","R","M","R","T","R","?","M","R","?","R","B",null,"M","?","$","?","?","R","E","M","T","$","M","M","R","M","R","B",null],"character_chosen":"IRONCLAD","items_purchased":["Oddly Smooth Stone","FossilizedHelix","Flash of Steel","ClockworkSouvenir"],"campfire_rested":0,"item_purchase_floors":[37,37,37,44],"current_hp_per_floor":[74,75,63,69,69,69,59,75,75,75,75,75,75,59,71,32,64,70,54,54,54,32,44,28,40,40,52,60,52,64,64,75,35,65,55,31,31,37,37,52,46,52,52,52,58,64,75,75,75,45],"gold":258,"neow_bonus":"RANDOM_COMMON_RELIC","is_daily":false,"chose_seed":false,"campfire_upgraded":8,"win_rate":0.0,"timestamp":1612748644,"path_taken":["M","M","?","M","?","R","E","?","T","R","?","M","?","E","R","BOSS","M","M","?","?","?","R","M","R","T","R","?","M","R","?","R","BOSS","M","?","$","?","?","R","E","M","T","$","M","M","R","M","R","BOSS"],"items_purchased_type":["Relic","Relic","Card","Relic"],"build_version":"2020-12-22","purchased_purges":0,"victory":true,"max_hp_per_floor":[75,75,75,75,75,75,75,75,75,75,75,75,75,75,75,75,75,75,75,75,75,75,75,75,75,75,75,75,75,75,75,75,75,75,75,75,75,75,75,75,75,75,75,75,75,75,75,75,75,75],"card_choices":[{"not_picked":["Wild Strike","Pommel Strike"],"picked":"Perfected Strike","floor":1},{"not_picked":["Body Slam","Cleave"],"picked":"Metallicize","floor":2},{"not_picked":["Power Through","Shrug It Off"],"picked":"Perfected Strike","floor":4},{"not_picked":["Infernal Blade","Body Slam"],"picked":"Clash","floor":7},{"not_picked":["Perfected Strike","Carnage"],"picked":"Intimidate","floor":12},{"not_picked":["Headbutt","Perfected Strike"],"picked":"Clash","floor":13},{"not_picked":["Hemokinesis","Inflame"],"picked":"Limit Break","floor":14},{"not_picked":["Body Slam","Thunderclap","Armaments"],"picked":"SKIP","floor":18},{"not_picked":["Rage","Headbutt"],"picked":"Flex","floor":19},{"not_picked":["Rage","True Grit"],"picked":"Inflame","floor":24},{"not_picked":["Bludgeon","Evolve","True Grit"],"picked":"SKIP","floor":29},{"not_picked":["True Grit"],"picked":"SKIP","floor":35},{"not_picked":["Dropkick+1"],"picked":"SKIP","floor":41},{"not_picked":["Fire Breathing"],"picked":"SKIP","floor":42},{"not_picked":["Blood for Blood+1"],"picked":"SKIP","floor":45},{"not_picked":["Pommel Strike+1"],"picked":"SKIP","floor":46},{"not_picked":["Cleave"],"picked":"SKIP","floor":48}],"player_experience":752790,"relics_obtained":[{"floor":7,"key":"Du-Vu Doll"},{"floor":9,"key":"Girya"},{"floor":14,"key":"Eternal Feather"},{"floor":21,"key":"Bag of Marbles"},{"floor":22,"key":"Red Mask"},{"floor":28,"key":"TungstenRod"},{"floor":28,"key":"Bottled Tornado"},{"floor":36,"key":"Torii"},{"floor":38,"key":"CaptainsWheel"},{"floor":41,"key":"StoneCalendar"},{"floor":43,"key":"Bottled Flame"}],"event_choices":[{"damage_healed":0,"gold_gain":0,"player_choice":"Success","damage_taken":12,"relics_obtained":["Dead Branch"],"max_hp_gain":0,"max_hp_loss":0,"event_name":"Scrap Ooze","floor":3,"gold_loss":0},{"damage_healed":0,"gold_gain":0,"player_choice":"Take Wound","damage_taken":0,"relics_obtained":["Golden Idol"],"max_hp_gain":0,"max_hp_loss":0,"event_name":"Golden Idol","floor":5,"gold_loss":0,"cards_obtained":["Injury"]},{"damage_healed":18,"gold_gain":0,"player_choice":"Healed","damage_taken":0,"max_hp_gain":0,"max_hp_loss":0,"event_name":"The Cleric","floor":8,"gold_loss":35},{"damage_healed":0,"gold_gain":0,"player_choice":"1 cards matched","damage_taken":0,"max_hp_gain":0,"max_hp_loss":0,"event_name":"Match and Keep!","floor":11,"gold_loss":0,"cards_obtained":["Clash"]},{"damage_healed":0,"gold_gain":0,"player_choice":"Ignored","damage_taken":0,"max_hp_gain":0,"max_hp_loss":0,"event_name":"Vampires","floor":20,"gold_loss":0},{"damage_healed":0,"gold_gain":0,"player_choice":"Fought Bandits","damage_taken":0,"max_hp_gain":0,"max_hp_loss":0,"event_name":"Masked Bandits","floor":22,"gold_loss":0},{"damage_healed":0,"gold_gain":0,"player_choice":"Fight","damage_taken":0,"max_hp_gain":0,"max_hp_loss":0,"event_name":"Colosseum","floor":28,"gold_loss":0},{"damage_healed":0,"gold_gain":0,"player_choice":"Fought Nobs","damage_taken":0,"max_hp_gain":0,"max_hp_loss":0,"event_name":"Colosseum","floor":28,"gold_loss":0},{"damage_healed":0,"gold_gain":0,"player_choice":"Simplicity","damage_taken":0,"max_hp_gain":0,"max_hp_loss":0,"event_name":"Back to Basics","floor":31,"gold_loss":0,"cards_upgraded":["Strike_R","Strike_R","Strike_R","Strike_R","Strike_R","Defend_R","Defend_R","Defend_R","Defend_R"]},{"damage_healed":0,"gold_gain":0,"player_choice":"Fight","damage_taken":0,"max_hp_gain":0,"max_hp_loss":0,"event_name":"Mysterious Sphere","floor":36,"gold_loss":0},{"damage_healed":0,"gold_gain":0,"player_choice":"Fight","damage_taken":0,"max_hp_gain":0,"max_hp_loss":0,"event_name":"MindBloom","floor":38,"gold_loss":0},{"damage_healed":0,"gold_gain":0,"player_choice":"2 cards matched","damage_taken":0,"max_hp_gain":0,"max_hp_loss":0,"event_name":"Match and Keep!","floor":39,"gold_loss":0,"cards_obtained":["Spot Weakness","Writhe"]}],"is_beta":false,"boss_relics":[{"not_picked":["Ectoplasm","Pandora\u0027s Box"],"picked":"Runic Dome"},{"not_picked":["SacredBark","Mark of Pain"],"picked":"Busted Crown"}],"items_purged_floors":[],"is_endless":false,"potions_floor_spawned":[2,13,14,16,19,22,28,28,41,45,46],"ascension_level":14}}