{"host":"ptk1shuto3uimndw","time":1612814960,"event":{"mods":["AchievementEnabler","BaseMod","Bestiary","Colored Map","Colored Powertips","Curses Come First","Minty Spire (QoL Compilation)","Quick Restart","Rare Cards Sparkle","Relic Stats","StSLib","Uncapped"],"gold_per_floor":[109,109,109,127,127,127,161,177,200,200,221,259,278,318,318,414,414,432,448,462,482,43,82,82,125,171,185,200,200,244,154,154,249,249,265,265,281,37,51,84,102,30,53,53,86,0,0,19,19,19],"floor_reached":51,"language":"ENG","playtime":1860,"items_purged":["Strike_B","Strike_B+1"],"score":1431,"play_id":"62ddaf02-9af5-4011-9a72-3e5482e8ab4d","local_time":"20210208210920","is_ascension_mode":true,"campfire_choices":[{"data":"Sweeping Beam","floor":6,"key":"SMITH"},{"data":"Cold Snap","floor":10,"key":"SMITH"},{"floor":15,"key":"REST"},{"data":"Defragment","floor":24,"key":"SMITH"},{"data":"Loop","floor":32,"key":"SMITH"},{"data":"Defragment","floor":47,"key":"SMITH"},{"floor":49,"key":"REST"}],"circlet_count":0,"master_deck":["AscendersBane","Strike_B+1","Defend_B+1","Defend_B+1","Defend_B+1","Defend_B+1","Zap","Dualcast+1","Sweeping Beam+1","Ball Lightning+1","Cold Snap+1","Chill","Go for the Eyes+1","Defragment+1","Chill+1","Core Surge","Cold Snap+1","Self Repair","Coolheaded","Seek","Doom and Gloom","Loop+1","Defragment+1","Core Surge","Self Repair","Hologram+1","Defragment+1","Cold Snap"],"relics":["Cracked Core","NeowsBlessing","Golden Idol","DataDisk","Happy Flower","Centennial Puzzle","CaptainsWheel","Nuclear Battery","Bag of Preparation","Bottled Lightning","Art of War","War Paint","Omamori","SlaversCollar","Whetstone","Cables","Bag of Marbles","Smiling Mask","Red Mask"],"acts_visited":["Exordium","TheCity","TheBeyond"],"potions_floor_usage":[16,23,33,50,50],"damage_taken":[{"damage":0,"enemies":"2 Louse","floor":1,"turns":1},{"damage":0,"enemies":"Cultist","floor":4,"turns":1},{"damage":0,"enemies":"Gremlin Nob","floor":7,"turns":1},{"damage":0,"enemies":"Small Slimes","floor":8,"turns":2},{"damage":20,"enemies":"Exordium Thugs","floor":11,"turns":3},{"damage":19,"enemies":"Lagavulin","floor":12,"turns":4},{"damage":0,"enemies":"Lots of Slimes","floor":13,"turns":2},{"damage":11,"enemies":"Gremlin Nob","floor":14,"turns":4},{"damage":0,"enemies":"Slime Boss","floor":16,"turns":6},{"damage":7,"enemies":"Chosen","floor":18,"turns":3},{"damage":0,"enemies":"3 Byrds","floor":19,"turns":5},{"damage":0,"enemies":"Shelled Parasite and Fungi","floor":20,"turns":7},{"damage":0,"enemies":"Sentry and Sphere","floor":21,"turns":8},{"damage":8,"enemies":"Slavers","floor":23,"turns":7},{"damage":9,"enemies":"Gremlin Leader","floor":25,"turns":8},{"damage":0,"enemies":"Cultist and Chosen","floor":27,"turns":4},{"damage":14,"enemies":"Snake Plant","floor":28,"turns":4},{"damage":2,"enemies":"Slavers","floor":30,"turns":5},{"damage":11,"enemies":"Automaton","floor":33,"turns":10},{"damage":2,"enemies":"3 Shapes","floor":35,"turns":3},{"damage":2,"enemies":"Orb Walker","floor":37,"turns":4},{"damage":25,"enemies":"3 Darklings","floor":39,"turns":6},{"damage":47,"enemies":"Nemesis","floor":40,"turns":15},{"damage":2,"enemies":"Transient","floor":41,"turns":5},{"damage":13,"enemies":"Giant Head","floor":45,"turns":9},{"damage":6,"enemies":"Maw","floor":48,"turns":7},{"damage":5,"enemies":"Time Eater","floor":50,"turns":9}],"seed_played":"6743178514598919242","potions_obtained":[{"floor":7,"key":"Fire Potion"},{"floor":12,"key":"Dexterity Potion"},{"floor":16,"key":"AttackPotion"},{"floor":18,"key":"FocusPotion"},{"floor":23,"key":"Regen Potion"},{"floor":30,"key":"PotionOfCapacity"},{"floor":36,"key":"Dexterity Potion"}],"is_trial":false,"path_per_floor":["M","?","?","M","?","R","E","M","T","R","M","E","M","E","R","B",null,"M","M","M","M","$","E","R","E","T","M","M","?","E","?","R","B",null,"M","?","M","$","M","E","M","$","T","?","E","?","R","M","R","B",null],"character_chosen":"DEFECT","items_purchased":["Seek","Doom and Gloom","Bag of Preparation","Loop","Whetstone","Defragment"],"campfire_rested":2,"item_purchase_floors":[22,22,22,22,38,42],"current_hp_per_floor":[68,68,68,68,68,68,68,68,68,68,48,29,29,18,38,38,61,54,54,61,68,68,67,67,65,65,65,58,58,63,63,63,59,67,69,69,69,69,58,25,30,30,30,30,31,31,31,39,59,69],"gold":19,"neow_bonus":"THREE_ENEMY_KILL","is_daily":false,"chose_seed":false,"campfire_upgraded":5,"win_rate":0.0,"timestamp":1612814960,"path_taken":["M","?","?","M","?","R","E","M","T","R","M","E","M","E","R","BOSS","M","M","?","M","$","E","R","E","T","M","M","?","E","?","R","BOSS","M","?","M","$","?","E","M","$","T","?","E","?","R","M","R","BOSS"],"items_purchased_type":["Card","Card","Relic","Card","Relic","Card"],"build_version":"2020-12-22","purchased_purges":2,"victory":true,"max_hp_per_floor":[75,69,69,69,69,69,69,69,69,69,69,69,69,69,69,69,69,69,69,69,69,69,69,69,69,69,69,69,69,69,69,69,69,69,69,69,69,69,69,69,69,69,69,69,69,69,69,69,69,69],"relic_stats":{"Centennial Puzzle":[45],"Happy Flower":[46],"counters":[27,143],"Golden Idol":172,"Bag of Preparation":[28],"Art of War":[7],"Whetstone":["Cold Snap","Go for the Eyes"],"War Paint":["Chill","Dualcast"],"Smiling Mask":0,"obtain_stats":[{"NeowsBlessing":0,"Happy Flower":9,"Golden Idol":2,"Bag of Preparation":22,"Omamori":30,"Whetstone":38,"War Paint":26,"Smiling Mask":45,"Nuclear Battery":17,"Cables":40,"SlaversCollar":34,"DataDisk":7,"Centennial Puzzle":12,"CaptainsWheel":14,"Art of War":25,"Bag of Marbles":43,"Red Mask":46,"Bottled Lightning":23,"Cracked Core":0},{"NeowsBlessing":0,"Happy Flower":4,"Golden Idol":1,"Bag of Preparation":13,"Omamori":18,"Whetstone":21,"War Paint":15,"Smiling Mask":25,"Nuclear Battery":9,"Cables":23,"SlaversCollar":19,"DataDisk":3,"Centennial Puzzle":6,"CaptainsWheel":8,"Art of War":15,"Bag of Marbles":24,"Red Mask":25,"Bottled Lightning":14,"Cracked Core":0},{"NeowsBlessing":0,"Happy Flower":5,"Golden Idol":1,"Bag of Preparation":47,"Omamori":75,"Whetstone":92,"War Paint":62,"Smiling Mask":127,"Nuclear Battery":24,"Cables":113,"SlaversCollar":85,"DataDisk":3,"Centennial Puzzle":12,"CaptainsWheel":18,"Art of War":62,"Bag of Marbles":118,"Red Mask":127,"Bottled Lightning":54,"Cracked Core":0}],"Cables":[28,4,11,11,2]},"card_choices":[{"not_picked":["Barrage","Lockon"],"picked":"Sweeping Beam","floor":1},{"not_picked":["Barrage","Stack"],"picked":"Ball Lightning","floor":4},{"not_picked":["Tempest","Blizzard"],"picked":"Cold Snap","floor":7},{"not_picked":["Hello World","Leap"],"picked":"Chill","floor":8},{"not_picked":["Multi-Cast","Ball Lightning"],"picked":"Go for the Eyes","floor":11},{"not_picked":["Hello World","Storm"],"picked":"Defragment","floor":12},{"not_picked":["Recycle","Beam Cell"],"picked":"Chill","floor":13},{"not_picked":["Aggregate","Compile Driver","Loop"],"picked":"SKIP","floor":14},{"not_picked":["Buffer","Meteor Strike"],"picked":"Core Surge","floor":16},{"not_picked":["Fusion","Chaos"],"picked":"Cold Snap","floor":18},{"not_picked":["Leap","Scrape"],"picked":"Self Repair","floor":19},{"not_picked":["Steam+1","Stack"],"picked":"Coolheaded","floor":20},{"not_picked":["FTL","Steam","Compile Driver"],"picked":"SKIP","floor":21},{"not_picked":["BootSequence","Rebound"],"picked":"Defragment","floor":23},{"not_picked":["Gash","Force Field","Static Discharge"],"picked":"SKIP","floor":25},{"not_picked":["Aggregate","Stack","Go for the Eyes"],"picked":"SKIP","floor":27},{"not_picked":["Stack","Go for the Eyes","Meteor Strike"],"picked":"SKIP","floor":28},{"not_picked":["Steam","Recycle","Stack"],"picked":"SKIP","floor":30},{"not_picked":["Multi-Cast","Reboot"],"picked":"Core Surge","floor":33},{"not_picked":["Barrage","Auto Shields"],"picked":"Self Repair","floor":35},{"not_picked":["Compile Driver","Barrage"],"picked":"Hologram+1","floor":37},{"not_picked":["Steam+1","Stack","Rip and Tear+1"],"picked":"SKIP","floor":39},{"not_picked":["Recycle","Ball Lightning","Reprogram+1"],"picked":"SKIP","floor":40},{"not_picked":["Consume","Steam Power","Redo"],"picked":"SKIP","floor":41},{"not_picked":["Coolheaded","Conserve Battery"],"picked":"Cold Snap","floor":45},{"not_picked":["Blizzard+1","Reprogram","Cold Snap"],"picked":"SKIP","floor":48}],"player_experience":245992,"relics_obtained":[{"floor":7,"key":"DataDisk"},{"floor":9,"key":"Happy Flower"},{"floor":12,"key":"Centennial Puzzle"},{"floor":14,"key":"CaptainsWheel"},{"floor":23,"key":"Bottled Lightning"},{"floor":25,"key":"Art of War"},{"floor":26,"key":"War Paint"},{"floor":30,"key":"Omamori"},{"floor":40,"key":"Cables"},{"floor":43,"key":"Bag of Marbles"},{"floor":45,"key":"Smiling Mask"}],"event_choices":[{"damage_healed":0,"gold_gain":0,"player_choice":"Lose Max HP","damage_taken":0,"relics_obtained":["Golden Idol"],"max_hp_gain":0,"max_hp_loss":6,"event_name":"Golden Idol","floor":2,"gold_loss":0},{"damage_healed":0,"gold_gain":0,"player_choice":"Ignored","damage_taken":0,"max_hp_gain":0,"max_hp_loss":0,"event_name":"Liars Game","floor":3,"gold_loss":0},{"damage_healed":0,"gold_gain":0,"player_choice":"Upgraded","damage_taken":0,"max_hp_gain":0,"max_hp_loss":0,"event_name":"Upgrade Shrine","floor":5,"gold_loss":0,"cards_upgraded":["Ball Lightning"]},{"damage_healed":0,"gold_gain":0,"player_choice":"Simplicity","damage_taken":0,"max_hp_gain":0,"max_hp_loss":0,"event_name":"Back to Basics","floor":29,"gold_loss":0,"cards_upgraded":["Strike_B","Strike_B","Strike_B","Defend_B","Defend_B","Defend_B","Defend_B"]},{"cards_removed":["Strike_B"],"damage_healed":0,"gold_gain":0,"player_choice":"Upgrade and Remove","damage_taken":0,"max_hp_gain":0,"max_hp_loss":0,"event_name":"Designer","floor":31,"gold_loss":90,"cards_upgraded":["Defragment"]},{"damage_healed":0,"gold_gain":0,"player_choice":"Got Potions","damage_taken":0,"max_hp_gain":0,"max_hp_loss":0,"event_name":"Lab","floor":36,"gold_loss":0},{"damage_healed":0,"gold_gain":0,"player_choice":"Memory 1","damage_taken":0,"max_hp_gain":0,"max_hp_loss":0,"event_name":"SensoryStone","floor":44,"gold_loss":0},{"damage_healed":0,"gold_gain":0,"player_choice":"Paid","damage_taken":0,"relics_obtained":["Red Mask"],"max_hp_gain":0,"max_hp_loss":0,"event_name":"Tomb of Lord Red Mask","floor":46,"gold_loss":86}],"is_beta":false,"boss_relics":[{"not_picked":["Tiny House","Busted Crown"],"picked":"Nuclear Battery"},{"not_picked":["Runic Pyramid","Sozu"],"picked":"SlaversCollar"}],"items_purged_floors":[22,38],"is_endless":false,"potions_floor_spawned":[7,12,13,14,16,18,23,25,27,30,39,41],"ascension_level":13}}