{"host":"y5gwkyp54bvo4ymw","time":1612759046,"event":{"mods":["Aspiration","BaseMod","Better Synergies","Better Third Choice","BetterRewards","Challenge The Spire","Clawfect","Colored Map","Conspire","DeckTracker","Dota2Spire","Energized Spire","GifTheSpireLib","Gold Saver","Halation","Hermit","Hubris","Infinite Spire","Jedi Mod","Minty Spire (QoL Compilation)","Permanent Neow","Rare Cards Sparkle","Reliquary","Replay The Spire","Spikes Relics","StSLib","Stuff the Spire","The Blue Laboratory","The Cursed","Virulent Crown","Wandering Minibosses"],"gold_per_floor":[415,415,490,490,1,1,31,31,31,65,82,82,93,108,108,205,205,223,240,272,272,272,272,298,298,325,325,325,325],"floor_reached":28,"language":"ENG","playtime":955,"items_purged":["Clumsy"],"score":254,"play_id":"582e8931-6b43-4901-b13d-c914d4f9d793","local_time":"20210207233726","is_ascension_mode":true,"campfire_choices":[{"data":"hermit:Covet","floor":6,"key":"SMITH"},{"floor":8,"key":"RECALL"},{"data":"hermit:CursedWeapon","floor":15,"key":"SMITH"},{"data":"Prepared","floor":23,"key":"SMITH"},{"floor":25,"key":"REST"},{"data":"Calculated Gamble","floor":27,"key":"SMITH"}],"circlet_count":0,"master_deck":["hermit:Strike_Hermit","hermit:Strike_Hermit","hermit:Strike_Hermit","hermit:Strike_Hermit","hermit:Defend_Hermit","hermit:Defend_Hermit","hermit:Defend_Hermit","hermit:Defend_Hermit","hermit:Snapshot+1","hermit:Covet+1","hermit:Shortfuse+1","Panache+1","Prepared+1","hermit:CursedWeapon+1","hermit:Gambit+1","Calculated Gamble+1"],"relics":["StuffTheSpire:OccultApparatus","hubris:DisguiseKit","Golden Egg","StuffTheSpire:HeavyRock","Iron Hammer","hermit:RyeStalk","Potion Belt","halation:Prosthetics","Red Mask","hubris:Potato","Dota2Spire:PowerTreads"],"acts_visited":["Exordium","TheCity"],"potions_floor_usage":[10,20,24],"damage_taken":[{"damage":0,"enemies":"Small Slimes","floor":1,"turns":2},{"damage":16,"enemies":"Lagavulin","floor":7,"turns":5},{"damage":1,"enemies":"3 Sentries","floor":10,"turns":4},{"damage":2,"enemies":"2 Louse","floor":11,"turns":5},{"damage":0,"enemies":"Jaw Worm","floor":13,"turns":1},{"damage":2,"enemies":"Large Slime","floor":14,"turns":2},{"damage":14,"enemies":"The Guardian","floor":16,"turns":7},{"damage":12,"enemies":"2 Thieves","floor":18,"turns":4},{"damage":2,"enemies":"Spheric Guardian","floor":19,"turns":2},{"damage":11,"enemies":"Masked Bandits","floor":20,"turns":3},{"damage":9,"enemies":"Slavers","floor":24,"turns":3},{"damage":27,"enemies":"Chosen and Byrds","floor":28,"turns":3}],"seed_played":"-2837775803693686472","potions_obtained":[{"floor":7,"key":"SkillPotion"},{"floor":10,"key":"Elixir"},{"floor":18,"key":"Dota2Spire:HealingSalve"},{"floor":20,"key":"blueLaboratory:HummingbirdPotion"}],"is_trial":false,"path_per_floor":["M","?","?","?","$","R","E","R","T","E","M","?","M","M","R","B",null,"M","M","?","?","?","R","E","R","T","R","M"],"character_chosen":"HERMIT","items_purchased":["Golden Egg","Panache"],"campfire_rested":1,"item_purchase_floors":[5,5],"current_hp_per_floor":[75,75,64,64,64,64,48,48,48,47,45,38,38,36,36,22,40,28,26,18,18,23,23,14,26,26,26,0,0],"gold":325,"neow_bonus":"RANDOM_EVENT","is_daily":false,"chose_seed":false,"campfire_upgraded":4,"win_rate":0.0,"timestamp":1612759046,"path_taken":["M","?","?","?","$","R","E","R","T","E","M","?","M","?","R","BOSS","M","M","?","?","?","R","E","R","T","R","M"],"items_purchased_type":["Relic","Card"],"build_version":"2020-12-22","purchased_purges":1,"victory":false,"max_hp_per_floor":[75,75,75,75,75,75,75,75,75,75,75,75,75,75,75,75,40,40,40,40,40,40,40,40,40,40,40,40,40],"card_choices":[{"not_picked":["hermit:WideOpen","hermit:Dive"],"picked":"hermit:Shortfuse","floor":1},{"not_picked":["hermit:Feint","hermit:Manifest","hermit:Snipe","Skewer"],"picked":"SKIP","floor":7},{"not_picked":["hermit:Coalescence","hermit:Manifest","hermit:BodyArmor","Sucker Punch"],"picked":"SKIP","floor":10},{"not_picked":["hermit:Misfire","hermit:Roughhouse","hermit:Grudge"],"picked":"Prepared","floor":11},{"not_picked":["hermit:BigShot","hermit:Ricochet","StuffTheSpire:Python"],"picked":"hermit:CursedWeapon","floor":13},{"not_picked":["hermit:HighCaliber","hermit:Ricochet","hermit:CalledShot","Outmaneuver"],"picked":"SKIP","floor":14},{"not_picked":["hermit:DeadOrAlive","hermit:HighNoon","Unload"],"picked":"hermit:Gambit","floor":16},{"not_picked":["hermit:Malice","hermit:DeadMansHand","hermit:BodyArmor+1","Flying Knee"],"picked":"SKIP","floor":18},{"not_picked":["hermit:Dive","hermit:Cheat+1","StuffTheSpire:Python"],"picked":"hermit:HighCaliber+1","floor":19},{"not_picked":["hermit:Roughhouse","hermit:PistolWhip","hermit:SprayPray"],"picked":"Calculated Gamble","floor":24}],"player_experience":576162,"relics_obtained":[{"floor":7,"key":"StuffTheSpire:HeavyRock"},{"floor":9,"key":"Iron Hammer"},{"floor":10,"key":"hermit:RyeStalk"},{"floor":20,"key":"Red Mask"},{"floor":24,"key":"hubris:Potato"},{"floor":26,"key":"Dota2Spire:PowerTreads"}],"event_choices":[{"damage_healed":0,"gold_gain":75,"player_choice":"Gold","damage_taken":11,"max_hp_gain":0,"max_hp_loss":0,"event_name":"betterThird:BetterGoop","floor":3,"gold_loss":0},{"damage_healed":0,"gold_gain":0,"player_choice":"Relic ","damage_taken":7,"max_hp_gain":0,"max_hp_loss":0,"event_name":"betterThird:BetterScrap","floor":12,"gold_loss":0,"cards_obtained":["Replay:Battleflow"]},{"damage_healed":0,"gold_gain":0,"player_choice":"Fought Bandits","damage_taken":0,"max_hp_gain":0,"max_hp_loss":0,"event_name":"Masked Bandits","floor":20,"gold_loss":0},{"cards_removed":["hermit:HighCaliber"],"damage_healed":5,"gold_gain":0,"player_choice":"Offered Common","damage_taken":0,"max_hp_gain":0,"max_hp_loss":0,"event_name":"Bonfire Elementals","floor":22,"gold_loss":0},{"cards_removed":["hermit:HighCaliber"],"damage_healed":5,"gold_gain":0,"player_choice":"Offered Special","damage_taken":0,"max_hp_gain":0,"max_hp_loss":0,"event_name":"Bonfire Elementals","floor":22,"gold_loss":0}],"is_beta":false,"boss_relics":[{"not_picked":["Runic Pyramid","StuffTheSpire:RunicConfusion"],"picked":"halation:Prosthetics"}],"items_purged_floors":[5],"is_endless":false,"potions_floor_spawned":[7,10,18,20],"killed_by":"Chosen and Byrds","ascension_level":1}}