{"host":"lehbxtjrpalkmwwj","time":1612800425,"event":{"mods":["Aspiration","BaseMod","Colored Map","Colored Powertips","Conspire","GungeonMod","KomeijiMod","Lobotomy","Minty Spire (QoL Compilation)","Quick Restart","Replay The Spire","Shop Mod","StSLib","The Cursed","The Poker Player","[IsaacMod]ÒÔÈö¼âËþ"],"gold_per_floor":[109,109,126,145,165,191,191,218,218,103,129,143,143,160,160,255,255,255,255],"floor_reached":18,"language":"ZHS","playtime":455,"items_purged":[],"score":200,"play_id":"c2388f97-a4a5-4f46-b506-1491b49a29ac","local_time":"20210209000705","is_ascension_mode":true,"campfire_choices":[{"floor":7.0,"key":"RECALL"}],"circlet_count":0,"master_deck":["Strike_R","Strike_R","Strike_R","Strike_R","Strike_R","Defend_R","Defend_R","Defend_R","Defend_R","Bash","EpicFetus","EpicFetus","Replay:Undeath\u0027s Touch","Berserk","Intimidate+1","Seeing Red","ReplayTheSpireMod:Corrosion Curse","Perfected Strike","Life Link","Thunderclap","conspire:HitWhereItHurts","Brutality","Crow Ritual"],"relics":["Burning Blood","HushsDoor","MaYiHuaBei","Pen Nib","StoneCalendar","conspire:InfiniteJournal","DemoMod:GnawedKey","aspiration:HatOfInfinitePower","Replay:Grab Bag"],"acts_visited":["Exordium","TheCity"],"potions_floor_usage":[16],"damage_taken":[{"damage":14.0,"enemies":"Small Slimes","floor":1.0,"turns":4.0},{"damage":5.0,"enemies":"2 Louse","floor":3.0,"turns":3.0},{"damage":4.0,"enemies":"Cultist","floor":4.0,"turns":3.0},{"damage":15.0,"enemies":"Exordium Thugs","floor":5.0,"turns":4.0},{"damage":21.0,"enemies":"Gremlin Nob","floor":6.0,"turns":4.0},{"damage":2.0,"enemies":"Lagavulin","floor":8.0,"turns":5.0},{"damage":17.0,"enemies":"3 Sentries","floor":11.0,"turns":4.0},{"damage":8.0,"enemies":"Looter","floor":12.0,"turns":2.0},{"damage":17.0,"enemies":"2 Fungi Beasts","floor":14.0,"turns":2.0},{"damage":47,"enemies":"Slime Boss","floor":16,"turns":5},{"damage":25,"enemies":"Shell Parasite","floor":18,"turns":3}],"seed_played":"7743715698557506692","potions_obtained":[{"floor":1.0,"key":"Languid Potion"},{"floor":4.0,"key":"Elixir"},{"floor":11.0,"key":"Energy Potion"},{"floor":12.0,"key":"SteroidPotion"}],"is_trial":false,"path_per_floor":["M","?","M","M","M","E","R","E","T","$","E","M","?","M","R_BF","B",null,"M"],"character_chosen":"IRONCLAD","items_purchased":["DemoMod:GnawedKey","Crow Ritual"],"campfire_rested":0,"item_purchase_floors":[10,17],"current_hp_per_floor":[88,81,82,84,75,60,60,64,64,64,53,51,36,25,52,11,88,63,63],"gold":255,"neow_bonus":"TWENTY_PERCENT_HP_BONUS","is_daily":false,"chose_seed":false,"campfire_upgraded":0,"win_rate":0.0,"timestamp":1612800425,"path_taken":["M","?","M","M","M","E","R","E","T","$","E","M","?","M","R_BF","BOSS","M"],"items_purchased_type":["Relic","Card"],"build_version":"2020-12-22","purchased_purges":0,"victory":false,"max_hp_per_floor":[96,93,93,93,93,93,93,93,93,93,93,93,93,93,93,93,88,88,88],"card_choices":[{"not_picked":[],"picked":"EpicFetus","floor":0.0},{"not_picked":[],"picked":"EpicFetus","floor":0.0},{"not_picked":["Fire Breathing","True Grit"],"picked":"Replay:Undeath\u0027s Touch","floor":1.0},{"not_picked":["Combust","Run Through"],"picked":"Berserk","floor":3.0},{"not_picked":["Flex","Wild Strike"],"picked":"Intimidate","floor":4.0},{"not_picked":["ReplayTheSpireMod:LeadingStrike","Clothesline"],"picked":"Seeing Red","floor":5.0},{"not_picked":["Havoc","Warcry"],"picked":"ReplayTheSpireMod:Corrosion Curse","floor":6.0},{"not_picked":["Power Through","Defy Death"],"picked":"Perfected Strike","floor":8.0},{"not_picked":["Sword Boomerang","Wild Strike"],"picked":"Life Link","floor":11.0},{"not_picked":["True Grit","Heavy Blade"],"picked":"Thunderclap","floor":12.0},{"not_picked":["Body Slam","Clothesline"],"picked":"conspire:HitWhereItHurts","floor":14.0},{"not_picked":["Impervious","Replay:Many Hands"],"picked":"Brutality","floor":16}],"player_experience":146958,"relics_obtained":[{"floor":6.0,"key":"Pen Nib"},{"floor":8.0,"key":"StoneCalendar"},{"floor":9.0,"key":"conspire:InfiniteJournal"},{"floor":11.0,"key":"aspiration:HatOfInfinitePower"}],"event_choices":[{"cards_removed":["Parasite"],"damage_healed":0.0,"max_hp_gain":0.0,"max_hp_loss":0.0,"gold_gain":0.0,"event_name":"Golden Wing","player_choice":"Card Removal","floor":2.0,"gold_loss":0.0,"damage_taken":7.0}],"is_beta":false,"boss_relics":[{"not_picked":["Tiny House","Electric Blood"],"picked":"Replay:Grab Bag"},{"not_picked":[]}],"items_purged_floors":[],"is_endless":false,"potions_floor_spawned":[1,4,11,12],"killed_by":"Shell Parasite","ascension_level":2}}