{"host":"n1v11un6j7y72mz7","time":1612767504,"event":{"mods":["Act Like it!","BaseMod","Downfall","Gensokyo","Koishi","Minty Spire (QoL Compilation)","READ ME - Guardian Mod","Reliquary","Remilia£®¿Ÿ√◊¿Ú—«£©","StSLib","The Animator","The Bug Knight","Waifu the Spire"],"gold_per_floor":[110,126,126,142,162,162,190,190,190,264,276,302,317,340,340,437,437,455,472,772,772,301,301,318,61,61,78,103,113,130,150,150,252,252,271,271,283,24,24,24,35,35,35,35,50,50,61,76,76,76],"floor_reached":51,"language":"ZHS","playtime":2877,"items_purged":["Strike_RM","Strike_RM"],"score":708,"play_id":"58fb1690-1cf8-480d-a777-c960490ea4d9","local_time":"20210208145824","is_ascension_mode":false,"campfire_choices":[{"data":"Septette","floor":6,"key":"SMITH"},{"data":"RedMoon","floor":8,"key":"SMITH"},{"data":"KillingBlow","floor":15,"key":"SMITH"},{"data":"MastersStateliness","floor":23,"key":"SMITH"},{"data":"EquivalentExchange","floor":32,"key":"SMITH"},{"data":"BatForm","floor":40,"key":"SMITH"},{"data":"FitfulNightmare","floor":42,"key":"SMITH"},{"data":"BlasphemousPunishment","floor":44,"key":"SMITH"},{"floor":49,"key":"REST"}],"circlet_count":0,"master_deck":["Strike_RM","Strike_RM","Defend_RM","Defend_RM","Defend_RM","Defend_RM","RedMoon+1","ScarletShoot+1","VampireKiss","EmergencyRegeneration","Septette+1","EndlessAdversity","KillingBlow+1","Ultimatum","Septette","MiserableFate","UnstableMagic","SuperhumanBloodyKnife","EquivalentExchange+1","NightDance+1","MastersStateliness+1","ChainGang+1","Greed_TH","ForecastOfChange","ReincarnationDial","BlasphemousPunishment+1","ScarletImprint+1","RedRainbow+1","BatForm+1","Maim+1","Madness","Madness","FitfulNightmare+1","MastersStateliness+1","BloodHunter+1","AfternoonTea+1","BlasphemousPunishment+1"],"relics":["ScarletHat","NeowsBlessing","reliquary:FerryPass","Bronze Scales","reliquary:IridiumChain","Odd Mushroom","ScarletEmblem","Nunchaku","reliquary:JackalopeAntler","Lee\u0027s Waffle","Torii","Strawberry","Sozu","Pear","Calipers","TungstenRod"],"acts_visited":["Exordium","TheCity","TheBeyond"],"potions_floor_usage":[7,11,14,16,28,33,33,50,50],"damage_taken":[{"damage":0,"enemies":"Jaw Worm","floor":1,"turns":1},{"damage":0,"enemies":"Cultist","floor":2,"turns":1},{"damage":0,"enemies":"2 Louse","floor":4,"turns":2},{"damage":5,"enemies":"Blue Slaver","floor":5,"turns":6},{"damage":60,"enemies":"Gremlin Nob","floor":7,"turns":5},{"damage":29,"enemies":"Exordium Wildlife","floor":11,"turns":4},{"damage":37,"enemies":"Lagavulin","floor":12,"turns":5},{"damage":0,"enemies":"3 Louse","floor":13,"turns":1},{"damage":28,"enemies":"The Mushroom Lair","floor":14,"turns":5},{"damage":72,"enemies":"Hexaghost","floor":16,"turns":4},{"damage":7,"enemies":"Chosen","floor":18,"turns":7},{"damage":4,"enemies":"3 Byrds","floor":19,"turns":3},{"damage":29,"enemies":"Snake Plant","floor":24,"turns":3},{"damage":22,"enemies":"3 Cultists","floor":27,"turns":4},{"damage":14,"enemies":"Gremlin Leader","floor":28,"turns":5},{"damage":22,"enemies":"Centurion and Healer","floor":29,"turns":3},{"damage":3,"enemies":"Shelled Parasite and Fungi","floor":30,"turns":3},{"damage":2,"enemies":"Snake Plant","floor":31,"turns":2},{"damage":138,"enemies":"Champ","floor":33,"turns":5},{"damage":23,"enemies":"Orb Walker","floor":35,"turns":4},{"damage":6,"enemies":"3 Shapes","floor":37,"turns":2},{"damage":11,"enemies":"Spire Growth","floor":41,"turns":5},{"damage":15,"enemies":"4 Shapes","floor":45,"turns":3},{"damage":6,"enemies":"3 Darklings","floor":47,"turns":4},{"damage":27,"enemies":"Jaw Worm Horde","floor":48,"turns":3},{"damage":142,"enemies":"Donu and Deca","floor":50,"turns":8}],"seed_played":"-6879564110467958496","potions_obtained":[{"floor":2,"key":"DistilledChaos"},{"floor":4,"key":"Regen Potion"},{"floor":12,"key":"DestinyDice"},{"floor":13,"key":"Regen Potion"},{"floor":18,"key":"CultistPotion"},{"floor":28,"key":"Energy Potion"},{"floor":29,"key":"DuplicationPotion"},{"floor":30,"key":"Slimebound:ThreeZeroPotion"},{"floor":33,"key":"BlessingOfTheForge"}],"is_trial":false,"path_per_floor":["M","M","?","M","M","R","E","R","T","?","M","E","M","?","R","B",null,"M","M","?","?","$","R","M","$","T","M","E","M","M","M","R","B",null,"M","?","M","$","?","R","M","R","T","R","M","T","M","M","R","B",null],"character_chosen":"REMILIA","items_purchased":["Nunchaku","reliquary:JackalopeAntler","Lee\u0027s Waffle","Pear"],"campfire_rested":1,"item_purchase_floors":[22,22,25,38],"current_hp_per_floor":[75,75,75,75,70,70,45,45,45,45,51,46,46,32,32,25,75,71,67,67,67,52,52,49,77,77,71,76,55,54,58,58,2,89,71,60,57,62,62,62,61,61,61,61,49,49,47,26,55,14],"gold":76,"neow_bonus":"THREE_ENEMY_KILL","is_daily":false,"chose_seed":false,"campfire_upgraded":8,"win_rate":0.0,"timestamp":1612767504,"path_taken":["M","M","?","M","?","R","E","R","T","?","M","E","M","?","R","BOSS","M","M","?","?","?","R","?","$","T","M","E","M","M","M","R","BOSS","M","?","M","$","?","R","M","R","T","R","?","?","?","M","R","BOSS"],"items_purchased_type":["Relic","Relic","Relic","Relic"],"build_version":"2020-12-22","purchased_purges":2,"victory":true,"max_hp_per_floor":[75,75,75,75,75,75,75,75,75,75,75,75,75,75,75,75,75,75,75,75,75,75,75,75,82,82,82,89,89,89,89,89,89,89,89,89,89,99,99,99,99,99,99,99,99,99,99,99,99,99],"card_choices":[{"not_picked":["ScarletDevil","BombardNight"],"picked":"VampireKiss","floor":1},{"not_picked":["StarOfDavid","UnstableMagic"],"picked":"EmergencyRegeneration","floor":2},{"not_picked":["ScarletImprint","UnderTheZenith"],"picked":"Septette","floor":4},{"not_picked":["RedMagic","DevilSight"],"picked":"EndlessAdversity","floor":5},{"not_picked":["UnderTheZenith","UltimateOffering"],"picked":"KillingBlow","floor":7},{"not_picked":["ReincarnationDial","ScarletDream"],"picked":"Ultimatum","floor":11},{"not_picked":["EndlessAdversity","VampireKiss"],"picked":"Septette","floor":12},{"not_picked":["UnderTheZenith","RedRainbow"],"picked":"MiserableFate","floor":12},{"not_picked":["RedMagic","FavorOfDestiny"],"picked":"UnstableMagic","floor":13},{"not_picked":["MiserableFate","ScarletDevil"],"picked":"SuperhumanBloodyKnife","floor":14},{"not_picked":["BloodyHallows","KillingBlow"],"picked":"EquivalentExchange","floor":16},{"not_picked":["EndlessAdversity","VampireFantasy"],"picked":"NightDance+1","floor":18},{"not_picked":["ScarletDevil+1","BadLadyScramble"],"picked":"MastersStateliness","floor":19},{"not_picked":["VampireFantasy+1","EndlessAdversity"],"picked":"ChainGang+1","floor":19},{"not_picked":["ReincarnationDial","ScarletDream"],"picked":"ForecastOfChange","floor":24},{"not_picked":["FavorOfDestiny+1","ChainGang","ScarletGensokyo"],"picked":"SKIP","floor":24},{"not_picked":["BloodHunter","VampireKiss"],"picked":"ReincarnationDial","floor":27},{"not_picked":["UnderTheZenith+1","DevilSight"],"picked":"BlasphemousPunishment","floor":28},{"not_picked":["GlobalNightmare","UnstableMagic"],"picked":"ScarletImprint+1","floor":29},{"not_picked":["BombardNight","FitfulNightmare"],"picked":"RedRainbow+1","floor":30},{"not_picked":["RedRainbow","UnstableMagic","UnderTheZenith"],"picked":"SKIP","floor":31},{"not_picked":["EquivalentExchange","CurseOfVladTepes"],"picked":"BatForm","floor":33},{"not_picked":["SuperhumanBloodyKnife+1","ScarletDevil+1"],"picked":"Maim+1","floor":35},{"not_picked":["CharismaGuard+1","EndlessAdversity"],"picked":"FitfulNightmare","floor":37},{"not_picked":["BadLadyScramble","ScarletDream"],"picked":"BloodHunter+1","floor":41},{"not_picked":["UnderTheZenith","FavorOfDestiny"],"picked":"AfternoonTea+1","floor":45},{"not_picked":["RedNightlessCastle","VampireKiss","EndlessAdversity+1"],"picked":"SKIP","floor":47},{"not_picked":["ScarletImprint","UltimateOffering"],"picked":"BlasphemousPunishment+1","floor":48}],"player_experience":182017,"relics_obtained":[{"floor":7,"key":"reliquary:FerryPass"},{"floor":9,"key":"Bronze Scales"},{"floor":12,"key":"reliquary:IridiumChain"},{"floor":14,"key":"Odd Mushroom"},{"floor":26,"key":"Torii"},{"floor":28,"key":"Strawberry"},{"floor":43,"key":"Calipers"},{"floor":46,"key":"TungstenRod"}],"event_choices":[{"damage_healed":0,"gold_gain":0,"player_choice":"Upgraded","damage_taken":0,"max_hp_gain":0,"max_hp_loss":0,"event_name":"Upgrade Shrine","floor":3,"gold_loss":0,"cards_upgraded":["ScarletShoot"]},{"damage_healed":0,"gold_gain":74,"player_choice":"Gained Gold","damage_taken":0,"max_hp_gain":0,"max_hp_loss":0,"event_name":"Golden Wing","floor":10,"gold_loss":0},{"damage_healed":0,"gold_gain":0,"player_choice":"Fought Mushrooms","damage_taken":0,"max_hp_gain":0,"max_hp_loss":0,"event_name":"Mushrooms","floor":14,"gold_loss":0},{"damage_healed":0,"gold_gain":0,"player_choice":"Ignored","damage_taken":0,"max_hp_gain":0,"max_hp_loss":0,"event_name":"The Mausoleum","floor":21,"gold_loss":0},{"damage_healed":0,"gold_gain":0,"player_choice":"Embrace Madness","damage_taken":11,"max_hp_gain":0,"max_hp_loss":0,"event_name":"Winding Halls","floor":36,"gold_loss":0,"cards_obtained":["Madness","Madness"]},{"damage_healed":0,"gold_gain":0,"player_choice":"Copied","damage_taken":0,"max_hp_gain":0,"max_hp_loss":0,"event_name":"Duplicator","floor":39,"gold_loss":0,"cards_obtained":["MastersStateliness"]}],"is_beta":false,"boss_relics":[{"not_picked":["reliquary:RedCape","bronze:MakeshiftBattery"],"picked":"ScarletEmblem"},{"not_picked":["reliquary:Craggleroot","Snecko Eye"],"picked":"Sozu"}],"items_purged_floors":[22,25],"is_endless":false,"potions_floor_spawned":[2,4,12,13,18,28,29,30,33,41],"ascension_level":0}}