{"host":"06gxn1c1bsk424jw","time":1612789383,"event":{"mods":["BaseMod","DeckTracker","Minty Spire (QoL Compilation)","SuperFastMode"],"gold_per_floor":[115,134,134,284,39,72,72,86,112,122,141,141,175,191,191,264,264,264,61,61,75,75,75],"floor_reached":22,"language":"KOR","playtime":1100,"items_purged":["Doubt"],"score":420,"play_id":"e1098f10-6b80-4d51-bd35-8657d3f45933","local_time":"20210208220303","is_ascension_mode":true,"campfire_choices":[{"data":"Rupture","floor":15,"key":"SMITH"}],"circlet_count":0,"master_deck":["AscendersBane","Strike_R","Strike_R","Strike_R","Strike_R","Strike_R","Defend_R","Defend_R","Defend_R","Defend_R","Bash","Combust","Corruption","Pommel Strike","Rampage","Warcry","Exhume","Rupture+1","Immolate","Second Wind","Fire Breathing","Necronomicurse"],"relics":["Burning Blood","NeowsBlessing","OrangePellets","Orichalcum","Bronze Scales","InkBottle","Art of War","Mark of Pain","Necronomicon"],"acts_visited":["Exordium","TheCity"],"potions_floor_usage":[16,16,18],"damage_taken":[{"damage":0,"enemies":"2 Louse","floor":1,"turns":1},{"damage":0,"enemies":"Jaw Worm","floor":2,"turns":1},{"damage":0,"enemies":"Lagavulin","floor":6,"turns":3},{"damage":4,"enemies":"Small Slimes","floor":8,"turns":3},{"damage":7,"enemies":"Looter","floor":10,"turns":3},{"damage":14,"enemies":"Blue Slaver","floor":11,"turns":4},{"damage":35,"enemies":"3 Sentries","floor":13,"turns":6},{"damage":8,"enemies":"Exordium Thugs","floor":14,"turns":5},{"damage":36,"enemies":"Slime Boss","floor":16,"turns":7},{"damage":0,"enemies":"Shell Parasite","floor":18,"turns":1},{"damage":19,"enemies":"Spheric Guardian","floor":21,"turns":4},{"damage":33,"enemies":"Snake Plant","floor":22,"turns":2}],"seed_played":"4288886380645083559","potions_obtained":[{"floor":8,"key":"LiquidBronze"},{"floor":10,"key":"BloodPotion"},{"floor":11,"key":"LiquidMemories"},{"floor":16,"key":"SmokeBomb"}],"is_trial":false,"path_per_floor":["M","M","$","?","$","E","?","M","T","M","M","T","E","M","R","B",null,"M","$","?","M","M"],"character_chosen":"IRONCLAD","items_purchased":["OrangePellets","Corruption","Second Wind","Fire Breathing"],"campfire_rested":0,"item_purchase_floors":[5,5,19,19],"current_hp_per_floor":[74,75,75,75,75,75,75,75,75,74,66,66,37,35,35,20,61,67,67,46,33,0,0],"gold":75,"neow_bonus":"THREE_ENEMY_KILL","is_daily":false,"chose_seed":false,"campfire_upgraded":1,"win_rate":0.0,"timestamp":1612789383,"path_taken":["M","M","$","?","$","E","?","M","T","M","?","?","E","M","R","BOSS","M","$","?","M","M"],"items_purchased_type":["Relic","Card","Card","Card"],"build_version":"2020-12-22","purchased_purges":1,"victory":false,"max_hp_per_floor":[75,75,75,75,75,75,75,75,75,75,75,75,75,75,75,75,75,75,75,75,75,75,75],"card_choices":[{"not_picked":["Warcry","Searing Blow"],"picked":"Combust","floor":1},{"not_picked":["Wild Strike","Flex","Thunderclap"],"picked":"SKIP","floor":2},{"not_picked":["Bloodletting","Sever Soul"],"picked":"Pommel Strike","floor":6},{"not_picked":["Sword Boomerang","Blood for Blood"],"picked":"Rampage","floor":8},{"not_picked":["Iron Wave","Sever Soul","Spot Weakness"],"picked":"SKIP","floor":10},{"not_picked":["Clash","Blood for Blood"],"picked":"Warcry","floor":11},{"not_picked":["Cleave","Armaments"],"picked":"Exhume","floor":13},{"not_picked":["Warcry","Havoc"],"picked":"Rupture","floor":14},{"not_picked":["Berserk","Bludgeon"],"picked":"Immolate","floor":16},{"not_picked":["Armaments","Combust","Sword Boomerang"],"picked":"SKIP","floor":21}],"player_experience":802961,"relics_obtained":[{"floor":6,"key":"Orichalcum"},{"floor":9,"key":"Bronze Scales"},{"floor":12,"key":"InkBottle"},{"floor":13,"key":"Art of War"},{"floor":20,"key":"Necronomicon"}],"event_choices":[{"damage_healed":0,"gold_gain":150,"player_choice":"AGREE","damage_taken":0,"max_hp_gain":0,"max_hp_loss":0,"event_name":"Liars Game","floor":4,"gold_loss":0,"cards_obtained":["Doubt"]},{"damage_healed":0,"gold_gain":0,"player_choice":"Leave","damage_taken":0,"max_hp_gain":0,"max_hp_loss":0,"event_name":"The Cleric","floor":7,"gold_loss":0},{"damage_healed":0,"gold_gain":0,"player_choice":"Obtained Book","damage_taken":21,"max_hp_gain":0,"max_hp_loss":0,"event_name":"Cursed Tome","floor":20,"gold_loss":0}],"is_beta":false,"boss_relics":[{"not_picked":["Tiny House","Coffee Dripper"],"picked":"Mark of Pain"}],"items_purged_floors":[19],"is_endless":false,"potions_floor_spawned":[8,10,11,16],"killed_by":"Snake Plant","ascension_level":18}}