{"host":"ocll6kdfqxraqtza","time":1612798979,"event":{"mods":["2.2 Compatiblity","Act Like it!","Aspiration","BaseMod","Better Third Choice","Gensokyo","Hallownest","Hermit","Hubris","Jorbs\u0027s Wanderer Trilogy","Luminous","Marisa（霧雨　魔理沙）","Minty Spire (QoL Compilation)","Reimu（博??梦）","Replay The Spire","Shade Mod","StSLib","The Alterego","The Bug Knight","The Cursed","The Hierophant","The Marked","The Runesmith","TheBandit","Wandering Minibosses"],"gold_per_floor":[114,5,5,5,17,45,21,21,21,54,72,100,120,136,136,232,232,242,258,124,137,156,191,191,191,216,216,251,303,318,273,273,371,471,483,483,498,512,463,463,463,463],"floor_reached":41,"language":"ENG","playtime":1828,"items_purged":["Luminous:Defend_Luminous"],"score":478,"play_id":"d9802251-d29c-4cbc-adde-fc88f07c1841","local_time":"20210208234259","is_ascension_mode":false,"campfire_choices":[{"data":"Luminous:Magic_Guard_Luminous","floor":15,"key":"SMITH"},{"data":"Luminous:Lania_Blessing_Luminous","floor":24,"key":"SMITH"},{"data":"Sneak Up","floor":32,"key":"SMITH"},{"data":"Luminous:Erosion_Luminous","floor":40,"key":"SMITH"}],"circlet_count":0,"master_deck":["Luminous:Light_Flash_Shower","Luminous:Light_Flash_Shower","Luminous:Dark_Abyssal_Drop","Luminous:Dark_Abyssal_Drop","Luminous:Switch_Luminous","Luminous:Photic_Meditation_Luminous","Luminous:Light_Sylvan_Lance+1","Luminous:Dark_Raid","Luminous:Light_Wash_Luminous+1","Deflect","Sneak Up+1","Luminous:Lunar_Tide_Luminous","Luminous:Light_Gather","Luminous:Balance_Ender","Luminous:Light_Gather","Luminous:Magic_Guard_Luminous+1","Luminous:Lania_Blessing_Luminous+1","Luminous:Arcane_Rage_Luminous+1","Luminous:Dark_Crescendo_Luminous+1","Luminous:Lania_Blessing_Luminous+1","Luminous:Dark_Raid+1","Luminous:Accumulation_Luminous+1","Sadistic Nature+1","Luminous:Light_Reflection+1","Luminous:Fast_Spell_Luminous","Luminous:Light_Ray_of_Redemption","Luminous:Light_Sylvan_Lance+1","Luminous:Darkness_Mastery_Luminous+1","Luminous:Accumulation_Luminous+1","Luminous:Erosion_Luminous+1","Luminous:Hero_Will_Luminous+1","Luminous:Freud_Wisdom1_Luminous","Luminous:Dark_Arcane_Pitch+1","Luminous:Darks_Surge_Luminous+1"],"relics":["Luminous:MirrorRelic","NeowsBlessing","Blue Doll","Oddly Smooth Stone","Pen Nib","Replay:Baseball","Astrolabe","Quantum Egg","aspiration:FetidBarrel","Boot","Replay:Wanted Poster"],"acts_visited":["Exordium","Hallownest:CityofTears","Gensokyo:Gensokyoest"],"potions_floor_usage":[12,16,29,33,38],"damage_taken":[{"damage":0,"enemies":"Jaw Worm","floor":1,"turns":1},{"damage":0,"enemies":"Cultist","floor":5,"turns":1},{"damage":0,"enemies":"Gremlin Nob","floor":6,"turns":1},{"damage":11,"enemies":"HollowMod:MossKnight","floor":10,"turns":5},{"damage":2,"enemies":"Small Slimes","floor":11,"turns":3},{"damage":21,"enemies":"3 Sentries","floor":12,"turns":6},{"damage":3,"enemies":"Gremlin Gang","floor":13,"turns":4},{"damage":22,"enemies":"Red Slaver","floor":14,"turns":4},{"damage":39,"enemies":"Hexaghost","floor":16,"turns":10},{"damage":17,"enemies":"Hallownest:Flukemon_and_Top","floor":18,"turns":4},{"damage":9,"enemies":"Hallownest:Guard_and_Sentry","floor":19,"turns":4},{"damage":24,"enemies":"Hallownest:2_Flukemon","floor":21,"turns":7},{"damage":11,"enemies":"Hallownest:monsterShrumalOgre","floor":22,"turns":5},{"damage":6,"enemies":"Hallownest:Nosk","floor":23,"turns":7},{"damage":5,"enemies":"Hallownest:eliteWatcherKnight","floor":28,"turns":11},{"damage":35,"enemies":"Hallownest:Glutton_and_Coward","floor":29,"turns":5},{"damage":35,"enemies":"Hallownest:Master_and_Novice","floor":30,"turns":5},{"damage":18,"enemies":"Hallownest:BossSoulMaster","floor":33,"turns":8},{"damage":33,"enemies":"Gensokyo:AncientGuardian","floor":35,"turns":8},{"damage":49,"enemies":"Gensokyo:3_Boulders","floor":37,"turns":6},{"damage":28,"enemies":"Gensokyo:Rafflesia","floor":38,"turns":6},{"damage":55,"enemies":"Gensokyo:Marisa","floor":41,"turns":3}],"seed_played":"-6126464666815897082","potions_obtained":[{"floor":6,"key":"PowerPotion"},{"floor":10,"key":"SpeedPotion"},{"floor":13,"key":"LifebloodPotion"},{"floor":16,"key":"Weak Potion"},{"floor":22,"key":"Elixir"},{"floor":28,"key":"Fire Potion"},{"floor":30,"key":"FearPotion"},{"floor":33,"key":"Milkshake"},{"floor":35,"key":"Swift Potion"}],"is_trial":false,"path_per_floor":["M","$","?","$","M","E","$","?","T","E","M","E","M","M","R","B",null,"M","M","$","M","M","E","R","T","T","?","E","M","M","?","R","B",null,"M","?","M","M","$","R","E"],"character_chosen":"LuminousClass","items_purchased":["Luminous:Light_Sylvan_Lance+1","Luminous:Light_Wash_Luminous+1","Sadistic Nature+1","Luminous:Darks_Surge_Luminous+1"],"campfire_rested":0,"item_purchase_floors":[2,7,20,39],"current_hp_per_floor":[75,75,75,75,75,75,75,75,75,68,71,61,63,41,41,8,75,58,52,52,44,36,41,41,41,41,49,70,65,36,42,42,47,81,64,64,34,31,31,31,0,0],"gold":463,"neow_bonus":"THREE_ENEMY_KILL","is_daily":false,"chose_seed":false,"campfire_upgraded":4,"win_rate":0.0,"timestamp":1612798979,"path_taken":["M","$","?","$","M","E","?","?","T","E","M","E","M","?","R","BOSS","M","?","$","M","M","E","R","?","T","?","E","?","M","?","R","BOSS","M","?","M","M","$","R","E"],"items_purchased_type":["Card","Card","Card","Card"],"build_version":"2020-12-22","purchased_purges":1,"victory":false,"max_hp_per_floor":[75,75,75,75,75,75,75,75,75,75,75,75,75,75,75,75,75,75,75,75,75,75,75,75,75,75,75,75,75,75,81,81,81,81,81,81,81,81,81,81,81,81],"card_choices":[{"not_picked":["Luminous:Dark_Dim_Erosion","Luminous:Light_Sylvan_Lance"],"picked":"Luminous:Photic_Meditation_Luminous","floor":1},{"not_picked":["Luminous:Light_Wash_Luminous","Luminous:Dark_Dim_Erosion"],"picked":"Luminous:Dark_Raid","floor":5},{"not_picked":["Luminous:Light_Disperse","Luminous:Light_Wash_Luminous"],"picked":"Luminous:Chase_Spell_Luminous","floor":6},{"not_picked":["Luminous:Ethereal_Form_Luminous","Luminous:Light_Reflection"],"picked":"Luminous:Lunar_Tide_Luminous","floor":10},{"not_picked":["Luminous:Light_Sylvan_Lance","Luminous:Mana_Well_Luminous"],"picked":"Luminous:Light_Gather","floor":11},{"not_picked":["Luminous:Light_Disperse","Luminous:Dark_Morning_Star"],"picked":"Luminous:Balance_Ender","floor":12},{"not_picked":["Luminous:Dark_Extract","Luminous:Light_Disperse"],"picked":"Luminous:Light_Gather","floor":13},{"not_picked":["Luminous:Dark_Pressure_Void","Luminous:Light_Wash_Luminous"],"picked":"Luminous:Magic_Guard_Luminous","floor":14},{"not_picked":["Luminous:Dark_Crescendo_Luminous","Luminous:Freud_Wisdom1_Luminous"],"picked":"Luminous:Lania_Blessing_Luminous","floor":16},{"not_picked":["Luminous:Balance_Death_Scythe","Luminous:Light_Sylvan_Lance"],"picked":"Luminous:Dark_Raid+1","floor":18},{"not_picked":["Luminous:Dark_Pressure_Void","Luminous:Dark_Raid"],"picked":"Luminous:Accumulation_Luminous+1","floor":19},{"not_picked":["Luminous:Dark_Morning_Star","Luminous:Dark_Dim_Erosion"],"picked":"Luminous:Light_Reflection+1","floor":21},{"not_picked":["Luminous:Light_Glare","Luminous:Balance_Ender"],"picked":"Luminous:Fast_Spell_Luminous","floor":22},{"not_picked":["Luminous:Blinding_Pillar_Luminous","Luminous:Accumulation_Luminous"],"picked":"Luminous:Light_Ray_of_Redemption","floor":23},{"not_picked":["Luminous:Light_Wash_Luminous","Luminous:Mana_Well_Luminous"],"picked":"Luminous:Light_Sylvan_Lance+1","floor":28},{"not_picked":["Luminous:Darks_Surge_Luminous","Luminous:Dark_Pressure_Void"],"picked":"Luminous:Darkness_Mastery_Luminous+1","floor":29},{"not_picked":["Luminous:Lania_Blessing_Luminous","Luminous:Light_Sylvan_Lance"],"picked":"Luminous:Accumulation_Luminous+1","floor":30},{"not_picked":["Luminous:Ethereal_Form_Luminous","Luminous:Arcane_Rage_Luminous"],"picked":"Luminous:Erosion_Luminous","floor":33},{"not_picked":["Luminous:Darks_Surge_Luminous","Luminous:Light_Disperse+1"],"picked":"Luminous:Hero_Will_Luminous+1","floor":35},{"not_picked":["Luminous:Balance_Ender","Luminous:Light_Wash_Luminous","Luminous:Dark_Dim_Erosion"],"picked":"SKIP","floor":37},{"not_picked":["Luminous:Light_Sylvan_Lance+1","Luminous:Light_Wash_Luminous"],"picked":"Luminous:Dark_Arcane_Pitch+1","floor":38}],"player_experience":517592,"relics_obtained":[{"floor":6,"key":"Blue Doll"},{"floor":9,"key":"Oddly Smooth Stone"},{"floor":10,"key":"Pen Nib"},{"floor":12,"key":"Replay:Baseball"},{"floor":23,"key":"Quantum Egg"},{"floor":25,"key":"aspiration:FetidBarrel"},{"floor":28,"key":"Boot"}],"event_choices":[{"damage_healed":0,"gold_gain":0,"player_choice":"Ignored","damage_taken":0,"max_hp_gain":0,"max_hp_loss":0,"event_name":"WeMeetAgain","floor":3,"gold_loss":0}],"is_beta":false,"boss_relics":[{"not_picked":["aspiration:SecretTechniqueScroll","aspiration:MobileForge"],"picked":"Astrolabe"},{"not_picked":["hubris:GrandSneckoEye","aspiration:RunesmithSkillbook"],"picked":"Replay:Wanted Poster"}],"items_purged_floors":[2],"is_endless":false,"potions_floor_spawned":[6,10,13,16,22,28,30,33,35],"killed_by":"Gensokyo:Marisa","ascension_level":0}}