{"host":"rmsq46plbpwfbxcc","time":1612795044,"event":{"mods":["AchievementEnabler","BaseMod","Colored Map","Colored Powertips","DeckTracker","KOR Keyword Fix","Minty Spire (QoL Compilation)","Permanent Neow","Quick Restart","SuperFastMode"],"gold_per_floor":[114,114,134,58,133,133,166,166,218,168,185,219,219,249,249,323,323,343,343,293,307,307,335,335,285,308,258,273,284,284,298,298,371,371,384,436,436,236,253,253,203,232,232,264,278,278,308,319,319,319,319,319,116,148,148,148],"floor_reached":55,"language":"KOR","playtime":1500,"items_purged":["Strike_G","Defend_G","Strike_G","Clumsy","Shame","Defend_G","Defend_G"],"score":1341,"play_id":"e1ff27b7-2eb7-42fb-89ff-1053292a40ad","local_time":"20210208233724","is_ascension_mode":true,"campfire_choices":[{"data":"Cloak And Dagger","floor":6,"key":"SMITH"},{"data":"Blade Dance","floor":8,"key":"SMITH"},{"data":"Accuracy","floor":15,"key":"SMITH"},{"data":"Finisher","floor":24,"key":"SMITH"},{"data":"Tactician","floor":32,"key":"SMITH"},{"data":"Cloak And Dagger","floor":40,"key":"SMITH"},{"data":"Writhe","floor":46,"key":"PURGE"},{"floor":49,"key":"RECALL"},{"data":"Phantasmal Killer","floor":52,"key":"SMITH"}],"circlet_count":0,"master_deck":["AscendersBane","Strike_G","Strike_G","Defend_G","Defend_G","Survivor","Neutralize","Cloak And Dagger+1","Tactician+1","Accuracy+1","Blade Dance+1","Acrobatics","Burst","Terror","Finisher+1","Well Laid Plans","Cloak And Dagger+1","Backflip","Phantasmal Killer+1","Acrobatics","PiercingWail"],"relics":["WristBlade","Pantograph","Smiling Mask","Vajra","Potion Belt","MealTicket","Cursed Key","Art of War","Kunai","HoveringKite","Pocketwatch","Toy Ornithopter","Lantern","Bag of Marbles","Peace Pipe","Meat on the Bone","Bottled Lightning","Pen Nib","Centennial Puzzle"],"acts_visited":["Exordium","TheCity","TheBeyond","TheEnding"],"potions_floor_usage":[14,18,18,23,36,47,55,55,55,55,55],"damage_taken":[{"damage":0,"enemies":"Small Slimes","floor":1,"turns":4},{"damage":0,"enemies":"Cultist","floor":3,"turns":4},{"damage":22,"enemies":"3 Sentries","floor":7,"turns":11},{"damage":0,"enemies":"2 Louse","floor":11,"turns":3},{"damage":10,"enemies":"Lagavulin","floor":12,"turns":4},{"damage":0,"enemies":"3 Sentries","floor":14,"turns":4},{"damage":7,"enemies":"Slime Boss","floor":16,"turns":6},{"damage":10,"enemies":"2 Thieves","floor":18,"turns":3},{"damage":7,"enemies":"Chosen","floor":21,"turns":3},{"damage":21,"enemies":"Book of Stabbing","floor":23,"turns":3},{"damage":1,"enemies":"Sentry and Sphere","floor":28,"turns":3},{"damage":0,"enemies":"Snecko","floor":29,"turns":2},{"damage":3,"enemies":"Centurion and Healer","floor":31,"turns":4},{"damage":1,"enemies":"Automaton","floor":33,"turns":6},{"damage":11,"enemies":"Orb Walker","floor":35,"turns":3},{"damage":12,"enemies":"2 Orb Walkers","floor":36,"turns":4},{"damage":8,"enemies":"3 Shapes","floor":39,"turns":1},{"damage":0,"enemies":"Nemesis","floor":42,"turns":3},{"damage":8,"enemies":"Reptomancer","floor":44,"turns":5},{"damage":19,"enemies":"Jaw Worm Horde","floor":45,"turns":3},{"damage":5,"enemies":"Nemesis","floor":47,"turns":3},{"damage":0,"enemies":"Sphere and 2 Shapes","floor":48,"turns":3},{"damage":64,"enemies":"Time Eater","floor":50,"turns":5},{"damage":10,"enemies":"Shield and Spear","floor":54,"turns":4},{"damage":91,"enemies":"The Heart","floor":55,"turns":3}],"seed_played":"6367716318319326341","potions_obtained":[{"floor":7,"key":"Weak Potion"},{"floor":11,"key":"SkillPotion"},{"floor":14,"key":"EssenceOfSteel"},{"floor":21,"key":"SkillPotion"},{"floor":23,"key":"CultistPotion"},{"floor":33,"key":"ColorlessPotion"},{"floor":35,"key":"Weak Potion"},{"floor":42,"key":"BlessingOfTheForge"},{"floor":44,"key":"Regen Potion"},{"floor":45,"key":"EntropicBrew"},{"floor":48,"key":"Fire Potion"}],"is_trial":false,"path_per_floor":["M","?","M","$","?","R","E","R","T","$","M","E","T","E","R","B",null,"M","?","$","M","?","E","R","$","T","$","M","M","?","M","R","B",null,"M","?","T","$","M","R","$","E","T","E","M","R","E","M","R","B",null,"R","$","E","B"],"character_chosen":"THE_SILENT","items_purchased":["Accuracy","Lantern","Pen Nib"],"campfire_rested":0,"item_purchase_floors":[4,38,53],"current_hp_per_floor":[59,59,59,59,48,48,26,26,26,26,26,16,16,16,16,34,58,48,48,63,56,56,35,35,50,50,65,64,64,64,61,61,65,66,55,43,43,58,50,50,65,65,65,57,38,38,43,43,43,14,53,53,66,56,0,0],"gold":148,"neow_bonus":"BOSS_RELIC","is_daily":false,"chose_seed":false,"campfire_upgraded":7,"win_rate":0.0,"timestamp":1612795044,"path_taken":["M","?","M","?","?","R","E","R","T","$","M","E","?","E","R","BOSS","M","?","$","M","?","E","R","$","T","$","M","?","?","M","R","BOSS","M","?","?","$","M","R","$","E","T","E","M","R","E","?","R","BOSS","R","$","E","BOSS"],"items_purchased_type":["Card","Relic","Relic"],"build_version":"2020-12-22","purchased_purges":7,"victory":false,"max_hp_per_floor":[66,66,66,66,66,66,66,66,66,66,66,66,66,66,66,66,66,66,66,66,66,66,66,66,66,66,66,66,66,66,66,66,66,66,66,66,66,66,66,66,66,66,66,66,66,66,66,66,66,66,66,66,66,66,66,66],"card_choices":[{"not_picked":["Expertise","Endless Agony"],"picked":"Cloak And Dagger","floor":1},{"not_picked":["Bane","Dodge and Roll"],"picked":"Tactician","floor":3},{"not_picked":["Bane","Heel Hook"],"picked":"Blade Dance","floor":7},{"not_picked":["Well Laid Plans","Backflip"],"picked":"Acrobatics","floor":11},{"not_picked":["Skewer","Distraction","Endless Agony"],"picked":"SKIP","floor":12},{"not_picked":["Accuracy","Setup","Dodge and Roll"],"picked":"SKIP","floor":14},{"not_picked":["Unload","Bullet Time"],"picked":"Burst","floor":16},{"not_picked":["Acrobatics","Dodge and Roll"],"picked":"Terror","floor":18},{"not_picked":["Acrobatics","Blade Dance","All Out Attack"],"picked":"SKIP","floor":21},{"not_picked":["Dagger Spray","Quick Slash"],"picked":"Well Laid Plans","floor":23},{"not_picked":["Leg Sweep","Underhanded Strike"],"picked":"Cloak And Dagger","floor":28},{"not_picked":["Deadly Poison","Deflect","Prepared"],"picked":"SKIP","floor":29},{"not_picked":["Sucker Punch","Prepared"],"picked":"Backflip","floor":31},{"not_picked":["Envenom","Malaise"],"picked":"Phantasmal Killer","floor":33},{"not_picked":["Dagger Throw","Deadly Poison","Infinite Blades+1"],"picked":"SKIP","floor":35},{"not_picked":["Outmaneuver","Infinite Blades","Quick Slash"],"picked":"SKIP","floor":39},{"not_picked":["Masterful Stab","Cloak And Dagger","Backflip"],"picked":"SKIP","floor":42},{"not_picked":["Distraction","Burst"],"picked":"Acrobatics","floor":44},{"not_picked":["Prepared","Quick Slash","Finisher"],"picked":"SKIP","floor":45},{"not_picked":["Eviscerate","Acrobatics","Prepared"],"picked":"SKIP","floor":47},{"not_picked":["Flechettes","Endless Agony","Sucker Punch"],"picked":"SKIP","floor":48},{"not_picked":["Distraction","Setup"],"picked":"PiercingWail","floor":54}],"player_experience":671283,"relics_obtained":[{"floor":7,"key":"Pantograph"},{"floor":9,"key":"Smiling Mask"},{"floor":12,"key":"Vajra"},{"floor":13,"key":"Potion Belt"},{"floor":14,"key":"MealTicket"},{"floor":23,"key":"Art of War"},{"floor":36,"key":"Pocketwatch"},{"floor":37,"key":"Toy Ornithopter"},{"floor":42,"key":"Bag of Marbles"},{"floor":43,"key":"Peace Pipe"},{"floor":44,"key":"Meat on the Bone"},{"floor":47,"key":"Bottled Lightning"},{"floor":54,"key":"Centennial Puzzle"}],"event_choices":[{"damage_healed":0,"gold_gain":0,"player_choice":"Bought 0 Potions","damage_taken":0,"max_hp_gain":0,"max_hp_loss":0,"event_name":"The Woman in Blue","floor":2,"gold_loss":0},{"damage_healed":0,"gold_gain":75,"player_choice":"Gather Gold","damage_taken":11,"max_hp_gain":0,"max_hp_loss":0,"event_name":"World of Goop","floor":5,"gold_loss":0},{"damage_healed":0,"gold_gain":0,"player_choice":"Ignored","damage_taken":0,"max_hp_gain":0,"max_hp_loss":0,"event_name":"Vampires","floor":19,"gold_loss":0},{"damage_healed":0,"gold_gain":0,"cards_transformed":["Strike_G"],"player_choice":"Transformed","damage_taken":0,"max_hp_gain":0,"max_hp_loss":0,"event_name":"Transmorgrifier","floor":22,"gold_loss":0,"cards_obtained":["Finisher"]},{"damage_healed":0,"gold_gain":0,"player_choice":"Opened","damage_taken":0,"relics_obtained":["Kunai"],"max_hp_gain":0,"max_hp_loss":0,"event_name":"The Mausoleum","floor":30,"gold_loss":0},{"damage_healed":0,"gold_gain":0,"player_choice":"Fight","damage_taken":0,"max_hp_gain":0,"max_hp_loss":0,"event_name":"Mysterious Sphere","floor":36,"gold_loss":0}],"is_beta":false,"boss_relics":[{"not_picked":["Pandora\u0027s Box","SacredBark"],"picked":"Cursed Key"},{"not_picked":["Coffee Dripper","Velvet Choker"],"picked":"HoveringKite"}],"items_purged_floors":[10,20,25,27,38,41,53],"is_endless":false,"potions_floor_spawned":[7,11,14,21,23,33,35,42,44,45,48],"killed_by":"The Heart","ascension_level":14}}