{"host":"qekv59dthhdg54sz","time":1612786624,"event":{"mods":["AchievementEnabler","BaseMod","Colored Map","DeckTracker","KOR Keyword Fix","Minty Spire (QoL Compilation)","Rare Cards Sparkle","StSLib","SuperFastMode"],"gold_per_floor":[114,189,199,15,33,33,53,53,53,15,27,27,47,60,60,60,60],"floor_reached":16,"language":"KOR","playtime":248,"items_purged":["Strike_G"],"score":188,"play_id":"7fe4a351-d201-43d5-a8f3-1a3d0149dfee","local_time":"20210208211704","is_ascension_mode":true,"campfire_choices":[{"floor":6.0,"key":"REST"},{"data":"Infinite Blades","floor":8.0,"key":"SMITH"},{"floor":15,"key":"REST"}],"circlet_count":0,"master_deck":["AscendersBane","Strike_G","Strike_G","Strike_G","Defend_G","Defend_G","Defend_G","Survivor","Neutralize","Quick Slash","Dagger Spray","Infinite Blades+1","Backflip","PiercingWail","Acrobatics","Die Die Die"],"relics":["Ring of the Snake","Membership Card","Kunai"],"acts_visited":["Exordium"],"potions_floor_usage":[13,16],"damage_taken":[{"damage":3.0,"enemies":"2 Louse","floor":1.0,"turns":4.0},{"damage":2.0,"enemies":"Small Slimes","floor":3.0,"turns":4.0},{"damage":4.0,"enemies":"Jaw Worm","floor":5.0,"turns":4.0},{"damage":6.0,"enemies":"Red Slaver","floor":7.0,"turns":5.0},{"damage":10.0,"enemies":"Exordium Wildlife","floor":11.0,"turns":4.0},{"damage":10,"enemies":"Exordium Thugs","floor":13,"turns":5},{"damage":0,"enemies":"3 Louse","floor":14,"turns":2},{"damage":18,"enemies":"The Guardian","floor":16,"turns":6}],"seed_played":"-8338505149127704294","potions_obtained":[{"floor":3.0,"key":"Weak Potion"},{"floor":7.0,"key":"Explosive Potion"},{"floor":13,"key":"Explosive Potion"}],"is_trial":false,"path_per_floor":["M","?","M","$","M","R","M","R","T","$","M","?","M","M","R","B"],"character_chosen":"THE_SILENT","items_purchased":["Membership Card","Infinite Blades"],"campfire_rested":2,"item_purchase_floors":[4,4],"current_hp_per_floor":[41,30,28,28,24,43,37,37,37,37,27,20,10,10,29,11,11],"gold":60,"neow_bonus":"REMOVE_TWO","is_daily":false,"chose_seed":true,"campfire_upgraded":1,"win_rate":0.0,"timestamp":1612786624,"path_taken":["M","?","M","$","M","R","M","R","T","$","M","?","M","M","R","BOSS"],"items_purchased_type":["Relic","Card"],"build_version":"2020-12-22","purchased_purges":1,"victory":false,"max_hp_per_floor":[66,66,66,66,66,66,66,66,66,66,66,66,66,66,66,66,66],"card_choices":[{"not_picked":["Slice","Poisoned Stab"],"picked":"Quick Slash","floor":1.0},{"not_picked":["PiercingWail","Flying Knee"],"picked":"Dagger Spray","floor":3.0},{"not_picked":["Poisoned Stab","Dagger Spray"],"picked":"Backflip","floor":5.0},{"not_picked":["Predator","Flying Knee"],"picked":"PiercingWail","floor":7.0},{"not_picked":["Dagger Spray","Choke"],"picked":"Acrobatics","floor":11.0},{"not_picked":["Dodge and Roll","Accuracy"],"picked":"Die Die Die","floor":13},{"not_picked":["Footwork","Acrobatics","Infinite Blades"],"picked":"SKIP","floor":14}],"player_experience":881021,"relics_obtained":[{"floor":9.0,"key":"Kunai"}],"event_choices":[{"damage_healed":0.0,"max_hp_gain":0.0,"max_hp_loss":0.0,"gold_gain":75.0,"event_name":"World of Goop","player_choice":"Gather Gold","floor":2.0,"gold_loss":0.0,"damage_taken":11.0},{"cards_removed":["Defend_G"],"damage_healed":0.0,"max_hp_gain":0.0,"max_hp_loss":0.0,"gold_gain":0.0,"event_name":"Golden Wing","player_choice":"Card Removal","floor":12.0,"gold_loss":0.0,"damage_taken":7.0}],"is_beta":false,"boss_relics":[],"items_purged_floors":[10],"is_endless":false,"potions_floor_spawned":[3,7,13],"killed_by":"The Guardian","ascension_level":20}}