{"host":"v3qphhcqhwfpabne","time":1612800366,"event":{"mods":["100% Spire Juice","2.2 Compatiblity","AchievementEnabler","BaseMod","CapriCore","DeckTracker","KinomotoSakuraMod(ÙÊñýÜâ?)","Koishi","Marisa£¨Ùöéë¡¡Øª×âÞÞ£©","Minty Spire (QoL Compilation)","Permanent Neow","Prisma Mod","StSLib","Td1madao Mod","The Bug Knight","The Cursed","The Immortal","The Runesmith","WarShipGirlsR/??á´Ò³R mod"],"gold_per_floor":[112,173,173,192,142,169,189,215,287,300,326,326,341,360,360,360,360],"floor_reached":16,"language":"KOR","playtime":552,"items_purged":[],"score":162,"play_id":"71afd9e9-ae6a-4b53-b110-6adb8ac0b629","local_time":"20210209010606","is_ascension_mode":true,"campfire_choices":[{"data":"Whirlwind","floor":12,"key":"SMITH"},{"floor":15,"key":"REST"}],"circlet_count":0,"master_deck":["Strike_R","Strike_R","Strike_R","Strike_R","Defend_R","Defend_R","Defend_R","Defend_R","Bash","Sever Soul","Clash","Whirlwind+1","Sentinel","Reaper","Evolve","Bloodletting","Wild Strike"],"relics":["Burning Blood","NeowsBlessing","Girya","Oddly Smooth Stone","HollowMod:StagPassRelic","Question Card"],"acts_visited":["Exordium"],"potions_floor_usage":[8,11,16],"damage_taken":[{"damage":0,"enemies":"Jaw Worm","floor":1,"turns":1},{"damage":0,"enemies":"Small Slimes","floor":4,"turns":1},{"damage":0,"enemies":"Lagavulin","floor":6,"turns":1},{"damage":1,"enemies":"Cultist","floor":7,"turns":3},{"damage":27,"enemies":"Gremlin Nob","floor":8,"turns":4},{"damage":0,"enemies":"3 Louse","floor":10,"turns":1},{"damage":32,"enemies":"Lagavulin","floor":11,"turns":7},{"damage":6,"enemies":"Exordium Wildlife","floor":13,"turns":2},{"damage":3,"enemies":"Exordium Thugs","floor":14,"turns":3},{"damage":72,"enemies":"The Guardian","floor":16,"turns":10}],"seed_played":"2050956195602234676","potions_obtained":[{"floor":1,"key":"Fire Potion"},{"floor":3,"key":"SmokeBomb"},{"floor":3,"key":"FearPotion"},{"floor":13,"key":"Strength Potion"}],"is_trial":false,"path_per_floor":["M","?","?","M","?","E","M","E","T","M","E","R","M","M","R","B"],"character_chosen":"IRONCLAD","items_purchased":[],"campfire_rested":1,"item_purchase_floors":[],"current_hp_per_floor":[80,80,80,80,80,80,80,59,59,65,39,39,41,44,68,0,0],"gold":360,"neow_bonus":"THREE_ENEMY_KILL","is_daily":false,"chose_seed":false,"campfire_upgraded":1,"win_rate":0.0,"timestamp":1612800366,"path_taken":["M","?","?","?","?","E","M","E","T","M","E","R","M","M","R","BOSS"],"items_purchased_type":[],"build_version":"2020-12-22","purchased_purges":0,"victory":false,"max_hp_per_floor":[80,80,80,80,80,80,80,80,80,80,80,80,80,80,80,80,80],"card_choices":[{"not_picked":["True Grit","Sword Boomerang"],"picked":"Sever Soul","floor":1},{"not_picked":["Shrug It Off","Carnage"],"picked":"Clash","floor":4},{"not_picked":["Clash","Carnage"],"picked":"Whirlwind","floor":6},{"not_picked":["Thunderclap","Anger"],"picked":"Sentinel","floor":7},{"not_picked":["Disarm","Seeing Red"],"picked":"Reaper","floor":8},{"not_picked":["Havoc","Perfected Strike","True Grit"],"picked":"SKIP","floor":10},{"not_picked":["Thunderclap","Corruption"],"picked":"Evolve","floor":11},{"not_picked":["Shockwave","Searing Blow","Cleave"],"picked":"Bloodletting","floor":13},{"not_picked":["Armaments","Pummel","Clash"],"picked":"Wild Strike","floor":14}],"player_experience":117431,"relics_obtained":[{"floor":6,"key":"Girya"},{"floor":8,"key":"Oddly Smooth Stone"},{"floor":9,"key":"HollowMod:StagPassRelic"},{"floor":11,"key":"Question Card"}],"event_choices":[{"damage_healed":0,"gold_gain":61,"player_choice":"Gained Gold","damage_taken":0,"max_hp_gain":0,"max_hp_loss":0,"event_name":"Golden Wing","floor":2,"gold_loss":0},{"damage_healed":0,"gold_gain":0,"player_choice":"Got Potions","damage_taken":0,"max_hp_gain":0,"max_hp_loss":0,"event_name":"Lab","floor":3,"gold_loss":0},{"cards_removed":["Strike_R"],"damage_healed":0,"gold_gain":0,"player_choice":"Card Removal","damage_taken":0,"max_hp_gain":0,"max_hp_loss":0,"event_name":"The Cleric","floor":5,"gold_loss":50}],"is_beta":false,"boss_relics":[],"items_purged_floors":[],"is_endless":false,"potions_floor_spawned":[1,6,7,13],"killed_by":"The Guardian","ascension_level":2}}