{"host":"trw84khdytc0ixrp","time":1612788449,"event":{"mods":["BaseMod","Downfall","Minty Spire (QoL Compilation)","StSLib"],"gold_per_floor":[99,114,129,129,159,189,189,9,9,9,24,24,39,54,69,169,169,169,184,199,214,17,17,67,67,97,97,112,127,157,172,187,287,287,87,102,117,217,232,247,247,277,292,322,322,337,237,237,252,252,252,282,27,27,27,27],"floor_reached":57,"language":"ENG","playtime":7917,"items_purged":["Guardian:Strike_Guardian"],"score":1385,"play_id":"294a7215-1b93-4841-925f-d1059a8c6e88","local_time":"20210208134729","daily_mods":["Heirloom","downfall:Jewelcrafting","Elite Swarm"],"is_ascension_mode":false,"campfire_choices":[{"data":"Guardian:ExploitGems","floor":18.0,"key":"SMITH"},{"data":"Guardian:ExploitGems","floor":23.0,"key":"SMITH"},{"data":"Mayhem","floor":25.0,"key":"SMITH"},{"data":"Guardian:BaubleBeam","floor":35.0,"key":"SMITH"},{"floor":45,"key":"RECALL"},{"data":"Guardian:StasisEngine","floor":47,"key":"SMITH"},{"data":"Apotheosis","floor":54,"key":"SMITH"}],"circlet_count":0,"master_deck":["Guardian:Strike_Guardian","Guardian:Strike_Guardian","Guardian:Defend_Guardian","Guardian:Defend_Guardian","Guardian:Defend_Guardian","Guardian:Defend_Guardian","Guardian:CurlUp","Guardian:TwinSlam","Guardian:ExploitGems+1","Guardian:ExploitGems+1","Guardian:CrystalBeam","Guardian:BronzeOrb","Guardian:CrystalBeam","Guardian:BronzeOrb","Guardian:AncientConstruct","Guardian:ShieldSpikes","Guardian:Preprogram+1","Mayhem+1","Guardian:GemFinder","Guardian:Reroute","Guardian:PrismaticBarrier","Guardian:ExploitGems","Guardian:GemFinder","Guardian:Clone","Guardian:BaubleBeam+1","Guardian:PrimingBeam+1","Guardian:CompilePackage","Guardian:Planning","Guardian:Incinerate+1","Guardian:StasisEngine+1","Guardian:Reroute","Guardian:ConstructionForm","Guardian:Repulse+1","Guardian:EvasiveProtocol+1","Guardian:RevengeProtocol","Guardian:Gem_Green","Apotheosis+1","Guardian:BronzeOrb","Guardian:PiercingHide"],"relics":["Guardian:ModeShifter","Guardian:PickAxe","Mango","Pear","Letter Opener","Centennial Puzzle","Philosopher\u0027s Stone","CaptainsWheel","PreservedInsect","expansioncontent:StudyCardRelic","downfall:HeartBlessingGreen","downfall:HeartBlessingBlue","Bronze Scales","Oddly Smooth Stone","Bird Faced Urn","downfall:HeartBlessingRed","Bag of Preparation"],"acts_visited":["Exordium","TheCity","TheBeyond","TheEnding"],"potions_floor_usage":[56,56],"damage_taken":[{"damage":0.0,"enemies":"Small Slimes","floor":2.0,"turns":4.0},{"damage":6.0,"enemies":"2 Louse","floor":3.0,"turns":3.0},{"damage":31.0,"enemies":"3 Sentries","floor":6.0,"turns":11.0},{"damage":5.0,"enemies":"downfall:FleeingMerchant","floor":8.0,"turns":4.0},{"damage":0.0,"enemies":"Jaw Worm","floor":11.0,"turns":2.0},{"damage":0.0,"enemies":"Gremlin Gang","floor":13.0,"turns":3.0},{"damage":0.0,"enemies":"Large Slime","floor":14.0,"turns":3.0},{"damage":0.0,"enemies":"Blue Slaver","floor":15.0,"turns":2.0},{"damage":3.0,"enemies":"WA_ARCHETYPE_RETAIN","floor":16.0,"turns":5.0},{"damage":0.0,"enemies":"Chosen","floor":19.0,"turns":3.0},{"damage":0.0,"enemies":"3 Byrds","floor":20.0,"turns":3.0},{"damage":7.0,"enemies":"Centurion and Healer","floor":21.0,"turns":4.0},{"damage":0.0,"enemies":"downfall:FleeingMerchant","floor":22.0,"turns":4.0},{"damage":15.0,"enemies":"Slavers","floor":26.0,"turns":6.0},{"damage":11.0,"enemies":"Snake Plant","floor":28.0,"turns":4.0},{"damage":7.0,"enemies":"Snecko","floor":29.0,"turns":5.0},{"damage":8.0,"enemies":"Gremlin Leader","floor":30.0,"turns":8.0},{"damage":4.0,"enemies":"Shelled Parasite and Fungi","floor":31.0,"turns":4.0},{"damage":1.0,"enemies":"Centurion and Healer","floor":32.0,"turns":7.0},{"damage":26.0,"enemies":"IC_MUSHROOM_ARCHETYPE","floor":33.0,"turns":8.0},{"damage":8.0,"enemies":"3 Darklings","floor":36.0,"turns":3.0},{"damage":0.0,"enemies":"3 Shapes","floor":37.0,"turns":2.0},{"damage":4.0,"enemies":"Spire Growth","floor":39.0,"turns":4.0},{"damage":5.0,"enemies":"4 Shapes","floor":40.0,"turns":3.0},{"damage":25.0,"enemies":"Nemesis","floor":42.0,"turns":7.0},{"damage":0.0,"enemies":"Jaw Worm Horde","floor":43.0,"turns":2.0},{"damage":0,"enemies":"Giant Head","floor":44,"turns":5},{"damage":0,"enemies":"Sphere and 2 Shapes","floor":46,"turns":4},{"damage":0,"enemies":"4 Shapes","floor":49,"turns":3},{"damage":0,"enemies":"SI_POISON_ARCHETYPE","floor":50,"turns":6},{"damage":2,"enemies":"downfall:CharBossMerchant","floor":52,"turns":5},{"damage":1,"enemies":"downfall:NeowBoss","floor":55,"turns":12},{"damage":25,"enemies":"downfall:NeowBossFinal","floor":56,"turns":7}],"seed_played":"-2425098010432476902","potions_obtained":[{"floor":2.0,"key":"Explosive Potion"},{"floor":11.0,"key":"Guardian:BlockOnCardUsePotion"},{"floor":13.0,"key":"Fire Potion"},{"floor":15.0,"key":"SteroidPotion"},{"floor":16.0,"key":"PowerPotion"},{"floor":26.0,"key":"Energy Potion"},{"floor":29.0,"key":"SneckoOil"},{"floor":30.0,"key":"AttackPotion"},{"floor":31.0,"key":"LiquidMemories"},{"floor":32.0,"key":"CultistPotion"},{"floor":36.0,"key":"Ancient Potion"},{"floor":43.0,"key":"PowerPotion"},{"floor":44,"key":"GamblersBrew"},{"floor":49,"key":"Regen Potion"}],"is_trial":false,"path_per_floor":["R","M","M","?","?","E","T","$","R","?","M","R","M","M","M","B",null,"R","M","M","M","$","R","T","R","E","?","M","M","E","M","M","B",null,"R","M","M","?","M","M","T","E","M","E","R","M","R","?","M","B",null,"E","$","R","B","B",null],"character_chosen":"GUARDIAN","items_purchased":["Guardian:CrystalBeam","Guardian:BronzeOrb","Mayhem","Apotheosis","Guardian:BronzeOrb","Guardian:PiercingHide"],"campfire_rested":0,"item_purchase_floors":[8,8,22,53,53,53],"current_hp_per_floor":[94,94,88,86,86,55,55,50,50,84,84,84,84,84,84,81,104,104,104,104,97,97,97,97,97,82,82,71,64,56,52,51,25,104,114,106,106,106,102,97,97,72,72,72,72,90,90,90,94,114,114,114,114,114,114,108],"gold":27,"neow_bonus":"","is_daily":true,"chose_seed":false,"campfire_upgraded":6,"win_rate":0.0,"timestamp":1612788449,"path_taken":["R","M","M","?","?","E","T","$","R","?","M","R","M","M","M","BOSS","R","M","M","M","$","R","T","R","E","?","M","M","E","M","M","BOSS","R","M","M","?","M","M","T","E","?","E","R","M","R","?","M","BOSS","E","$","R","BOSS","BOSS"],"items_purchased_type":["Card","Card","Card","Card","Card","Card"],"build_version":"2020-12-22","purchased_purges":1,"victory":true,"max_hp_per_floor":[94,94,94,104,104,104,104,104,104,104,104,104,104,104,104,104,104,104,104,104,104,104,104,104,104,104,104,104,104,104,104,104,104,104,114,114,114,114,114,114,114,114,114,114,114,114,114,114,114,114,114,114,114,114,114,114],"card_choices":[{"not_picked":["Guardian:VentSteam","Guardian:ShieldCharger"],"picked":"Guardian:Gem_Yellow","floor":2.0},{"not_picked":["Guardian:Gem_Blue","Guardian:PiercingHide"],"picked":"Guardian:CrystalBeam","floor":3.0},{"not_picked":["Guardian:GemFinder","Guardian:Gem_Synthetic"],"picked":"Guardian:Gem_Orange","floor":6.0},{"not_picked":["Guardian:Harden","Guardian:TemporalShield"],"picked":"Guardian:BronzeOrb","floor":8.0},{"not_picked":["Guardian:Incinerate","Guardian:GuardianWhirl","Guardian:ShieldCharger"],"picked":"SKIP","floor":11.0},{"not_picked":["Guardian:Suspension","Guardian:Gem_Blue"],"picked":"Guardian:Gem_Crimson","floor":13.0},{"not_picked":["Guardian:RollAttack","Guardian:GuardianWhirl","Guardian:BodySlam"],"picked":"SKIP","floor":14.0},{"not_picked":["Guardian:FloatingOrbs","Guardian:WalkerClaw"],"picked":"Guardian:Gem_Blue","floor":15.0},{"not_picked":["Guardian:FierceBash","Guardian:RevengeProtocol"],"picked":"Guardian:AncientConstruct","floor":16.0},{"not_picked":["Guardian:Gem_Crimson","Guardian:Planning"],"picked":"Guardian:ShieldSpikes","floor":19.0},{"not_picked":["Guardian:Gem_Red","Guardian:PrimingBeam"],"picked":"Guardian:Preprogram+1","floor":20.0},{"not_picked":["Guardian:Gem_Crimson","Guardian:BronzeOrb"],"picked":"Guardian:Gem_White","floor":21.0},{"not_picked":["Guardian:FloatingOrbs+1","Guardian:TimeBomb","Guardian:DecasProtection+1"],"picked":"SKIP","floor":22.0},{"not_picked":["Guardian:RevengeProtocol","Guardian:CompilePackage"],"picked":"Guardian:GemFinder","floor":26.0},{"not_picked":["Guardian:ShieldCharger+1","Guardian:TemporalStrike"],"picked":"Guardian:PrismaticBarrier","floor":28.0},{"not_picked":["Guardian:Gem_Red","Guardian:Gem_Lightblue"],"picked":"Guardian:Gem_Cyan","floor":28.0},{"not_picked":["Guardian:Planning","Guardian:Incinerate"],"picked":"Guardian:ExploitGems","floor":29.0},{"not_picked":["Guardian:Gem_Red","Guardian:Gem_Lightblue"],"picked":"Guardian:Gem_Green","floor":29.0},{"not_picked":["Guardian:StasisField","Guardian:GatlingBeam"],"picked":"Guardian:GemFinder","floor":30.0},{"not_picked":["Guardian:Gem_Red","Guardian:Gem_Lightblue"],"picked":"Guardian:Gem_Cyan","floor":30.0},{"not_picked":["Guardian:TemporalStrike","Guardian:Gem_Green"],"picked":"Guardian:Clone","floor":31.0},{"not_picked":["Guardian:Gem_Green","Guardian:Gem_Red"],"picked":"Guardian:Gem_Cyan","floor":31.0},{"not_picked":["Guardian:Gem_Lightblue","Guardian:Gem_Green"],"picked":"Guardian:Gem_Cyan","floor":31.0},{"not_picked":["Guardian:MultiBeam","Guardian:Reroute"],"picked":"Guardian:Gem_Yellow","floor":32.0},{"not_picked":["Guardian:Gem_Lightblue","Guardian:Gem_Green"],"picked":"Guardian:Gem_Cyan","floor":32.0},{"not_picked":["Guardian:Gem_Red","Guardian:Gem_Green"],"picked":"Guardian:Gem_Cyan","floor":32.0},{"not_picked":["Guardian:Gem_Orange","Guardian:AncientConstruct"],"picked":"Guardian:BaubleBeam","floor":33.0},{"not_picked":["Guardian:Gem_Lightblue","Guardian:Gem_Green"],"picked":"Guardian:Gem_Cyan","floor":33.0},{"not_picked":["Guardian:Gem_Red","Guardian:Gem_Lightblue"],"picked":"Guardian:Gem_Cyan","floor":33.0},{"not_picked":["Guardian:Emergency+1","Guardian:Gem_Green"],"picked":"Guardian:PrimingBeam+1","floor":36.0},{"not_picked":["Guardian:TemporalStrike","Guardian:TimeCapacitor+1"],"picked":"Guardian:CompilePackage","floor":37.0},{"not_picked":["Guardian:ShieldSpikes","Guardian:VentSteam+1"],"picked":"Guardian:Planning","floor":39.0},{"not_picked":["Guardian:Gem_Purple","Guardian:RollAttack"],"picked":"Guardian:Incinerate+1","floor":40.0},{"not_picked":["Guardian:BaubleBeam","Guardian:Gem_Orange"],"picked":"Guardian:StasisEngine","floor":42.0},{"not_picked":["Guardian:VentSteam","Guardian:TimeBomb+1"],"picked":"Guardian:Reroute","floor":43.0},{"not_picked":["Guardian:HyperBeam_Guardian","Guardian:RevengeProtocol"],"picked":"Guardian:ConstructionForm","floor":44},{"not_picked":["Guardian:TemporalShield+1","Guardian:Gem_Red"],"picked":"Guardian:Repulse+1","floor":46},{"not_picked":["Guardian:Gem_Green","Guardian:Reroute"],"picked":"Guardian:EvasiveProtocol+1","floor":49},{"not_picked":["Guardian:FierceBash","Guardian:GemFire"],"picked":"Guardian:RevengeProtocol","floor":52},{"not_picked":["Guardian:Gem_Red","Guardian:Gem_Cyan"],"picked":"Guardian:Gem_Green","floor":52},{"not_picked":["Guardian:Gem_Lightblue","Guardian:Gem_Cyan"],"picked":"Guardian:Gem_Green","floor":52}],"player_experience":56075,"relics_obtained":[{"floor":6.0,"key":"Letter Opener"},{"floor":7.0,"key":"Centennial Puzzle"},{"floor":26.0,"key":"CaptainsWheel"},{"floor":30.0,"key":"PreservedInsect"},{"floor":41.0,"key":"Bronze Scales"},{"floor":42.0,"key":"Oddly Smooth Stone"},{"floor":44,"key":"Bird Faced Urn"},{"floor":52,"key":"Bag of Preparation"}],"event_choices":[{"damage_healed":0.0,"max_hp_gain":0.0,"max_hp_loss":0.0,"gold_gain":0.0,"event_name":"Scrap Ooze","player_choice":"Success","floor":4.0,"gold_loss":0.0,"damage_taken":12.0,"relics_obtained":["Pear"]},{"damage_healed":34.0,"max_hp_gain":0.0,"max_hp_loss":0.0,"gold_gain":0.0,"event_name":"Big Fish","player_choice":"Banana","floor":10.0,"gold_loss":0.0,"damage_taken":0.0},{"damage_healed":0.0,"max_hp_gain":0.0,"max_hp_loss":0.0,"gold_gain":0.0,"event_name":"The Library","player_choice":"Read","floor":27.0,"gold_loss":0.0,"damage_taken":0.0,"cards_obtained":["Guardian:Reroute"]}],"is_beta":false,"boss_relics":[{"not_picked":["SacredBark","Guardian:StasisSlotReductionRelic"],"picked":"Philosopher\u0027s Stone"},{"not_picked":["Busted Crown","Empty Cage"],"picked":"expansioncontent:StudyCardRelic"}],"items_purged_floors":[8],"is_endless":false,"potions_floor_spawned":[2,11,13,15,16,26,29,30,31,32,36,43,44,46,49,52],"ascension_level":0}}