{"host":"pmmuxs046gii331m","time":1612813775,"event":{"mods":["AchievementEnabler","BaseMod","Colored Powertips","Downfall","Gold Saver","Infinite Spire","Minty Spire (QoL Compilation)","Permanent Neow","Quick Restart","StSLib"],"gold_per_floor":[246,101,113,128,128,128,142,167,167,167,185,185,212,226,226,331,331,341,358,110,110,110],"floor_reached":21,"language":"ENG","playtime":2300,"items_purged":["Strike_R","Strike_R"],"score":229,"play_id":"89127833-1021-4e14-b3ce-bed2b6ad7667","local_time":"20210208144935","is_ascension_mode":true,"campfire_choices":[{"data":"True Grit","floor":6,"key":"SMITH"},{"data":"Berserk","floor":10,"key":"SMITH"},{"floor":12,"key":"REST"},{"data":"Corruption","floor":15,"key":"SMITH"}],"circlet_count":0,"master_deck":["Strike_R","Strike_R","Strike_R","Defend_R","Defend_R","Defend_R","Defend_R","Bash","Iron Wave","Iron Wave","Cleave","True Grit+1","Disarm","Feel No Pain","Berserk+1","Inflame","Corruption+1","Barricade","Body Slam"],"relics":["Burning Blood","Blue Candle","Nunchaku","Thread and Needle","Coffee Dripper","ClockworkSouvenir"],"acts_visited":["Exordium","TheCity"],"potions_floor_usage":[11,13,16,19,19],"damage_taken":[{"damage":0,"enemies":"Cultist","floor":1,"turns":4},{"damage":5,"enemies":"Small Slimes","floor":3,"turns":3},{"damage":3,"enemies":"2 Louse","floor":4,"turns":3},{"damage":31,"enemies":"Exordium Thugs","floor":7,"turns":8},{"damage":38,"enemies":"Gremlin Nob","floor":8,"turns":6},{"damage":8,"enemies":"Looter","floor":11,"turns":4},{"damage":9,"enemies":"Lagavulin","floor":13,"turns":9},{"damage":2,"enemies":"Blue Slaver","floor":14,"turns":5},{"damage":10,"enemies":"Hexaghost","floor":16,"turns":8},{"damage":26,"enemies":"Shell Parasite","floor":18,"turns":8},{"damage":34,"enemies":"Spheric Guardian","floor":19,"turns":7},{"damage":57,"enemies":"Cultist and Chosen","floor":21,"turns":4}],"seed_played":"1444284218178954062","potions_obtained":[{"floor":4,"key":"Ancient Potion"},{"floor":8,"key":"FearPotion"},{"floor":13,"key":"Slimebound:ThreeZeroPotion"},{"floor":14,"key":"DuplicationPotion"},{"floor":18,"key":"BloodPotion"}],"is_trial":false,"path_per_floor":["M","$","M","M","?","R","M","E","T","R","M","R","E","M","R","B",null,"M","M","$","M"],"character_chosen":"IRONCLAD","items_purchased":["Cleave","True Grit","ClockworkSouvenir"],"campfire_rested":1,"item_purchase_floors":[2,2,20],"current_hp_per_floor":[80,80,80,80,75,75,50,18,18,18,16,40,37,41,41,37,80,60,48,48,0,0],"gold":110,"neow_bonus":"THREE_CARDS","is_daily":false,"chose_seed":false,"campfire_upgraded":3,"win_rate":0.0,"timestamp":1612813775,"path_taken":["M","?","?","M","?","R","M","E","T","R","M","R","E","M","R","BOSS","M","M","$","M"],"items_purchased_type":["Card","Card","Relic"],"build_version":"2020-12-22","purchased_purges":2,"victory":false,"max_hp_per_floor":[80,80,80,80,80,80,80,80,80,80,80,80,80,80,80,80,80,80,80,80,80,80],"card_choices":[{"not_picked":["Heavy Blade","Clothesline"],"picked":"Iron Wave","floor":0},{"not_picked":["Warcry","Sword Boomerang"],"picked":"Iron Wave","floor":1},{"not_picked":["Anger","True Grit"],"picked":"Disarm","floor":3},{"not_picked":["Warcry","Clash","Seeing Red"],"picked":"SKIP","floor":4},{"not_picked":["Whirlwind","Iron Wave"],"picked":"Feel No Pain","floor":7},{"not_picked":["Clash","Thunderclap"],"picked":"Berserk","floor":8},{"not_picked":["Havoc","Body Slam"],"picked":"Inflame","floor":11},{"not_picked":["Evolve","Second Wind"],"picked":"Corruption","floor":13},{"not_picked":["Wild Strike","Rupture","Cleave"],"picked":"SKIP","floor":14},{"not_picked":["Exhume","Corruption"],"picked":"Barricade","floor":16},{"not_picked":["Carnage","Cleave","Battle Trance"],"picked":"SKIP","floor":18},{"not_picked":["Headbutt","Clothesline"],"picked":"Body Slam","floor":19}],"player_experience":476877,"relics_obtained":[{"floor":8,"key":"Nunchaku"},{"floor":13,"key":"Thread and Needle"}],"event_choices":[],"is_beta":false,"boss_relics":[{"not_picked":["Velvet Choker","SacredBark"],"picked":"Coffee Dripper"}],"items_purged_floors":[2,20],"is_endless":false,"potions_floor_spawned":[4,8,13,14,18],"killed_by":"Cultist and Chosen","ascension_level":4}}