{"host":"5ddwedapke4fsx0r","time":1612825785,"event":{"mods":["BaseMod","Downfall","Infinite Spire","Minty Spire (QoL Compilation)","Reliquary","Shade Mod","StSLib","The Clintock","The Construct","The Forsaken","The Gatherer","The Hierophant","The Servant 0.9.4","TheSurvivalist"],"gold_per_floor":[0,15,15,34,52,52,121,21,38,49,67,67,92,109,127,222,222,222,236,246,346,362,382,406,435,435,435,235,250,91,101,120,222,222,222,236,253,81,108,108,131,151,151,170,170,198,198,209,222,222,222,222,222],"floor_reached":52,"language":"ENG","playtime":3593,"items_purged":["Shade:Defend_Shade"],"score":824,"play_id":"1dbae521-7361-4e19-aec0-ae2b32eee8b2","local_time":"20210209000945","is_ascension_mode":true,"campfire_choices":[{"floor":1.0,"key":"RECALL"},{"data":"Shade:AnimateDead","floor":6.0,"key":"SMITH"},{"data":"Shade:Bonestorm","floor":8.0,"key":"SMITH"},{"data":"Shade:Coordination","floor":18.0,"key":"SMITH"},{"data":"Shade:UnbarTheGrave","floor":28.0,"key":"SMITH"},{"data":"Shade:DarkOfNight","floor":35.0,"key":"SMITH"},{"floor":43.0,"key":"REST"},{"data":"Shade:GreaterAnimation","floor":45.0,"key":"SMITH"},{"floor":47.0,"key":"REST"}],"circlet_count":0,"master_deck":["Shade:Strike_Shade+1","Shade:Strike_Shade+1","Shade:Defend_Shade+1","Shade:AnimateDead+1","Shade:CarefulCut+1","Shade:StitchTogether+1","Shade:Bonestorm+1","Shade:SkeletonHug+1","Shade:WallOfFlesh+1","Shade:Frenzy+1","Shade:UnbarTheGrave+1","Shade:CloudOfShrapnel+1","Shade:ExtraLimbs+1","Shade:Coordination+1","Shade:GraveStillness+1","infinitespire:Execution+1","Shade:Bonestorm+1","Shade:OminousRitual+1","Shade:CoffinDance+1","Shade:DarkOfNight+1","Shade:GraveStillness+1","Shade:ExtraLimbs+1","Shade:GreaterAnimation+1","Shade:FuneraryArmor+1","Shade:SensePrey+1"],"relics":["Shade:YorickSkull","reliquary:PurpleTingedLeaf","Bag of Marbles","Busted Crown","downfall:GremlinWheel","Pocketwatch","Black Star","Molten Egg 2","Sling","reliquary:Craggleroot","Question Card","reliquary:PartyBalloon","Art of War","Omamori","Blood Vial","Bag of Preparation"],"acts_visited":["Exordium","TheCity","TheBeyond","TheEnding"],"potions_floor_usage":[52,52],"damage_taken":[{"damage":0.0,"enemies":"Small Slimes","floor":2.0,"turns":2.0},{"damage":0.0,"enemies":"Cultist","floor":4.0,"turns":3.0},{"damage":10.0,"enemies":"infinitespire:Voidling","floor":5.0,"turns":3.0},{"damage":3.0,"enemies":"Red Slaver","floor":9.0,"turns":3.0},{"damage":0.0,"enemies":"2 Fungi Beasts","floor":10.0,"turns":3.0},{"damage":1.0,"enemies":"Exordium Thugs","floor":11.0,"turns":3.0},{"damage":0.0,"enemies":"3 Sentries","floor":13.0,"turns":5.0},{"damage":0.0,"enemies":"Large Slime","floor":14.0,"turns":4.0},{"damage":0.0,"enemies":"Exordium Wildlife","floor":15.0,"turns":4.0},{"damage":8.0,"enemies":"SI_SHIV_ARCHETYPE","floor":16.0,"turns":8.0},{"damage":0.0,"enemies":"Spheric Guardian","floor":19.0,"turns":3.0},{"damage":0.0,"enemies":"Chosen","floor":20.0,"turns":4.0},{"damage":0.0,"enemies":"Chosen","floor":21.0,"turns":3.0},{"damage":11.0,"enemies":"Centurion and Healer","floor":22.0,"turns":3.0},{"damage":0.0,"enemies":"Cultist and Chosen","floor":23.0,"turns":3.0},{"damage":32.0,"enemies":"Slavers","floor":25.0,"turns":4.0},{"damage":0.0,"enemies":"3 Cultists","floor":29.0,"turns":3.0},{"damage":0.0,"enemies":"downfall:FleeingMerchant","floor":30.0,"turns":4.0},{"damage":5.0,"enemies":"Centurion and Healer","floor":31.0,"turns":3.0},{"damage":0.0,"enemies":"Snecko","floor":32.0,"turns":4.0},{"damage":20.0,"enemies":"IC_MUSHROOM_ARCHETYPE","floor":33.0,"turns":5.0},{"damage":0.0,"enemies":"Orb Walker","floor":36.0,"turns":2.0},{"damage":0.0,"enemies":"3 Shapes","floor":37.0,"turns":3.0},{"damage":0.0,"enemies":"downfall:FleeingMerchant","floor":38.0,"turns":4.0},{"damage":2.0,"enemies":"Maw","floor":42.0,"turns":6.0},{"damage":4.0,"enemies":"Writhing Mass","floor":44.0,"turns":7.0},{"damage":1.0,"enemies":"Nemesis","floor":46.0,"turns":7.0},{"damage":0.0,"enemies":"3 Darklings","floor":48.0,"turns":2.0},{"damage":2.0,"enemies":"Spire Growth","floor":49.0,"turns":4.0},{"damage":11.0,"enemies":"WA_ARCHETYPE_DIVINITY","floor":50.0,"turns":7.0},{"damage":98,"enemies":"downfall:CharBossMerchant","floor":52,"turns":8}],"seed_played":"-5260842360194309112","potions_obtained":[{"floor":2.0,"key":"Explosive Potion"},{"floor":5.0,"key":"LiquidBronze"},{"floor":11.0,"key":"SpeedPotion"},{"floor":13.0,"key":"Swift Potion"},{"floor":14.0,"key":"BlessingOfTheForge"},{"floor":15.0,"key":"AttackPotion"},{"floor":19.0,"key":"champ:CounterPotion"},{"floor":22.0,"key":"Weak Potion"},{"floor":25.0,"key":"Energy Potion"},{"floor":32.0,"key":"SpeedPotion"},{"floor":42.0,"key":"ColorlessPotion"},{"floor":46.0,"key":"DistilledChaos"},{"floor":48.0,"key":"AttackPotion"},{"floor":49.0,"key":"Dexterity Potion"}],"is_trial":false,"path_per_floor":["R","M","?","M","M","R","T","R","M","M","M","?","E","M","M","B",null,"R","M","M","?","M","M","T","E","AVR","?","R","M","$","M","M","B",null,"R","M","M","$","?","?","T","M","R","M","R","E","R","M","M","B",null,"E"],"character_chosen":"SHADE","items_purchased":["Sling","reliquary:PartyBalloon"],"campfire_rested":2,"item_purchase_floors":[30,38],"current_hp_per_floor":[65,65,65,65,60,60,60,60,58,59,59,59,61,63,64,59,65,65,65,65,65,54,55,55,24,24,24,34,36,38,33,34,16,75,75,75,75,75,75,65,65,64,65,61,61,65,65,65,63,54,65,0,0],"gold":222,"neow_bonus":"REMOVE_TWO","is_daily":false,"chose_seed":false,"campfire_upgraded":6,"win_rate":0.0,"timestamp":1612825785,"path_taken":["R","M","?","M","M","R","T","R","M","?","?","?","E","M","M","BOSS","R","M","M","?","?","M","T","E","AVR","?","R","M","$","?","M","BOSS","R","M","M","$","?","?","T","M","R","M","R","E","R","M","M","BOSS","E"],"items_purchased_type":["Relic","Relic"],"build_version":"2020-12-22","purchased_purges":1,"victory":false,"max_hp_per_floor":[65,65,65,65,65,65,65,65,65,65,65,65,65,65,65,65,65,65,65,65,65,65,65,65,65,65,65,75,75,75,75,75,75,75,75,75,75,75,75,65,65,65,65,65,65,65,65,65,65,65,65,65,65],"card_choices":[{"not_picked":["Shade:CoffinDance","Shade:FleshToFlesh"],"picked":"Shade:StitchTogether","floor":2.0},{"not_picked":["Shade:Awaken","Shade:FleshToFlesh"],"picked":"Shade:SkeletonHug","floor":4.0},{"not_picked":["Shade:RitualOffering","Shade:AncientSpear"],"picked":"Shade:WallOfFlesh","floor":5.0},{"not_picked":["Shade:AblativeArmor","Shade:Premonition"],"picked":"Shade:Frenzy","floor":9.0},{"not_picked":["Shade:FingerOfDeath","Shade:ClawBack","Shade:GraveStillness"],"picked":"SKIP","floor":10.0},{"not_picked":["Shade:PotionOfRestlessness","Shade:SpontaneousRitual"],"picked":"Shade:UnbarTheGrave","floor":11.0},{"not_picked":["Shade:Premonition","Shade:SkeletonHug","Shade:CallWraith"],"picked":"SKIP","floor":13.0},{"not_picked":["Shade:Frenzy","Shade:Carnophage"],"picked":"Shade:CloudOfShrapnel","floor":14.0},{"not_picked":["Shade:CoffinDance","Shade:ScuttlingHand"],"picked":"Shade:ExtraLimbs","floor":15.0},{"not_picked":["Shade:UnbarTheGrave","Shade:SoulPierce"],"picked":"Shade:Coordination","floor":16.0},{"not_picked":["Shade:AncientSpear"],"picked":"SKIP","floor":19.0},{"not_picked":["Shade:FeralStrike"],"picked":"SKIP","floor":20.0},{"not_picked":["Shade:Premonition"],"picked":"SKIP","floor":22.0},{"not_picked":["Shade:GraveStillness"],"picked":"SKIP","floor":23.0},{"not_picked":[],"picked":"Shade:GraveStillness","floor":23.0},{"not_picked":["Shade:WallOfFlesh"],"picked":"SKIP","floor":25.0},{"not_picked":[],"picked":"Shade:Bonestorm+1","floor":29.0},{"not_picked":["Shade:PotionOfRestlessness"],"picked":"SKIP","floor":30.0},{"not_picked":["Shade:OminousRitual+1"],"picked":"SKIP","floor":31.0},{"not_picked":[],"picked":"Shade:OminousRitual+1","floor":31.0},{"not_picked":[],"picked":"Shade:CoffinDance+1","floor":32.0},{"not_picked":[],"picked":"Shade:DarkOfNight","floor":33.0},{"not_picked":["Shade:ClawBack+1"],"picked":"Shade:GraveStillness+1","floor":36.0},{"not_picked":["Shade:Brains"],"picked":"Shade:ExtraLimbs+1","floor":37.0},{"not_picked":["Shade:FuneraryArmor","Shade:FeralStrike+1"],"picked":"SKIP","floor":38.0},{"not_picked":["Shade:FeralStrike+1","Shade:FuneraryArmor+1"],"picked":"SKIP","floor":42.0},{"not_picked":["Shade:SkeletonHug+1"],"picked":"Shade:GreaterAnimation","floor":44.0},{"not_picked":["Shade:Awaken","Shade:CallOfTheGrave+1"],"picked":"SKIP","floor":46.0},{"not_picked":["Shade:CoffinDance+1"],"picked":"Shade:FuneraryArmor+1","floor":48.0},{"not_picked":["Shade:Awaken+1"],"picked":"Shade:SensePrey+1","floor":49.0}],"player_experience":550626,"relics_obtained":[{"floor":7.0,"key":"reliquary:PurpleTingedLeaf"},{"floor":13.0,"key":"Bag of Marbles"},{"floor":21.0,"key":"downfall:GremlinWheel"},{"floor":25.0,"key":"Pocketwatch"},{"floor":35.0,"key":"Question Card"},{"floor":39.0,"key":"Art of War"},{"floor":41.0,"key":"Omamori"},{"floor":46.0,"key":"Blood Vial"},{"floor":46.0,"key":"Bag of Preparation"}],"event_choices":[{"cards_removed":["Shade:Strike_Shade"],"damage_healed":0.0,"max_hp_gain":0.0,"max_hp_loss":0.0,"gold_gain":0.0,"event_name":"The Cleric","player_choice":"Card Removal","floor":12.0,"gold_loss":0.0,"damage_taken":0.0},{"damage_healed":0.0,"max_hp_gain":0.0,"max_hp_loss":0.0,"gold_gain":0.0,"event_name":"Wheel of Change","player_choice":"Relic","floor":35.0,"gold_loss":0.0,"damage_taken":0.0}],"is_beta":false,"boss_relics":[{"not_picked":["SacredBark","Philosopher\u0027s Stone"],"picked":"Busted Crown"},{"not_picked":["Empty Cage","Tiny House"],"picked":"reliquary:Craggleroot"}],"items_purged_floors":[26],"is_endless":false,"potions_floor_spawned":[2,5,11,13,14,15,16,19,22,25,32,42,46,48,49],"killed_by":"downfall:CharBossMerchant","ascension_level":4}}