{"host":"aduepa6pof7ckcrz","time":1612745865,"event":{"mods":["Act Like it!","Arknights","Aspiration","BaseMod","CapriCore","Colored Map","Colored Powertips","Downfall","Hallownest","Hermit","Hubris","Minty Spire (QoL Compilation)","Quick Restart","Replay The Spire","Robot Space Explorer","Shop Mod","StSLib","The Bug Knight","The Marked"],"gold_per_floor":[119,119,119,130,146,172,172,74,97,97,108,140,115,125,125,220,220,230,81,81,81,81,111,127,147,171,182,182,193,51,69,69,174,174,192,192,203,128,0,35,35,35,59,59,44,60,60,80,80,80],"floor_reached":51,"language":"FRA","playtime":3091,"items_purged":["Anger"],"score":555,"play_id":"a9e1f43b-cd83-475b-9b7f-b0b5606c3ed4","local_time":"20210208015745","is_ascension_mode":false,"campfire_choices":[{"data":"RobotSpaceExplorer:StarLightning","floor":7,"key":"SMITH"},{"data":"Pot Of Greed","floor":10,"key":"SMITH"},{"floor":15,"key":"REST"},{"data":"RobotSpaceExplorer:DoubleFind","floor":28,"key":"SMITH"},{"floor":32,"key":"REST"},{"data":"RobotSpaceExplorer:Defend","floor":44,"key":"SMITH"},{"data":"RobotSpaceExplorer:MiniLasers","floor":49,"key":"SMITH"}],"circlet_count":0,"master_deck":["RobotSpaceExplorer:Strike","RobotSpaceExplorer:Strike","RobotSpaceExplorer:Strike","RobotSpaceExplorer:Defend+2","RobotSpaceExplorer:Defend","RobotSpaceExplorer:Defend","RobotSpaceExplorer:Scan","RobotSpaceExplorer:MiniLasers+1","RobotSpaceExplorer:SurgingShield","RobotSpaceExplorer:SurgingStrike","RobotSpaceExplorer:StarLightning+1","Pot Of Greed+1","Pot Of Greed+1","RobotSpaceExplorer:FranticSearch","RobotSpaceExplorer:DoubleFind+1","RobotSpaceExplorer:ScrapMissile","RobotSpaceExplorer:ScrapToss","RobotSpaceExplorer:ScrapToss","Flex+1","RobotSpaceExplorer:BigMissile+1","Body Slam+1","RobotSpaceExplorer:LuckyStrike","Eclipse+1","Body Slam+1","Pot Of Greed+1","Pummel+1"],"relics":["RobotSpaceExplorer:RoboCore","NeowsBlessing","hubris:Towel","Sundial","MerchantsRug","aspiration:IroncladSkillbook","Onion Ring","HollowMod:PaleOreRelic","Replay:Drink Me","Red Mask","ReplayTheSpireMod:Ninjato"],"acts_visited":["Exordium","TheCity","TheBeyond"],"potions_floor_usage":[6,29,33,33,33,50,50,50],"damage_taken":[{"damage":0,"enemies":"2 Louse","floor":1,"turns":1},{"damage":0,"enemies":"ats:Genji","floor":4,"turns":1},{"damage":0,"enemies":"Small Slimes","floor":5,"turns":2},{"damage":15,"enemies":"3 Sentries","floor":6,"turns":9},{"damage":3,"enemies":"3 Louse","floor":11,"turns":2},{"damage":12,"enemies":"Lagavulin","floor":12,"turns":6},{"damage":1,"enemies":"2 Fungi Beasts","floor":14,"turns":2},{"damage":25,"enemies":"The Guardian","floor":16,"turns":12},{"damage":9,"enemies":"Chosen","floor":18,"turns":4},{"damage":27,"enemies":"Gremlin Leader","floor":23,"turns":6},{"damage":0,"enemies":"Spheric Guardian","floor":24,"turns":2},{"damage":7,"enemies":"Centurion and Healer","floor":25,"turns":4},{"damage":1,"enemies":"3 Cultists","floor":27,"turns":3},{"damage":0,"enemies":"Shelled Parasite and Fungi","floor":29,"turns":2},{"damage":14,"enemies":"Cultist and Chosen","floor":31,"turns":6},{"damage":19,"enemies":"Champ","floor":33,"turns":6},{"damage":4,"enemies":"3 Shapes","floor":35,"turns":3},{"damage":0,"enemies":"3 Darklings","floor":37,"turns":3},{"damage":1,"enemies":"Giant Head","floor":40,"turns":5},{"damage":0,"enemies":"Transient","floor":46,"turns":3},{"damage":0,"enemies":"Maw","floor":48,"turns":3},{"damage":13,"enemies":"Replay:Hell Engine","floor":50,"turns":3}],"seed_played":"4250430034965736555","potions_obtained":[{"floor":4,"key":"Weak Potion"},{"floor":5,"key":"Fire Potion"},{"floor":16,"key":"Strength Potion"},{"floor":25,"key":"Venom Potion"},{"floor":27,"key":"LiquidMemories"},{"floor":29,"key":"Block Potion"},{"floor":35,"key":"FearPotion"},{"floor":46,"key":"CultistPotion"}],"is_trial":false,"path_per_floor":["M","?","?","M","M","E","R","$","T","R","M","E","?","M","R","B",null,"M","$","?","?","?","E","M","M","T","M","R","M","$","M","R","B",null,"M","?","M","$","?","E","?","?","T","R","$","M","?","M","R","B",null],"character_chosen":"RobotSpaceExplorer","items_purchased":["MerchantsRug","Guide Book","RobotSpaceExplorer:ScrapToss","Apotheosis","PowerPotion"],"campfire_rested":2,"item_purchase_floors":[8,19,19,30,45],"current_hp_per_floor":[75,75,68,68,68,60,60,60,60,60,57,45,45,44,68,43,82,77,77,77,77,77,54,58,55,55,58,58,62,62,52,76,61,62,62,62,62,62,62,62,62,62,62,62,62,62,62,62,62,53],"gold":80,"neow_bonus":"THREE_ENEMY_KILL","is_daily":false,"chose_seed":false,"campfire_upgraded":5,"win_rate":0.0,"timestamp":1612745865,"path_taken":["M","?","?","M","M","E","R","$","T","R","M","E","?","M","R","BOSS","M","$","?","?","?","E","?","M","T","M","R","M","$","M","R","BOSS","M","?","?","$","?","E","?","?","T","R","$","?","?","M","R","BOSS"],"items_purchased_type":["Relic","Relic","Card","Card","Potion"],"build_version":"2020-12-22","purchased_purges":1,"victory":true,"max_hp_per_floor":[75,75,75,75,75,82,82,82,82,82,82,82,82,82,82,82,82,82,82,82,82,82,82,82,82,82,82,82,82,82,82,82,82,62,62,62,62,62,62,62,62,62,62,62,62,62,62,62,62,62],"card_choices":[{"not_picked":["RobotSpaceExplorer:StunGrenade","RobotSpaceExplorer:Reload"],"picked":"RobotSpaceExplorer:SurgingShield","floor":1},{"not_picked":["RobotSpaceExplorer:StarDust","RobotSpaceExplorer:Probe"],"picked":"RobotSpaceExplorer:SurgingStrike","floor":4},{"not_picked":["RobotSpaceExplorer:ShockKick","RobotSpaceExplorer:ShovelStrike"],"picked":"RobotSpaceExplorer:ToxicBomb","floor":5},{"not_picked":["RobotSpaceExplorer:Probe","RobotSpaceExplorer:Pulsar"],"picked":"RobotSpaceExplorer:StarLightning","floor":6},{"not_picked":["RobotSpaceExplorer:MakeshiftVolley","RobotSpaceExplorer:Electroshield"],"picked":"RobotSpaceExplorer:FranticSearch","floor":11},{"not_picked":["RobotSpaceExplorer:Counterblock","RobotSpaceExplorer:SurgingShield"],"picked":"RobotSpaceExplorer:DoubleFind","floor":12},{"not_picked":["RobotSpaceExplorer:TurboDodge","RobotSpaceExplorer:DualCore"],"picked":"RobotSpaceExplorer:ScrapMissile","floor":14},{"not_picked":["RobotSpaceExplorer:ScrapShield","RobotSpaceExplorer:ShockKick"],"picked":"RobotSpaceExplorer:ScrapToss","floor":15},{"not_picked":["RobotSpaceExplorer:Wormhole","RobotSpaceExplorer:Explosion"],"picked":"RobotSpaceExplorer:Multitool","floor":16},{"not_picked":["RobotSpaceExplorer:MiniDrones","RobotSpaceExplorer:MetalStrike","Run Through","RobotSpaceExplorer:ToxicBomb"],"picked":"SKIP","floor":18},{"not_picked":["Headbutt","Cleave","RobotSpaceExplorer:SlimeMissile"],"picked":"Flex+1","floor":23},{"not_picked":["RobotSpaceExplorer:SurgingShield","Heavy Blade","RobotSpaceExplorer:ShovelStrike+1","Thunderclap"],"picked":"SKIP","floor":24},{"not_picked":["RobotSpaceExplorer:IronShell","RobotSpaceExplorer:SlimeMissile","Entrench","Demonic Infusion"],"picked":"SKIP","floor":25},{"not_picked":["Second Wind","RobotSpaceExplorer:GlueShot+1","Metallicize"],"picked":"RobotSpaceExplorer:BigMissile+1","floor":27},{"not_picked":["Carnage","Clash+1","True Grit+1"],"picked":"Body Slam+1","floor":29},{"not_picked":["Sword Boomerang","RobotSpaceExplorer:StunGrenade+1","RobotSpaceExplorer:HighVoltage"],"picked":"RobotSpaceExplorer:LuckyStrike","floor":31},{"not_picked":["RobotSpaceExplorer:Comet","RobotSpaceExplorer:TrailblazerForm","Limit Break"],"picked":"Eclipse","floor":33},{"not_picked":["Cleave","RobotSpaceExplorer:FranticSearch+1","Combust"],"picked":"Body Slam+1","floor":35},{"not_picked":["RobotSpaceExplorer:SurgingStrike+1","Abandon+1","RobotSpaceExplorer:SurgingShield+1"],"picked":"Anger","floor":37},{"not_picked":["Rampage+1","Wild Strike+1","hubris:StunningStrike","Perfected Strike"],"picked":"SKIP","floor":40},{"not_picked":["RobotSpaceExplorer:Ammunition","Rupture+1","RobotSpaceExplorer:DoubleFind","RobotSpaceExplorer:Counterblock"],"picked":"SKIP","floor":46},{"not_picked":["RobotSpaceExplorer:Electroshield+1","RobotSpaceExplorer:Counterblock+1","RobotSpaceExplorer:FreezeRay+1"],"picked":"Pummel+1","floor":48}],"player_experience":1011790,"relics_obtained":[{"floor":6,"key":"Strawberry"},{"floor":9,"key":"Grinning Jar"},{"floor":12,"key":"Dream Catcher"},{"floor":23,"key":"Onion Ring"},{"floor":26,"key":"HollowMod:PaleOreRelic"},{"floor":40,"key":"ReplayTheSpireMod:Ninjato"},{"floor":43,"key":"Simple Rune"}],"event_choices":[{"damage_healed":0,"gold_gain":0,"player_choice":"Success","damage_taken":7,"relics_obtained":["Sundial"],"max_hp_gain":0,"max_hp_loss":0,"event_name":"Scrap Ooze","floor":3,"gold_loss":0},{"damage_healed":0,"gold_gain":0,"player_choice":"Left Gold","damage_taken":0,"max_hp_gain":0,"max_hp_loss":0,"event_name":"World of Goop","floor":13,"gold_loss":25},{"damage_healed":0,"gold_gain":0,"player_choice":"Bought 0 Potions","damage_taken":0,"max_hp_gain":0,"max_hp_loss":0,"event_name":"The Woman in Blue","floor":22,"gold_loss":0},{"cards_removed":["RobotSpaceExplorer:ToxicBomb"],"damage_healed":0,"gold_gain":0,"player_choice":"Offered Uncommon","damage_taken":0,"max_hp_gain":0,"max_hp_loss":0,"event_name":"Bonfire Elementals","floor":36,"gold_loss":0},{"damage_healed":0,"gold_gain":0,"player_choice":"Paid","damage_taken":0,"relics_obtained":["Red Mask"],"max_hp_gain":0,"max_hp_loss":0,"event_name":"Tomb of Lord Red Mask","floor":39,"gold_loss":128},{"cards_removed":["RobotSpaceExplorer:Multitool"],"damage_healed":0,"gold_gain":0,"player_choice":"Removed Power","damage_taken":0,"max_hp_gain":0,"max_hp_loss":0,"event_name":"Falling","floor":41,"gold_loss":0},{"damage_healed":0,"gold_gain":0,"player_choice":"Forge","damage_taken":0,"max_hp_gain":0,"max_hp_loss":0,"event_name":"Accursed Blacksmith","floor":42,"gold_loss":0,"cards_upgraded":["Eclipse"]},{"damage_healed":0,"gold_gain":0,"player_choice":"Copied","damage_taken":0,"max_hp_gain":0,"max_hp_loss":0,"event_name":"Duplicator","floor":47,"gold_loss":0,"cards_obtained":["Pot Of Greed"]}],"is_beta":false,"boss_relics":[{"not_picked":["aspiration:SilentSkillbook","aspiration:RunicSpoon"],"picked":"aspiration:IroncladSkillbook"},{"not_picked":["hubris:VirtuousBlindfold","Honey Jar"],"picked":"Replay:Drink Me"}],"items_purged_floors":[38],"is_endless":false,"potions_floor_spawned":[4,5,16,25,27,29,35,46],"ascension_level":0}}