{"host":"vhw5fdvi8l2afono","time":1612781200,"event":{"mods":["100% Spire Juice","Act Like it!","Arknights","BaseMod","Gensokyo","Minty Spire (QoL Compilation)","Reimu£®≤©¿ˆ¡È√Œ£©","Shop Mod","StSLib","Waifu the Spire","[IsaacMod]“‘»ˆº‚À˛","°æ“≈ŒÔø®≈∆°øREMEMod"],"gold_per_floor":[114,132,92,92,102,102,127,127,219,219,247,264,294,306,306,406,406,423,203,303,320,320,354,354,388,435,469,469,498,510,521,521,623,623,634,634,634,647,68,102,102,172,172,192,31,31,31,31],"floor_reached":47,"language":"ZHS","playtime":3392,"items_purged":["Defend_Lin:ReiMu","Strike_Lin:ReiMu","Strike_Lin:ReiMu","RunawayExorcism:ReiMu+1"],"score":1216,"play_id":"a9d8f4b2-4579-48cc-98ca-573e6c21cc2a","local_time":"20210208184640","is_ascension_mode":true,"campfire_choices":[{"data":"RunawayExorcism:ReiMu","floor":6.0,"key":"SMITH"},{"data":"Conquer:ReiMu","floor":8.0,"key":"SMITH"},{"data":"Gensokyo:RisingWorld","floor":10.0,"key":"SMITH"},{"floor":15.0,"key":"REST"},{"data":"KamiRite:ReiMu","floor":24.0,"key":"SMITH"},{"data":"Determination:ReiMu","floor":32,"key":"SMITH"},{"data":"EpicFetus","floor":41,"key":"SMITH"}],"circlet_count":0,"master_deck":["AscendersBane","Defend_Lin:ReiMu","Defend_Lin:ReiMu","Defend_Lin:ReiMu","NB:ReiMu","Stagnation:ReiMu","Gensokyo:RisingWorld+1","SafetyPray:ReiMu","Conquer:ReiMu+1","Dreaming2:ReiMu","CardOfSanctity:ReiMu","SpringWay:ReiMu+1","KamiRite:ReiMu+1","TakeOff:ReiMu","EmergencyTakeOff:ReiMu+1","YinYangSange:ReiMu","PassingAway:ReiMu","PrepareRite:ReiMu+1","Determination:ReiMu+1","CeremonyResonance:ReiMu","CurseOfTheBell","FantasyMoon:ReiMu+1","EpicFetus+1","PassingAway:ReiMu+1","PassingAway:ReiMu","SpringWay:ReiMu+1"],"relics":["REME_ComplimentaryCards","HushsDoor","Velvet Choker","D6","PaintedHorse:ReiMu","Nunchaku","Centennial Puzzle","Strawberry","PillsDrop","Empty Cage","Orrery","Thread and Needle","Bird Faced Urn","Blood Vial","Potion Belt","PreservedInsect","The Courier","FadedRune:ReiMu","Calling Bell","REME_PuzzleBoxRelic","Sundial","BloodDonationMachine","BodyOfKamiR:ReiMu","Anchor","HowToJump","InkBottle","Bag of Marbles","REME_LimitBreaker"],"acts_visited":["Exordium","Gensokyo:Gensokyoer","TheBeyond"],"potions_floor_usage":[29,33],"damage_taken":[{"damage":0.0,"enemies":"ats:Genji","floor":1.0,"turns":2.0},{"damage":6.0,"enemies":"Small Slimes","floor":2.0,"turns":5.0},{"damage":0.0,"enemies":"Cultist","floor":5.0,"turns":4.0},{"damage":5.0,"enemies":"3 Sentries","floor":7.0,"turns":7.0},{"damage":10.0,"enemies":"Lagavulin","floor":11.0,"turns":6.0},{"damage":8.0,"enemies":"Lots of Slimes","floor":12.0,"turns":2.0},{"damage":15.0,"enemies":"3 Sentries","floor":13.0,"turns":4.0},{"damage":1.0,"enemies":"Exordium Wildlife","floor":14.0,"turns":3.0},{"damage":6.0,"enemies":"The Guardian","floor":16.0,"turns":11.0},{"damage":1.0,"enemies":"Gensokyo:AngelMirror","floor":18.0,"turns":5.0},{"damage":3.0,"enemies":"Gensokyo:AngelMirror","floor":20.0,"turns":8.0},{"damage":1.0,"enemies":"Gensokyo:CosmicMonolith","floor":21.0,"turns":5.0},{"damage":32.0,"enemies":"Gensokyo:Tenshi","floor":23.0,"turns":6.0},{"damage":18.0,"enemies":"Gensokyo:Koishi","floor":25.0,"turns":6.0},{"damage":0,"enemies":"Gensokyo:Tenshi","floor":27,"turns":6},{"damage":7,"enemies":"Gensokyo:Reisen","floor":29,"turns":5},{"damage":0,"enemies":"Gensokyo:Wraith","floor":30,"turns":4},{"damage":0,"enemies":"Gensokyo:Chomper_and_Gloop","floor":31,"turns":5},{"damage":0,"enemies":"Gensokyo:Eiki","floor":33,"turns":9},{"damage":19,"enemies":"3 Shapes","floor":35,"turns":7},{"damage":5,"enemies":"3 Darklings","floor":38,"turns":5},{"damage":10,"enemies":"Nemesis","floor":40,"turns":7},{"damage":22,"enemies":"Giant Head","floor":42,"turns":7},{"damage":8,"enemies":"4 Shapes","floor":44,"turns":2},{"damage":100000009,"enemies":"Jaw Worm Horde","floor":47,"turns":4}],"seed_played":"-7466999603327628409","potions_obtained":[{"floor":1.0,"key":"SmokeBomb"},{"floor":2.0,"key":"Energy Potion"},{"floor":16.0,"key":"Fire Potion"},{"floor":18.0,"key":"Dexterity Potion"},{"floor":21.0,"key":"SmokeBomb"},{"floor":29,"key":"GrandPatriotsElixir:ReiMu"},{"floor":30,"key":"Regen Potion"},{"floor":35,"key":"FearPotion"},{"floor":40,"key":"PinkPotion:ReiMu"}],"is_trial":false,"path_per_floor":["M","M","?","?","M","R","E","R","T","R","E","M","E","M","R","B",null,"M","$","?","M","?","E","R","E","T","E","?","E","M","M","R","B",null,"M","?","?","M","$","E","R","E","T","M","$","?","M"],"character_chosen":"REIMU","items_purchased":["Orrery","BodyOfKamiR:ReiMu","PassingAway:ReiMu","Anchor","HowToJump","BottledKami:ReiMu"],"campfire_rested":1,"item_purchase_floors":[19,39,39,39,39,45],"current_hp_per_floor":[59,53,53,53,53,53,48,48,48,48,45,37,22,21,42,36,59,58,58,67,66,66,38,38,24,24,42,42,39,43,47,47,66,69,55,55,55,69,69,60,60,44,44,38,38,38,0,0],"gold":31,"neow_bonus":"BOSS_RELIC","is_daily":false,"chose_seed":false,"campfire_upgraded":6,"win_rate":0.0,"timestamp":1612781200,"path_taken":["M","M","?","?","M","R","E","R","T","R","E","?","E","M","R","BOSS","M","$","?","M","?","E","R","E","T","E","?","E","M","M","R","BOSS","M","?","?","M","$","E","R","E","T","M","$","?","?"],"items_purchased_type":["Relic","Relic","Card","Relic","Relic","Potion"],"build_version":"2020-12-22","purchased_purges":4,"victory":false,"max_hp_per_floor":[65,65,65,65,65,65,65,65,65,65,72,72,72,72,72,72,67,67,67,67,67,67,70,70,70,70,70,70,70,70,70,70,70,70,70,70,70,70,70,70,70,70,70,70,70,70,70,70],"card_choices":[{"not_picked":[],"picked":"ChaosCard","floor":0.0},{"not_picked":["PrepareRite:ReiMu","AlertArray:ReiMu"],"picked":"SafetyPray:ReiMu","floor":1.0},{"not_picked":["Crusade:ReiMu","CollectionFlower2:ReiMu"],"picked":"Conquer:ReiMu","floor":2.0},{"not_picked":["Amulet:ReiMu","EmergencyTakeOff:ReiMu"],"picked":"RunawayExorcism:ReiMu","floor":5.0},{"not_picked":["NineCharacters:ReiMu","Meditation:ReiMu","FantasyBorder:ReiMu"],"picked":"SKIP","floor":7.0},{"not_picked":["KamiSacrifice:ReiMu","TightArray:ReiMu"],"picked":"Dreaming2:ReiMu","floor":11.0},{"not_picked":["TightArray:ReiMu","SpreadBorder2:ReiMu","AlertArray:ReiMu"],"picked":"SKIP","floor":12.0},{"not_picked":["BarrageOfMoneybags:ReiMu","SubAcupoint:ReiMu","AirStrike:ReiMu"],"picked":"SKIP","floor":13.0},{"not_picked":["KamiSacrifice:ReiMu","SpringWay:ReiMu"],"picked":"AlertArray:ReiMu","floor":14.0},{"not_picked":["Dreaming:ReiMu","Determination:ReiMu"],"picked":"CardOfSanctity:ReiMu","floor":16.0},{"not_picked":["Intuition:ReiMu","CareerPray:ReiMu+1"],"picked":"SpringWay:ReiMu+1","floor":18.0},{"not_picked":["Conquer:ReiMu","SubcavityInstant:ReiMu"],"picked":"KamiRite:ReiMu","floor":19.0},{"not_picked":["Dreaming2:ReiMu","AirStrike:ReiMu+1"],"picked":"TakeOff:ReiMu","floor":19.0},{"not_picked":["OctopathBindingBorder2:ReiMu","CollectionFlower2:ReiMu"],"picked":"EmergencyTakeOff:ReiMu+1","floor":19.0},{"not_picked":["SubAcupoint:ReiMu","LearningPray:ReiMu"],"picked":"YinYangSange:ReiMu","floor":20.0},{"not_picked":["EmergencyTakeOff:ReiMu","TightArray:ReiMu","AirStrike:ReiMu"],"picked":"SKIP","floor":21.0},{"not_picked":["Revelation:ReiMu+1","Determination:ReiMu"],"picked":"PassingAway:ReiMu","floor":23.0},{"not_picked":["SafetyPray:ReiMu","LovePray:ReiMu","Meditation:ReiMu"],"picked":"SKIP","floor":25},{"not_picked":["EmergencyTakeOff:ReiMu","SpreadBorder2:ReiMu"],"picked":"PrepareRite:ReiMu+1","floor":27},{"not_picked":["AlertArray:ReiMu","FoulBorder2:ReiMu"],"picked":"Determination:ReiMu","floor":29},{"not_picked":["RainPray2:ReiMu","SubAcupoint:ReiMu+1","AirStrike:ReiMu+1"],"picked":"SKIP","floor":30},{"not_picked":["SubcavityInstant:ReiMu","SubAcupoint:ReiMu","TightArray:ReiMu"],"picked":"SKIP","floor":31},{"not_picked":["HakureiPhantom:ReiMu","BlastKick2:ReiMu"],"picked":"CeremonyResonance:ReiMu","floor":33},{"not_picked":["OrbThrow:ReiMu+1","SpringWay:ReiMu"],"picked":"FantasyMoon:ReiMu+1","floor":35},{"not_picked":["Blind","BettingIsNotGood"],"picked":"EpicFetus","floor":36},{"not_picked":["AlertArray:ReiMu","Conquer:ReiMu+1"],"picked":"PassingAway:ReiMu+1","floor":38},{"not_picked":["InherentArray:ReiMu+1","FantasyBorder:ReiMu"],"picked":"SpringWay:ReiMu+1","floor":40},{"not_picked":["PassingAway:ReiMu","ForcedLanding:ReiMu+1","Intuition:ReiMu"],"picked":"SKIP","floor":42},{"not_picked":["CareerPray:ReiMu+1","OrbThrow:ReiMu+1","AirStrike:ReiMu+1"],"picked":"SKIP","floor":44}],"player_experience":261243,"relics_obtained":[{"floor":7.0,"key":"Nunchaku"},{"floor":9.0,"key":"Centennial Puzzle"},{"floor":11.0,"key":"Strawberry"},{"floor":13.0,"key":"PillsDrop"},{"floor":20.0,"key":"Thread and Needle"},{"floor":20.0,"key":"Bird Faced Urn"},{"floor":23.0,"key":"Blood Vial"},{"floor":25,"key":"Potion Belt"},{"floor":26,"key":"PreservedInsect"},{"floor":27,"key":"The Courier"},{"floor":29,"key":"FadedRune:ReiMu"},{"floor":34,"key":"REME_PuzzleBoxRelic"},{"floor":34,"key":"Sundial"},{"floor":34,"key":"BloodDonationMachine"},{"floor":40,"key":"InkBottle"},{"floor":42,"key":"Bag of Marbles"},{"floor":43,"key":"REME_LimitBreaker"}],"event_choices":[{"damage_healed":0.0,"max_hp_gain":0.0,"max_hp_loss":0.0,"gold_gain":0.0,"event_name":"yidonshenshe","player_choice":"»˚«Æ","floor":3.0,"gold_loss":40.0,"damage_taken":0.0,"relics_obtained":["PaintedHorse:ReiMu"]},{"damage_healed":0,"gold_gain":0,"player_choice":"Memory 1","damage_taken":0,"max_hp_gain":0,"max_hp_loss":0,"event_name":"SensoryStone","floor":36,"gold_loss":0},{"cards_removed":["AlertArray:ReiMu"],"damage_healed":0,"gold_gain":0,"player_choice":"Removed Skill","damage_taken":0,"max_hp_gain":0,"max_hp_loss":0,"event_name":"Falling","floor":37,"gold_loss":0},{"damage_healed":0,"gold_gain":0,"player_choice":"Ignored","damage_taken":0,"max_hp_gain":0,"max_hp_loss":0,"event_name":"Mysterious Sphere","floor":46,"gold_loss":0}],"is_beta":false,"boss_relics":[{"not_picked":["CrownOfHeavens:ReiMu","DonationBox:ReiMu"],"picked":"Empty Cage"},{"not_picked":[]},{"not_picked":["ChampionBelt","SlaversCollar"],"picked":"Calling Bell"},{"not_picked":[]}],"items_purged_floors":[17,19,39,45],"is_endless":false,"potions_floor_spawned":[1,2,16,18,21,29,30,35,40],"killed_by":"Jaw Worm Horde","ascension_level":10}}