{"host":"eaiphzh066bwqdh7","time":1612751130,"event":{"mods":["BaseMod","Better Note","Halation","Hubris","Minty Spire (QoL Compilation)","Reliquary","Replay The Spire","StSLib"],"gold_per_floor":[117,467,467,483,433,433,433,433,433,468,468,468,492,530,530,633,633,603,603,628,628,628],"floor_reached":21,"language":"ENG","playtime":482,"items_purged":[],"score":310,"play_id":"78563542-5fba-4613-916e-61583446a648","local_time":"20210207212530","is_ascension_mode":true,"campfire_choices":[{"data":"Deadly Poison","floor":6,"key":"SMITH"},{"data":"Survivor","floor":8,"key":"SMITH"},{"data":"Quick Slash","floor":12,"key":"SMITH"},{"floor":15,"key":"REST"}],"circlet_count":0,"master_deck":["Strike_G","Strike_G","Strike_G","Strike_G","Defend_G","Defend_G+1","Defend_G","Defend_G","Defend_G","Survivor+1","Neutralize","Poisoned Stab+1","Delirium","hubris:Greed","Writhe","Deadly Poison+1","Quick Slash+1","Pain","Backflip","Spreading Infection","Glass Knife","After Image","Caltrops","hubris:Disease","Backflip"],"relics":["Ring of the Snake","NeowsBlessing","ReplayTheSpireMod:Ring of Challenge","Ring of Greed","Smiling Mask","Old Coin","Replay:Towering Pillar of Hats","reliquary:QuartzCube","Odd Mushroom","WarpedTongs","Gremlin Food","Sozu","hubris:SlimyHat"],"acts_visited":["Exordium","TheCity"],"potions_floor_usage":[16,16],"damage_taken":[{"damage":0,"enemies":"Small Slimes","floor":1,"turns":1},{"damage":0,"enemies":"Jaw Worm","floor":4,"turns":1},{"damage":0,"enemies":"The Mushroom Lair","floor":10,"turns":3},{"damage":3,"enemies":"Cultist","floor":13,"turns":3},{"damage":17,"enemies":"Replay:BlueRogue","floor":14,"turns":5},{"damage":69,"enemies":"The Guardian","floor":16,"turns":9},{"damage":44,"enemies":"2 Thieves","floor":18,"turns":5},{"damage":15,"enemies":"Shell Parasite","floor":20,"turns":5},{"damage":16,"enemies":"Snecko","floor":21,"turns":2}],"seed_played":"5149018526971360463","potions_obtained":[{"floor":1,"key":"SpeedPotion"},{"floor":4,"key":"Regen Potion"},{"floor":10,"key":"LifebloodPotion"}],"is_trial":false,"path_per_floor":["M","?","?","M","?","R","T","R","T","?","?","R","M","E","R","B",null,"M","?","M","M"],"character_chosen":"THE_SILENT","items_purchased":[],"campfire_rested":1,"item_purchase_floors":[],"current_hp_per_floor":[70,70,70,70,70,70,70,70,70,70,70,70,67,50,70,15,70,26,26,11,0,0],"gold":628,"neow_bonus":"THREE_ENEMY_KILL","is_daily":false,"chose_seed":false,"campfire_upgraded":3,"win_rate":0.0,"timestamp":1612751130,"path_taken":["M","?","?","?","?","R","?","R","T","?","?","R","M","E","R","BOSS","M","?","?","?"],"items_purchased_type":[],"build_version":"2020-12-22","purchased_purges":0,"victory":false,"max_hp_per_floor":[70,70,70,70,70,70,70,70,70,70,70,70,70,70,70,70,70,70,70,70,70,70],"card_choices":[{"not_picked":["Dodge and Roll","Flechettes"],"picked":"Poisoned Stab","floor":1},{"not_picked":["Caltrops","Sneak Up"],"picked":"Deadly Poison","floor":4},{"not_picked":["Escape Plan","Sucker Punch"],"picked":"Quick Slash","floor":10},{"not_picked":["Sucker Punch","ReplayTheSpireMod:Speed Training"],"picked":"Backflip","floor":13},{"not_picked":["Dagger Throw","hubris:SlightOfHand"],"picked":"Glass Knife","floor":14},{"not_picked":["ReplayTheSpireMod:From All Sides","Venomology"],"picked":"After Image","floor":16},{"not_picked":["Underhanded Strike","Expertise+1"],"picked":"Caltrops","floor":18},{"not_picked":["Sneak Up","Outmaneuver"],"picked":"Backflip","floor":20}],"player_experience":278720,"relics_obtained":[{"floor":2,"key":"ReplayTheSpireMod:Ring of Challenge"},{"floor":2,"key":"Ring of Greed"},{"floor":2,"key":"Smiling Mask"},{"floor":2,"key":"Old Coin"},{"floor":7,"key":"Replay:Towering Pillar of Hats"},{"floor":9,"key":"reliquary:QuartzCube"},{"floor":10,"key":"Odd Mushroom"},{"floor":14,"key":"Gremlin Food"}],"event_choices":[{"damage_healed":0,"gold_gain":0,"player_choice":"Upgraded","damage_taken":0,"max_hp_gain":0,"max_hp_loss":0,"event_name":"Upgrade Shrine","floor":3,"gold_loss":0,"cards_upgraded":["Poisoned Stab"]},{"cards_removed":["Strike_G"],"damage_healed":0,"gold_gain":0,"player_choice":"Card Removal","damage_taken":0,"max_hp_gain":0,"max_hp_loss":0,"event_name":"The Cleric","floor":5,"gold_loss":50},{"damage_healed":0,"gold_gain":0,"player_choice":"Fought Mushrooms","damage_taken":0,"max_hp_gain":0,"max_hp_loss":0,"event_name":"Mushrooms","floor":10,"gold_loss":0},{"damage_healed":0,"gold_gain":0,"player_choice":"Rummage","damage_taken":0,"relics_obtained":["WarpedTongs"],"max_hp_gain":0,"max_hp_loss":0,"event_name":"Accursed Blacksmith","floor":11,"gold_loss":0,"cards_obtained":["Pain"]},{"damage_healed":0,"gold_gain":0,"player_choice":"Gave Potion","damage_taken":0,"relics_obtained":["hubris:SlimyHat"],"max_hp_gain":0,"max_hp_loss":0,"event_name":"WeMeetAgain","floor":19,"gold_loss":0}],"is_beta":false,"boss_relics":[{"not_picked":["reliquary:Ember","reliquary:Craggleroot"],"picked":"Sozu"}],"items_purged_floors":[],"is_endless":false,"potions_floor_spawned":[1,4,10],"killed_by":"Snecko","ascension_level":4}}