{"host":"fxrgx7wt2cpkbhka","time":1612751217,"event":{"mods":["AchievementEnabler","BaseMod","Colored Powertips","Dark Map","Minty Spire (QoL Compilation)","Permanent Neow","Quick Restart","Slay-I","StSLib","Waifu the Spire"],"gold_per_floor":[115,115,115,131,144,178,178,188,212,175,175,24,24,56,56,159,159,175,185,185,30,30,30,57,69,146,146,163,163,163],"floor_reached":29,"language":"ENG","playtime":1114,"items_purged":[],"score":377,"play_id":"eb8bf268-d8fd-4de9-b172-d8de72ca7c02","local_time":"20210207182657","is_ascension_mode":true,"campfire_choices":[{"data":"Noxious Fumes","floor":7,"key":"SMITH"},{"floor":13,"key":"REST"},{"data":"Unload","floor":15,"key":"SMITH"},{"data":"Poisoned Stab","floor":23,"key":"SMITH"},{"data":"Backstab","floor":27,"key":"SMITH"}],"circlet_count":0,"master_deck":["AscendersBane","Strike_G+1","Strike_G","Strike_G","Strike_G","Strike_G","Defend_G","Defend_G","Defend_G","Defend_G+1","Defend_G","Survivor+1","Neutralize+1","Cloak And Dagger+1","Backstab+1","Noxious Fumes+1","Poisoned Stab+1","Unload+1","Blur+1"],"relics":["Ring of the Snake","Happy Flower","Dream Catcher","Juzu Bracelet","Akabeko","War Paint","Busted Crown","Lantern","Pocketwatch"],"acts_visited":["Exordium","TheCity"],"potions_floor_usage":[14,16,28,28,29],"damage_taken":[{"damage":2,"enemies":"Jaw Worm","floor":1,"turns":8},{"damage":0,"enemies":"2 Louse","floor":4,"turns":3},{"damage":0,"enemies":"Small Slimes","floor":5,"turns":3},{"damage":21,"enemies":"3 Sentries","floor":6,"turns":13},{"damage":1,"enemies":"Looter","floor":8,"turns":4},{"damage":12,"enemies":"Gremlin Nob","floor":14,"turns":3},{"damage":16,"enemies":"Hexaghost","floor":16,"turns":9},{"damage":6,"enemies":"3 Byrds","floor":18,"turns":5},{"damage":12,"enemies":"Shell Parasite","floor":19,"turns":5},{"damage":38,"enemies":"Gremlin Leader","floor":24,"turns":10},{"damage":1,"enemies":"Chosen and Byrds","floor":25,"turns":5},{"damage":21,"enemies":"Sentry and Sphere","floor":28,"turns":5},{"damage":19,"enemies":"Book of Stabbing","floor":29,"turns":4}],"seed_played":"7557763379558968704","potions_obtained":[{"floor":6,"key":"GamblersBrew"},{"floor":8,"key":"Regen Potion"},{"floor":24,"key":"Swift Potion"},{"floor":25,"key":"Fire Potion"},{"floor":28,"key":"AttackPotion"}],"is_trial":false,"path_per_floor":["M","?","?","M","M","E","R","M","T","$","?","$","R","E","R","B",null,"M","M","?","$","?","R","E","M","T","R","M","E"],"character_chosen":"THE_SILENT","items_purchased":["Infinite Blades","Akabeko","Lantern"],"campfire_rested":1,"item_purchase_floors":[10,12,21],"current_hp_per_floor":[68,68,50,50,50,29,29,28,28,28,13,13,36,24,24,20,63,57,45,70,70,77,77,39,38,38,38,17,0,0],"gold":163,"neow_bonus":"TEN_PERCENT_HP_BONUS","is_daily":false,"chose_seed":false,"campfire_upgraded":4,"win_rate":0.0,"timestamp":1612751217,"path_taken":["M","?","?","M","M","E","R","M","T","?","?","?","R","E","R","BOSS","M","M","?","$","?","R","E","M","T","R","M","E"],"items_purchased_type":["Card","Relic","Relic"],"build_version":"2020-12-22","purchased_purges":0,"victory":false,"max_hp_per_floor":[77,77,77,77,77,77,77,77,77,77,77,77,77,77,77,77,77,77,77,77,77,77,77,77,77,77,77,77,77,77],"card_choices":[{"not_picked":["Bane","Dodge and Roll"],"picked":"Cloak And Dagger","floor":1},{"not_picked":["Backflip","Concentrate","Prepared"],"picked":"SKIP","floor":4},{"not_picked":["Dagger Throw","Adrenaline"],"picked":"Backstab","floor":5},{"not_picked":["Deadly Poison","Bane"],"picked":"Noxious Fumes","floor":6},{"not_picked":["Backflip","Underhanded Strike"],"picked":"Poisoned Stab","floor":8},{"not_picked":["Slice","Bane"],"picked":"Unload","floor":14},{"not_picked":["PiercingWail"],"picked":"SKIP","floor":18},{"not_picked":[],"picked":"Blur+1","floor":19},{"not_picked":["Acrobatics"],"picked":"SKIP","floor":24},{"not_picked":["Flying Knee+1"],"picked":"SKIP","floor":25},{"not_picked":["Caltrops+1"],"picked":"SKIP","floor":28}],"player_experience":754426,"relics_obtained":[{"floor":6,"key":"Dream Catcher"},{"floor":9,"key":"Juzu Bracelet"},{"floor":14,"key":"War Paint"},{"floor":24,"key":"Pocketwatch"}],"event_choices":[{"damage_healed":0,"gold_gain":0,"player_choice":"Grow","damage_taken":0,"max_hp_gain":0,"max_hp_loss":0,"event_name":"Living Wall","floor":2,"gold_loss":0,"cards_upgraded":["Neutralize"]},{"damage_healed":0,"gold_gain":0,"player_choice":"Success","damage_taken":18,"relics_obtained":["Happy Flower"],"max_hp_gain":0,"max_hp_loss":0,"event_name":"Scrap Ooze","floor":3,"gold_loss":0},{"damage_healed":0,"gold_gain":0,"player_choice":"Entered Light","damage_taken":15,"max_hp_gain":0,"max_hp_loss":0,"event_name":"Shining Light","floor":11,"gold_loss":0,"cards_upgraded":["Survivor","Strike_G"]},{"damage_healed":25,"gold_gain":0,"player_choice":"Heal","damage_taken":0,"max_hp_gain":0,"max_hp_loss":0,"event_name":"The Library","floor":20,"gold_loss":0},{"cards_removed":["Infinite Blades"],"damage_healed":7,"gold_gain":0,"player_choice":"Offered Uncommon","damage_taken":0,"max_hp_gain":0,"max_hp_loss":0,"event_name":"Bonfire Elementals","floor":22,"gold_loss":0}],"is_beta":false,"boss_relics":[{"not_picked":["Astrolabe","Empty Cage"],"picked":"Busted Crown"}],"items_purged_floors":[],"is_endless":false,"potions_floor_spawned":[4,6,8,24,25,28],"killed_by":"Book of Stabbing","ascension_level":10}}