{"host":"96nkmeof81a2z72a","time":1612771394,"event":{"mods":["BaseMod","Minty Spire (QoL Compilation)","Quick Restart","StSLib"],"gold_per_floor":[117,117,117,117,117,142,160,188,188,217,229,260,273,292,292,392,392,402,402,602,613,628,628,663,677,727,1061,986,1021,340,354,354,454,454,473,473,485,501,520,555,568,582,582,582,596,610,642,642,642,642,642,642,16,48,48],"floor_reached":56,"language":"ZHS","playtime":4367,"items_purged":["Strike_R","Strike_R"],"score":1559,"play_id":"55643be3-9b94-40f6-97b8-225471b7f60c","local_time":"20210208160314","is_ascension_mode":true,"campfire_choices":[{"data":"Whirlwind","floor":15.0,"key":"SMITH"},{"data":"Feed","floor":23.0,"key":"SMITH"},{"data":"1","floor":32.0,"key":"LIFT"},{"floor":44.0,"key":"RECALL"},{"data":"2","floor":49.0,"key":"LIFT"},{"data":"3","floor":52.0,"key":"LIFT"}],"circlet_count":0,"master_deck":["Strike_R","Defend_R","Defend_R","Defend_R","Defend_R","Bash","Shrug It Off","Reaper+1","Bash","Headbutt+1","Shockwave","Exhume","Whirlwind+1","True Grit","Uppercut","Flame Barrier","Feed+1","Armaments+1","Ghostly","Ghostly","Ghostly","Ghostly","Ghostly","Shockwave","Fiend Fire","Exhume","Immolate","Armaments+1","True Grit+1","Inflame+1","Injury","Barricade","Body Slam+1","Fiend Fire"],"relics":["Snecko Eye","Eternal Feather","Ginger","Anchor","Whetstone","Lantern","Happy Flower","Mark of Pain","Calipers","Old Coin","Blood Vial","Pen Nib","Girya","Frozen Eye","Cursed Key","Boot","Gremlin Horn","Oddly Smooth Stone","Kunai","Bag of Preparation"],"acts_visited":["Exordium","TheCity","TheBeyond","TheEnding"],"potions_floor_usage":[55,55,55],"damage_taken":[{"damage":0.0,"enemies":"Small Slimes","floor":1.0,"turns":3.0},{"damage":18.0,"enemies":"Lagavulin","floor":6.0,"turns":5.0},{"damage":0.0,"enemies":"2 Louse","floor":7.0,"turns":2.0},{"damage":0.0,"enemies":"Gremlin Nob","floor":8.0,"turns":3.0},{"damage":31.0,"enemies":"Lagavulin","floor":10.0,"turns":8.0},{"damage":1.0,"enemies":"Cultist","floor":11.0,"turns":3.0},{"damage":18.0,"enemies":"3 Sentries","floor":12.0,"turns":5.0},{"damage":0.0,"enemies":"Looter","floor":13.0,"turns":2.0},{"damage":6.0,"enemies":"2 Fungi Beasts","floor":14.0,"turns":3.0},{"damage":15.0,"enemies":"The Guardian","floor":16.0,"turns":7.0},{"damage":0.0,"enemies":"2 Thieves","floor":18.0,"turns":3.0},{"damage":0.0,"enemies":"3 Byrds","floor":21.0,"turns":4.0},{"damage":2.0,"enemies":"Centurion and Healer","floor":22.0,"turns":10.0},{"damage":5.0,"enemies":"Gremlin Leader","floor":24.0,"turns":8.0},{"damage":0.0,"enemies":"Snake Plant","floor":25.0,"turns":5.0},{"damage":3.0,"enemies":"Book of Stabbing","floor":27.0,"turns":5.0},{"damage":0.0,"enemies":"Gremlin Leader","floor":29.0,"turns":6.0},{"damage":0.0,"enemies":"Chosen and Byrds","floor":31.0,"turns":6.0},{"damage":51.0,"enemies":"Champ","floor":33.0,"turns":9.0},{"damage":0.0,"enemies":"3 Darklings","floor":35.0,"turns":2.0},{"damage":0.0,"enemies":"3 Shapes","floor":37.0,"turns":4.0},{"damage":5.0,"enemies":"Writhing Mass","floor":38.0,"turns":2.0},{"damage":7.0,"enemies":"4 Shapes","floor":39.0,"turns":8.0},{"damage":13.0,"enemies":"Giant Head","floor":40.0,"turns":8.0},{"damage":2.0,"enemies":"Transient","floor":41.0,"turns":5.0},{"damage":0.0,"enemies":"3 Darklings","floor":42.0,"turns":3.0},{"damage":0.0,"enemies":"Writhing Mass","floor":45.0,"turns":3.0},{"damage":0.0,"enemies":"Spire Growth","floor":46.0,"turns":7.0},{"damage":0.0,"enemies":"Nemesis","floor":47.0,"turns":11.0},{"damage":0.0,"enemies":"Time Eater","floor":50.0,"turns":9.0},{"damage":3.0,"enemies":"Shield and Spear","floor":54.0,"turns":8.0},{"damage":0,"enemies":"The Heart","floor":55,"turns":5}],"seed_played":"-4473991106052375042","potions_obtained":[{"floor":8.0,"key":"PowerPotion"},{"floor":11.0,"key":"PowerPotion"},{"floor":14.0,"key":"ColorlessPotion"},{"floor":33.0,"key":"Block Potion"},{"floor":38.0,"key":"PowerPotion"}],"is_trial":false,"path_per_floor":["M","?","?","?","?","E","M","E","T","E","M","E","M","M","R","B",null,"M","?","?","M","M","R","E","M","T","E","?","E","$","M","R","B",null,"M","?","M","M","M","E","M","M","T","R","M","M","E","?","R","B",null,"R","$","E","B",null],"character_chosen":"IRONCLAD","items_purchased":["Pen Nib","Girya","Frozen Eye","Kunai","Fruit Juice","SkillPotion","Fiend Fire"],"campfire_rested":0,"item_purchase_floors":[30,30,30,53,53,53,53],"current_hp_per_floor":[80,68,61,61,61,49,61,67,67,43,54,40,52,58,67,57,80,86,43,43,46,54,54,54,58,58,59,59,66,66,74,74,27,78,78,78,86,81,88,81,90,92,92,102,106,110,114,114,114,114,114,114,119,119,119],"gold":48,"neow_bonus":"BOSS_RELIC","is_daily":false,"chose_seed":false,"campfire_upgraded":2,"win_rate":0.0,"timestamp":1612771394,"path_taken":["M","?","?","?","?","E","?","E","T","E","M","E","M","M","R","BOSS","M","?","?","M","M","R","E","?","T","E","?","E","$","M","R","BOSS","M","?","M","M","M","E","M","M","T","R","M","M","E","?","R","BOSS","R","$","E","BOSS"],"items_purchased_type":["Relic","Relic","Relic","Relic","Potion","Potion","Card"],"build_version":"2020-12-22","purchased_purges":2,"victory":true,"max_hp_per_floor":[80,80,80,80,80,80,80,80,80,80,80,80,80,80,80,80,80,86,43,43,46,54,54,54,58,58,62,62,66,66,74,74,78,78,78,78,86,86,98,102,102,102,102,102,106,110,114,114,114,114,114,114,119,119,119],"card_choices":[{"not_picked":["Flex","Havoc"],"picked":"Shrug It Off","floor":1.0},{"not_picked":["Dual Wield","Twin Strike"],"picked":"Shockwave","floor":6.0},{"not_picked":["Clothesline","Perfected Strike"],"picked":"Exhume","floor":7.0},{"not_picked":["Thunderclap","Perfected Strike","Spot Weakness"],"picked":"SKIP","floor":8.0},{"not_picked":["Cleave","Shrug It Off"],"picked":"Whirlwind","floor":10.0},{"not_picked":["Cleave","Headbutt"],"picked":"True Grit","floor":11.0},{"not_picked":["Shrug It Off","Burning Pact"],"picked":"Uppercut","floor":12.0},{"not_picked":["Headbutt","Havoc","True Grit"],"picked":"SKIP","floor":13.0},{"not_picked":["Perfected Strike","Pommel Strike"],"picked":"Flame Barrier","floor":14.0},{"not_picked":["Juggernaut","Limit Break"],"picked":"Feed","floor":16.0},{"not_picked":["Shrug It Off","Pummel+1"],"picked":"Armaments+1","floor":18.0},{"not_picked":["Seeing Red+1","Wild Strike","Flex"],"picked":"SKIP","floor":21.0},{"not_picked":["Warcry+1","Clothesline+1"],"picked":"Shockwave","floor":22.0},{"not_picked":["Clothesline","Heavy Blade+1","Warcry+1"],"picked":"SKIP","floor":24.0},{"not_picked":["Clothesline","Sword Boomerang","Pommel Strike"],"picked":"SKIP","floor":25.0},{"not_picked":["Shockwave","Hemokinesis"],"picked":"Fiend Fire","floor":27.0},{"not_picked":["Sever Soul+1","Sword Boomerang"],"picked":"Exhume","floor":29.0},{"not_picked":["Thunderclap","Anger+1","Heavy Blade"],"picked":"SKIP","floor":31.0},{"not_picked":["Brutality","Juggernaut"],"picked":"Immolate","floor":33.0},{"not_picked":["Flex+1","Searing Blow+1","Thunderclap"],"picked":"SKIP","floor":35.0},{"not_picked":["Anger+1","Iron Wave"],"picked":"Armaments+1","floor":37.0},{"not_picked":["Armaments","Bloodletting+1"],"picked":"True Grit+1","floor":38.0},{"not_picked":["Combust+1","Cleave+1","Fire Breathing"],"picked":"SKIP","floor":39.0},{"not_picked":["Inflame","Wild Strike","Clash+1"],"picked":"SKIP","floor":40.0},{"not_picked":["Twin Strike+1","Headbutt+1"],"picked":"Inflame+1","floor":41.0},{"not_picked":["Headbutt","Thunderclap+1","Armaments+1"],"picked":"SKIP","floor":42.0},{"not_picked":["Perfected Strike+1","Seeing Red+1"],"picked":"Barricade","floor":45.0},{"not_picked":["Thunderclap","Havoc+1","Headbutt+1"],"picked":"SKIP","floor":46.0},{"not_picked":["Whirlwind","Reaper"],"picked":"Body Slam+1","floor":47.0},{"not_picked":["Pommel Strike+1","Clothesline+1","Power Through+1"],"picked":"SKIP","floor":54.0}],"player_experience":556963,"relics_obtained":[{"floor":6.0,"key":"Ginger"},{"floor":8.0,"key":"Anchor"},{"floor":9.0,"key":"Whetstone"},{"floor":10.0,"key":"Lantern"},{"floor":12.0,"key":"Happy Flower"},{"floor":24.0,"key":"Calipers"},{"floor":27.0,"key":"Old Coin"},{"floor":29.0,"key":"Blood Vial"},{"floor":40.0,"key":"Boot"},{"floor":43.0,"key":"Gremlin Horn"},{"floor":47.0,"key":"Oddly Smooth Stone"},{"floor":54.0,"key":"Bag of Preparation"}],"event_choices":[{"damage_healed":0.0,"max_hp_gain":0.0,"max_hp_loss":0.0,"gold_gain":0.0,"event_name":"Scrap Ooze","player_choice":"Success","floor":2.0,"gold_loss":0.0,"damage_taken":12.0,"relics_obtained":["Eternal Feather"]},{"cards_removed":["Strike_R"],"damage_healed":0.0,"max_hp_gain":0.0,"max_hp_loss":0.0,"gold_gain":0.0,"event_name":"Golden Wing","player_choice":"Card Removal","floor":3.0,"gold_loss":0.0,"damage_taken":7.0},{"damage_healed":0.0,"max_hp_gain":0.0,"max_hp_loss":0.0,"gold_gain":0.0,"event_name":"Liars Game","player_choice":"Ignored","floor":4.0,"gold_loss":0.0,"damage_taken":0.0},{"damage_healed":0.0,"max_hp_gain":0.0,"max_hp_loss":0.0,"gold_gain":0.0,"event_name":"Match and Keep!","player_choice":"3 cards matched","floor":5.0,"gold_loss":0.0,"damage_taken":0.0,"cards_obtained":["Reaper","Bash","Headbutt"]},{"damage_healed":0.0,"max_hp_gain":0.0,"max_hp_loss":43.0,"gold_gain":0.0,"event_name":"Ghosts","player_choice":"Became a Ghost","floor":19.0,"gold_loss":0.0,"damage_taken":0.0,"cards_obtained":["Ghostly","Ghostly","Ghostly","Ghostly","Ghostly"]},{"damage_healed":0.0,"max_hp_gain":0.0,"max_hp_loss":0.0,"gold_gain":250.0,"event_name":"The Joust","player_choice":"Bet on Owner","floor":20.0,"gold_loss":50.0,"damage_taken":0.0},{"cards_removed":["Strike_R"],"damage_healed":0.0,"max_hp_gain":0.0,"max_hp_loss":0.0,"gold_gain":0.0,"event_name":"Beggar","player_choice":"Gave Gold","floor":28.0,"gold_loss":75.0,"damage_taken":0.0},{"damage_healed":0.0,"max_hp_gain":0.0,"max_hp_loss":0.0,"gold_gain":0.0,"event_name":"SensoryStone","player_choice":"Memory 1","floor":36.0,"gold_loss":0.0,"damage_taken":0.0},{"damage_healed":0.0,"max_hp_gain":0.0,"max_hp_loss":0.0,"gold_gain":0.0,"event_name":"Tomb of Lord Red Mask","player_choice":"Ignored","floor":48.0,"gold_loss":0.0,"damage_taken":0.0}],"is_beta":false,"boss_relics":[{"not_picked":["Runic Cube","Pandora\u0027s Box"],"picked":"Mark of Pain"},{"not_picked":["Astrolabe","Fusion Hammer"],"picked":"Cursed Key"}],"items_purged_floors":[30,53],"is_endless":false,"potions_floor_spawned":[8,11,14,16,18,22,27,33,38,39,41,45,46,47],"ascension_level":1}}