{"host":"ihsge0lre3slh6sc","time":1612805193,"event":{"mods":["Act Like it!","Arknights","BaseMod","CapriCore","Highlight Path","Lobotomy","LobotomyExtend","Marisa（F雨　魔理沙）","Minty Spire (QoL Compilation)","MostiFishMod","Quick Restart","Remilia（蕾米莉亚）","Shop Mod","StSLib","TestMod","The Immortal","Waifu the Spire","WarShipGirlsR/战舰少女R mod","Yakumo Yukari mod","Youmu（魂魄妖梦）","[IsaacMod]以撒尖塔","篝火指南"],"gold_per_floor":[111,130,147,72,87,112,112,142,142,167,167,178,178,191,191,287,287,304,354,373,386,397,426,341,359,386,421,436,469,486,88,88,189,189,202,602,614,625,500,46,77,77,104,104,131,131,90,108,108,108,108,108,45,83,83],"floor_reached":56,"language":"ZHS","playtime":1505,"items_purged":["ats:Strike G","ats:Strike S","ats:Strike C","ats:Strike V","ats:Explosion Area Strengthen","ats:Defend"],"score":1571,"play_id":"cada5114-6295-44d2-bc95-18ca782be520","local_time":"20210209012633","is_ascension_mode":true,"campfire_choices":[{"data":"ats:Emotion Absorption","floor":7,"key":"SMITH"},{"data":"ats:Sashimi Platter","floor":13,"key":"SMITH"},{"data":"ats:True Silver Slash","floor":15,"key":"SMITH"},{"data":"ats:Sword Rain","floor":32,"key":"SMITH"},{"floor":42,"key":"RECALL"},{"data":"ats:Thorns","floor":46,"key":"SMITH"},{"data":"ats:Rat Pack","floor":49,"key":"SMITH"},{"data":"ats:Demon Strength","floor":52,"key":"SMITH"}],"circlet_count":0,"master_deck":["ats:Armor Crushing Shot","ats:Defend+1","ats:Defend+1","ats:Defend","ats:Emotion Absorption+1","ats:True Silver Slash+1","ats:Sashimi Platter+1","ats:Overload","ats:Red Shift","ats:Sashimi Platter+1","ats:Sword Rain+1","ats:Closed Bolt Burst Fire","ats:Rat Pack+1","ats:Demon Strength+1","ats:Thorns+1","ats:Magnetic Hammer","ats:True Silver Slash","ats:Support Order","ats:Defend Order+1"],"relics":["ats:Sanity","HushsDoor","testmod-TestBox","BFFS","testmod-Prudence","PatriotShield","ats:Originium","ats:Rhine Circuitry","Regal Pillow","Bottled Flame","ats:Tactical Delivery","ats:Bonebreaker","Art of War","Juzu Bracelet","War Paint","Toy Ornithopter","Pen Nib","YumHeart","Oddly Smooth Stone","Busted Crown","Diplopia","CeramicFish","Happy Flower","Sundial","LetterFromLob","SatanicBible"],"acts_visited":["Exordium","TheCity","TheBeyond","TheEnding"],"potions_floor_usage":[50,54,55],"damage_taken":[{"damage":1,"enemies":"Jaw Worm","floor":1,"turns":2},{"damage":0,"enemies":"2 Louse","floor":2,"turns":1},{"damage":1,"enemies":"Small Slimes","floor":3,"turns":2},{"damage":4,"enemies":"Red Slaver","floor":5,"turns":2},{"damage":1,"enemies":"Gremlin Nob","floor":6,"turns":2},{"damage":2,"enemies":"3 Sentries","floor":8,"turns":4},{"damage":0,"enemies":"Gremlin Nob","floor":10,"turns":2},{"damage":0,"enemies":"Blue Slaver","floor":12,"turns":2},{"damage":1,"enemies":"Exordium Thugs","floor":14,"turns":1},{"damage":2,"enemies":"Slime Boss","floor":16,"turns":2},{"damage":1,"enemies":"Chosen","floor":18,"turns":1},{"damage":3,"enemies":"Hiden Room Battle","floor":19,"turns":1},{"damage":3,"enemies":"Shell Parasite","floor":20,"turns":1},{"damage":1,"enemies":"Cultist and Chosen","floor":21,"turns":1},{"damage":0,"enemies":"Snecko","floor":22,"turns":2},{"damage":9,"enemies":"Gremlin Leader","floor":23,"turns":2},{"damage":1,"enemies":"Centurion and Healer","floor":25,"turns":1},{"damage":0,"enemies":"Slavers","floor":27,"turns":1},{"damage":2,"enemies":"3 Cultists","floor":28,"turns":2},{"damage":11,"enemies":"Gremlin Leader","floor":29,"turns":3},{"damage":3,"enemies":"Chosen and Byrds","floor":30,"turns":2},{"damage":16,"enemies":"Collector","floor":33,"turns":4},{"damage":3,"enemies":"3 Shapes","floor":35,"turns":1},{"damage":2,"enemies":"3 Darklings","floor":37,"turns":1},{"damage":2,"enemies":"Spire Growth","floor":38,"turns":2},{"damage":2,"enemies":"Reptomancer","floor":41,"turns":2},{"damage":9,"enemies":"Giant Head","floor":45,"turns":3},{"damage":17,"enemies":"Maw","floor":48,"turns":3},{"damage":21,"enemies":"Time Eater","floor":50,"turns":3},{"damage":6,"enemies":"Shield and Spear","floor":54,"turns":3},{"damage":12,"enemies":"The Heart","floor":55,"turns":7}],"seed_played":"-3987462331198847290","potions_obtained":[{"floor":1,"key":"SteroidPotion"},{"floor":6,"key":"SkillPotion"},{"floor":8,"key":"AttackPotion"}],"is_trial":false,"path_per_floor":["M","M","M","$","M","E","R","E","T","E","?","M","R","M","R","B",null,"M","?","M","M","M","E","?","M","T","E","M","E","M","$","R","B",null,"M","?","M","M","$","R","E","R","T","?","E","R","?","M","R","B",null,"R","$","E","B",null],"character_chosen":"DOCTOR_CLASS","items_purchased":["ats:Red Shift","Oddly Smooth Stone","ats:Thorns","ats:Magnetic Hammer","Diplopia","ats:Support Order"],"campfire_rested":0,"item_purchase_floors":[17,31,31,31,40,53],"current_hp_per_floor":[64,64,65,65,62,61,61,64,64,64,64,65,65,65,65,63,57,56,53,50,56,57,49,49,48,48,57,55,54,51,51,51,41,50,50,50,48,48,48,48,48,48,48,38,47,47,47,33,33,29,50,50,50,50,38],"gold":83,"neow_bonus":"THREE_RARE_CARDS","is_daily":false,"chose_seed":false,"campfire_upgraded":7,"win_rate":0.0,"timestamp":1612805193,"path_taken":["M","M","M","$","M","E","R","E","T","E","?","M","R","M","R","BOSS","M","?","M","M","M","E","?","M","T","E","M","E","M","$","R","BOSS","M","?","M","M","$","R","E","R","T","?","E","R","?","M","R","BOSS","R","$","E","BOSS"],"items_purchased_type":["Card","Relic","Card","Card","Relic","Card"],"build_version":"2020-12-22","purchased_purges":6,"victory":true,"max_hp_per_floor":[65,65,65,65,65,65,65,65,65,65,65,65,65,65,65,65,57,57,57,57,57,57,57,57,57,57,57,57,57,57,57,57,57,50,50,50,50,50,50,50,50,50,50,50,50,50,50,50,50,50,50,50,50,50,50],"card_choices":[{"not_picked":[],"picked":"Bomb","floor":0},{"not_picked":["ats:Dogmatic Field","ats:Wolf Pack"],"picked":"ats:True Silver Slash","floor":0},{"not_picked":["ats:Encircling Forest","ats:Counter Healing Mode","ats:Explosion Area Strengthen"],"picked":"SKIP","floor":1},{"not_picked":["ats:Blood Oath","ats:Guard Mode"],"picked":"ats:Sashimi Platter","floor":2},{"not_picked":["ats:Very Hot Blade","ats:Mental Burst","ats:Consecutive Shot Auto"],"picked":"SKIP","floor":3},{"not_picked":["ats:Composite Medical Shells","ats:Directed Diagnosis","Bomb"],"picked":"SKIP","floor":5},{"not_picked":["ats:Powerful Strike","ats:Curse Doll","ats:Poison Spread"],"picked":"SKIP","floor":6},{"not_picked":["ats:Cat Scratch","ats:Encircling Forest"],"picked":"Bomb","floor":8},{"not_picked":["ats:Guard Mode","ats:Assault Order","ats:Directed Diagnosis"],"picked":"SKIP","floor":10},{"not_picked":["ats:Beaten Up","ats:Curse Doll"],"picked":"ats:Explosion Area Strengthen","floor":12},{"not_picked":["ats:Shell Defense","ats:Hammer On"],"picked":"ats:Overload","floor":14},{"not_picked":["ats:Leaping Hammer","ats:Flexible Camouflage","ats:Apocalypse"],"picked":"SKIP","floor":18},{"not_picked":["ats:Ignite","ats:Part Time Job"],"picked":"ats:Sashimi Platter+1","floor":19},{"not_picked":["ats:Phantom","ats:Encircling Forest","ats:Healing Strengthening+1"],"picked":"SKIP","floor":20},{"not_picked":["ats:Shell Defense","ats:Spore Proliferation"],"picked":"ats:Sword Rain","floor":21},{"not_picked":["ats:Blood Oath","ats:Flexible Camouflage","ats:Powerful Strike"],"picked":"SKIP","floor":22},{"not_picked":["ats:Chain Hook","ats:Spore Proliferation"],"picked":"ats:Closed Bolt Burst Fire","floor":23},{"not_picked":["ats:Blood Oath","ats:Consecutive Shot Auto","ats:Very Hot Blade"],"picked":"SKIP","floor":25},{"not_picked":["ats:LN2 Cannon+1","ats:Consecutive Shot Auto"],"picked":"ats:Rat Pack","floor":27},{"not_picked":["ats:Shell Defense","ats:Powerful Strike"],"picked":"ats:Demon Strength","floor":28},{"not_picked":["ats:Phantom+1","ats:Shell Defense","ats:Nebulous Foxfire"],"picked":"SKIP","floor":29},{"not_picked":["ats:Red Shift","ats:Assault Order","ats:Very Hot Blade"],"picked":"SKIP","floor":30},{"not_picked":["ats:Magnetic Hammer"],"picked":"SKIP","floor":35},{"not_picked":["ats:Rapid Magazine"],"picked":"SKIP","floor":37},{"not_picked":["ats:Shadow Raid+1"],"picked":"SKIP","floor":38},{"not_picked":["ats:Shadow Raid+1"],"picked":"SKIP","floor":38},{"not_picked":["ats:Powerful Strike"],"picked":"SKIP","floor":41},{"not_picked":["ats:Explosion Area Strengthen"],"picked":"SKIP","floor":45},{"not_picked":[],"picked":"ats:True Silver Slash","floor":47},{"not_picked":["ats:Cat Scratch"],"picked":"SKIP","floor":48},{"not_picked":[],"picked":"ats:Defend Order+1","floor":54}],"player_experience":823133,"relics_obtained":[{"floor":6,"key":"ats:Originium"},{"floor":6,"key":"ats:Rhine Circuitry"},{"floor":8,"key":"ats:Originium"},{"floor":8,"key":"Regal Pillow"},{"floor":10,"key":"ats:Originium"},{"floor":10,"key":"Bottled Flame"},{"floor":19,"key":"ats:Bonebreaker"},{"floor":19,"key":"Art of War"},{"floor":23,"key":"Juzu Bracelet"},{"floor":26,"key":"Toy Ornithopter"},{"floor":27,"key":"Pen Nib"},{"floor":29,"key":"YumHeart"},{"floor":41,"key":"CeramicFish"},{"floor":43,"key":"Happy Flower"},{"floor":45,"key":"Sundial"},{"floor":45,"key":"LetterFromLob"},{"floor":54,"key":"SatanicBible"}],"event_choices":[{"damage_healed":0,"gold_gain":0,"player_choice":"Fight","damage_taken":0,"max_hp_gain":0,"max_hp_loss":0,"event_name":"HidenRoomEvent","floor":19,"gold_loss":0},{"damage_healed":0,"gold_gain":0,"player_choice":"Obtained Relic","damage_taken":0,"relics_obtained":["War Paint"],"max_hp_gain":0,"max_hp_loss":0,"event_name":"Addict","floor":24,"gold_loss":85},{"damage_healed":0,"gold_gain":400,"player_choice":"Sell","damage_taken":0,"max_hp_gain":0,"max_hp_loss":0,"event_name":"恩洛斯的盘子","floor":36,"relics_lost":["DaveBox"],"gold_loss":0},{"damage_healed":0,"gold_gain":0,"player_choice":"Memory 3","damage_taken":10,"max_hp_gain":0,"max_hp_loss":0,"event_name":"SensoryStone","floor":44,"gold_loss":0}],"is_beta":false,"boss_relics":[{"not_picked":["ats:Sanity Plus","Pandora\u0027s Box"],"picked":"ats:Tactical Delivery"},{"not_picked":[]},{"not_picked":["EE1DDrone","testmod-IncinerationGenerator"],"picked":"Busted Crown"},{"not_picked":[]}],"items_purged_floors":[4,17,31,34,39,40],"is_endless":false,"potions_floor_spawned":[1,6,8,14,16,19,21,23,25,29,30,35,37,41],"ascension_level":1}}