{"host":"qm4rv4rkpk76sbxu","time":1612777694,"event":{"mods":["BaseMod","Bestiary","Block Reminder","DeckTracker","Filter the Spire","Keyboard Shortcuts","Minty Spire (QoL Compilation)","MonsterHotkey","Quick Restart","Random Character Button","Relic Stats","Slay-I","StSLib","Unceasing Turn Reminder","ojb\u0027s Better Paths Mod","ojb\u0027s Info Mod"],"gold_per_floor":[115,290,290,306,329,360,379,379,379],"floor_reached":8,"language":"ENG","playtime":245,"items_purged":[],"score":67,"play_id":"e0fcb1ff-3943-4d74-b3df-ab43a126ade2","local_time":"20210208104814","is_ascension_mode":true,"campfire_choices":[],"circlet_count":0,"master_deck":["Strike_G","Strike_G+1","Strike_G","Strike_G+1","Strike_G","Defend_G","Defend_G","Defend_G","Defend_G","Defend_G","Survivor","Neutralize","Doubt","Flying Knee","Bouncing Flask","Dagger Throw"],"relics":["Ring of the Snake","Dead Branch","Whetstone","Dream Catcher"],"acts_visited":["Exordium"],"potions_floor_usage":[6,6,6,8],"damage_taken":[{"damage":1,"enemies":"Small Slimes","floor":1,"turns":5},{"damage":0,"enemies":"2 Louse","floor":4,"turns":3},{"damage":38,"enemies":"Lagavulin","floor":6,"turns":9},{"damage":0,"enemies":"Jaw Worm","floor":7,"turns":5},{"damage":7,"enemies":"3 Sentries","floor":8,"turns":2}],"seed_played":"-1636082693880127877","potions_obtained":[{"floor":0,"key":"SpeedPotion"},{"floor":0,"key":"SpeedPotion"},{"floor":0,"key":"Energy Potion"},{"floor":7,"key":"DuplicationPotion"}],"is_trial":false,"path_per_floor":["M","?","?","M","T","E","M","E"],"character_chosen":"THE_SILENT","items_purchased":[],"campfire_rested":0,"item_purchase_floors":[],"current_hp_per_floor":[69,69,44,44,44,6,6,0,0],"gold":379,"neow_bonus":"THREE_SMALL_POTIONS","is_daily":false,"chose_seed":false,"campfire_upgraded":0,"win_rate":0.0,"timestamp":1612777694,"path_taken":["M","?","?","M","?","E","M","E"],"items_purchased_type":[],"build_version":"2020-12-22","purchased_purges":0,"victory":false,"max_hp_per_floor":[70,70,70,70,70,70,70,70,70],"relic_stats":{"Dream Catcher":0,"counters":[5,24],"Dead Branch":[0],"Whetstone":["Strike_G","Strike_G"],"obtain_stats":[{"Dream Catcher":6,"Dead Branch":3,"Whetstone":5,"Ring of the Snake":0},{"Dream Catcher":3,"Dead Branch":1,"Whetstone":2,"Ring of the Snake":0},{"Dream Catcher":17,"Dead Branch":5,"Whetstone":8,"Ring of the Snake":0}],"Ring of the Snake":[10]},"card_choices":[{"not_picked":["PiercingWail","Outmaneuver","Caltrops"],"picked":"SKIP","floor":1},{"not_picked":["PiercingWail","Dodge and Roll"],"picked":"Flying Knee","floor":4},{"not_picked":["Flying Knee","Cloak And Dagger"],"picked":"Bouncing Flask","floor":6},{"not_picked":["PiercingWail","Choke"],"picked":"Dagger Throw","floor":7}],"player_experience":1520596,"relics_obtained":[{"floor":5,"key":"Whetstone"},{"floor":6,"key":"Dream Catcher"}],"event_choices":[{"damage_healed":0,"gold_gain":175,"player_choice":"AGREE","damage_taken":0,"max_hp_gain":0,"max_hp_loss":0,"event_name":"Liars Game","floor":2,"gold_loss":0,"cards_obtained":["Doubt"]},{"damage_healed":0,"gold_gain":0,"player_choice":"Success","damage_taken":25,"relics_obtained":["Dead Branch"],"max_hp_gain":0,"max_hp_loss":0,"event_name":"Scrap Ooze","floor":3,"gold_loss":0}],"is_beta":false,"boss_relics":[],"items_purged_floors":[],"is_endless":false,"potions_floor_spawned":[7],"killed_by":"3 Sentries","ascension_level":4}}