{"host":"1pkwkj8mkn7raipg","time":1612797244,"event":{"mods":["BaseMod","LagranYue(¿≠∏Ò¿ °§‘¬)","Minty Spire (QoL Compilation)","Replay The Spire","StSLib","TestMod","Youmu£®ªÍ∆«—˝√Œ£©"],"gold_per_floor":[117,42,142,155,170,170,199,199,248,248,283,283,183,213,213,317,417,436,436,447,447,462,494,494,513,540,551,581,374,374,390,390,490,490,508,508,508,523,536,536,536,536,560,574,604,623,657,507,507,507],"floor_reached":51,"language":"ZHS","playtime":2735,"items_purged":["Strike_B","Strike_B","Decay","ReplaySort"],"score":982,"play_id":"4810c38e-2fcb-4662-8a7c-fe348952e672","local_time":"20210208231404","is_ascension_mode":true,"campfire_choices":[{"data":"Zap","floor":6.0,"key":"SMITH"},{"data":"Dualcast","floor":8.0,"key":"SMITH"},{"data":"Scrape","floor":10.0,"key":"SMITH"},{"data":"Go for the Eyes","floor":12.0,"key":"SMITH"},{"data":"Hologram","floor":24,"key":"SMITH"},{"floor":30,"key":"REST"},{"floor":32,"key":"REST"},{"data":"Seek","floor":40,"key":"SMITH"},{"data":"testmod-PocketStoneCalender","floor":42,"key":"SMITH"},{"data":"Strike_B","floor":49,"key":"PURGE"}],"circlet_count":0,"master_deck":["AscendersBane","Strike_B+1","Defend_B","Defend_B","Zap+1","Dualcast+1","Genetic Algorithm","Scrape+1","Leap","Go for the Eyes+1","Go for the Eyes+1","Rip and Tear","Core Surge","Hologram+1","Beam Cell","All For One","testmod-WeaknessCounterattack","Gash","Gash","Steam","Seek+1","Flash of Steel","testmod-PocketStoneCalender+1","Steam+1","Steam+1"],"relics":["Cracked Core","testmod-TestBox","LagranYue:RandomDrawCardRelic","NeowsBlessing","testmod-Mahjong","Blood Vial","Bag of Preparation","Orichalcum","Whetstone","Replay:Wanted Poster","Blue Doll","Dream Catcher","Divine Protection","testmod-SaigiyounoYou","testmod-Maize","Toy Ornithopter","Oddly Smooth Stone","testmod-InjuryResistance"],"acts_visited":["Exordium","TheCity","TheBeyond"],"potions_floor_usage":[23,28,33,39,47,50],"damage_taken":[{"damage":0.0,"enemies":"2 Louse","floor":1.0,"turns":1.0},{"damage":0.0,"enemies":"Cultist","floor":4.0,"turns":1.0},{"damage":0.0,"enemies":"Jaw Worm","floor":5.0,"turns":1.0},{"damage":23.0,"enemies":"Gremlin Nob","floor":7.0,"turns":4.0},{"damage":13.0,"enemies":"Lagavulin","floor":11.0,"turns":4.0},{"damage":15.0,"enemies":"3 Sentries","floor":14.0,"turns":6.0},{"damage":0.0,"enemies":"Slime Boss","floor":16.0,"turns":6.0},{"damage":9.0,"enemies":"2 Thieves","floor":18.0,"turns":3.0},{"damage":2.0,"enemies":"Shell Parasite","floor":20.0,"turns":5.0},{"damage":6.0,"enemies":"Snake Plant","floor":22.0,"turns":4.0},{"damage":14,"enemies":"Slavers","floor":23,"turns":6},{"damage":0,"enemies":"Sentry and Sphere","floor":25,"turns":4},{"damage":8,"enemies":"Snecko","floor":27,"turns":3},{"damage":12,"enemies":"Book of Stabbing","floor":28,"turns":3},{"damage":0,"enemies":"Shelled Parasite and Fungi","floor":31,"turns":3},{"damage":39,"enemies":"Collector","floor":33,"turns":7},{"damage":15,"enemies":"3 Darklings","floor":35,"turns":6},{"damage":0,"enemies":"3 Shapes","floor":38,"turns":2},{"damage":19,"enemies":"Writhing Mass","floor":39,"turns":6},{"damage":0,"enemies":"3 Darklings","floor":44,"turns":5},{"damage":3,"enemies":"Nemesis","floor":45,"turns":7},{"damage":24,"enemies":"Maw","floor":46,"turns":6},{"damage":0,"enemies":"R_Hoarder","floor":47,"turns":9},{"damage":52,"enemies":"Replay:Hell Engine","floor":50,"turns":10}],"seed_played":"4609131535675154036","potions_obtained":[{"floor":1.0,"key":"testmod-TestPotion"},{"floor":4.0,"key":"Languid Potion"},{"floor":7.0,"key":"Cursed Concoction"},{"floor":14.0,"key":"testmod-EscapePotion"},{"floor":18.0,"key":"Dexterity Potion"},{"floor":22.0,"key":"LiquidBronze"},{"floor":31,"key":"SkillPotion"},{"floor":35,"key":"Strength Potion"},{"floor":38,"key":"Death Potion"},{"floor":46,"key":"Swift Potion"}],"is_trial":false,"path_per_floor":["M","$","?","M","M","R","E","R","T","R","E","R","$","E","R","B",null,"M","?","M","?","M","E","R","M","T","M","E","$","R","M","R","B",null,"M","T","?","M","M","R","$","R","T","M","E","M","E","$","R","B",null],"character_chosen":"DEFECT","items_purchased":["testmod-WeaknessCounterattack"],"campfire_rested":2,"item_purchase_floors":[29],"current_hp_per_floor":[68,68,68,68,68,68,45,45,45,45,34,34,34,21,21,23,62,55,55,57,57,53,41,41,43,43,37,27,27,49,51,73,36,65,70,70,60,75,64,64,64,64,64,75,75,65,75,75,75,61],"gold":507,"neow_bonus":"THREE_ENEMY_KILL","is_daily":false,"chose_seed":false,"campfire_upgraded":7,"win_rate":0.0,"timestamp":1612797244,"path_taken":["M","$","?","M","M","R","E","R","T","R","E","R","?","E","R","BOSS","M","?","M","?","M","E","R","M","T","M","E","$","R","M","R","BOSS","M","?","?","M","M","R","?","R","T","M","E","M","E","$","R","BOSS"],"items_purchased_type":["Card"],"build_version":"2020-12-22","purchased_purges":4,"victory":true,"max_hp_per_floor":[75,75,75,75,75,75,75,75,75,75,75,75,75,75,75,75,75,75,75,75,75,75,75,75,75,75,75,75,75,75,75,75,75,75,75,75,75,75,75,75,75,75,75,75,75,75,75,75,75,75],"card_choices":[{"not_picked":["Melter","Rebound"],"picked":"Genetic Algorithm","floor":1.0},{"not_picked":["Beam Cell","Skim"],"picked":"Scrape","floor":4.0},{"not_picked":["Turbo","Melter"],"picked":"Leap","floor":5.0},{"not_picked":["Recycle","Panic Button"],"picked":"Go for the Eyes","floor":7.0},{"not_picked":["Reinforced Body","Turbo"],"picked":"Go for the Eyes","floor":11.0},{"not_picked":["Stack","Blizzard","ReplayTheSpireMod:Reroute Power"],"picked":"SKIP","floor":14.0},{"not_picked":["ReplayTheSpireMod:Omega Cannon","Mirror Shield"],"picked":"Core Surge","floor":16.0},{"not_picked":["Turbo","Recycle+1"],"picked":"Hologram","floor":18.0},{"not_picked":["Auto Shields","ReplayTheSpireMod:System Scan","Capacitor"],"picked":"SKIP","floor":20.0},{"not_picked":["Cold Snap","ReplayTheSpireMod:Calculation Training","Sweeping Beam"],"picked":"SKIP","floor":22.0},{"not_picked":["Leap","Go for the Eyes","Compile Driver"],"picked":"SKIP","floor":23},{"not_picked":["Consume","ReplayTheSpireMod:Reroute Power"],"picked":"Beam Cell","floor":25},{"not_picked":["Go for the Eyes","Compile Driver"],"picked":"All For One","floor":27},{"not_picked":["Beam Cell","Sweeping Beam","Ball Lightning+1"],"picked":"SKIP","floor":28},{"not_picked":["Streamline","Panic Button+1"],"picked":"Gash","floor":30},{"not_picked":["Rebound+1","Hyperbeam"],"picked":"Gash","floor":31},{"not_picked":["Barrage","Scrape+1"],"picked":"Steam","floor":32},{"not_picked":["Electrodynamics","Hyperbeam"],"picked":"Seek","floor":33},{"not_picked":["BasicCrystalCard","Rebound","Self Repair"],"picked":"SKIP","floor":35},{"not_picked":["ReplayTheSpireMod:Private Reserves","testmod-HandmadeProducts"],"picked":"Flash of Steel","floor":37},{"not_picked":["testmod-SubstituteBySubterfuge","testmod-EternalityOfKhronos"],"picked":"testmod-PocketStoneCalender","floor":37},{"not_picked":["Rebound","Cold Snap","Panic Button"],"picked":"SKIP","floor":38},{"not_picked":["Leap","Sweeping Beam"],"picked":"Steam+1","floor":39},{"not_picked":["BasicCrystalCard","Beam Cell"],"picked":"Steam+1","floor":44},{"not_picked":["Reinforced Body","Scrape"],"picked":"ReplaySort","floor":45},{"not_picked":["Turbo","Stack+1","Cold Snap"],"picked":"SKIP","floor":46},{"not_picked":["Barrage","Tempest+1","Panic Button"],"picked":"SKIP","floor":47}],"player_experience":420539,"relics_obtained":[{"floor":7.0,"key":"Blood Vial"},{"floor":9.0,"key":"Bag of Preparation"},{"floor":11.0,"key":"Orichalcum"},{"floor":14.0,"key":"Whetstone"},{"floor":23,"key":"Blue Doll"},{"floor":26,"key":"Dream Catcher"},{"floor":28,"key":"Divine Protection"},{"floor":36,"key":"testmod-Maize"},{"floor":43,"key":"Toy Ornithopter"},{"floor":45,"key":"Oddly Smooth Stone"},{"floor":47,"key":"testmod-InjuryResistance"}],"event_choices":[{"damage_healed":0.0,"max_hp_gain":0.0,"max_hp_loss":0.0,"gold_gain":100.0,"event_name":"Wheel of Change","player_choice":"Gold","floor":3.0,"gold_loss":0.0,"damage_taken":0.0},{"cards_removed":["Defend_B"],"damage_healed":0.0,"max_hp_gain":0.0,"max_hp_loss":0.0,"gold_gain":0.0,"event_name":"Back to Basics","player_choice":"Elegance","floor":19.0,"gold_loss":0.0,"damage_taken":0.0},{"damage_healed":0.0,"max_hp_gain":0.0,"max_hp_loss":0.0,"gold_gain":0.0,"event_name":"Wheel of Change","player_choice":"Cursed","floor":21.0,"gold_loss":0.0,"damage_taken":0.0,"cards_obtained":["Decay"]},{"damage_healed":0,"gold_gain":0,"player_choice":"Memory 3","damage_taken":10,"max_hp_gain":0,"max_hp_loss":0,"event_name":"SensoryStone","floor":37,"gold_loss":0}],"is_beta":false,"boss_relics":[{"not_picked":["testmod-BatchProcessingSystem","LagranYue:ContractPerformanceRelic"],"picked":"Replay:Wanted Poster"},{"not_picked":["testmod-NegativeEmotionEnhancer","testmod-StringDisintegrator"],"picked":"testmod-SaigiyounoYou"}],"items_purged_floors":[2,13,29,48],"is_endless":false,"potions_floor_spawned":[1,4,7,14,18,22,31,35,38,46],"ascension_level":10}}