{"host":"gobyjzz6xbwq9f9i","time":1612750996,"event":{"mods":["AchievementEnabler","BaseMod","Bestiary","Colored Map","Minty Spire (QoL Compilation)","Relic Stats"],"gold_per_floor":[117,135,154,168,118,118,70,70,70,100,119,138,156,187,187,291,291,306,324,324,336,29,29,42,42,68,68,101,116,141,160,160,255,255,268,36,47,64,64,90,90,117,117,117,130,130,144,173,173,173,173,173,10,40,40,40],"floor_reached":55,"language":"ENG","playtime":3318,"items_purged":["Backstab"],"score":1367,"play_id":"f5266bd1-d1ec-478f-8782-6ba26b8da9f8","local_time":"20210207182316","is_ascension_mode":true,"campfire_choices":[{"data":"Dagger Spray","floor":6.0,"key":"SMITH"},{"data":"All Out Attack","floor":8.0,"key":"SMITH"},{"data":"Bane","floor":15.0,"key":"SMITH"},{"data":"Wraith Form v2","floor":23,"key":"SMITH"},{"data":"Noxious Fumes","floor":25,"key":"SMITH"},{"floor":27,"key":"REST"},{"data":"Noxious Fumes","floor":32,"key":"SMITH"},{"data":"Crippling Poison","floor":41,"key":"SMITH"},{"data":"Malaise","floor":44,"key":"SMITH"},{"data":"Leg Sweep","floor":46,"key":"SMITH"},{"floor":49,"key":"RECALL"},{"floor":52,"key":"REST"}],"circlet_count":0,"master_deck":["AscendersBane","Survivor","Neutralize","Noxious Fumes+1","Poisoned Stab","All Out Attack+1","Dagger Spray+1","Calculated Gamble","Leg Sweep+1","Bane+1","Wraith Form v2+1","Sucker Punch+1","PiercingWail","Noxious Fumes+1","Malaise+1","Tactician+1","Tools of the Trade","Noxious Fumes","After Image","Crippling Poison+1","Eviscerate","Underhanded Strike","Masterful Stab","Dagger Spray","Choke","Storm of Steel","Backflip+1","Acrobatics","Bullet Time","PiercingWail","Crippling Poison+1","Footwork"],"relics":["Ring of the Snake","Happy Flower","Sundial","HornCleat","StrikeDummy","Snecko Eye","TwistedFunnel","Akabeko","Vajra","FossilizedHelix","Bottled Lightning","Pandora\u0027s Box","Juzu Bracelet","PreservedInsect","Bag of Preparation","Ninja Scroll","Gremlin Horn"],"acts_visited":["Exordium","TheCity","TheBeyond","TheEnding"],"potions_floor_usage":[30,33,40,42,50,50,54,55],"damage_taken":[{"damage":1.0,"enemies":"Cultist","floor":1.0,"turns":4.0},{"damage":8.0,"enemies":"Small Slimes","floor":2.0,"turns":5.0},{"damage":0.0,"enemies":"Jaw Worm","floor":3.0,"turns":4.0},{"damage":2.0,"enemies":"Gremlin Gang","floor":4.0,"turns":4.0},{"damage":22.0,"enemies":"Gremlin Nob","floor":10.0,"turns":4.0},{"damage":0.0,"enemies":"Red Slaver","floor":11.0,"turns":3.0},{"damage":0.0,"enemies":"Exordium Wildlife","floor":12.0,"turns":3.0},{"damage":0.0,"enemies":"Exordium Thugs","floor":13.0,"turns":3.0},{"damage":0.0,"enemies":"3 Sentries","floor":14.0,"turns":4.0},{"damage":0.0,"enemies":"Slime Boss","floor":16.0,"turns":5.0},{"damage":3,"enemies":"Shell Parasite","floor":18,"turns":5},{"damage":0,"enemies":"3 Byrds","floor":19,"turns":4},{"damage":19,"enemies":"Snake Plant","floor":21,"turns":4},{"damage":0,"enemies":"Sentry and Sphere","floor":24,"turns":4},{"damage":2,"enemies":"Slavers","floor":28,"turns":5},{"damage":3,"enemies":"Centurion and Healer","floor":29,"turns":6},{"damage":0,"enemies":"Gremlin Leader","floor":30,"turns":5},{"damage":0,"enemies":"Snake Plant","floor":31,"turns":4},{"damage":27,"enemies":"Collector","floor":33,"turns":10},{"damage":0,"enemies":"Orb Walker","floor":35,"turns":3},{"damage":0,"enemies":"3 Darklings","floor":37,"turns":3},{"damage":10,"enemies":"Writhing Mass","floor":38,"turns":6},{"damage":0,"enemies":"Giant Head","floor":40,"turns":7},{"damage":12,"enemies":"Reptomancer","floor":42,"turns":5},{"damage":0,"enemies":"Transient","floor":45,"turns":5},{"damage":0,"enemies":"3 Darklings","floor":47,"turns":4},{"damage":3,"enemies":"Giant Head","floor":48,"turns":6},{"damage":27,"enemies":"Time Eater","floor":50,"turns":11},{"damage":0,"enemies":"Shield and Spear","floor":54,"turns":5},{"damage":86,"enemies":"The Heart","floor":55,"turns":9}],"seed_played":"6377511511014361363","potions_obtained":[{"floor":1.0,"key":"Poison Potion"},{"floor":11.0,"key":"BlessingOfTheForge"},{"floor":13.0,"key":"ColorlessPotion"},{"floor":14.0,"key":"ColorlessPotion"},{"floor":19,"key":"GamblersBrew"},{"floor":21,"key":"Ancient Potion"},{"floor":30,"key":"Energy Potion"},{"floor":38,"key":"ColorlessPotion"},{"floor":42,"key":"LiquidMemories"},{"floor":47,"key":"Dexterity Potion"}],"is_trial":false,"path_per_floor":["M","M","M","M","?","R","$","R","T","E","M","M","M","E","R","B",null,"M","M","?","M","$","R","M","R","T","R","E","M","E","M","R","B",null,"M","$","M","M","?","E","R","E","T","R","M","R","M","E","R","B",null,"R","$","E","B"],"character_chosen":"THE_SILENT","items_purchased":["SteroidPotion","TwistedFunnel","Akabeko","Juzu Bracelet","Footwork","Poison Potion","DistilledChaos"],"campfire_rested":2,"item_purchase_floors":[7,22,22,36,53,53,53],"current_hp_per_floor":[62,54,54,52,52,52,52,52,52,30,30,30,30,30,30,30,60,57,57,57,38,38,38,38,38,38,59,57,54,54,54,54,27,59,59,59,59,49,49,49,49,37,37,37,37,37,37,34,34,7,54,70,70,70,0,0],"gold":40,"neow_bonus":"RANDOM_COMMON_RELIC","is_daily":false,"chose_seed":false,"campfire_upgraded":9,"win_rate":0.0,"timestamp":1612750996,"path_taken":["M","M","M","M","?","R","$","R","T","E","M","M","M","E","R","BOSS","M","M","?","M","$","R","M","R","T","R","E","M","E","M","R","BOSS","M","$","M","M","?","E","R","E","T","R","M","R","M","E","R","BOSS","R","$","E","BOSS"],"items_purchased_type":["Potion","Relic","Relic","Relic","Card","Potion","Potion"],"build_version":"2020-12-22","purchased_purges":1,"victory":false,"max_hp_per_floor":[70,70,70,70,70,70,70,70,70,70,70,70,70,70,70,70,70,70,70,70,70,70,70,70,70,70,70,70,70,70,70,70,70,70,70,70,70,70,70,70,70,70,70,70,70,70,70,70,70,70,70,70,70,70,70,70],"relic_stats":{"Happy Flower":[50],"Gremlin Horn":[0,0],"counters":[30,150],"Sundial":[24],"Snecko Eye":[213,229,232,207],"Pandora\u0027s Box":["Noxious Fumes","After Image","Crippling Poison","Eviscerate","Underhanded Strike","Masterful Stab","Dagger Spray","Choke","Storm of Steel"],"PreservedInsect":268,"Juzu Bracelet":0,"Bag of Preparation":[3],"obtain_stats":[{"TwistedFunnel":22,"Happy Flower":0,"Gremlin Horn":54,"Vajra":26,"PreservedInsect":40,"Juzu Bracelet":36,"Bag of Preparation":42,"Akabeko":22,"HornCleat":10,"Sundial":9,"Ninja Scroll":48,"Snecko Eye":17,"Pandora\u0027s Box":34,"Bottled Lightning":30,"StrikeDummy":14,"FossilizedHelix":28,"Ring of the Snake":0},{"TwistedFunnel":13,"Happy Flower":0,"Gremlin Horn":29,"Vajra":14,"PreservedInsect":23,"Juzu Bracelet":20,"Bag of Preparation":24,"Akabeko":13,"HornCleat":5,"Sundial":4,"Ninja Scroll":27,"Snecko Eye":10,"Pandora\u0027s Box":19,"Bottled Lightning":17,"StrikeDummy":9,"FossilizedHelix":15,"Ring of the Snake":0},{"TwistedFunnel":52,"Happy Flower":0,"Gremlin Horn":141,"Vajra":56,"PreservedInsect":105,"Juzu Bracelet":89,"Bag of Preparation":110,"Akabeko":52,"HornCleat":21,"Sundial":17,"Ninja Scroll":125,"Snecko Eye":39,"Pandora\u0027s Box":86,"Bottled Lightning":72,"StrikeDummy":34,"FossilizedHelix":61,"Ring of the Snake":0}],"Ring of the Snake":[54]},"card_choices":[{"not_picked":["Underhanded Strike","Flechettes"],"picked":"Noxious Fumes","floor":1.0},{"not_picked":["Accuracy","Backflip"],"picked":"Poisoned Stab","floor":2.0},{"not_picked":["Flying Knee","Sucker Punch"],"picked":"All Out Attack","floor":3.0},{"not_picked":["Well Laid Plans","Expertise"],"picked":"Dagger Spray","floor":4.0},{"not_picked":["Endless Agony","Underhanded Strike"],"picked":"Calculated Gamble","floor":10.0},{"not_picked":["Outmaneuver","Flying Knee"],"picked":"Backstab","floor":11.0},{"not_picked":["Deflect","Choke"],"picked":"Leg Sweep","floor":12.0},{"not_picked":["Dagger Spray","Crippling Poison"],"picked":"Bane","floor":13.0},{"not_picked":["Sucker Punch","Riddle With Holes","Bane"],"picked":"SKIP","floor":14.0},{"not_picked":["A Thousand Cuts","Grand Finale"],"picked":"Wraith Form v2","floor":16.0},{"not_picked":["Infinite Blades","Prepared"],"picked":"Sucker Punch+1","floor":18},{"not_picked":["Riddle With Holes","Blade Dance+1"],"picked":"PiercingWail","floor":19},{"not_picked":["Accuracy","Blade Dance","Outmaneuver"],"picked":"SKIP","floor":21},{"not_picked":["Blade Dance","Dodge and Roll","Quick Slash+1"],"picked":"SKIP","floor":24},{"not_picked":["Underhanded Strike+1","Burst"],"picked":"Noxious Fumes","floor":28},{"not_picked":["Poisoned Stab","Masterful Stab+1","Expertise"],"picked":"SKIP","floor":29},{"not_picked":["Poisoned Stab","Dagger Throw"],"picked":"Malaise","floor":30},{"not_picked":["Underhanded Strike","Dagger Spray"],"picked":"Tactician+1","floor":31},{"not_picked":["Glass Knife","After Image"],"picked":"Tools of the Trade","floor":33},{"not_picked":["Heel Hook+1","Endless Agony"],"picked":"Backflip+1","floor":35},{"not_picked":["Prepared","Accuracy"],"picked":"Acrobatics","floor":37},{"not_picked":["Outmaneuver","Dodge and Roll+1","Dagger Throw+1"],"picked":"SKIP","floor":38},{"not_picked":["Dagger Spray+1","Infinite Blades+1","Prepared+1"],"picked":"SKIP","floor":40},{"not_picked":["Bouncing Flask","Dodge and Roll+1"],"picked":"Bullet Time","floor":42},{"not_picked":["Slice","Dagger Spray+1"],"picked":"PiercingWail","floor":45},{"not_picked":["Sucker Punch","PiercingWail+1"],"picked":"Crippling Poison+1","floor":47},{"not_picked":["Quick Slash","All Out Attack","Doppelganger"],"picked":"SKIP","floor":48},{"not_picked":["Deflect+1","Glass Knife","Dash"],"picked":"SKIP","floor":54}],"player_experience":1306687,"relics_obtained":[{"floor":9.0,"key":"Sundial"},{"floor":10.0,"key":"HornCleat"},{"floor":14.0,"key":"StrikeDummy"},{"floor":26,"key":"Vajra"},{"floor":28,"key":"FossilizedHelix"},{"floor":30,"key":"Bottled Lightning"},{"floor":40,"key":"PreservedInsect"},{"floor":42,"key":"Bag of Preparation"},{"floor":48,"key":"Ninja Scroll"},{"floor":54,"key":"Gremlin Horn"}],"event_choices":[{"cards_removed":["Strike_G"],"damage_healed":0.0,"max_hp_gain":0.0,"max_hp_loss":0.0,"gold_gain":0.0,"event_name":"The Cleric","player_choice":"Card Removal","floor":5.0,"gold_loss":50.0,"damage_taken":0.0},{"damage_healed":0,"gold_gain":0,"player_choice":"Ignored","damage_taken":0,"max_hp_gain":0,"max_hp_loss":0,"event_name":"Vampires","floor":20,"gold_loss":0},{"damage_healed":0,"gold_gain":0,"player_choice":"Memory 1","damage_taken":0,"max_hp_gain":0,"max_hp_loss":0,"event_name":"SensoryStone","floor":39,"gold_loss":0}],"is_beta":false,"boss_relics":[{"not_picked":["SlaversCollar","Black Star"],"picked":"Snecko Eye"},{"not_picked":["Runic Dome","Cursed Key"],"picked":"Pandora\u0027s Box"}],"items_purged_floors":[36],"is_endless":false,"potions_floor_spawned":[1,11,13,14,19,21,30,31,38,42,47,48],"killed_by":"The Heart","ascension_level":10}}