{"host":"amduk82rbaelv3uo","time":1612808229,"event":{"mods":["AchievementEnabler","BaseMod","BetterRewards","Colored Map","Colored Powertips","Defuse TimeMaze Blight","Highlight Path","Infinite Spire","Minty Spire (QoL Compilation)","Permanent Neow","Quick Restart","Replay The Spire","StSLib","The Cursed"],"gold_per_floor":[216,83,83,16,36,62,62,83,83,159,180,32,45,65,65,170,170,194,65,67,86,86,92,92],"floor_reached":23,"language":"ENG","playtime":1664,"items_purged":[],"score":210,"play_id":"9e91caaf-1df9-43b3-8e18-78c1663ce640","local_time":"20210208181709","is_ascension_mode":true,"campfire_choices":[{"data":"Envenom","floor":7,"key":"SMITH"},{"floor":15,"key":"REST"}],"circlet_count":0,"master_deck":["Strike_G+1","Strike_G+1","Strike_G+1","Strike_G+1","Strike_G+1","Defend_G+1","Defend_G+1","Defend_G+1","Defend_G+1","Defend_G+1","Survivor","Neutralize","Accuracy","ReplayTheSpireMod:Scrap Shanks","Hidden Blade","ReplayTheSpireMod:Scrap Shanks","Blade Dance","Envenom+1","Hidden Blade","Fluid Movement","Hidden Blade","Infinite Blades","Deadly Poison","Acrobatics","A Thousand Cuts","Backflip","Apotheosis","Madness","ReplayTheSpireMod:Necrogeddon","infinitespire:Menacing","Dash"],"relics":["Ring of the Snake","infinitespire:Midas Blood","HornCleat","Omamori","WristBlade","ReplayTheSpireMod:ShopPack"],"acts_visited":["Exordium","TheCity"],"potions_floor_usage":[6,11,13,13,14,14,18,23],"damage_taken":[{"damage":5,"enemies":"Cultist","floor":1,"turns":5},{"damage":5,"enemies":"Small Slimes","floor":5,"turns":4},{"damage":16,"enemies":"Lagavulin","floor":6,"turns":4},{"damage":13,"enemies":"2 Louse","floor":8,"turns":3},{"damage":6,"enemies":"Exordium Wildlife","floor":11,"turns":6},{"damage":0,"enemies":"Looter","floor":13,"turns":3},{"damage":0,"enemies":"Large Slime","floor":14,"turns":6},{"damage":21,"enemies":"Slime Boss","floor":16,"turns":10},{"damage":22,"enemies":"2 Thieves","floor":18,"turns":4},{"damage":16,"enemies":"Spheric Guardian","floor":21,"turns":4},{"damage":24,"enemies":"Gremlin Leader","floor":23,"turns":6}],"seed_played":"3548425779959844821","potions_obtained":[{"floor":5,"key":"SkillPotion"},{"floor":10,"key":"GhostInAJar"},{"floor":10,"key":"DistilledChaos"},{"floor":11,"key":"Poison Potion"},{"floor":14,"key":"Fruit Juice"},{"floor":16,"key":"Explosive Potion"},{"floor":21,"key":"LifebloodPotion"}],"is_trial":false,"path_per_floor":["M","$","?","$","M","E","R","M","T","?","M","$","M","M","R","B",null,"M","$","?","M","?","E"],"character_chosen":"THE_SILENT","items_purchased":["ReplayTheSpireMod:Scrap Shanks","Hidden Blade","ReplayTheSpireMod:Scrap Shanks","LifebloodPotion","Infinite Blades","ReplayTheSpireMod:ShopPack"],"campfire_rested":1,"item_purchase_floors":[2,2,4,12,12,19],"current_hp_per_floor":[65,65,65,65,60,44,44,31,31,14,8,8,8,13,35,14,75,53,53,35,19,19,0,0],"gold":92,"neow_bonus":"HUNDRED_GOLD","is_daily":false,"chose_seed":false,"campfire_upgraded":1,"win_rate":0.0,"timestamp":1612808229,"path_taken":["M","$","?","$","M","E","R","M","T","?","M","$","M","M","R","BOSS","M","$","?","M","?","E"],"items_purchased_type":["Card","Card","Card","Potion","Card","Relic"],"build_version":"2020-12-22","purchased_purges":0,"victory":false,"max_hp_per_floor":[70,70,70,70,70,70,70,70,70,70,70,70,70,75,75,75,75,75,75,75,75,75,75,75],"card_choices":[{"not_picked":["Underhanded Strike","Bane"],"picked":"Accuracy","floor":1},{"not_picked":["Deflect","Noxious Fumes"],"picked":"Blade Dance","floor":5},{"not_picked":["ReplayTheSpireMod:Speed Training","Outmaneuver"],"picked":"Envenom","floor":6},{"not_picked":["Distraction","Endless Agony"],"picked":"Hidden Blade","floor":8},{"not_picked":["Well Laid Plans","Deadly Poison"],"picked":"Fluid Movement","floor":10},{"not_picked":["Calculated Gamble","Outmaneuver"],"picked":"Hidden Blade","floor":11},{"not_picked":["Sneak Up","All Out Attack"],"picked":"Deadly Poison","floor":13},{"not_picked":["ReplayTheSpireMod:Shiv Toss","Outmaneuver"],"picked":"Acrobatics","floor":14},{"not_picked":["Unload","infinitespire:Neurotoxin"],"picked":"A Thousand Cuts","floor":16},{"not_picked":["Prepared","ReplayTheSpireMod:Exploit Weakness"],"picked":"Backflip","floor":18},{"not_picked":["Sadistic Nature","The Bomb"],"picked":"Apotheosis","floor":19},{"not_picked":["Replay:Parry","Survey Options"],"picked":"Madness","floor":19},{"not_picked":["HandOfGreed","Panacea"],"picked":"ReplayTheSpireMod:Necrogeddon","floor":19},{"not_picked":["ReplayTheSpireMod:Echoes of Time","infinitespire:Punishment"],"picked":"infinitespire:Menacing","floor":20},{"not_picked":["Poisoned Stab","Poison Darts"],"picked":"Dash","floor":21}],"player_experience":291131,"relics_obtained":[{"floor":6,"key":"infinitespire:Midas Blood"},{"floor":9,"key":"HornCleat"},{"floor":10,"key":"Omamori"}],"event_choices":[{"damage_healed":0,"gold_gain":0,"player_choice":"Leave","damage_taken":0,"max_hp_gain":0,"max_hp_loss":0,"event_name":"The Cleric","floor":3,"gold_loss":0},{"damage_healed":0,"gold_gain":0,"player_choice":"Simplicity","damage_taken":0,"max_hp_gain":0,"max_hp_loss":0,"event_name":"Back to Basics","floor":22,"gold_loss":0,"cards_upgraded":["Strike_G","Strike_G","Strike_G","Strike_G","Strike_G","Defend_G","Defend_G","Defend_G","Defend_G","Defend_G"]}],"is_beta":false,"boss_relics":[{"not_picked":["ChewingGum","ReplayTheSpireMod:DimensionalGlitch"],"picked":"WristBlade"}],"items_purged_floors":[],"is_endless":false,"potions_floor_spawned":[5,11,14,16,21],"killed_by":"Gremlin Leader","ascension_level":2}}