{"host":"a3oe3gstxz77c7qu","time":1612801577,"event":{"mods":["2.2 Compatiblity","Act Like it!","Astrologer","BaseMod","Bestiary","Better Altar","Better Match","Better Note","Better Skull","Better Third Choice","Block Reminder","Curses Come First","Custom Start","Dark Map","Downfall","Friendly Minions","GifTheSpireLib","Hallownest","Hermit","Jorbs\u0027s Wanderer Trilogy","Lobotomy","LobotomyExtend","Marisa????????","Minty Spire (QoL Compilation)","Permanent Neow","Quick Restart","Relic Filter Mod","Relic Stats","Reliquary","Replay The Spire","Smile Girya","Spire Arcade","StSLib","The Bug Knight","The Cursed","The Disciple","The Jungle","Uncapped","Unknown Chances","Wandering Minibosses"],"gold_per_floor":[116,128,24,39,39,39,66,66,112,112,112,140,140,42,42,142,142,162,32,32,51,65,65,81,81,81,96,131,131,183,271,271,497,497,507,523,146,189,189,189,222,222,245,280,314,331,331,343,343,418,418],"floor_reached":52,"language":"ENG","playtime":2752,"items_purged":["QueenBee","Scorched"],"score":2828,"play_id":"d491545d-7a78-42ee-90fb-de5d4d63b5c7","local_time":"20210208162617","is_ascension_mode":true,"campfire_choices":[],"circlet_count":0,"master_deck":["AscendersBane","SpecialBullet","SpecialBullet","SpecialBullet","SpecialBullet","SpecialBullet","CentralCode","SecurityCode","UniverseFragment","ParadiseLost","Gaze+1","Harvest","Replay:Bootleg Shield Generator+1","BowlingBash+1","ExtractionCode","Survey Options+1","Blade Dance+1","BlueStar","TheSmile+1","Metallicize","MeatLantern","HollowMod:DoubleDash+1","TrainingCode","BeautyBeast","Cleave+1","Venomology+1","Burst+1","VoidDream","GreedKing","BlackSwan"],"relics":["CogitoBucket","RabbitCall","Blue Doll","LetterFromLob","Replay:Rubber Ducky","Omamori","HollowMod:QueensCombRelic","Juzu Bracelet","MagicBullet_r","Vajra","Heaven_r","PrismaticShard","Replay:PocketPolymizer","Coffee Dripper","ChangeAnything","Ring of Hypnosis","War Paint","Centennial Puzzle","ReplayTheSpireMod:Lightbulb","LuminousBracelet","Painkiller Herb","Oddly Smooth Stone","Boot","Replay:Mystery Machine","Ancient Tea Set","wanderingMiniBosses:CarrionFlame","SkinProphecy","AtMidnight","Singing Bowl"],"acts_visited":["Exordium","TheCity","TheBeyond"],"potions_floor_usage":[21,30,30,35,41,45,46,50],"damage_taken":[{"damage":6.0,"enemies":"Cultist","floor":1.0,"turns":3.0},{"damage":12.0,"enemies":"Small Slimes","floor":2.0,"turns":3.0},{"damage":4.0,"enemies":"Jaw Worm","floor":4.0,"turns":4.0},{"damage":42.0,"enemies":"Lagavulin","floor":7.0,"turns":10.0},{"damage":27.0,"enemies":"Lots of Slimes","floor":10.0,"turns":3.0},{"damage":18.0,"enemies":"Gremlin Nob","floor":12.0,"turns":3.0},{"damage":0,"enemies":"Slime Boss","floor":16,"turns":6},{"damage":0,"enemies":"3 Byrds","floor":18,"turns":2},{"damage":4,"enemies":"2 Thieves","floor":21,"turns":5},{"damage":20,"enemies":"Chosen and Byrds","floor":22,"turns":4},{"damage":0,"enemies":"Snake Plant","floor":24,"turns":2},{"damage":0,"enemies":"Snecko","floor":27,"turns":2},{"damage":0,"enemies":"Gremlin Leader","floor":28,"turns":3},{"damage":5,"enemies":"HollowMod:Nosk","floor":30,"turns":5},{"damage":10,"enemies":"Chosen and Byrds","floor":31,"turns":2},{"damage":44,"enemies":"Collector","floor":33,"turns":6},{"damage":30,"enemies":"Orb Walker","floor":35,"turns":5},{"damage":25,"enemies":"3 Shapes","floor":36,"turns":2},{"damage":0,"enemies":"Writhing Mass","floor":38,"turns":6},{"damage":0,"enemies":"Reptomancer","floor":41,"turns":4},{"damage":0,"enemies":"Sphere and 2 Shapes","floor":44,"turns":4},{"damage":20,"enemies":"HollowMod:StalkingDevout","floor":45,"turns":3},{"damage":0,"enemies":"Maw","floor":46,"turns":4},{"damage":0,"enemies":"HollowMod:SlobberingHusk","floor":48,"turns":5},{"damage":0,"enemies":"Replay:Hell Engine","floor":50,"turns":3}],"seed_played":"-8683531512907886590","potions_obtained":[{"floor":1.0,"key":"Doom Potion"},{"floor":2.0,"key":"Weak Potion"},{"floor":16,"key":"Fire Potion"},{"floor":18,"key":"Adrenaline Potion"},{"floor":24,"key":"Block Potion"},{"floor":30,"key":"BlessingOfTheForge"},{"floor":38,"key":"SteroidPotion"}],"is_trial":false,"path_per_floor":["M","M","$","M","?","R","E","R","T","M","?","E","R","$","R","B",null,"M","$","?","M","M","R","M","R","T","M","E","R","E","M","R","B",null,"?","?","T","?","?","T","E","T","T","?","E","?","T","?","T","B",null,null],"character_chosen":"Angela","items_purchased":["ParadiseLost","Gaze+1","Replay:Bootleg Shield Generator","Survey Options+1","Oddly Smooth Stone","Boot"],"campfire_rested":0,"item_purchase_floors":[3,3,14,19,37,37],"current_hp_per_floor":[65,61,61,70,47,47,22,22,22,13,13,17,17,17,17,40,40,44,44,44,44,44,44,48,48,48,52,56,56,56,75,75,70,77,74,66,66,83,83,83,73,73,73,77,83,89,89,85,85,89,89],"gold":418,"neow_bonus":"RANDOM_COMMON_RELIC","is_daily":false,"chose_seed":false,"campfire_upgraded":0,"win_rate":0.0,"timestamp":1612801577,"path_taken":["M","M","$","M","?","R","E","R","T","M","?","E","R","?","R","BOSS","M","$","?","M","M","R","M","R","T","M","E","R","E","M","R","BOSS","?","?","?","?","?","T","E","T","T","?","E","?","T","?","T","BOSS"],"items_purchased_type":["Card","Card","Card","Card","Relic","Relic"],"build_version":"2020-12-22","purchased_purges":2,"victory":true,"max_hp_per_floor":[70,70,70,70,70,70,46,46,46,36,36,36,36,36,36,40,40,44,44,44,44,44,44,48,48,48,52,56,56,56,75,75,79,79,79,79,79,83,83,83,73,73,73,77,83,89,89,85,85,89,89],"relic_stats":{"Centennial Puzzle":[17],"Singing Bowl":12,"counters":[29,103],"Juzu Bracelet":1,"War Paint":["Replay:Bootleg Shield Generator","TheSmile"],"Boot":[9],"obtain_stats":[{"RabbitCall":0,"Replay:PocketPolymizer":12,"Singing Bowl":45,"Vajra":10,"LuminousBracelet":31,"Blue Doll":0,"Painkiller Herb":34,"Juzu Bracelet":9,"Replay:Mystery Machine":41,"SkinProphecy":44,"PrismaticShard":11,"Boot":37,"Ancient Tea Set":43,"Replay:Rubber Ducky":5,"CogitoBucket":0,"Centennial Puzzle":28,"HollowMod:QueensCombRelic":7,"MagicBullet_r":10,"Ring of Hypnosis":20,"Oddly Smooth Stone":37,"Omamori":5,"War Paint":26,"Heaven_r":10,"wanderingMiniBosses:CarrionFlame":44,"AtMidnight":44,"LetterFromLob":1,"Coffee Dripper":17,"ChangeAnything":18,"InspiredRelic":10,"ReplayTheSpireMod:Lightbulb":30},{"RabbitCall":0,"Replay:PocketPolymizer":6,"Singing Bowl":25,"Vajra":5,"LuminousBracelet":17,"Blue Doll":0,"Painkiller Herb":18,"Juzu Bracelet":4,"Replay:Mystery Machine":22,"SkinProphecy":24,"PrismaticShard":5,"Boot":20,"Ancient Tea Set":22,"Replay:Rubber Ducky":3,"CogitoBucket":0,"Centennial Puzzle":14,"HollowMod:QueensCombRelic":4,"MagicBullet_r":4,"Ring of Hypnosis":9,"Oddly Smooth Stone":20,"Omamori":3,"War Paint":12,"Heaven_r":5,"wanderingMiniBosses:CarrionFlame":24,"AtMidnight":24,"LetterFromLob":1,"Coffee Dripper":7,"ChangeAnything":9,"InspiredRelic":4,"ReplayTheSpireMod:Lightbulb":15},{"RabbitCall":0,"Replay:PocketPolymizer":26,"Singing Bowl":90,"Vajra":23,"LuminousBracelet":59,"Blue Doll":0,"Painkiller Herb":65,"Juzu Bracelet":20,"Replay:Mystery Machine":82,"SkinProphecy":87,"PrismaticShard":23,"Boot":72,"Ancient Tea Set":82,"Replay:Rubber Ducky":10,"CogitoBucket":0,"Centennial Puzzle":51,"HollowMod:QueensCombRelic":20,"MagicBullet_r":20,"Ring of Hypnosis":35,"Oddly Smooth Stone":72,"Omamori":10,"War Paint":46,"Heaven_r":23,"wanderingMiniBosses:CarrionFlame":87,"AtMidnight":87,"LetterFromLob":3,"Coffee Dripper":32,"ChangeAnything":35,"InspiredRelic":20,"ReplayTheSpireMod:Lightbulb":56}]},"card_choices":[{"not_picked":["MHz","Wellcheers"],"picked":"UniverseFragment","floor":1.0},{"not_picked":["Galaxy","Lantern"],"picked":"SKIP","floor":1.0},{"not_picked":["OSAHOGD","ShyLook"],"picked":"QueenOfHatred","floor":2.0},{"not_picked":["Christmas","Loneliness"],"picked":"SKIP","floor":2.0},{"not_picked":["Galaxy","Discord"],"picked":"SKIP","floor":4.0},{"not_picked":["Regret_ego"],"picked":"Harvest","floor":7.0},{"not_picked":["Finisher","champ:Lariat"],"picked":"SKIP","floor":12.0},{"not_picked":["BigBird","Laetitia"],"picked":"QueenBee","floor":16},{"not_picked":["TheCursedMod:PrepareRite+1"],"picked":"BowlingBash+1","floor":18},{"not_picked":["FairyFestival","Laetitia"],"picked":"OldLady","floor":18},{"not_picked":["stsjorbsmod:ChatteringStrike","TheCursedMod:CircleOfFocus+1"],"picked":"SKIP","floor":21},{"not_picked":["TheCursedMod:CursedShiv","champ:ArenaPreparation"],"picked":"SKIP","floor":21},{"not_picked":["Slimebound:ItLooksTasty"],"picked":"Blade Dance+1","floor":22},{"not_picked":["hermit:Snipe","hexamod:Firestarter"],"picked":"SKIP","floor":22},{"not_picked":["hermit:Snipe","hexamod:Firestarter"],"picked":"SKIP","floor":22},{"not_picked":["ShyLook","Bloodbath"],"picked":"BlueStar","floor":24},{"not_picked":["sneckomod:SoulDraw","Guardian:TemporalStrike+1","Slimebound:ComboTackle"],"picked":"SKIP","floor":24},{"not_picked":["WallGazer","RedShoes"],"picked":"Scorched","floor":27},{"not_picked":["astrologer:Observe","Goo","bronze:Optimize"],"picked":"SKIP","floor":27},{"not_picked":["Panic Button","Shrug It Off"],"picked":"Metallicize","floor":28},{"not_picked":["BigBadWolf","Murderer","VoidDream"],"picked":"Singing Bowl","floor":28},{"not_picked":["LittleHelper","QueenBee"],"picked":"MeatLantern","floor":28},{"not_picked":["Dagger Throw","BigCrunch","TheCursedMod:CursedStaff"],"picked":"SKIP","floor":28},{"not_picked":["Intimidate+1","astrologer:GlassStar+1"],"picked":"HollowMod:DoubleDash+1","floor":30},{"not_picked":["CENSORED","BigBird","LongBird"],"picked":"Singing Bowl","floor":30},{"not_picked":["Guardian:Preprogram+1","astrologer:TheMoon+1","Go for the Eyes+1"],"picked":"SKIP","floor":30},{"not_picked":["QueenBee","FieryBird","VoidDream"],"picked":"Singing Bowl","floor":31},{"not_picked":["NothingThere","Woodsman"],"picked":"BeautyBeast","floor":31},{"not_picked":["ReplayTheSpireMod:From All Sides+1","champ:GutPunch+1"],"picked":"Cleave+1","floor":31},{"not_picked":["ReplayTheSpireMod:From All Sides+1","hexamod:ApocalypseNow+1"],"picked":"Venomology+1","floor":33},{"not_picked":["Slimebound:FirmFortitude+1","Demonic Infusion+1"],"picked":"Burst+1","floor":33},{"not_picked":["Scarecrow","DreamingCurrent","Porccubus"],"picked":"Singing Bowl","floor":33},{"not_picked":["LaLuna","CrumblingArmor"],"picked":"VoidDream","floor":33},{"not_picked":["RedShoes","WhiteNight","Yin"],"picked":"Singing Bowl","floor":35},{"not_picked":["stsjorbsmod:Damnation+1","champ:BladeFlurry+1","sneckomod:UnknownCommonAttack+1"],"picked":"SKIP","floor":35},{"not_picked":["WindUp+1","stsjorbsmod:BlackTentacles+1","FIFO Queue+1"],"picked":"SKIP","floor":35},{"not_picked":["CrumblingArmor","MHz","BigBadWolf"],"picked":"Singing Bowl","floor":36},{"not_picked":["TheCursedMod:SpitefulPray+1","JustLucky+1","sneckomod:UnknownColorless+1"],"picked":"SKIP","floor":36},{"not_picked":["RedShoes","FairyFestival","Alriune"],"picked":"Singing Bowl","floor":38},{"not_picked":["OSAHOGD","MeltingLove"],"picked":"GreedKing","floor":38},{"not_picked":["hexamod:SuperheatedStrike+1","hermit:Showdown+1","Goo+1"],"picked":"SKIP","floor":38},{"not_picked":["stsjorbsmod:SilverStrike+1","HandsUpC+1","Rampage+1"],"picked":"SKIP","floor":38},{"not_picked":["LittleHelper","WhitesApple","CENSORED"],"picked":"Singing Bowl","floor":41},{"not_picked":["stsjorbsmod:Firebolt+1","Slimebound:GoopTackle+1","Guardian:Incinerate+1"],"picked":"SKIP","floor":41},{"not_picked":["Guardian:TemporalStrike+1","bronze:Shell+1","hexamod:GhostflameBarrier+1"],"picked":"SKIP","floor":41},{"not_picked":["Woodsman","WhiteNight"],"picked":"BlackSwan","floor":44},{"not_picked":["TheCursedMod:CursedSpellbook+1","TheCursedMod:SpitefulStrike+1","ChargingUp+1"],"picked":"SKIP","floor":44},{"not_picked":["sneckomod:SoulRoll+1","Beak+1","hexamod:RadiantFlame+1"],"picked":"SKIP","floor":44},{"not_picked":["sneckomod:DiceBlock+1","Acceleration+1","TheCursedMod:VitalStrike+1"],"picked":"Singing Bowl","floor":45},{"not_picked":["hermit:TrackingShot+1","SoundOfStar+1","GoldRush+1"],"picked":"Singing Bowl","floor":45},{"not_picked":["HappyTeddy","Yin","MeltingLove"],"picked":"Singing Bowl","floor":45},{"not_picked":["BackFourSeconds+1","Slimebound:SlimeTap+1","Acceleration+1"],"picked":"Singing Bowl","floor":46},{"not_picked":["HollowMod:SoulStrike+1","bronze:Separator+1","Endless Agony+1"],"picked":"Singing Bowl","floor":46},{"not_picked":["Variant","GalaxyChild","WhitesApple"],"picked":"Singing Bowl","floor":46},{"not_picked":["Guardian:ChargeCore+1","Unload+1","Lantern+1"],"picked":"Singing Bowl","floor":48},{"not_picked":["HappyTeddy","WhitesApple","WhiteNight"],"picked":"Singing Bowl","floor":48},{"not_picked":["champ:Backstep+1","MagicChant+1","Slimebound:FinishingTackle+1"],"picked":"Singing Bowl","floor":48}],"player_experience":1146988,"relics_obtained":[{"floor":1.0,"key":"LetterFromLob"},{"floor":7.0,"key":"HollowMod:QueensCombRelic"},{"floor":9.0,"key":"Juzu Bracelet"},{"floor":12.0,"key":"Replay:PocketPolymizer"},{"floor":20,"key":"Ring of Hypnosis"},{"floor":26,"key":"War Paint"},{"floor":28,"key":"Centennial Puzzle"},{"floor":30,"key":"ReplayTheSpireMod:Lightbulb"},{"floor":41,"key":"Replay:Mystery Machine"},{"floor":43,"key":"Ancient Tea Set"},{"floor":44,"key":"wanderingMiniBosses:CarrionFlame"},{"floor":44,"key":"AtMidnight"},{"floor":45,"key":"Singing Bowl"}],"event_choices":[{"damage_healed":0.0,"max_hp_gain":0.0,"max_hp_loss":0.0,"gold_gain":1.0,"event_name":"betterThird:BetterScrap","player_choice":"Relic Relic ","floor":5.0,"gold_loss":0.0,"damage_taken":23.0,"cards_obtained":["Finisher"]}],"is_beta":false,"boss_relics":[{"not_picked":["Abe\u0027s Treasure","Runic Dome"],"picked":"Coffee Dripper"},{"not_picked":["reliquary:KinkedSpring","bronze:MakeshiftBattery"],"picked":"Painkiller Herb"}],"items_purged_floors":[19,37],"is_endless":false,"potions_floor_spawned":[1,2,10,16,18,24,30,38,41,45,48],"ascension_level":10}}