{"host":"e45zz934yv26k3ug","time":1612825338,"event":{"mods":["BaseMod","Colored Powertips","Downfall","Hermit","Minty Spire (QoL Compilation)","Replay The Spire","StSLib"],"gold_per_floor":[99,114,133,150,166,179,179,191,191,210,210,210,225,255,273,369,369,219,219,219,219],"floor_reached":19,"language":"ENG","playtime":1293,"items_purged":[],"score":173,"play_id":"da5fd3c6-22d3-4456-ab41-6d7b23899892","local_time":"20210208170218","is_ascension_mode":false,"campfire_choices":[{"data":"Slimebound:Split","floor":1,"key":"SMITH"},{"data":"Slimebound:SplitMire","floor":9,"key":"SMITH"},{"data":"Slimebound:SplitBruiser","floor":11,"key":"SMITH"}],"circlet_count":0,"master_deck":["Slimebound:Tackle","Slimebound:Defend_Slimebound","Slimebound:Defend_Slimebound","Slimebound:Defend_Slimebound","Slimebound:Defend_Slimebound","Slimebound:Split+1","Slimebound:CorrosiveSpit","Slimebound:Equalize","Slimebound:FlameTackle","Slimebound:ProtectTheBoss","Slimebound:LeechLife","Slimebound:SplitMire+1","Slimebound:SplitBruiser+1","Slimebound:LivingWall","Slimebound:MegaLick","Slimebound:MassRepurpose","Slimebound:RollThrough","Slimebound:OozeBath","Ghostly"],"relics":["Bottled Tornado","m_BurningSludge","Replay:Accelerometer","Replay:Drink Me"],"acts_visited":["Exordium","TheCity"],"potions_floor_usage":[],"damage_taken":[{"damage":0,"enemies":"Cultist","floor":2,"turns":4},{"damage":2,"enemies":"2 Louse","floor":3,"turns":3},{"damage":6,"enemies":"Small Slimes","floor":4,"turns":4},{"damage":7,"enemies":"2 Fungi Beasts","floor":5,"turns":4},{"damage":3,"enemies":"Large Slime","floor":6,"turns":4},{"damage":14,"enemies":"Blue Slaver","floor":8,"turns":5},{"damage":17,"enemies":"3 Louse","floor":10,"turns":4},{"damage":23,"enemies":"Gremlin Gang","floor":13,"turns":4},{"damage":1,"enemies":"Lagavulin","floor":14,"turns":6},{"damage":4,"enemies":"Exordium Wildlife","floor":15,"turns":3},{"damage":34,"enemies":"DF_ARCHETYPE_STREAMLINE","floor":16,"turns":9},{"damage":32,"enemies":"Shell Parasite","floor":19,"turns":6}],"seed_played":"-8634239013914044340","potions_obtained":[{"floor":2,"key":"SkillPotion"},{"floor":3,"key":"Guardian:BlockOnCardUsePotion"},{"floor":6,"key":"FearPotion"}],"is_trial":false,"path_per_floor":["R","M","M","M","M","M","T","M","R","M","R","?","M","E","M","B",null,"R","M"],"character_chosen":"SLIMEBOUND","items_purchased":[],"campfire_rested":0,"item_purchase_floors":[],"current_hp_per_floor":[65,65,65,61,65,65,65,65,65,62,62,62,57,65,65,45,49,49,30,30,30],"gold":219,"neow_bonus":"","is_daily":false,"chose_seed":false,"campfire_upgraded":3,"win_rate":0.0,"timestamp":1612825338,"path_taken":["R","M","M","?","M","M","T","M","R","M","R","?","M","E","M","BOSS","R","M"],"items_purchased_type":[],"build_version":"2020-12-22","purchased_purges":0,"victory":false,"max_hp_per_floor":[65,65,65,65,65,65,65,65,65,65,65,65,65,65,65,65,49,49,49,49,49],"card_choices":[{"not_picked":["Slimebound:RainOfGoop","Slimebound:DisruptingSlam"],"picked":"Slimebound:Equalize","floor":2},{"not_picked":["Slimebound:Schlurp","Slimebound:MegaLick"],"picked":"Slimebound:FlameTackle","floor":3},{"not_picked":["Slimebound:FinishingTackle","Slimebound:HauntingLick"],"picked":"Slimebound:ProtectTheBoss","floor":4},{"not_picked":["Slimebound:ProtectTheBoss","Slimebound:SplitAcid"],"picked":"Slimebound:LeechLife","floor":5},{"not_picked":["Slimebound:GoopTackle","Slimebound:ComboTackle"],"picked":"Slimebound:SplitMire","floor":6},{"not_picked":["Slimebound:LeechingTouch","Slimebound:FinishingTackle"],"picked":"Slimebound:SplitBruiser","floor":8},{"not_picked":["Slimebound:GrowthPunch","Slimebound:Prepare"],"picked":"Slimebound:LivingWall","floor":10},{"not_picked":["Slimebound:HauntingLick","Slimebound:Nibble"],"picked":"Slimebound:MegaLick","floor":13},{"not_picked":["Slimebound:Prepare","Slimebound:Schlurp"],"picked":"Slimebound:MassRepurpose","floor":14},{"not_picked":["Slimebound:SplitMire","Slimebound:SplitAcid"],"picked":"Slimebound:RollThrough","floor":15},{"not_picked":["Slimebound:SelfFormingGoo","Offering"],"picked":"Slimebound:OozeBath","floor":16}],"player_experience":0,"relics_obtained":[{"floor":7,"key":"Bottled Tornado"},{"floor":14,"key":"Replay:Accelerometer"}],"event_choices":[],"is_beta":false,"boss_relics":[{"not_picked":["Runic Pyramid","Astrolabe"],"picked":"Replay:Drink Me"}],"items_purged_floors":[],"is_endless":false,"potions_floor_spawned":[2,3,6,10,15,16],"killed_by":"Shell Parasite","ascension_level":0}}