{"host":"5ddwedapke4fsx0r","time":1612827892,"event":{"mods":["BaseMod","Downfall","Infinite Spire","Minty Spire (QoL Compilation)","Reliquary","Shade Mod","StSLib","The Clintock","The Construct","The Forsaken","The Gatherer","The Hierophant","The Servant 0.9.4","TheSurvivalist"],"gold_per_floor":[0,10,23,34,45,65,65,65,80,80,80],"floor_reached":10,"language":"ENG","playtime":739,"items_purged":[],"score":62,"play_id":"6e91504f-50db-4eca-bd44-9c258395e8b9","local_time":"20210209004452","is_ascension_mode":false,"campfire_choices":[{"data":"theForsaken:FountainOfLife","floor":1,"key":"SMITH"}],"circlet_count":0,"master_deck":["theForsaken:TheForsaken_Strike","theForsaken:TheForsaken_Strike","theForsaken:TheForsaken_Strike","theForsaken:TheForsaken_Strike","theForsaken:TheForsaken_Defend","theForsaken:TheForsaken_Defend","theForsaken:TheForsaken_Defend","theForsaken:Smite","theForsaken:Penitence","theForsaken:FountainOfLife+1","theForsaken:AncientWords","theForsaken:Backlash","theForsaken:InspiringBlow","theForsaken:CorruptedWord","theForsaken:CorruptedForm"],"relics":["theForsaken:JudgementScales","infinitespire:Beetle Shell"],"acts_visited":["Exordium"],"potions_floor_usage":[],"damage_taken":[{"damage":4,"enemies":"Cultist","floor":2,"turns":5},{"damage":3,"enemies":"Small Slimes","floor":3,"turns":5},{"damage":8,"enemies":"Jaw Worm","floor":4,"turns":4},{"damage":14,"enemies":"Exordium Thugs","floor":5,"turns":9},{"damage":17,"enemies":"2 Fungi Beasts","floor":6,"turns":6},{"damage":3,"enemies":"3 Louse","floor":9,"turns":3},{"damage":45,"enemies":"Gremlin Nob","floor":10,"turns":4}],"seed_played":"-349510503525264440","potions_obtained":[{"floor":3,"key":"construct:ShiftPotion"},{"floor":4,"key":"hexamod:SoulburnPotion"},{"floor":9,"key":"bronze:BurnAndBuffPotion"}],"is_trial":false,"path_per_floor":["R","M","M","M","M","M","T","?","M","E"],"character_chosen":"THE_FORSAKEN","items_purchased":[],"campfire_rested":0,"item_purchase_floors":[],"current_hp_per_floor":[65,65,67,59,54,45,45,45,42,0,0],"gold":80,"neow_bonus":"THREE_RARE_CARDS","is_daily":false,"chose_seed":false,"campfire_upgraded":1,"win_rate":0.0,"timestamp":1612827892,"path_taken":["R","M","M","?","M","M","T","?","M","E"],"items_purchased_type":[],"build_version":"2020-12-22","purchased_purges":0,"victory":false,"max_hp_per_floor":[65,68,71,71,71,74,74,74,74,74,74],"card_choices":[{"not_picked":["theForsaken:DarkRift","theForsaken:Temperance"],"picked":"theForsaken:FountainOfLife","floor":0},{"not_picked":["theForsaken:RainingSunlight","theForsaken:PowerUp"],"picked":"theForsaken:AncientWords","floor":2},{"not_picked":["theForsaken:Preservation","theForsaken:Parry","theForsaken:CreepingInfection"],"picked":"SKIP","floor":3},{"not_picked":["theForsaken:PowerUp","theForsaken:Preservation","theForsaken:ScorchingSunlight"],"picked":"SKIP","floor":4},{"not_picked":["theForsaken:HorrifyingStrike","theForsaken:LightRoll"],"picked":"theForsaken:Backlash","floor":5},{"not_picked":["theForsaken:QuickAttack","theForsaken:BottledPlague"],"picked":"theForsaken:InspiringBlow","floor":6},{"not_picked":["theForsaken:FuryStrikes","theForsaken:NobleSacrifice"],"picked":"theForsaken:CorruptedForm","floor":9}],"player_experience":555527,"relics_obtained":[{"floor":7,"key":"infinitespire:Beetle Shell"}],"event_choices":[],"is_beta":false,"boss_relics":[],"items_purged_floors":[],"is_endless":false,"potions_floor_spawned":[3,4,9],"killed_by":"Gremlin Nob","ascension_level":0}}