{"host":"w6ebodudjlk2jwu4","time":1612760416,"event":{"mods":["Act Like it!","Bard","BaseMod","Beaked The Cultist","Colored Map","Conspire","Glutton Mod","Halation","Hermit","Highlight Path","Infinite Spire","Jorbs\u0027s Wanderer Trilogy","Koishi","Mad Scientist","Marisa????????","Minty Spire (QoL Compilation)","Relic Stats","Replay The Spire","Robot Space Explorer","Spire Arcade","StSLib","The Administrix","The Blue Laboratory","The Bug Knight","The Construct","The Cursed","The Kombatant","The Marked","The Mystic","The Servant 0.9.4","The Witch","Wandering Minibosses"],"gold_per_floor":[115,133,308,323,323,352,352,382,382,402,402,402,412,440,440,440,440],"floor_reached":16,"language":"ENG","playtime":1030,"items_purged":[],"score":132,"play_id":"5033e425-a15c-4d39-94f9-bf5b89b079a4","local_time":"20210207210016","is_ascension_mode":true,"campfire_choices":[{"data":"Shrug It Off","floor":7,"key":"SMITH"},{"data":"Armaments","floor":12,"key":"SMITH"},{"data":"Flame Barrier","floor":15,"key":"SMITH"}],"circlet_count":0,"master_deck":["Strike_R","Strike_R","Strike_R","Strike_R","Strike_R","Defend_R","Defend_R","Defend_R","Defend_R","Bash","Clothesline","Shockwave","Shrug It Off+1","Pommel Strike","Combust","Armaments+1","Flame Barrier+1"],"relics":["Burning Blood","InkBottle","Another Sword","FossilizedHelix","Garlic"],"acts_visited":["Exordium"],"potions_floor_usage":[13],"damage_taken":[{"damage":1,"enemies":"conspire:RoseBush","floor":1,"turns":4},{"damage":7,"enemies":"2 Louse","floor":2,"turns":3},{"damage":7,"enemies":"Small Slimes","floor":4,"turns":4},{"damage":18,"enemies":"Replay:BlueRogue","floor":6,"turns":8},{"damage":29,"enemies":"3 Sentries","floor":8,"turns":12},{"damage":0,"enemies":"Looter","floor":10,"turns":2},{"damage":16,"enemies":"Lots of Slimes","floor":13,"turns":3},{"damage":23,"enemies":"HollowMod:MossKnight","floor":14,"turns":7},{"damage":25,"enemies":"Hexaghost","floor":16,"turns":11}],"seed_played":"1668656957502598992","potions_obtained":[{"floor":2,"key":"construct:ShiftPotion"},{"floor":10,"key":"blueLaboratory:FrostheartPotion"}],"is_trial":false,"path_per_floor":["M","M","?","M","?","E","R","E","T","M","?","R","M","E","R","B"],"character_chosen":"IRONCLAD","items_purchased":[],"campfire_rested":0,"item_purchase_floors":[],"current_hp_per_floor":[88,87,87,86,79,67,67,44,44,50,50,50,40,23,23,0,0],"gold":440,"neow_bonus":"TEN_PERCENT_HP_BONUS","is_daily":false,"chose_seed":false,"campfire_upgraded":3,"win_rate":0.0,"timestamp":1612760416,"path_taken":["M","M","?","M","?","E","R","E","T","M","?","R","M","E","R","BOSS"],"items_purchased_type":[],"build_version":"2020-12-22","purchased_purges":0,"victory":false,"max_hp_per_floor":[88,88,88,88,88,88,88,88,88,88,88,88,88,88,88,88,88],"relic_stats":{"counters":[9,54],"obtain_stats":[{"Another Sword":8,"Garlic":14,"Burning Blood":0,"InkBottle":6,"FossilizedHelix":9},{"Another Sword":5,"Garlic":8,"Burning Blood":0,"InkBottle":4,"FossilizedHelix":5},{"Another Sword":31,"Garlic":43,"Burning Blood":0,"InkBottle":19,"FossilizedHelix":31}],"Burning Blood":43,"InkBottle":[8]},"card_choices":[{"not_picked":["Thunderclap","Heavy Blade"],"picked":"Clothesline","floor":1},{"not_picked":["Defy Death","Blood for Blood"],"picked":"Shockwave","floor":2},{"not_picked":["Carnage","Spot Weakness"],"picked":"Shrug It Off","floor":4},{"not_picked":["Perfected Strike","Evolve"],"picked":"Pommel Strike","floor":6},{"not_picked":["Twin Strike","Bloodletting"],"picked":"Combust","floor":8},{"not_picked":["Wild Strike","ReplayTheSpireMod:Muscle Training"],"picked":"Armaments","floor":10},{"not_picked":["Whirlwind","Flex"],"picked":"Flame Barrier","floor":13},{"not_picked":["Life Link","Massacre","Pommel Strike"],"picked":"SKIP","floor":14}],"player_experience":192859,"relics_obtained":[{"floor":6,"key":"InkBottle"},{"floor":8,"key":"Another Sword"},{"floor":9,"key":"FossilizedHelix"},{"floor":14,"key":"Garlic"}],"event_choices":[{"damage_healed":0,"gold_gain":175,"player_choice":"AGREE","damage_taken":0,"max_hp_gain":0,"max_hp_loss":0,"event_name":"Liars Game","floor":3,"gold_loss":0,"cards_obtained":["Doubt"]},{"cards_removed":["Doubt"],"damage_healed":0,"gold_gain":0,"player_choice":"Card Removal","damage_taken":7,"max_hp_gain":0,"max_hp_loss":0,"event_name":"Golden Wing","floor":5,"gold_loss":0},{"damage_healed":0,"gold_gain":0,"player_choice":"Disagree","damage_taken":0,"max_hp_gain":0,"max_hp_loss":0,"event_name":"conspire:LoneGhost","floor":11,"gold_loss":0}],"is_beta":false,"boss_relics":[],"items_purged_floors":[],"is_endless":false,"potions_floor_spawned":[2,10],"killed_by":"Hexaghost","ascension_level":2}}