{"host":"10b2ljh1rg6srmxa","time":1612818952,"event":{"mods":["AchievementEnabler","BaseMod","Better Third Choice","Colored Map","Colored Powertips","Conspire","Downfall","Googly Eyes","Highlight Path","Hubris","Infinite Spire","Minty Spire (QoL Compilation)","Replay The Spire","StSLib","The Animator","The Wild Card","everything is the same but u backflip on backflip"],"gold_per_floor":[114,189,189,212,212,244,267,267,318,306,4,4,4,36,48,161,173,183,262,274,286,309,321,350,287,323,335,335],"floor_reached":27,"language":"ENG","playtime":2895,"items_purged":[],"score":230,"play_id":"6e41b697-b79d-4b70-a773-a03415fc38b3","local_time":"20210208221552","is_ascension_mode":true,"campfire_choices":[{"data":"animator:Priestess","floor":8,"key":"SMITH"},{"data":"theWildCard:Polydeuces","floor":13,"key":"SMITH"},{"floor":15,"key":"REST"},{"data":"animator:Hibiki","floor":23,"key":"SMITH"}],"circlet_count":0,"master_deck":["animator:Strike_TenSura","animator:Defend_TenSura","animator:Strike","animator:Strike","animator:Strike","animator:Defend","animator:Defend","animator:Defend","animator:Benimaru","animator:Shuna","Defend_B","animator:Hibiki+1","animator:Cocytus","animator:ElricEdward","animator:Priestess+1","animator:Millim","theWildCard:Polydeuces+1","animator:Ain+1","downfall:Icky","Injury"],"relics":["animator:LivingPicture","animator:TheMissingPiece","animator:PurgingStone","hubris:SlimyHat","animator:AlchemistGlove","MawBank","Cursed Key","Ring of Fury","Ring of Hypnosis","Nloth\u0027s Gift"],"acts_visited":["Exordium","TheCity"],"potions_floor_usage":[6,16,18,22,27],"damage_taken":[{"damage":0.0,"enemies":"2 Louse","floor":1.0,"turns":3.0},{"damage":0.0,"enemies":"Cultist","floor":4.0,"turns":4.0},{"damage":15,"enemies":"3 Sentries","floor":6,"turns":9},{"damage":0,"enemies":"infinitespire:Voidling","floor":7,"turns":5},{"damage":11,"enemies":"Exordium Thugs","floor":10,"turns":5},{"damage":11,"enemies":"Lagavulin","floor":14,"turns":7},{"damage":2,"enemies":"Hexaghost","floor":16,"turns":10},{"damage":0,"enemies":"2 Thieves","floor":18,"turns":4},{"damage":16,"enemies":"3 Byrds","floor":22,"turns":4},{"damage":17,"enemies":"3 Cultists","floor":24,"turns":6},{"damage":36,"enemies":"conspire:SneckoGhost","floor":27,"turns":3}],"seed_played":"5034885491605051121","potions_obtained":[{"floor":4.0,"key":"champ:CounterPotion"},{"floor":6,"key":"Languid Potion"},{"floor":10,"key":"LifebloodPotion"},{"floor":14,"key":"PowerPotion"},{"floor":16,"key":"sneckomod:MuddlingPotion"},{"floor":19,"key":"Guardian:BlockOnCardUsePotion"},{"floor":19,"key":"CultistPotion"},{"floor":22,"key":"Elixir"}],"is_trial":false,"path_per_floor":["M","?","?","M","?","E","M","R","T","M","$","?","R","E","R","B",null,"M","?","?","?","M","R","M","?","T","E"],"character_chosen":"THE_ANIMATOR","items_purchased":["animator:AlchemistGlove"],"campfire_rested":1,"item_purchase_floors":[11],"current_hp_per_floor":[66,55,55,55,55,40,40,40,40,29,29,29,29,22,41,39,66,66,66,66,66,50,50,33,33,33,0,0],"gold":335,"neow_bonus":"RANDOM_COLORLESS_2","is_daily":false,"chose_seed":false,"campfire_upgraded":3,"win_rate":0.0,"timestamp":1612818952,"path_taken":["M","?","?","?","?","E","M","R","T","?","?","?","R","E","R","BOSS","M","?","?","?","M","R","?","?","T","E"],"items_purchased_type":["Relic"],"build_version":"2020-12-22","purchased_purges":0,"victory":false,"max_hp_per_floor":[66,66,66,66,66,66,66,66,66,66,66,66,66,66,66,66,66,66,66,66,66,66,66,66,66,66,66,66],"card_choices":[{"not_picked":["animator:Emilia","animator:TanyaDegurechaff"],"picked":"animator:Hibiki","floor":0.0},{"not_picked":["animator:Elsword","animator:Sloth"],"picked":"animator:Cocytus","floor":1.0},{"not_picked":["animator:Shion","animator:Rider"],"picked":"animator:ElricEdward","floor":4.0},{"not_picked":["animator:Benimaru","animator:Shuna"],"picked":"animator:Priestess","floor":6},{"not_picked":["animator:Hakurou","animator:Shuna"],"picked":"animator:Millim","floor":7},{"not_picked":["animator:Illya","animator:Benimaru","animator:CowGirl"],"picked":"SKIP","floor":10},{"not_picked":["animator:DwarfShaman","animator:EmiyaShirou","animator:Shion"],"picked":"SKIP","floor":14},{"not_picked":["animator:Caster","animator:Emonzaemon"],"picked":"animator:Ain+1","floor":18},{"not_picked":["animator:Chung","animator:ShinjiMatou","animator:Rena+1"],"picked":"SKIP","floor":24}],"player_experience":399573,"relics_obtained":[{"floor":6,"key":"hubris:SlimyHat"},{"floor":9,"key":"ReplayTheSpireMod:TigerMarble"},{"floor":14,"key":"MawBank"},{"floor":20,"key":"Ring of Fury"},{"floor":20,"key":"Ring of Hypnosis"}],"event_choices":[{"damage_healed":0.0,"max_hp_gain":0.0,"max_hp_loss":0.0,"gold_gain":75.0,"event_name":"betterThird:BetterGoop","player_choice":"Gold","floor":2.0,"gold_loss":0.0,"damage_taken":11.0},{"cards_removed":["Strike_P"],"damage_healed":0.0,"max_hp_gain":0.0,"max_hp_loss":0.0,"gold_gain":0.0,"event_name":"Purifier","player_choice":"Purged","floor":3.0,"gold_loss":0.0,"damage_taken":0.0},{"damage_healed":0.0,"max_hp_gain":0.0,"max_hp_loss":0.0,"gold_gain":0.0,"event_name":"Match and Keep!","player_choice":"0 cards matched","floor":5.0,"gold_loss":0.0,"damage_taken":0.0,"cards_obtained":[]},{"damage_healed":0,"gold_gain":0,"player_choice":"Traded Relic","damage_taken":0,"relics_obtained":["Nloth\u0027s Gift"],"max_hp_gain":0,"max_hp_loss":0,"event_name":"N\u0027loth","floor":21,"relics_lost":["ReplayTheSpireMod:TigerMarble"],"gold_loss":0},{"cards_removed":["Delirium"],"damage_healed":0,"gold_gain":0,"player_choice":"Gave Gold","damage_taken":0,"max_hp_gain":0,"max_hp_loss":0,"event_name":"Beggar","floor":25,"gold_loss":75}],"is_beta":false,"boss_relics":[{"not_picked":["Runic Dome","Sozu"],"picked":"Cursed Key"}],"items_purged_floors":[],"is_endless":false,"potions_floor_spawned":[4,6,10,14,16,22],"killed_by":"conspire:SneckoGhost","ascension_level":1}}