{"host":"reugk9pd1uotrglt","time":1607530052,"event":{"gold_per_floor":[20,20,34,34,44,44,44,79,154,179,179,214,47,73,73,147,147,161,175,191,204,42,74,74,100,100,135,135,145,145,172,172,172,172],"floor_reached":33,"playtime":1683,"items_purged":[],"score":927,"play_id":"2c059c53-ed39-4e0d-b087-c20b1b1cae12","local_time":"20201209170732","is_ascension_mode":true,"campfire_choices":[{"data":"Berserk","floor":6.0,"key":"SMITH"},{"floor":11.0,"key":"REST"},{"data":"1","floor":15.0,"key":"LIFT"},{"data":"2","floor":24.0,"key":"LIFT"},{"data":"3","floor":28,"key":"LIFT"},{"data":"Dark Embrace","floor":32,"key":"SMITH"}],"neow_cost":"","seed_source_timestamp":223782344917400,"circlet_count":0,"master_deck":["AscendersBane","Bash","Inflame","Pommel Strike","Berserk+1","Shrug It Off","Cleave+1","Iron Wave","Shrug It Off","Inflame","Battle Trance","Twin Strike","Intimidate","Flame Barrier","Impervious","Shrug It Off","Spot Weakness+1","Double Tap","Second Wind+1","Anger","Reckless Charge+1","Shrug It Off","Exhume","Exhume","Iron Wave+1","Metallicize","Sword Boomerang","Heavy Blade","Juggernaut","Dark Embrace+1"],"special_seed":0,"relics":["Burning Blood","Incense Burner","Orrery","Omamori","Ornamental Fan","Paper Frog","Calipers","Anchor","Happy Flower","Girya","Pandora\u0027s Box","TheAbacus","Whetstone","Bronze Scales","War Paint","TungstenRod","Kunai"],"potions_floor_usage":[27,31,31],"damage_taken":[{"damage":1.0,"enemies":"Cultist","floor":1.0,"turns":3.0},{"damage":8.0,"enemies":"Jaw Worm","floor":3.0,"turns":4.0},{"damage":8.0,"enemies":"2 Louse","floor":5.0,"turns":2.0},{"damage":14.0,"enemies":"3 Sentries","floor":8.0,"turns":5.0},{"damage":23.0,"enemies":"Gremlin Nob","floor":10.0,"turns":4.0},{"damage":1.0,"enemies":"Lagavulin","floor":12.0,"turns":5.0},{"damage":11.0,"enemies":"3 Sentries","floor":14.0,"turns":6.0},{"damage":19.0,"enemies":"Hexaghost","floor":16.0,"turns":7.0},{"damage":4.0,"enemies":"2 Thieves","floor":18.0,"turns":4.0},{"damage":12.0,"enemies":"Spheric Guardian","floor":19.0,"turns":4.0},{"damage":3.0,"enemies":"Centurion and Healer","floor":20.0,"turns":5.0},{"damage":1.0,"enemies":"Chosen and Byrds","floor":21.0,"turns":6.0},{"damage":25.0,"enemies":"Gremlin Leader","floor":23.0,"turns":9.0},{"damage":20.0,"enemies":"Book of Stabbing","floor":25.0,"turns":6.0},{"damage":15,"enemies":"Gremlin Leader","floor":27,"turns":5},{"damage":9,"enemies":"Cultist and Chosen","floor":29,"turns":4},{"damage":12,"enemies":"Book of Stabbing","floor":31,"turns":4},{"damage":49,"enemies":"Automaton","floor":33,"turns":6}],"seed_played":"3968183028730015230","potions_obtained":[{"floor":3.0,"key":"PowerPotion"},{"floor":10.0,"key":"Weak Potion"},{"floor":12.0,"key":"BlessingOfTheForge"},{"floor":16.0,"key":"Swift Potion"},{"floor":19.0,"key":"Explosive Potion"},{"floor":25.0,"key":"Swift Potion"},{"floor":27,"key":"Regen Potion"},{"floor":29,"key":"BlessingOfTheForge"}],"is_trial":false,"path_per_floor":["M","T","M","?","M","R","?","E","T","E","R","E","$","E","R","B",null,"M","M","M","M","$","E","R","E","T","E","R","M","?","E","R","B"],"character_chosen":"IRONCLAD","items_purchased":["Incense Burner","Inflame","Orrery","Happy Flower","TheAbacus"],"campfire_rested":1,"item_purchase_floors":[0,0,0,13,22],"current_hp_per_floor":[52,52,50,55,53,53,53,45,45,28,52,57,57,52,52,39,70,72,66,69,74,74,55,55,41,41,32,32,29,29,37,37,0,0],"gold":172,"neow_bonus":"","is_prod":false,"is_daily":false,"chose_seed":false,"campfire_upgraded":2,"win_rate":0,"timestamp":1607530052,"path_taken":["M","?","M","?","M","R","?","E","T","E","R","E","?","E","R","BOSS","M","M","M","M","$","E","R","E","T","E","R","M","?","E","R","BOSS"],"build_version":"2020-11-30","purchased_purges":0,"victory":false,"max_hp_per_floor":[75,75,75,80,80,80,80,80,80,80,80,80,80,80,80,80,80,80,80,80,80,80,80,80,80,80,80,80,80,80,80,80,80,80],"card_choices":[{"not_picked":["Iron Wave","Carnage"],"picked":"Pommel Strike","floor":0.0},{"not_picked":["Thunderclap","Burning Pact"],"picked":"Berserk","floor":0.0},{"not_picked":["Clash","Dark Embrace"],"picked":"Shrug It Off","floor":0.0},{"not_picked":["Intimidate","Entrench"],"picked":"Cleave","floor":0.0},{"not_picked":["Thunderclap","Warcry"],"picked":"Iron Wave","floor":0.0},{"not_picked":["Bloodletting","Feel No Pain"],"picked":"Shrug It Off","floor":1.0},{"not_picked":["Clothesline","Dual Wield"],"picked":"Inflame","floor":3.0},{"not_picked":["Anger","Flex"],"picked":"Battle Trance","floor":5.0},{"not_picked":["True Grit","Power Through","Anger"],"picked":"SKIP","floor":8.0},{"not_picked":["Headbutt","Havoc"],"picked":"Twin Strike","floor":10.0},{"not_picked":["Battle Trance","Flex"],"picked":"Intimidate","floor":12.0},{"not_picked":["Armaments","Hemokinesis"],"picked":"Flame Barrier","floor":14.0},{"not_picked":["Exhume","Brutality"],"picked":"Impervious","floor":16.0},{"not_picked":["Clash","Pummel"],"picked":"Iron Wave+1","floor":18.0},{"not_picked":["Clash","Feel No Pain"],"picked":"Metallicize","floor":19.0},{"not_picked":["Clothesline","True Grit"],"picked":"Sword Boomerang","floor":20.0},{"not_picked":["Bloodletting","Flame Barrier"],"picked":"Heavy Blade","floor":21.0},{"not_picked":["Cleave","Heavy Blade"],"picked":"Juggernaut","floor":23.0},{"not_picked":["Bloodletting+1","Shrug It Off"],"picked":"Dark Embrace","floor":25.0},{"not_picked":["Immolate","Warcry","Headbutt"],"picked":"SKIP","floor":27},{"not_picked":["Twin Strike","Clash","Headbutt"],"picked":"SKIP","floor":29},{"not_picked":["Battle Trance","Offering","Iron Wave"],"picked":"SKIP","floor":31}],"player_experience":1465694,"relics_obtained":[{"floor":2.0,"key":"Omamori"},{"floor":8.0,"key":"Ornamental Fan"},{"floor":9.0,"key":"Paper Frog"},{"floor":10.0,"key":"Calipers"},{"floor":12.0,"key":"Anchor"},{"floor":14.0,"key":"Girya"},{"floor":23.0,"key":"Whetstone"},{"floor":25.0,"key":"Bronze Scales"},{"floor":26.0,"key":"War Paint"},{"floor":27,"key":"TungstenRod"},{"floor":31,"key":"Kunai"}],"event_choices":[{"damage_healed":0.0,"max_hp_gain":5.0,"max_hp_loss":0.0,"gold_gain":0.0,"event_name":"Big Fish","player_choice":"Donut","floor":4.0,"gold_loss":0.0,"damage_taken":0.0},{"damage_healed":0.0,"max_hp_gain":0.0,"max_hp_loss":0.0,"gold_gain":0.0,"event_name":"Liars Game","player_choice":"Ignored","floor":7.0,"gold_loss":0.0,"damage_taken":0.0},{"damage_healed":0,"gold_gain":0,"player_choice":"Ignored","damage_taken":0,"max_hp_gain":0,"max_hp_loss":0,"event_name":"Vampires","floor":30,"gold_loss":0}],"is_beta":false,"boss_relics":[{"not_picked":["Busted Crown","Velvet Choker"],"picked":"Pandora\u0027s Box"}],"items_purged_floors":[],"is_endless":false,"potions_floor_spawned":[3,10,12,16,19,25,27,29],"killed_by":"Automaton","ascension_level":20}}