{"host":"szp1d6dso4pv7ddl","time":1607488435,"event":{"gold_per_floor":[115,128,138,153,153,153,185,199,244,244,254,271,17,17,17,114,114,134,149,159,159,177,206,206,206],"floor_reached":24,"playtime":1248,"items_purged":["Strike_B"],"score":247,"play_id":"0994bd0b-e6ac-434e-a95f-ecaadd1bcddd","local_time":"20201208203355","is_ascension_mode":false,"campfire_choices":[{"floor":6.0,"key":"REST"},{"floor":10.0,"key":"REST"},{"floor":15.0,"key":"REST"}],"neow_cost":"NONE","seed_source_timestamp":0,"circlet_count":0,"master_deck":["Strike_B","Strike_B","Strike_B","Defend_B","Defend_B","Defend_B","Defend_B","Zap","Dualcast","Gash","Hologram","Gash","Hologram+1","Core Surge","Gash","Hologram","Gash"],"special_seed":0,"relics":["Cracked Core","Anchor","Smiling Mask","Singing Bowl","Lantern","Bronze Scales","Black Star","Toy Ornithopter","Omamori"],"potions_floor_usage":[23],"damage_taken":[{"damage":8.0,"enemies":"2 Louse","floor":1.0,"turns":3.0},{"damage":0.0,"enemies":"Cultist","floor":2.0,"turns":3.0},{"damage":0.0,"enemies":"Jaw Worm","floor":3.0,"turns":4.0},{"damage":28.0,"enemies":"Lots of Slimes","floor":4.0,"turns":4.0},{"damage":58.0,"enemies":"Gremlin Nob","floor":7.0,"turns":6.0},{"damage":0.0,"enemies":"Red Slaver","floor":8.0,"turns":3.0},{"damage":14.0,"enemies":"Gremlin Gang","floor":11.0,"turns":5.0},{"damage":0.0,"enemies":"2 Fungi Beasts","floor":12.0,"turns":3.0},{"damage":23.0,"enemies":"The Guardian","floor":16.0,"turns":8.0},{"damage":13,"enemies":"Shell Parasite","floor":18,"turns":5},{"damage":5,"enemies":"2 Thieves","floor":19,"turns":3},{"damage":12,"enemies":"Chosen and Byrds","floor":20,"turns":5},{"damage":19,"enemies":"Centurion and Healer","floor":22,"turns":6},{"damage":25,"enemies":"Book of Stabbing","floor":23,"turns":4},{"damage":11,"enemies":"3 Cultists","floor":24,"turns":3}],"seed_played":"-648448189211722695","potions_obtained":[{"floor":4.0,"key":"SneckoOil"},{"floor":7.0,"key":"ColorlessPotion"},{"floor":8.0,"key":"SpeedPotion"},{"floor":11.0,"key":"FocusPotion"},{"floor":19,"key":"PotionOfCapacity"}],"is_trial":false,"path_per_floor":["M","M","M","M","?","R","E","M","T","R","M","M","$","?","R","B",null,"M","M","M","?","M","E","M"],"character_chosen":"DEFECT","items_purchased":["Gash","Bronze Scales"],"campfire_rested":3,"item_purchase_floors":[13,13],"current_hp_per_floor":[67,67,67,39,39,61,3,3,3,25,13,13,13,13,36,15,79,66,63,53,53,36,11,0,0],"gold":206,"neow_bonus":"RANDOM_COMMON_RELIC","is_prod":false,"is_daily":false,"chose_seed":false,"campfire_upgraded":0,"win_rate":0,"timestamp":1607488435,"path_taken":["M","M","M","M","?","R","E","M","T","R","M","M","$","?","R","BOSS","M","M","M","?","M","E","M"],"build_version":"2020-11-30","purchased_purges":1,"victory":false,"max_hp_per_floor":[75,75,75,75,75,75,75,75,75,75,77,77,77,77,77,79,79,79,81,83,83,85,85,85,85],"relic_stats":{"Singing Bowl":10,"counters":[15,65],"Bronze Scales":[96],"Black Star":1,"Smiling Mask":25,"obtain_stats":[{"Anchor":0,"Lantern":9,"Singing Bowl":7,"Bronze Scales":13,"Black Star":17,"Omamori":23,"Cracked Core":0,"Smiling Mask":5,"Toy Ornithopter":23},{"Anchor":0,"Lantern":6,"Singing Bowl":5,"Bronze Scales":8,"Black Star":9,"Omamori":14,"Cracked Core":0,"Smiling Mask":4,"Toy Ornithopter":14},{"Anchor":0,"Lantern":23,"Singing Bowl":20,"Bronze Scales":31,"Black Star":39,"Omamori":62,"Cracked Core":0,"Smiling Mask":14,"Toy Ornithopter":62}],"Toy Ornithopter":0},"card_choices":[{"not_picked":["Beam Cell","Go for the Eyes"],"picked":"Gash","floor":1.0},{"not_picked":["Beam Cell","Double Energy","Defragment"],"picked":"SKIP","floor":2.0},{"not_picked":["Static Discharge","Undo","Stack"],"picked":"SKIP","floor":3.0},{"not_picked":["Stack","Streamline"],"picked":"Hologram","floor":4.0},{"not_picked":["Reinforced Body","Capacitor"],"picked":"Gash","floor":7.0},{"not_picked":["Leap","Coolheaded"],"picked":"Hologram","floor":8.0},{"not_picked":["Sweeping Beam","Coolheaded","BootSequence"],"picked":"Singing Bowl","floor":11.0},{"not_picked":["Scrape","Coolheaded"],"picked":"Core Surge","floor":12.0},{"not_picked":["Hyperbeam","Electrodynamics","Buffer"],"picked":"Singing Bowl","floor":16.0},{"not_picked":["Turbo","Stack"],"picked":"Hologram","floor":18},{"not_picked":["Go for the Eyes+1","BootSequence+1","Leap"],"picked":"Singing Bowl","floor":19},{"not_picked":["Barrage","Beam Cell","Leap"],"picked":"Singing Bowl","floor":20},{"not_picked":["Gash","Stack+1","Barrage"],"picked":"Singing Bowl","floor":22},{"not_picked":["Storm","Melter"],"picked":"Gash","floor":23}],"player_experience":901590,"relics_obtained":[{"floor":5.0,"key":"Smiling Mask"},{"floor":7.0,"key":"Singing Bowl"},{"floor":9.0,"key":"Lantern"},{"floor":23,"key":"Toy Ornithopter"},{"floor":23,"key":"Omamori"}],"event_choices":[{"damage_healed":0.0,"max_hp_gain":0.0,"max_hp_loss":0.0,"gold_gain":0.0,"event_name":"Wheel of Change","player_choice":"Relic","floor":5.0,"gold_loss":0.0,"damage_taken":0.0},{"damage_healed":0.0,"max_hp_gain":0.0,"max_hp_loss":0.0,"gold_gain":0.0,"event_name":"Accursed Blacksmith","player_choice":"Forge","floor":14.0,"gold_loss":0.0,"damage_taken":0.0,"cards_upgraded":["Hologram"]},{"damage_healed":0,"gold_gain":0,"player_choice":"Ignored","damage_taken":0,"max_hp_gain":0,"max_hp_loss":0,"event_name":"N\u0027loth","floor":21,"gold_loss":0}],"is_beta":false,"boss_relics":[{"not_picked":["Fusion Hammer","Velvet Choker"],"picked":"Black Star"}],"items_purged_floors":[13],"is_endless":false,"potions_floor_spawned":[4,7,8,11,19],"killed_by":"3 Cultists","ascension_level":0}}