{"host":"uygi583ztioqt878","time":1607538159,"event":{"gold_per_floor":[99,113,130,130,142,142,174,174,174,174,249,262,272,286,286,391,391,408,236,205,222,73,73,73,73],"floor_reached":24,"playtime":1459,"items_purged":[],"score":250,"play_id":"ea5d06eb-ddf4-4d8b-bb5b-80f934aec568","local_time":"20201209192239","is_ascension_mode":false,"campfire_choices":[{"floor":6.0,"key":"RECALL"},{"floor":8.0,"key":"REST"},{"floor":15.0,"key":"REST"},{"floor":23,"key":"REST"}],"neow_cost":"NONE","seed_source_timestamp":0,"circlet_count":0,"master_deck":["Strike_P","Strike_P","Strike_P","Defend_P","Defend_P","Defend_P","Defend_P","Eruption","Vigilance","JustLucky","Swivel","FollowUp","FearNoEvil","Judgement+1","SashWhip","Tantrum","ReachHeaven","ConjureBlade","Sanctity","Metamorphosis","WreathOfFlame","Swivel+1","LessonLearned","LikeWater"],"special_seed":0,"relics":["PureWater","NeowsBlessing","Shuriken","Matryoshka","Black Star"],"potions_floor_usage":[],"damage_taken":[{"damage":0.0,"enemies":"Jaw Worm","floor":1.0,"turns":1.0},{"damage":0.0,"enemies":"Cultist","floor":2.0,"turns":1.0},{"damage":0.0,"enemies":"Small Slimes","floor":3.0,"turns":1.0},{"damage":2.0,"enemies":"Looter","floor":5.0,"turns":4.0},{"damage":68.0,"enemies":"Lagavulin","floor":7.0,"turns":10.0},{"damage":0.0,"enemies":"Exordium Wildlife","floor":12.0,"turns":2.0},{"damage":0.0,"enemies":"Red Slaver","floor":13.0,"turns":2.0},{"damage":0.0,"enemies":"2 Fungi Beasts","floor":14.0,"turns":2.0},{"damage":0.0,"enemies":"Slime Boss","floor":16.0,"turns":4.0},{"damage":0.0,"enemies":"Chosen","floor":18.0,"turns":4.0},{"damage":27.0,"enemies":"2 Thieves","floor":20.0,"turns":5.0},{"damage":39,"enemies":"Snake Plant","floor":21,"turns":4},{"damage":29,"enemies":"Shelled Parasite and Fungi","floor":24,"turns":4}],"seed_played":"9088022919639120785","potions_obtained":[{"floor":2.0,"key":"Ancient Potion"},{"floor":12.0,"key":"Dexterity Potion"},{"floor":13.0,"key":"Dexterity Potion"},{"floor":14.0,"key":"PowerPotion"},{"floor":20.0,"key":"Ancient Potion"}],"is_trial":false,"path_per_floor":["M","M","M","?","M","R","E","R","T","?","?","M","M","M","R","B",null,"M","$","M","M","$","R","M"],"character_chosen":"WATCHER","items_purchased":["Metamorphosis","LessonLearned","LikeWater"],"campfire_rested":3,"item_purchase_floors":[19,22,22],"current_hp_per_floor":[72,72,72,72,70,70,2,23,23,23,12,12,12,12,33,33,72,72,72,45,6,6,27,0,0],"gold":73,"neow_bonus":"THREE_ENEMY_KILL","is_prod":false,"is_daily":false,"chose_seed":false,"campfire_upgraded":0,"win_rate":0.0,"timestamp":1607538159,"path_taken":["M","M","M","?","?","R","E","R","T","?","?","M","M","M","R","BOSS","M","$","M","M","$","R","M"],"build_version":"2020-11-30","purchased_purges":0,"victory":false,"max_hp_per_floor":[72,72,72,72,72,72,72,72,72,72,72,72,72,72,72,72,72,72,72,72,72,72,72,72,72],"card_choices":[{"not_picked":["SashWhip","FlurryOfBlows"],"picked":"JustLucky","floor":1.0},{"not_picked":["Meditate","Protect"],"picked":"Swivel","floor":2.0},{"not_picked":["CutThroughFate","EmptyFist"],"picked":"FollowUp","floor":3.0},{"not_picked":["Fasting2","FollowUp"],"picked":"FearNoEvil","floor":5.0},{"not_picked":["Crescendo","FlyingSleeves"],"picked":"Judgement","floor":7.0},{"not_picked":["CutThroughFate","Crescendo"],"picked":"SashWhip","floor":12.0},{"not_picked":["Ragnarok","Vengeance"],"picked":"Tantrum","floor":13.0},{"not_picked":["Protect","JustLucky"],"picked":"ReachHeaven","floor":14.0},{"not_picked":["LessonLearned","MasterReality"],"picked":"ConjureBlade","floor":16.0},{"not_picked":["WindmillStrike","PathToVictory"],"picked":"Sanctity","floor":18.0},{"not_picked":["Worship","ClearTheMind"],"picked":"WreathOfFlame","floor":20.0},{"not_picked":["FollowUp","ThirdEye+1"],"picked":"Swivel+1","floor":21}],"player_experience":86640,"relics_obtained":[{"floor":7.0,"key":"Shuriken"},{"floor":9.0,"key":"Matryoshka"}],"event_choices":[{"cards_removed":["Strike_P"],"damage_healed":0.0,"max_hp_gain":0.0,"max_hp_loss":0.0,"gold_gain":0.0,"event_name":"Purifier","player_choice":"Purged","floor":4.0,"gold_loss":0.0,"damage_taken":0.0},{"damage_healed":0.0,"max_hp_gain":0.0,"max_hp_loss":0.0,"gold_gain":0.0,"event_name":"Living Wall","player_choice":"Grow","floor":10.0,"gold_loss":0.0,"damage_taken":0.0,"cards_upgraded":["Judgement"]},{"damage_healed":0.0,"max_hp_gain":0.0,"max_hp_loss":0.0,"gold_gain":75.0,"event_name":"World of Goop","player_choice":"Gather Gold","floor":11.0,"gold_loss":0.0,"damage_taken":11.0}],"is_beta":false,"boss_relics":[{"not_picked":["Busted Crown","Snecko Eye"],"picked":"Black Star"}],"items_purged_floors":[],"is_endless":false,"potions_floor_spawned":[2,12,13,14,20],"killed_by":"Shelled Parasite and Fungi","ascension_level":0}}