{"host":"svshg45py6teq979","time":1607540168,"event":{"gold_per_floor":[109,109,129,129,148,148,173,233,233,233,233],"floor_reached":10,"playtime":676,"items_purged":[],"score":66,"play_id":"f1063e04-6975-4283-acc6-f60ba3c27a22","local_time":"20201209135608","is_ascension_mode":true,"campfire_choices":[{"floor":6,"key":"RECALL"}],"neow_cost":"NONE","seed_source_timestamp":1311025517942900,"circlet_count":0,"master_deck":["Strike_G","Strike_G","Strike_G","Strike_G","Strike_G","Defend_G","Defend_G","Defend_G","Defend_G","Defend_G","Survivor","Neutralize","Slice","Reflex","Regret","Sneak Up","Pot Of Greed","Pot Of Greed","A Thousand Cuts","ReplayTheSpireMod:Splinters","Tactician"],"relics":["HoveringKite","infinitespire:Cubic Diamond","Basket Of Snakes","Grinning Jar","infinitespire:Bottled Soul"],"potions_floor_usage":[7,10,10],"damage_taken":[{"damage":1,"enemies":"Cultist","floor":1,"turns":5},{"damage":6,"enemies":"Jaw Worm","floor":3,"turns":5},{"damage":4,"enemies":"Small Slimes","floor":5,"turns":4},{"damage":49,"enemies":"Lagavulin","floor":7,"turns":11},{"damage":14,"enemies":"3 Sentries","floor":10,"turns":4}],"seed_played":"-3948635453687653310","potions_obtained":[{"floor":5,"key":"LifebloodPotion"},{"floor":7,"key":"Elixir"},{"floor":8,"key":"Guardian:BlockOnCardUsePotion"}],"is_trial":false,"path_per_floor":["M","?","M","?","M","R","E","?","T","E"],"character_chosen":"THE_SILENT","items_purchased":[],"campfire_rested":0,"item_purchase_floors":[],"current_hp_per_floor":[69,69,63,63,59,59,10,10,10,0,0],"gold":233,"neow_bonus":"BOSS_RELIC","is_prod":false,"is_daily":false,"chose_seed":false,"campfire_upgraded":0,"win_rate":0.0,"timestamp":1607540168,"path_taken":["M","?","M","?","M","R","E","?","T","E"],"build_version":"2020-11-30","purchased_purges":0,"victory":false,"max_hp_per_floor":[70,70,70,70,70,70,70,70,70,70,70],"card_choices":[{"not_picked":["Heel Hook","Dagger Spray"],"picked":"Slice","floor":1},{"not_picked":["Riddle With Holes","Dagger Spray"],"picked":"Reflex","floor":3},{"not_picked":["Caltrops","Dash"],"picked":"Sneak Up","floor":5},{"not_picked":["Outmaneuver","aspiration:Lunge"],"picked":"A Thousand Cuts","floor":7},{"not_picked":["Flechettes","Slice"],"picked":"Tactician","floor":8}],"player_experience":31462,"relics_obtained":[{"floor":7,"key":"Grinning Jar"},{"floor":8,"key":"infinitespire:Bottled Soul"}],"event_choices":[{"damage_healed":0,"gold_gain":0,"player_choice":"Box","damage_taken":0,"relics_obtained":["Basket Of Snakes"],"max_hp_gain":0,"max_hp_loss":0,"event_name":"Big Fish","floor":4,"gold_loss":0,"cards_obtained":["Regret"]}],"is_beta":false,"boss_relics":[],"items_purged_floors":[],"is_endless":false,"potions_floor_spawned":[5,7],"killed_by":"3 Sentries","ascension_level":0}}