{"host":"x0ovlu53kkkog8rv","time":1607514041,"event":{"gold_per_floor":[110,123,123,223,13,13,37,57,57,7,7,32,45,63,63,187,187,205,205,226,5,5,5,5],"floor_reached":23,"playtime":1272,"items_purged":["Strike_G","Strike_G"],"score":210,"play_id":"dd0339c7-4127-40a9-bec0-a3b796b4cf4b","local_time":"20201209204041","is_ascension_mode":true,"campfire_choices":[{"data":"Tactician","floor":6,"key":"SMITH"},{"data":"Dagger Spray","floor":11,"key":"SMITH"},{"floor":15,"key":"REST"}],"neow_cost":"NONE","seed_source_timestamp":81966610158553,"circlet_count":0,"master_deck":["Defend_G","Defend_G","Defend_G","Defend_G","Survivor","Neutralize","Tactician+1","Footwork","Dagger Spray+1","Acrobatics","Prepared+1","Noxious Fumes","Concentrate","Concentrate","Bane","Reflex+1","Prepared"],"special_seed":0,"relics":["Ring of the Snake","Golden Idol","Membership Card","Meat on the Bone","Empty Cage","Peace Pipe"],"potions_floor_usage":[13,13,16,23],"damage_taken":[{"damage":4,"enemies":"Small Slimes","floor":1,"turns":3},{"damage":20,"enemies":"Jaw Worm","floor":2,"turns":5},{"damage":4,"enemies":"Cultist","floor":7,"turns":5},{"damage":3,"enemies":"Red Slaver","floor":8,"turns":6},{"damage":9,"enemies":"Exordium Wildlife","floor":12,"turns":5},{"damage":0,"enemies":"Gremlin Gang","floor":13,"turns":4},{"damage":4,"enemies":"Red Slaver","floor":14,"turns":3},{"damage":63,"enemies":"The Guardian","floor":16,"turns":15},{"damage":21,"enemies":"Chosen","floor":18,"turns":7},{"damage":11,"enemies":"3 Byrds","floor":20,"turns":5},{"damage":62,"enemies":"Book of Stabbing","floor":23,"turns":7}],"seed_played":"-551505914021187914","potions_obtained":[{"floor":1,"key":"SneckoOil"},{"floor":7,"key":"CunningPotion"},{"floor":12,"key":"Energy Potion"},{"floor":20,"key":"Poison Potion"}],"is_trial":false,"path_per_floor":["M","M","?","?","$","R","M","M","T","$","R","M","M","M","R","B",null,"M","?","M","$","?","E"],"character_chosen":"THE_SILENT","items_purchased":["Membership Card","Dagger Spray","Peace Pipe","FairyPotion","Prepared"],"campfire_rested":1,"item_purchase_floors":[5,5,21,21,21],"current_hp_per_floor":[73,53,53,53,53,53,49,46,46,46,46,37,37,45,66,15,71,50,50,39,39,39,0,0],"gold":5,"neow_bonus":"TEN_PERCENT_HP_BONUS","is_prod":false,"is_daily":false,"chose_seed":false,"campfire_upgraded":2,"win_rate":0,"timestamp":1607514041,"path_taken":["M","M","?","?","$","R","M","?","T","?","R","M","M","M","R","BOSS","M","?","M","$","?","E"],"build_version":"2020-11-30","purchased_purges":2,"victory":false,"max_hp_per_floor":[77,77,71,71,71,71,71,71,71,71,71,71,71,71,71,71,71,71,71,71,71,71,71,71],"card_choices":[{"not_picked":["Heel Hook","Poisoned Stab"],"picked":"Tactician","floor":1},{"not_picked":["Skewer","Deflect"],"picked":"Footwork","floor":2},{"not_picked":["Deflect","Bane","Distraction"],"picked":"SKIP","floor":7},{"not_picked":["Quick Slash","Poisoned Stab"],"picked":"Acrobatics","floor":8},{"not_picked":["Poisoned Stab","Dagger Spray"],"picked":"Prepared","floor":12},{"not_picked":["Bane","Outmaneuver"],"picked":"Noxious Fumes","floor":13},{"not_picked":["Terror","Slice"],"picked":"Concentrate","floor":14},{"not_picked":["Masterful Stab+1","Deadly Poison","Dagger Throw"],"picked":"SKIP","floor":18},{"not_picked":["Backstab","Blur"],"picked":"Reflex+1","floor":20}],"player_experience":157188,"relics_obtained":[{"floor":9,"key":"Meat on the Bone"}],"event_choices":[{"damage_healed":0,"gold_gain":0,"player_choice":"Lose Max HP","damage_taken":0,"relics_obtained":["Golden Idol"],"max_hp_gain":0,"max_hp_loss":6,"event_name":"Golden Idol","floor":3,"gold_loss":0},{"damage_healed":0,"gold_gain":100,"player_choice":"Gold","damage_taken":0,"max_hp_gain":0,"max_hp_loss":0,"event_name":"Wheel of Change","floor":4,"gold_loss":0},{"damage_healed":0,"gold_gain":0,"cards_transformed":["Strike_G","Strike_G"],"player_choice":"Became Test Subject","damage_taken":0,"max_hp_gain":0,"max_hp_loss":0,"event_name":"Drug Dealer","floor":19,"gold_loss":0,"cards_obtained":["Concentrate","Bane"]},{"damage_healed":0,"gold_gain":0,"player_choice":"Upgraded","damage_taken":0,"max_hp_gain":0,"max_hp_loss":0,"event_name":"Upgrade Shrine","floor":22,"gold_loss":0,"cards_upgraded":["Prepared"]}],"is_beta":false,"boss_relics":[{"not_picked":["Black Star","Ectoplasm"],"picked":"Empty Cage"}],"items_purged_floors":[5,10],"is_endless":false,"potions_floor_spawned":[1,7,12,20],"killed_by":"Book of Stabbing","ascension_level":3}}