{"host":"c5j8t0wyh2hvx9ju","time":1607512191,"event":{"gold_per_floor":[112,130,130,130,148,182,182,207,207,236,262,290,305,317,317,421,421,437,448,448,468,468,468,493,493,493,510,542,552,552,329,329,424,424,439,452,144,162,162,162],"floor_reached":39,"playtime":2042,"items_purged":["Strike_B"],"score":845,"play_id":"00de1608-32a0-4148-94b0-a2bcf879fc39","local_time":"20201209200951","is_ascension_mode":true,"campfire_choices":[{"data":"Apotheosis","floor":7,"key":"SMITH"},{"floor":15,"key":"RECALL"},{"data":"Defragment","floor":23,"key":"SMITH"},{"floor":32,"key":"REST"}],"neow_cost":"","seed_source_timestamp":1552979990399700,"circlet_count":0,"master_deck":["Strike_B","Strike_B","Defend_B","Defend_B+1","Defend_B","Defend_B+1","Zap","Dualcast+1","Apotheosis+1","Undo","Go for the Eyes+1","Defragment+1","Electrodynamics","Redo+1","Loop","All For One","White Noise+1","Gash","Stack+1","Heatsinks","CurseOfTheBell","Force Field+1"],"relics":["Cracked Core","Juzu Bracelet","White Beast Statue","Toxic Egg 2","CaptainsWheel","Odd Mushroom","Ornamental Fan","Inserter","Matryoshka","Enchiridion","Symbiotic Virus","Turnip","Runic Capacitor","Calling Bell","War Paint","Pantograph","Calipers","Unceasing Top"],"potions_floor_usage":[12,19],"damage_taken":[{"damage":2,"enemies":"Cultist","floor":1,"turns":5},{"damage":11,"enemies":"Small Slimes","floor":2,"turns":3},{"damage":9,"enemies":"Jaw Worm","floor":5,"turns":2},{"damage":56,"enemies":"Gremlin Nob","floor":6,"turns":5},{"damage":7,"enemies":"Lagavulin","floor":8,"turns":5},{"damage":19,"enemies":"Gremlin Nob","floor":10,"turns":4},{"damage":11,"enemies":"The Mushroom Lair","floor":11,"turns":4},{"damage":0,"enemies":"Lagavulin","floor":12,"turns":4},{"damage":0,"enemies":"2 Fungi Beasts","floor":13,"turns":3},{"damage":5,"enemies":"Blue Slaver","floor":14,"turns":3},{"damage":0,"enemies":"Slime Boss","floor":16,"turns":4},{"damage":3,"enemies":"Spheric Guardian","floor":18,"turns":3},{"damage":22,"enemies":"3 Byrds","floor":19,"turns":3},{"damage":0,"enemies":"Cultist and Chosen","floor":21,"turns":4},{"damage":28,"enemies":"Gremlin Leader","floor":24,"turns":4},{"damage":19,"enemies":"Shelled Parasite and Fungi","floor":27,"turns":3},{"damage":31,"enemies":"Book of Stabbing","floor":28,"turns":5},{"damage":7,"enemies":"Sentry and Sphere","floor":29,"turns":6},{"damage":22,"enemies":"Collector","floor":33,"turns":7},{"damage":36,"enemies":"3 Darklings","floor":35,"turns":4},{"damage":0,"enemies":"3 Shapes","floor":36,"turns":5},{"damage":44,"enemies":"Spire Growth","floor":38,"turns":5},{"damage":14,"enemies":"3 Darklings","floor":39,"turns":2}],"seed_played":"3555141993403932244","potions_obtained":[{"floor":5,"key":"Strength Potion"},{"floor":6,"key":"SkillPotion"},{"floor":10,"key":"ColorlessPotion"},{"floor":12,"key":"Fruit Juice"},{"floor":13,"key":"LiquidBronze"},{"floor":19,"key":"PowerPotion"},{"floor":27,"key":"FairyPotion"},{"floor":33,"key":"EntropicBrew"},{"floor":38,"key":"Weak Potion"}],"is_trial":false,"path_per_floor":["M","M","$","?","M","E","R","E","T","E","?","E","M","M","R","B",null,"M","M","?","M","?","R","E","?","T","M","E","M","?","$","R","B",null,"M","M","$","M","M"],"character_chosen":"DEFECT","items_purchased":["Apotheosis","Undo","Runic Capacitor","Unceasing Top"],"campfire_rested":1,"item_purchase_floors":[0,0,31,37],"current_hp_per_floor":[65,54,54,200,200,200,200,75,75,75,75,75,75,70,70,70,78,75,53,53,53,53,53,25,64,64,45,14,7,7,7,31,9,62,26,26,26,6,0,0],"gold":162,"neow_bonus":"","is_prod":false,"is_daily":false,"chose_seed":false,"campfire_upgraded":2,"win_rate":0,"timestamp":1607512191,"path_taken":["M","M","?","?","?","E","R","E","T","E","?","E","M","M","R","BOSS","M","M","?","M","?","R","E","?","T","M","E","M","?","$","R","BOSS","M","M","$","M","M"],"build_version":"2020-11-30","purchased_purges":1,"victory":false,"max_hp_per_floor":[75,75,75,75,75,75,75,75,75,75,75,80,80,80,80,80,80,80,80,80,80,80,80,80,80,80,80,80,80,80,80,80,80,80,80,80,80,80,80,80],"card_choices":[{"not_picked":["BootSequence","Fusion"],"picked":"Go for the Eyes","floor":1},{"not_picked":["Lockon","Aggregate","Stack"],"picked":"SKIP","floor":2},{"not_picked":["Streamline","White Noise","Redo"],"picked":"SKIP","floor":5},{"not_picked":["Conserve Battery","Sweeping Beam"],"picked":"Defragment","floor":6},{"not_picked":["Steam","Coolheaded"],"picked":"Electrodynamics","floor":8},{"not_picked":["Lockon","Streamline"],"picked":"Redo+1","floor":10},{"not_picked":["Self Repair","Scrape","Stack+1"],"picked":"SKIP","floor":12},{"not_picked":["Compile Driver","Coolheaded+1","Undo+1"],"picked":"SKIP","floor":13},{"not_picked":["Coolheaded+1","Machine Learning"],"picked":"Loop","floor":14},{"not_picked":["Machine Learning","Seek+1"],"picked":"All For One","floor":16},{"not_picked":["Conserve Battery+1","Coolheaded+1"],"picked":"White Noise+1","floor":18},{"not_picked":["Barrage+1","Compile Driver","Beam Cell"],"picked":"SKIP","floor":19},{"not_picked":["Redo+1","Compile Driver+1","Beam Cell"],"picked":"SKIP","floor":21},{"not_picked":["Barrage+1","Ball Lightning","Fusion+1"],"picked":"SKIP","floor":24},{"not_picked":["Conserve Battery+1","Creative AI"],"picked":"Stack+1","floor":27},{"not_picked":["Chill+1","Beam Cell"],"picked":"Heatsinks","floor":28},{"not_picked":["Melter","Go for the Eyes","Steam+1"],"picked":"SKIP","floor":29},{"not_picked":["Tempest+1","Go for the Eyes"],"picked":"Force Field+1","floor":35},{"not_picked":["Self Repair","Cold Snap+1","Coolheaded+1"],"picked":"SKIP","floor":36},{"not_picked":["Turbo+1","Double Energy+1","Recycle+1"],"picked":"SKIP","floor":38}],"player_experience":842218,"relics_obtained":[{"floor":6,"key":"Juzu Bracelet"},{"floor":8,"key":"White Beast Statue"},{"floor":9,"key":"Toxic Egg 2"},{"floor":10,"key":"CaptainsWheel"},{"floor":11,"key":"Odd Mushroom"},{"floor":12,"key":"Ornamental Fan"},{"floor":24,"key":"Matryoshka"},{"floor":25,"key":"Enchiridion"},{"floor":26,"key":"Symbiotic Virus"},{"floor":28,"key":"Turnip"},{"floor":34,"key":"War Paint"},{"floor":34,"key":"Pantograph"},{"floor":34,"key":"Calipers"}],"event_choices":[{"damage_healed":0,"gold_gain":0,"player_choice":"Entered Light","damage_taken":15,"max_hp_gain":0,"max_hp_loss":0,"event_name":"Shining Light","floor":4,"gold_loss":0,"cards_upgraded":["Defend_B","Go for the Eyes"]},{"damage_healed":0,"gold_gain":0,"player_choice":"Fought Mushrooms","damage_taken":0,"max_hp_gain":0,"max_hp_loss":0,"event_name":"Mushrooms","floor":11,"gold_loss":0},{"damage_healed":0,"gold_gain":0,"player_choice":"Read","damage_taken":0,"max_hp_gain":0,"max_hp_loss":0,"event_name":"The Library","floor":20,"gold_loss":0,"cards_obtained":["Gash"]},{"cards_removed":["Strike_B"],"damage_healed":0,"gold_gain":0,"player_choice":"Offered Basic","damage_taken":0,"max_hp_gain":0,"max_hp_loss":0,"event_name":"Bonfire Elementals","floor":22,"gold_loss":0},{"damage_healed":0,"gold_gain":0,"player_choice":"Obtained Book","damage_taken":16,"max_hp_gain":0,"max_hp_loss":0,"event_name":"Cursed Tome","floor":25,"gold_loss":0},{"damage_healed":0,"gold_gain":0,"player_choice":"Got Potions","damage_taken":0,"max_hp_gain":0,"max_hp_loss":0,"event_name":"Lab","floor":30,"gold_loss":0}],"is_beta":false,"boss_relics":[{"not_picked":["Sozu","Snecko Eye"],"picked":"Inserter"},{"not_picked":["Hololive_Finger","Coffee Dripper"],"picked":"Calling Bell"}],"items_purged_floors":[31],"is_endless":false,"potions_floor_spawned":[5,6,10,11,12,13,14,16,18,19,21,24,27,28,29,33,35,36,38],"killed_by":"3 Darklings","ascension_level":5}}