{"host":"44og2uqm53oex657","time":1607503114,"event":{"gold_per_floor":[17,35,35,55,69,69,97,107,153,153,173,173,173,187,187,265,265,284,22,72,72,72,22,53,70,93,104,104,124,124,74,74,74,74],"floor_reached":33,"playtime":897,"items_purged":["Strike_MRS","Strike_MRS","MasterSpark+1"],"score":584,"play_id":"f8713d59-c9d7-42b6-a3e6-6eed31a6e2de","local_time":"20201209003834","is_ascension_mode":true,"campfire_choices":[{"data":"MasterSpark","floor":6.0,"key":"SMITH"},{"data":"PowerUp","floor":10.0,"key":"SMITH"},{"data":"UnstableBomb","floor":13.0,"key":"SMITH"},{"data":"MysteriousBeam","floor":15.0,"key":"SMITH"},{"data":"MilkyWay","floor":28,"key":"SMITH"},{"data":"EarthLightRay","floor":30,"key":"SMITH"},{"data":"Defend_MRS","floor":32,"key":"SMITH"}],"neow_cost":"NO_GOLD","seed_source_timestamp":2378689628528600,"circlet_count":0,"master_deck":["AscendersBane","Defend_MRS","Defend_MRS","Defend_MRS+1","Defend_MRS","UpSweep","PowerUp+1","6A+1","UnstableBomb+1","MysteriousBeam+1","6A+1","MilkyWay+1","EarthLightRay+1"],"special_seed":0,"relics":["MiniHakkero","Gambling Chip","Pocketwatch","Letter Opener","Smiling Mask","ExperimentalFamiliar","Vajra","Whetstone","Lantern"],"potions_floor_usage":[29],"damage_taken":[{"damage":7.0,"enemies":"Jaw Worm","floor":1.0,"turns":3.0},{"damage":0.0,"enemies":"Cultist","floor":2.0,"turns":3.0},{"damage":0.0,"enemies":"Small Slimes","floor":4.0,"turns":2.0},{"damage":1.0,"enemies":"2 Fungi Beasts","floor":5.0,"turns":3.0},{"damage":11.0,"enemies":"Gremlin Nob","floor":7.0,"turns":3.0},{"damage":6.0,"enemies":"3 Louse","floor":8.0,"turns":3.0},{"damage":0.0,"enemies":"Red Slaver","floor":11.0,"turns":1.0},{"damage":1.0,"enemies":"Exordium Wildlife","floor":14.0,"turns":2.0},{"damage":24.0,"enemies":"The Guardian","floor":16.0,"turns":7.0},{"damage":9.0,"enemies":"3 Byrds","floor":18.0,"turns":4.0},{"damage":0,"enemies":"Book of Stabbing","floor":24,"turns":3},{"damage":0,"enemies":"Spheric Guardian","floor":25,"turns":1},{"damage":10,"enemies":"Snecko","floor":27,"turns":3},{"damage":0,"enemies":"Snake Plant","floor":29,"turns":2},{"damage":46,"enemies":"Automaton","floor":33,"turns":6}],"seed_played":"736720014155720410","potions_obtained":[{"floor":2.0,"key":"Block Potion"},{"floor":5.0,"key":"Swift Potion"},{"floor":7.0,"key":"SkillPotion"},{"floor":18.0,"key":"PowerPotion"}],"is_trial":false,"path_per_floor":["M","M","?","M","M","R","E","M","T","R","M","?","R","M","R","B",null,"M","$","?","?","?","$","E","M","T","M","R","M","R","$","R","B"],"character_chosen":"MARISA","items_purchased":["6A","Vajra"],"campfire_rested":0,"item_purchase_floors":[19,19],"current_hp_per_floor":[56,56,56,56,55,55,44,38,38,38,38,38,38,37,37,13,56,47,47,47,47,47,47,47,47,47,37,37,37,37,37,37,0,0],"gold":74,"neow_bonus":"ONE_RARE_RELIC","is_prod":false,"is_daily":false,"chose_seed":false,"campfire_upgraded":7,"win_rate":0,"timestamp":1607503114,"path_taken":["M","M","?","?","M","R","E","M","T","R","M","?","R","?","R","BOSS","M","$","?","?","?","$","E","?","T","M","R","M","R","?","R","BOSS"],"build_version":"2020-11-30","purchased_purges":3,"victory":false,"max_hp_per_floor":[70,70,70,70,70,70,70,70,70,70,70,70,70,70,70,70,70,70,70,70,70,70,70,70,70,70,70,70,70,70,70,70,70,70],"card_choices":[{"not_picked":["GravityBeat","MachineGunSpark"],"picked":"PowerUp","floor":1.0},{"not_picked":["Acceleration","WitchOfGreed","DarkSpark"],"picked":"SKIP","floor":2.0},{"not_picked":["GalacticHalo","OpenUniverse","WitchOfGreed"],"picked":"SKIP","floor":4.0},{"not_picked":["DC","Occultation"],"picked":"6A","floor":5.0},{"not_picked":["TreasureHunter","StarlightTyphoon"],"picked":"UnstableBomb","floor":7.0},{"not_picked":["DoubleSpark","UnstableBomb","DC"],"picked":"SKIP","floor":8.0},{"not_picked":["DoubleSpark","EnergyRecoil","WitchOfGreed"],"picked":"SKIP","floor":11.0},{"not_picked":["GasGiant","Acceleration"],"picked":"MysteriousBeam","floor":14.0},{"not_picked":["DC","AsteroidBelt","MeteoricShower"],"picked":"SKIP","floor":18.0},{"not_picked":["ShootingEcho","UnstableBomb","WitchOfGreed"],"picked":"SKIP","floor":24},{"not_picked":["WitchLeyline","NonDirectionalLaser"],"picked":"MilkyWay","floor":25},{"not_picked":["NonDirectionalLaser","ShootingEcho+1","DarkMatter"],"picked":"SKIP","floor":27},{"not_picked":["DarkMatter","DC"],"picked":"EarthLightRay","floor":29}],"player_experience":664850,"relics_obtained":[{"floor":7.0,"key":"Letter Opener"},{"floor":9.0,"key":"Smiling Mask"},{"floor":24,"key":"Whetstone"},{"floor":26,"key":"Lantern"}],"event_choices":[{"damage_healed":0.0,"max_hp_gain":0.0,"max_hp_loss":0.0,"gold_gain":0.0,"event_name":"WeMeetAgain","player_choice":"Gave Potion","floor":3.0,"gold_loss":0.0,"damage_taken":0.0,"relics_obtained":["Pocketwatch"]},{"cards_removed":["Strike_MRS"],"damage_healed":0.0,"max_hp_gain":0.0,"max_hp_loss":0.0,"gold_gain":0.0,"event_name":"Purifier","player_choice":"Purged","floor":12.0,"gold_loss":0.0,"damage_taken":0.0},{"damage_healed":0.0,"max_hp_gain":0.0,"max_hp_loss":0.0,"gold_gain":50.0,"event_name":"Nest","player_choice":"Stole From Cult","floor":20.0,"gold_loss":0.0,"damage_taken":0.0},{"damage_healed":0,"gold_gain":0,"player_choice":"Ignored","damage_taken":0,"max_hp_gain":0,"max_hp_loss":0,"event_name":"Cursed Tome","floor":21,"gold_loss":0},{"cards_removed":["Strike_MRS"],"damage_healed":0,"gold_gain":0,"player_choice":"Offered Basic","damage_taken":0,"max_hp_gain":0,"max_hp_loss":0,"event_name":"Bonfire Elementals","floor":22,"gold_loss":0}],"is_beta":false,"boss_relics":[{"not_picked":["Astrolabe","Calling Bell"],"picked":"ExperimentalFamiliar"}],"items_purged_floors":[19,23,31],"is_endless":false,"potions_floor_spawned":[2,5,7,18,24],"killed_by":"Automaton","ascension_level":20}}