{"host":"jgyoyy5iuhtvyvtg","time":1607499038,"event":{"gold_per_floor":[113,113,129,129,139,139,171,171,171,184,184,203,222,239,239,239,239],"floor_reached":16,"playtime":631,"items_purged":[],"score":104,"play_id":"72bc21f0-b83a-4a48-9314-8884d81e81c9","local_time":"20201208233038","is_ascension_mode":false,"campfire_choices":[{"data":"ReplayTheSpireMod:LeadingStrike","floor":6,"key":"SMITH"},{"data":"Bash","floor":8,"key":"SMITH"},{"data":"Feed","floor":11,"key":"SMITH"},{"data":"Uppercut","floor":15,"key":"SMITH"}],"neow_cost":"","seed_source_timestamp":458843951160600,"circlet_count":0,"master_deck":["Strike_R","Strike_R","Strike_R","Strike_R","Strike_R","Defend_R","Defend_R","Defend_R","Defend_R","Bash+1","UniverseFragment","Twin Strike","Rage","ReplayTheSpireMod:LeadingStrike+1","Twin Strike","Feed+1","Uppercut+1","Offering"],"relics":["Burning Blood","CogitoBucket","RabbitCall","LetterFromLob","BrokenLever","Rawhide"],"potions_floor_usage":[7,12,16],"damage_taken":[{"damage":0,"enemies":"2 Louse","floor":1,"turns":3},{"damage":0,"enemies":"Cultist","floor":3,"turns":3},{"damage":0,"enemies":"conspire:RoseBush","floor":5,"turns":3},{"damage":9,"enemies":"3 Sentries","floor":7,"turns":7},{"damage":1,"enemies":"Lots of Slimes","floor":10,"turns":5},{"damage":12,"enemies":"Blue Slaver","floor":12,"turns":3},{"damage":0,"enemies":"3 Louse","floor":13,"turns":3},{"damage":10,"enemies":"conspire:2 RoseBushes","floor":14,"turns":6},{"damage":90,"enemies":"Hexaghost","floor":16,"turns":18}],"seed_played":"-4972424044493925514","potions_obtained":[{"floor":1,"key":"Strength Potion"},{"floor":2,"key":"Toxic Potion"},{"floor":2,"key":"Reflective Coating"},{"floor":12,"key":"GamblersBrew"},{"floor":14,"key":"SteroidPotion"}],"is_trial":false,"path_per_floor":["M","?","M","M","M","R","E","R","T","M","R","M","M","M","R","B"],"character_chosen":"IRONCLAD","items_purchased":[],"campfire_rested":0,"item_purchase_floors":[],"current_hp_per_floor":[80,80,80,80,80,80,77,77,77,80,80,78,88,88,88,0,0],"gold":239,"neow_bonus":"","is_prod":false,"is_daily":false,"chose_seed":false,"campfire_upgraded":4,"win_rate":0,"timestamp":1607499038,"path_taken":["M","?","M","M","M","R","E","R","T","M","R","M","M","M","R","BOSS"],"build_version":"2020-11-30","purchased_purges":0,"victory":false,"max_hp_per_floor":[80,80,80,80,80,80,80,80,80,80,80,84,88,92,92,92,92],"card_choices":[{"not_picked":["Laetitia","Wellcheers"],"picked":"UniverseFragment","floor":1},{"not_picked":["ReplayTheSpireMod:Strike From Hell","ReplayTheSpireMod:Limb From Limb"],"picked":"Twin Strike","floor":1},{"not_picked":["SpiderBud","LongBird","ShyLook"],"picked":"Singing Bowl","floor":3},{"not_picked":["Clothesline","Iron Wave"],"picked":"Rage","floor":3},{"not_picked":["LittleHelper","OldLady","CherryBlossoms"],"picked":"Singing Bowl","floor":5},{"not_picked":["Evolve","Anger"],"picked":"ReplayTheSpireMod:LeadingStrike","floor":5},{"not_picked":["ShyLook","WallGazer","Bloodbath"],"picked":"Singing Bowl","floor":7},{"not_picked":["Flex","Hemokinesis"],"picked":"Twin Strike","floor":7},{"not_picked":["CrumblingArmor","GalaxyChild","MHz"],"picked":"Singing Bowl","floor":10},{"not_picked":["Heavy Blade","Armaments"],"picked":"Feed","floor":10},{"not_picked":["LittleHelper","Porccubus","SpiderBud"],"picked":"Singing Bowl","floor":12},{"not_picked":["Pummel","ReplayTheSpireMod:Strike From Hell"],"picked":"Uppercut","floor":12},{"not_picked":["MeatLantern","WallGazer","Wellcheers"],"picked":"Singing Bowl","floor":13},{"not_picked":["Combust","Headbutt"],"picked":"Offering","floor":13},{"not_picked":["OSAHOGD","FieryBird","Scarecrow"],"picked":"Singing Bowl","floor":14},{"not_picked":["Intimidate","Havoc","Anger"],"picked":"SKIP","floor":14}],"player_experience":3042032,"relics_obtained":[{"floor":1,"key":"LetterFromLob"},{"floor":7,"key":"BrokenLever"},{"floor":9,"key":"Rawhide"}],"event_choices":[{"damage_healed":0,"gold_gain":0,"player_choice":"Got Potions","damage_taken":0,"max_hp_gain":0,"max_hp_loss":0,"event_name":"Lab","floor":2,"gold_loss":0}],"is_beta":false,"boss_relics":[],"items_purged_floors":[],"is_endless":false,"potions_floor_spawned":[1,5,12,14],"killed_by":"Hexaghost","ascension_level":0}}