{"host":"ydedwhtj7an0mou1","time":1607530281,"event":{"gold_per_floor":[10112,9436,9436,9436,9321,9354,9386,9386,9386,9421,9421,8636,8668,8700,8700,8798,8798,8812,7985,7985,7985,7996,8021,8021,8051,8075,7245,7275,7275,7300,7311,7311,7412,7412,7429,7429,7485,7136,7296,7324,7324,7324,7348,7379,7390,7390,6769,6795,6795,6896,6896,6896],"floor_reached":51,"playtime":3539,"items_purged":["HollowMod:NailStrikeStart","HollowMod:QuickDashStart","HollowMod:QuickDashStart","HollowMod:NailStrikeStart","HollowMod:LifebloodCore+1"],"score":1467,"play_id":"7385543f-a7ff-49ab-9b5a-e534b3cbd94e","local_time":"20201209141121","daily_mods":["Heirloom","Time Dilation","Flight","DeadlyEvents","Elite Swarm"],"is_ascension_mode":true,"campfire_choices":[{"data":"HollowMod:SlysStrikes","floor":8,"key":"SMITH"},{"data":"HollowMod:theNailsmith","floor":11,"key":"SMITH"},{"data":"HollowMod:HornetsHelp","floor":15,"key":"SMITH"},{"data":"HollowMod:LifebloodCore","floor":24,"key":"SMITH"},{"data":"HollowMod:MantisMark+1","floor":32,"key":"SMITH"},{"data":"HollowMod:LifebloodCore","floor":41,"key":"SMITH"},{"data":"HollowMod:MantisMark+2","floor":42,"key":"SMITH"},{"data":"HollowMod:HornetsHelp+1","floor":46,"key":"SMITH"},{"data":"HollowMod:HornetsHelp+2","floor":49,"key":"SMITH"}],"neow_cost":"","seed_source_timestamp":0,"circlet_count":0,"master_deck":["HollowMod:NailStrikeStart","HollowMod:NailStrikeStart","HollowMod:QuickDashStart","HollowMod:QuickDashStart","HollowMod:FocusHealStart","HollowMod:PogoStrike","HollowMod:HeavyBlow","HollowMod:HornetsHelp+3","HollowMod:SlysStrikes+1","HollowMod:theNailsmith+1","HollowMod:SoulShaman+1","HollowMod:MantisMark+3","HollowMod:LifebloodCore+1"],"relics":["HollowMod:VesselMask","Unceasing Top","Omamori","MealTicket","Pear","Strange Spoon","hubris:Towel","Durian","Odd Mushroom","HollowMod:PaleOreRelic","ReplayTheSpireMod:TigerMarble","Replay:Multitool","Strawberry","ReplayTheSpireMod:Ninjato","Replay:Towering Pillar of Hats","HollowMod:JonisBlessing","Shuriken","hexamod:BolsterEngine","Black Star","HornCleat","aspiration:AnachronicSnailShell","OrangePellets","Ninja Scroll","Akabeko","Nunchaku","conspire:InfiniteJournal","Singing Bowl","PreservedInsect","hubris:64BitClover","Snack Pack","HandDrill","hubris:SlimyHat","Mummified Hand","hubris:GlazedTorus","Potion Belt","hubris:ScarierMask","CaptainsWheel","ReplayTheSpireMod:Lightbulb","Boot","Hallownest:GodTamersBeastRelic","Dream Catcher","ReplayTheSpireMod:Shallot","HollowMod:MillibellesNoteRelic","Replay:Rubber Ducky","hubris:BundleOfHerbs","aspiration:HiddenCompartment","aspiration:Lifesprig","Chemical X","hubris:ToyBattleship","hubris:Potato","aspiration:PoetsPen_weak"],"potions_floor_usage":[10,14],"damage_taken":[{"damage":1,"enemies":"Hallownest:2_MossCreeps","floor":1,"turns":4},{"damage":8,"enemies":"Hallownest:eliteVengeflyKing","floor":6,"turns":7},{"damage":27,"enemies":"Hallownest:eliteMossKnight","floor":7,"turns":8},{"damage":5,"enemies":"Hallownest:eliteVengeflyKing","floor":10,"turns":6},{"damage":0,"enemies":"Hallownest:eliteMossKnight","floor":13,"turns":5},{"damage":0,"enemies":"Hallownest:eliteVengeflyKing","floor":14,"turns":4},{"damage":0,"enemies":"Hallownest:BossHornet","floor":16,"turns":9},{"damage":0,"enemies":"Shell Parasite","floor":18,"turns":3},{"damage":14,"enemies":"JungleHuntersEvent","floor":20,"turns":6},{"damage":0,"enemies":"theJungle:GiantWrat","floor":22,"turns":1},{"damage":0,"enemies":"theJungle:MamaSnecko","floor":23,"turns":3},{"damage":0,"enemies":"Nightmare","floor":25,"turns":3},{"damage":0,"enemies":"theJungle:2_Phrogs","floor":28,"turns":3},{"damage":0,"enemies":"theJungle:MamaSnecko","floor":30,"turns":2},{"damage":0,"enemies":"theJungle:SlimyTreeVines","floor":31,"turns":2},{"damage":0,"enemies":"theJungle:FunGuy","floor":33,"turns":3},{"damage":0,"enemies":"Hallownest:Shield_Heavy","floor":35,"turns":1},{"damage":0,"enemies":"Hallownest:2_Primals","floor":37,"turns":1},{"damage":0,"enemies":"Hallownest:2_Primals","floor":39,"turns":1},{"damage":0,"enemies":"Hallownest:2_Primals","floor":39,"turns":2},{"damage":0,"enemies":"Hallownest:2_Primals","floor":39,"turns":3},{"damage":0,"enemies":"Hallownest:2_Primals","floor":39,"turns":2},{"damage":0,"enemies":"Hallownest:eliteHiveKnight","floor":40,"turns":4},{"damage":0,"enemies":"Hallownest:StalkingDevout","floor":44,"turns":2},{"damage":0,"enemies":"Hallownest:2_Littles","floor":45,"turns":1},{"damage":0,"enemies":"Hallownest:eliteCollector","floor":48,"turns":1},{"damage":0,"enemies":"Hallownest:BossGreyPrinceZote","floor":50,"turns":4}],"seed_played":"7280431131323944652","potions_obtained":[{"floor":7,"key":"Energy Potion"},{"floor":10,"key":"Reflective Coating"},{"floor":22,"key":"Cursed Concoction"},{"floor":28,"key":"ColorlessPotion"},{"floor":40,"key":"infinitespire:BlackPotion"},{"floor":48,"key":"PowerPotion"},{"floor":50,"key":"Dexterity Potion"}],"is_trial":true,"path_per_floor":["M","$","?","T","?","E","E","R","T","E","R","$","E","E","R","B",null,"M","$","?","?","M","E","R","NM","T","$","E","R","E","M","R","B",null,"M","?","?","$","?","E","R","R","T","E","M","R","$","E","R","B",null],"character_chosen":"THE_BUGKNIGHT","items_purchased":["MealTicket","Pear","Strange Spoon","HollowMod:HeavyBlow","ReplayTheSpireMod:Ninjato","Replay:Towering Pillar of Hats","HollowMod:JonisBlessing","HornCleat","aspiration:AnachronicSnailShell","OrangePellets","hubris:64BitClover","Snack Pack","HandDrill","ReplayTheSpireMod:Lightbulb","Boot","aspiration:HiddenCompartment","aspiration:Lifesprig","Chemical X"],"campfire_rested":0,"item_purchase_floors":[2,2,2,2,12,12,12,19,19,19,27,27,27,38,38,47,47,47],"current_hp_per_floor":[74,84,84,89,89,87,66,66,66,68,68,83,83,83,83,83,97,97,97,83,83,83,83,83,85,85,99,101,101,103,105,105,105,105,107,107,109,109,109,111,111,111,111,113,115,115,115,117,117,119,119,119],"gold":6896,"neow_bonus":"","is_prod":false,"is_daily":false,"chose_seed":false,"campfire_upgraded":9,"win_rate":0.0,"timestamp":1607530281,"path_taken":["M","$","?","?","?","E","E","R","T","E","R","$","E","E","R","BOSS","M","$","?","?","?","E","R","NM","T","$","E","R","E","M","R","BOSS","M","?","?","$","?","E","R","R","T","E","?","R","$","E","R","BOSS"],"build_version":"2020-11-30","purchased_purges":5,"victory":false,"max_hp_per_floor":[75,85,85,90,90,90,90,90,90,97,97,97,97,97,97,97,97,97,97,97,97,97,97,97,99,99,99,101,101,103,105,105,105,105,107,107,109,109,109,111,111,111,111,113,115,115,115,117,117,119,119,119],"card_choices":[{"not_picked":["HollowMod:InfectedCysts","HollowMod:BlackTendrils","HollowMod:NewLittleFool"],"picked":"SKIP","floor":1},{"not_picked":["HollowMod:Hiveblood","HollowMod:ZotesMagnificence"],"picked":"HollowMod:HornetsHelp","floor":6},{"not_picked":["HollowMod:Weaversong","HollowMod:SoulMaster"],"picked":"HollowMod:SlysStrikes","floor":7},{"not_picked":["HollowMod:Weaversong","HollowMod:NewInfectedGuardian"],"picked":"HollowMod:theNailsmith","floor":10},{"not_picked":["HollowMod:SoulMaster","HollowMod:HornetsHelp","HollowMod:Hiveblood"],"picked":"SKIP","floor":13},{"not_picked":["HollowMod:ElderbugsWisdom","HollowMod:theNailsmith","HollowMod:LifebloodCore"],"picked":"SKIP","floor":14},{"not_picked":["HollowMod:SiblingsSouls","HollowMod:HeavyBlow"],"picked":"HollowMod:SoulShaman+1","floor":18},{"not_picked":["HollowMod:NewLittleFool","HollowMod:NewJinnsSoul"],"picked":"HollowMod:MantisMark","floor":20},{"not_picked":["HollowMod:SiblingsShadow","HollowMod:NewInfectedGuardian","HollowMod:ChannelNail"],"picked":"SKIP","floor":22},{"not_picked":["HollowMod:ElderbugsWisdom","HollowMod:Hiveblood"],"picked":"HollowMod:LifebloodCore","floor":23},{"not_picked":["HollowMod:ZotesMagnificence","HollowMod:Hiveblood","HollowMod:Weaversong"],"picked":"Singing Bowl","floor":25},{"not_picked":["HollowMod:HornetsHelp","HollowMod:LifebloodCore","HollowMod:theNailsmith"],"picked":"Singing Bowl","floor":28},{"not_picked":["HollowMod:MidwifesHunger","HollowMod:HornetsHelp","HollowMod:Weaversong"],"picked":"Singing Bowl","floor":30},{"not_picked":["HollowMod:NewGlowingWomb","HollowMod:SiblingsShadow","HollowMod:HuntersJournal"],"picked":"Singing Bowl","floor":31},{"not_picked":["HollowMod:MidwifesHunger","HollowMod:HornetsHelp"],"picked":"HollowMod:LifebloodCore","floor":33},{"not_picked":["HollowMod:CoiledNail","HollowMod:QuirrelsAssistance","HollowMod:TaintedHusks+1"],"picked":"Singing Bowl","floor":35},{"not_picked":["HollowMod:SoulEater","HollowMod:SiblingsShadow+1","HollowMod:NewJinnsSoul+1"],"picked":"Singing Bowl","floor":37},{"not_picked":["HollowMod:ZotesMagnificence","HollowMod:theNailsmith","HollowMod:HornetsHelp"],"picked":"Singing Bowl","floor":40},{"not_picked":["HollowMod:NewInfectedGuardian","HollowMod:VoidDash","HollowMod:Weaversong"],"picked":"Singing Bowl","floor":44},{"not_picked":["HollowMod:CoiledNail","HollowMod:SoulSplash","HollowMod:NewJinnsSoul"],"picked":"Singing Bowl","floor":45},{"not_picked":["HollowMod:AwokenDreamNail","HollowMod:theNailsmith","HollowMod:SoulMaster"],"picked":"Singing Bowl","floor":48},{"not_picked":["HollowMod:HornetsHelp","HollowMod:NewInfectedGuardian","HollowMod:LifebloodCore"],"picked":"Singing Bowl","floor":50}],"player_experience":300898,"relics_obtained":[{"floor":4,"key":"Durian"},{"floor":6,"key":"HollowMod:PaleOreRelic"},{"floor":7,"key":"ReplayTheSpireMod:TigerMarble"},{"floor":9,"key":"Replay:Multitool"},{"floor":10,"key":"Strawberry"},{"floor":13,"key":"Shuriken"},{"floor":14,"key":"hexamod:BolsterEngine"},{"floor":20,"key":"Ninja Scroll"},{"floor":23,"key":"Akabeko"},{"floor":23,"key":"Nunchaku"},{"floor":25,"key":"conspire:InfiniteJournal"},{"floor":25,"key":"Singing Bowl"},{"floor":26,"key":"PreservedInsect"},{"floor":28,"key":"hubris:SlimyHat"},{"floor":28,"key":"Mummified Hand"},{"floor":30,"key":"hubris:GlazedTorus"},{"floor":30,"key":"Potion Belt"},{"floor":37,"key":"CaptainsWheel"},{"floor":40,"key":"Dream Catcher"},{"floor":40,"key":"ReplayTheSpireMod:Shallot"},{"floor":43,"key":"HollowMod:MillibellesNoteRelic"},{"floor":44,"key":"Replay:Rubber Ducky"},{"floor":44,"key":"hubris:BundleOfHerbs"},{"floor":48,"key":"hubris:ToyBattleship"},{"floor":48,"key":"hubris:Potato"}],"event_choices":[],"is_beta":false,"boss_relics":[{"not_picked":["Empty Cage","hubris:BlackHole"],"picked":"Black Star"},{"not_picked":["hubris:Backtick","Painkiller Herb"],"picked":"hubris:ScarierMask"},{"not_picked":["conspire:RoyalGoblet","SlaversCollar"],"picked":"aspiration:PoetsPen_weak"}],"items_purged_floors":[2,12,19,27,47],"is_endless":true,"potions_floor_spawned":[7,10,22,23,28,33,37,39,39,40,44,48,50],"ascension_level":1}}