{"host":"cjhtzh7tp54jdfyv","time":1607528115,"event":{"gold_per_floor":[369,388,55,205,222,250,34,0,79,79,79,79,97,97,97],"floor_reached":14,"playtime":524,"items_purged":[],"score":176,"play_id":"be76dfb1-77bb-41d3-9b6f-86b247c20b3f","local_time":"20201209103515","is_ascension_mode":true,"campfire_choices":[{"floor":12,"key":"REST"}],"neow_cost":"TEN_PERCENT_HP_LOSS","seed_source_timestamp":678593818871500,"circlet_count":0,"master_deck":["AscendersBane","Strike_B","Strike_B","Strike_B","Strike_B","Defend_B","Defend_B","Defend_B","Defend_B","Zap","Dualcast","Barrage","Doubt","Biased Cognition","Loop","Leap"],"relics":["Cracked Core","Incense Burner","Tiny Chest","OrangePellets","The Courier","Gremlin Horn"],"potions_floor_usage":[14],"damage_taken":[{"damage":7,"enemies":"Jaw Worm","floor":1,"turns":4},{"damage":0,"enemies":"Small Slimes","floor":2,"turns":2},{"damage":8,"enemies":"2 Louse","floor":5,"turns":3},{"damage":42,"enemies":"Lagavulin","floor":6,"turns":10},{"damage":14,"enemies":"Large Slime","floor":13,"turns":6},{"damage":16,"enemies":"3 Sentries","floor":14,"turns":2}],"seed_played":"2674050900800467437","potions_obtained":[{"floor":13,"key":"Swift Potion"}],"is_trial":false,"path_per_floor":["M","M","$","?","M","E","$","?","T","?","T","R","M","E"],"character_chosen":"DEFECT","items_purchased":["Incense Burner","OrangePellets","Loop"],"campfire_rested":1,"item_purchase_floors":[3,7,7],"current_hp_per_floor":[57,57,57,57,49,7,7,7,7,7,7,26,12,0,0],"gold":97,"neow_bonus":"TWO_FIFTY_GOLD","is_prod":false,"is_daily":false,"chose_seed":false,"campfire_upgraded":0,"win_rate":0,"timestamp":1607528115,"path_taken":["M","M","$","?","M","E","$","?","T","?","?","R","M","E"],"build_version":"2020-11-30","purchased_purges":0,"victory":false,"max_hp_per_floor":[64,64,64,64,64,64,64,64,64,64,64,64,64,64,64],"card_choices":[{"not_picked":["Compile Driver","Turbo"],"picked":"Barrage","floor":1},{"not_picked":["Steam Power","Consume","Beam Cell"],"picked":"SKIP","floor":2},{"not_picked":["Gash","Go for the Eyes","Beam Cell"],"picked":"SKIP","floor":5},{"not_picked":["Steam","Conserve Battery"],"picked":"Biased Cognition","floor":6},{"not_picked":["Barrage","Heatsinks"],"picked":"Leap","floor":13}],"player_experience":4064382,"relics_obtained":[{"floor":6,"key":"Tiny Chest"},{"floor":9,"key":"The Courier"},{"floor":11,"key":"Gremlin Horn"}],"event_choices":[{"damage_healed":0,"gold_gain":150,"player_choice":"AGREE","damage_taken":0,"max_hp_gain":0,"max_hp_loss":0,"event_name":"Liars Game","floor":4,"gold_loss":0,"cards_obtained":["Doubt"]},{"damage_healed":0,"gold_gain":0,"player_choice":"Left Gold","damage_taken":0,"max_hp_gain":0,"max_hp_loss":0,"event_name":"World of Goop","floor":8,"gold_loss":34},{"damage_healed":0,"gold_gain":0,"player_choice":"Ignored","damage_taken":0,"max_hp_gain":0,"max_hp_loss":0,"event_name":"Golden Wing","floor":10,"gold_loss":0}],"is_beta":false,"boss_relics":[],"items_purged_floors":[],"is_endless":false,"potions_floor_spawned":[13],"killed_by":"3 Sentries","ascension_level":20}}