{"host":"ek3xvuouaw6vk9if","time":1607487099,"event":{"gold_per_floor":[112,127,146,146,71,99,99,113,113,123,140,140,156,166,166,243,243,259,275,275,294,294,304,304,338,363,363,363],"floor_reached":27,"playtime":2760,"items_purged":["Regret"],"score":430,"play_id":"b52501e5-aa00-4cfa-9a76-326dd76c0c17","local_time":"20201208231139","is_ascension_mode":true,"campfire_choices":[{"data":"Venomology","floor":12.0,"key":"SMITH"},{"floor":24,"key":"REST"}],"neow_cost":"TEN_PERCENT_HP_LOSS","seed_source_timestamp":0,"circlet_count":0,"master_deck":["AscendersBane","Strike_G","Strike_G","Strike_G","Defend_G","Defend_G","Defend_G","Defend_G","Defend_G","Survivor","Neutralize","Venomology+1","Sucker Punch","Tactician","Eviscerate","Unload+1","Cloak And Dagger","Sucker Punch+1","Backflip","Unload+1","Burst","Die Die Die+1","ReplayTheSpireMod:Tripwire","Flying Knee+1","Underhanded Strike+1","RitualDagger+1","Accuracy"],"special_seed":0,"relics":["Ring of the Snake","Ninja Scroll","Molten Egg 2","Letter Opener","Philosopher\u0027s Stone","Nunchaku","Replay:Mystery Machine"],"potions_floor_usage":[23,25],"damage_taken":[{"damage":0.0,"enemies":"Cultist","floor":1.0,"turns":5.0},{"damage":6.0,"enemies":"Small Slimes","floor":2.0,"turns":4.0},{"damage":0.0,"enemies":"Jaw Worm","floor":3.0,"turns":4.0},{"damage":16.0,"enemies":"Gremlin Nob","floor":6.0,"turns":4.0},{"damage":6.0,"enemies":"3 Louse","floor":8.0,"turns":4.0},{"damage":2.0,"enemies":"Blue Slaver","floor":10.0,"turns":2.0},{"damage":0.0,"enemies":"Exordium Thugs","floor":11.0,"turns":4.0},{"damage":0.0,"enemies":"Looter","floor":13.0,"turns":2.0},{"damage":3.0,"enemies":"Large Slime","floor":14.0,"turns":5.0},{"damage":21.0,"enemies":"Slime Boss","floor":16.0,"turns":11.0},{"damage":0.0,"enemies":"Spheric Guardian","floor":18.0,"turns":1.0},{"damage":9.0,"enemies":"Shell Parasite","floor":19.0,"turns":5.0},{"damage":4.0,"enemies":"Sentry and Sphere","floor":21.0,"turns":3.0},{"damage":12,"enemies":"Snecko","floor":23,"turns":6},{"damage":16,"enemies":"Replay:Snechameleon","floor":25,"turns":6}],"seed_played":"-5291734423382391993","potions_obtained":[{"floor":1.0,"key":"Energy Potion"},{"floor":2.0,"key":"DistilledChaos"},{"floor":8.0,"key":"SteroidPotion"}],"is_trial":false,"path_per_floor":["M","M","M","?","$","E","?","M","T","M","M","R","M","M","R","B",null,"M","M","?","M","?","M","R","E","T","$"],"character_chosen":"THE_SILENT","items_purchased":[],"campfire_rested":1,"item_purchase_floors":[],"current_hp_per_floor":[59,53,53,53,53,37,37,31,31,29,29,29,29,26,26,5,46,46,37,37,33,27,15,33,17,17,17,17],"gold":363,"neow_bonus":"THREE_RARE_CARDS","is_prod":false,"is_daily":false,"chose_seed":false,"campfire_upgraded":1,"win_rate":0,"timestamp":1607487099,"path_taken":["M","M","M","?","$","E","?","M","T","M","?","R","M","?","R","BOSS","M","M","?","M","?","M","R","E","T","$"],"build_version":"2020-11-30","purchased_purges":1,"victory":false,"max_hp_per_floor":[60,60,60,60,60,60,60,60,60,60,60,60,60,60,60,60,60,60,60,60,60,60,60,60,60,60,60,60],"card_choices":[{"not_picked":["Doppelganger","Corpse Explosion"],"picked":"Venomology","floor":0.0},{"not_picked":["Outmaneuver","Underhanded Strike"],"picked":"Sucker Punch","floor":1.0},{"not_picked":["Dagger Throw","Acrobatics"],"picked":"Tactician","floor":2.0},{"not_picked":["Poisoned Stab","ReplayTheSpireMod:Exploit Weakness"],"picked":"Eviscerate","floor":3.0},{"not_picked":["All Out Attack+1","Deflect"],"picked":"Unload+1","floor":6.0},{"not_picked":["Dodge and Roll","Acrobatics"],"picked":"Cloak And Dagger","floor":8.0},{"not_picked":["Flying Knee+1","Deflect"],"picked":"Sucker Punch+1","floor":10.0},{"not_picked":["Deadly Poison","PiercingWail"],"picked":"Backflip","floor":11.0},{"not_picked":["Poisoned Stab+1","Flying Knee+1"],"picked":"Unload+1","floor":13.0},{"not_picked":["Outmaneuver","Sneak Up","Expertise"],"picked":"SKIP","floor":14.0},{"not_picked":["Glass Knife+1","Atom Bomb+1"],"picked":"Die Die Die+1","floor":16.0},{"not_picked":["Deflect","Acrobatics"],"picked":"ReplayTheSpireMod:Tripwire","floor":18.0},{"not_picked":["Hidden Blade","Sucker Punch+1"],"picked":"Flying Knee+1","floor":19.0},{"not_picked":["Deflect","Deadly Poison"],"picked":"Underhanded Strike+1","floor":21.0},{"not_picked":["Finisher+1","Setup"],"picked":"Accuracy","floor":23},{"not_picked":["Outmaneuver","Dodge and Roll","Backflip"],"picked":"SKIP","floor":25}],"player_experience":454071,"relics_obtained":[{"floor":6.0,"key":"Molten Egg 2"},{"floor":9.0,"key":"Letter Opener"},{"floor":25,"key":"Nunchaku"},{"floor":26,"key":"Replay:Mystery Machine"}],"event_choices":[{"damage_healed":0.0,"max_hp_gain":0.0,"max_hp_loss":0.0,"gold_gain":0.0,"event_name":"Big Fish","player_choice":"Box","floor":4.0,"gold_loss":0.0,"damage_taken":0.0,"relics_obtained":["Ninja Scroll"],"cards_obtained":["Regret"]},{"cards_removed":["Strike_G"],"damage_healed":0.0,"max_hp_gain":0.0,"max_hp_loss":0.0,"gold_gain":0.0,"event_name":"Purifier","player_choice":"Purged","floor":7.0,"gold_loss":0.0,"damage_taken":0.0},{"damage_healed":0.0,"max_hp_gain":0.0,"max_hp_loss":0.0,"gold_gain":0.0,"cards_transformed":["Strike_G"],"event_name":"Transmorgrifier","player_choice":"Transformed","floor":15.0,"gold_loss":0.0,"damage_taken":0.0,"cards_obtained":["Burst"]},{"damage_healed":0,"gold_gain":0,"player_choice":"Joined the Cult","damage_taken":6,"max_hp_gain":0,"max_hp_loss":0,"event_name":"Nest","floor":22,"gold_loss":0,"cards_obtained":["RitualDagger"]}],"is_beta":false,"boss_relics":[{"not_picked":["Replay:Drink Me","Replay:Wanted Poster"],"picked":"Philosopher\u0027s Stone"}],"items_purged_floors":[5],"is_endless":false,"potions_floor_spawned":[1,2,8,21],"ascension_level":16}}