{"host":"qlj7f7zro8kbedlv","time":1607503915,"event":{"gold_per_floor":[119,130,130,146,221,221,253,266,266,266,299,299,299,329,329,427,427,444,444,461,86,100,100,112,123,150,184,196,196,214,227,227,332,332,343,175,190,204,204,204],"floor_reached":39,"playtime":1711,"items_purged":["Strike_G","Backflip"],"score":415,"play_id":"c62e6194-78ad-4f7e-bd48-7ac22cb037f5","local_time":"20201209025155","is_ascension_mode":false,"campfire_choices":[{"data":"Bouncing Flask","floor":6,"key":"SMITH"},{"floor":10,"key":"REST"},{"floor":13,"key":"REST"},{"data":"Catalyst","floor":15,"key":"SMITH"},{"data":"Poison Darts","floor":23,"key":"SMITH"},{"floor":32,"key":"REST"}],"neow_cost":"NONE","seed_source_timestamp":235365041858800,"circlet_count":0,"master_deck":["Strike_G","Strike_G","Defend_G","Defend_G","Defend_G","Defend_G","Defend_G","Survivor","Neutralize+1","Poisoned Stab","Escape Plan","Bouncing Flask+1","Catalyst+1","Poison Darts+1","Dodge and Roll+1","Quick Slash+1","Dagger Spray+1","Bane","Dash","PiercingWail+1","ReplayTheSpireMod:Necrosis","Deadly Poison","Noxious Fumes","Dodge and Roll+1","PiercingWail+1"],"relics":["Ring of the Snake","NeowsBlessing","Bottled Lightning","Pantograph","Bronze Scales","Peace Pipe","HoveringKite","Honey Jar","Sundial","hubris:SlimyHat","Lee\u0027s Waffle","ReplayTheSpireMod:TigerMarble","Omamori","Kintsugi"],"potions_floor_usage":[8,27,27,38],"damage_taken":[{"damage":0,"enemies":"2 Louse","floor":1,"turns":1},{"damage":0,"enemies":"Cultist","floor":2,"turns":1},{"damage":0,"enemies":"Small Slimes","floor":4,"turns":1},{"damage":24,"enemies":"Gremlin Nob","floor":7,"turns":4},{"damage":16,"enemies":"Exordium Wildlife","floor":8,"turns":4},{"damage":0,"enemies":"Looter","floor":11,"turns":4},{"damage":10,"enemies":"Replay:BlueRogue","floor":14,"turns":5},{"damage":46,"enemies":"Slime Boss","floor":16,"turns":11},{"damage":20,"enemies":"Chosen","floor":18,"turns":5},{"damage":14,"enemies":"2 Thieves","floor":20,"turns":4},{"damage":13,"enemies":"Sentry and Sphere","floor":22,"turns":5},{"damage":5,"enemies":"Centurion and Healer","floor":24,"turns":7},{"damage":5,"enemies":"Snake Plant","floor":25,"turns":3},{"damage":16,"enemies":"Gremlin Leader","floor":27,"turns":4},{"damage":14,"enemies":"3 Cultists","floor":28,"turns":4},{"damage":0,"enemies":"Snecko","floor":30,"turns":3},{"damage":0,"enemies":"Centurion and Healer","floor":31,"turns":5},{"damage":24,"enemies":"hubris:MusketHawk","floor":33,"turns":6},{"damage":9,"enemies":"3 Shapes","floor":35,"turns":2},{"damage":34,"enemies":"3 Darklings","floor":37,"turns":6},{"damage":33,"enemies":"Writhing Mass","floor":38,"turns":6},{"damage":29,"enemies":"Jaw Worm Horde","floor":39,"turns":2}],"seed_played":"3048623208950959106","potions_obtained":[{"floor":7,"key":"Swift Potion"},{"floor":14,"key":"Regen Potion"},{"floor":16,"key":"LifebloodPotion"},{"floor":18,"key":"SkillPotion"},{"floor":22,"key":"LiquidBronze"},{"floor":24,"key":"DuplicationPotion"},{"floor":27,"key":"Toxic Potion"},{"floor":38,"key":"Elixir"}],"is_trial":false,"path_per_floor":["M","M","?","M","?","R","E","M","T","R","MIM","?","R","E","R","B",null,"M","AVR","M","$","M","R","M","M","T","E","M","?","M","M","R","B",null,"M","$","M","M","M"],"character_chosen":"THE_SILENT","items_purchased":["hubris:SlimyHat","Lee\u0027s Waffle","Noxious Fumes"],"campfire_rested":3,"item_purchase_floors":[21,21,36],"current_hp_per_floor":[70,70,70,70,59,59,35,19,19,40,40,40,61,51,51,24,70,50,50,36,77,64,64,59,54,54,38,24,24,24,24,47,52,77,68,68,38,20,0,0],"gold":204,"neow_bonus":"THREE_ENEMY_KILL","is_prod":false,"is_daily":false,"chose_seed":false,"campfire_upgraded":3,"win_rate":0,"timestamp":1607503915,"path_taken":["M","M","?","?","?","R","E","M","T","R","?","?","R","E","R","BOSS","M","AVR","M","$","M","R","M","M","T","E","M","?","?","M","R","BOSS","M","$","M","M","M"],"build_version":"2020-11-30","purchased_purges":2,"victory":false,"max_hp_per_floor":[70,70,70,70,70,70,70,70,70,70,70,70,70,70,70,70,70,70,70,70,77,77,77,77,77,77,77,77,77,77,77,77,77,77,77,77,77,77,77,77],"card_choices":[{"not_picked":["Hidden Blade","Terror"],"picked":"Poisoned Stab","floor":1},{"not_picked":["PiercingWail","Riddle With Holes"],"picked":"Escape Plan","floor":2},{"not_picked":["hubris:Sniper","Hidden Blade"],"picked":"Bouncing Flask","floor":4},{"not_picked":["Cloak And Dagger","Fluid Movement","Accuracy"],"picked":"SKIP","floor":7},{"not_picked":["PiercingWail","Reflex"],"picked":"Backflip","floor":8},{"not_picked":["Bane","conspire:PoisonWeapons"],"picked":"Catalyst","floor":14},{"not_picked":["Unload","Bullet Time"],"picked":"Poison Darts","floor":16},{"not_picked":["Blade Dance+1","Hidden Blade"],"picked":"Dodge and Roll+1","floor":18},{"not_picked":["Outmaneuver","Underhanded Strike+1","Prepared"],"picked":"Dodge and Roll","floor":20},{"not_picked":["hubris:SlightOfHand","Hidden Blade+1","Skewer"],"picked":"Quick Slash+1","floor":22},{"not_picked":["Atom Bomb","Caltrops","Outmaneuver"],"picked":"Dagger Spray+1","floor":24},{"not_picked":["All Out Attack+1","Expertise","Cloak And Dagger"],"picked":"Slice","floor":25},{"not_picked":["Outmaneuver","Quick Slash","conspire:DoublingDagger"],"picked":"Bane","floor":27},{"not_picked":["hubris:SlightOfHand","Accuracy","Outmaneuver"],"picked":"Dash","floor":28},{"not_picked":["Night Terror","Expertise+1","Flechettes+1"],"picked":"PiercingWail+1","floor":30},{"not_picked":["Sneak Up","Quick Slash","Dagger Spray"],"picked":"ReplayTheSpireMod:Scrap Shanks+1","floor":31},{"not_picked":["After Image","Doppelganger","Storm of Steel"],"picked":"ReplayTheSpireMod:Necrosis","floor":33},{"not_picked":["Prepared","ReplayTheSpireMod:Tripwire+1","Eviscerate"],"picked":"Deadly Poison","floor":35},{"not_picked":["Finisher+1","Reflex","Cloak And Dagger"],"picked":"Dodge and Roll+1","floor":37},{"not_picked":["Expertise+1","Sucker Punch","Eviscerate"],"picked":"PiercingWail+1","floor":38}],"player_experience":97609,"relics_obtained":[{"floor":7,"key":"Bottled Lightning"},{"floor":9,"key":"Pantograph"},{"floor":11,"key":"Bronze Scales"},{"floor":14,"key":"Peace Pipe"},{"floor":26,"key":"ReplayTheSpireMod:TigerMarble"},{"floor":27,"key":"Omamori"}],"event_choices":[{"damage_healed":0,"gold_gain":0,"player_choice":"Upgraded","damage_taken":0,"max_hp_gain":0,"max_hp_loss":0,"event_name":"Upgrade Shrine","floor":3,"gold_loss":0,"cards_upgraded":["Neutralize"]},{"damage_healed":0,"gold_gain":75,"player_choice":"Gather Gold","damage_taken":11,"max_hp_gain":0,"max_hp_loss":0,"event_name":"World of Goop","floor":5,"gold_loss":0},{"damage_healed":0,"gold_gain":0,"player_choice":"Ignored","damage_taken":0,"max_hp_gain":0,"max_hp_loss":0,"event_name":"Golden Wing","floor":12,"gold_loss":0},{"damage_healed":0,"gold_gain":0,"player_choice":"Ignored","damage_taken":0,"max_hp_gain":0,"max_hp_loss":0,"event_name":"betterNote:BetterNote","floor":29,"gold_loss":0,"cards_obtained":["Strike_R"]}],"is_beta":false,"boss_relics":[{"not_picked":["Velvet Choker","WristBlade"],"picked":"HoveringKite"},{"not_picked":["hubris:GrandSneckoEye","Runesmith:UraniumAnvil"],"picked":"Kintsugi"}],"items_purged_floors":[21,36],"is_endless":false,"potions_floor_spawned":[7,14,16,18,22,24,27,38],"killed_by":"Jaw Worm Horde","ascension_level":0}}