{"host":"lreod2rejfd0az5i","time":1607476992,"event":{"gold_per_floor":[117,135,135,135,47,47,47,78,78,78,78,78,89,122,122,198,198,217,267,71,71,51,76,89,100,100,100,118,118,118,131,131,209,209,129,129,2,52,52,52,0,0,0,0,19,19,30,55,55,55],"floor_reached":51,"playtime":1342,"items_purged":["Strike_P","Strike_P","Defend_P"],"score":1058,"play_id":"2d8d417c-f43f-48ad-a377-c95ada302234","local_time":"20201208182312","is_ascension_mode":true,"campfire_choices":[{"floor":6.0,"key":"REST"},{"data":"Ragnarok","floor":10.0,"key":"SMITH"},{"data":"Brilliance","floor":12.0,"key":"SMITH"},{"data":"Replay:Battleflow","floor":15.0,"key":"SMITH"},{"data":"Omniscience","floor":27.0,"key":"SMITH"},{"floor":32.0,"key":"REST"},{"data":"Scrawl","floor":40,"key":"SMITH"},{"data":"Prostrate","floor":44,"key":"SMITH"},{"data":"Protect","floor":46,"key":"SMITH"},{"data":"Protect","floor":49,"key":"SMITH"}],"neow_cost":"NONE","seed_source_timestamp":0,"circlet_count":0,"master_deck":["AscendersBane","Strike_P+1","Strike_P","Defend_P","Defend_P","Defend_P","Eruption+1","Omniscience+1","Protect+1","Consecrate+1","Brilliance+1","Ragnarok+1","Replay:Battleflow+1","Scrawl+1","Prostrate+1","LessonLearned","Meditate","hubris:Despair","Clumsy","Protect+1","ClearTheMind+1"],"special_seed":0,"relics":["PureWater","aspiration:HatOfInfinitePower","ReplayFunnel","Nunchaku","Orichalcum","hubris:ScarierMask","Strange Spoon","Bag of Marbles","Chameleon Ring","MutagenicStrength","Iron Hammer","Velvet Choker","Replay:Ancient Bell","Bag of Preparation","ReplayTheSpireMod:Ninjato","Du-Vu Doll","hubris:GlazedTorus","Red Mask","Dream Catcher","Snecko Heart","conspire:BottledYoYo","Replay:WaspNest"],"potions_floor_usage":[50,50,50,50],"damage_taken":[{"damage":16.0,"enemies":"Jaw Worm","floor":1.0,"turns":3.0},{"damage":18.0,"enemies":"3 Sentries","floor":8.0,"turns":6.0},{"damage":0.0,"enemies":"2 Louse","floor":13.0,"turns":1.0},{"damage":0.0,"enemies":"Gremlin Nob","floor":14.0,"turns":2.0},{"damage":7.0,"enemies":"Slime Boss","floor":16.0,"turns":6.0},{"damage":0.0,"enemies":"conspire:FuzzyDice","floor":18.0,"turns":1.0},{"damage":25.0,"enemies":"Slavers","floor":23.0,"turns":4.0},{"damage":0.0,"enemies":"Spheric Guardian","floor":24.0,"turns":1.0},{"damage":0.0,"enemies":"Centurion and Healer","floor":25.0,"turns":1.0},{"damage":0.0,"enemies":"Snecko","floor":28.0,"turns":1.0},{"damage":0.0,"enemies":"Snake Plant","floor":31.0,"turns":1.0},{"damage":33.0,"enemies":"Collector","floor":33.0,"turns":5.0},{"damage":0.0,"enemies":"3 Darklings","floor":35.0,"turns":2.0},{"damage":0.0,"enemies":"2 Orb Walkers","floor":38.0,"turns":1.0},{"damage":0,"enemies":"3 Shapes","floor":45,"turns":2},{"damage":0,"enemies":"Sphere and 2 Shapes","floor":47,"turns":1},{"damage":0,"enemies":"R_Hoarder","floor":48,"turns":2},{"damage":22,"enemies":"Replay:Hell Engine","floor":50,"turns":7}],"seed_played":"-1681212348164941949","potions_obtained":[{"floor":1.0,"key":"BlessingOfTheForge"},{"floor":8.0,"key":"LiquidBronze"},{"floor":13.0,"key":"EssenceOfSteel"},{"floor":24.0,"key":"ColorlessPotion"},{"floor":28.0,"key":"AttackPotion"},{"floor":33.0,"key":"EntropicBrew"},{"floor":45,"key":"Explosive Potion"}],"is_trial":false,"path_per_floor":["M","?","?","?","$","R","?","E","T","R","$","R","M","E","R","B",null,"M","?","$","?","?","E","M","M","T","R","M","?","AVR","M","R","B",null,"M","?","$","?","$","R","?","AVR","T","R","M","R","M","E","R","B",null],"character_chosen":"WATCHER","items_purchased":["Brilliance","Strange Spoon","Prostrate","ClearTheMind"],"campfire_rested":2,"item_purchase_floors":[5,20,20,37],"current_hp_per_floor":[45,18,18,18,18,38,60,42,42,42,42,42,42,42,42,35,60,60,60,60,60,60,35,35,35,35,35,35,35,35,35,55,22,57,57,57,57,57,57,57,57,57,57,57,57,57,57,57,57,35],"gold":55,"neow_bonus":"ONE_RANDOM_RARE_CARD","is_prod":false,"is_daily":false,"chose_seed":false,"campfire_upgraded":8,"win_rate":0,"timestamp":1607476992,"path_taken":["M","?","?","?","$","R","?","E","T","R","?","R","M","E","R","BOSS","M","?","$","?","?","E","M","M","T","R","?","?","AVR","M","R","BOSS","M","?","$","?","$","R","?","AVR","T","R","M","R","M","E","R","BOSS"],"build_version":"2020-11-30","purchased_purges":3,"victory":true,"max_hp_per_floor":[68,68,68,68,68,68,68,68,68,68,68,68,68,68,68,68,68,68,68,68,68,68,68,68,68,68,68,68,68,68,68,68,68,68,68,68,68,68,68,68,68,68,68,68,68,68,68,68,68,68],"relic_stats":{"Strange Spoon":[15],"Nunchaku":[8],"Dream Catcher":0,"counters":[18,47],"Bag of Preparation":[12],"Orichalcum":[42],"obtain_stats":[{"ReplayFunnel":8,"ReplayTheSpireMod:Ninjato":34,"Snecko Heart":42,"Velvet Choker":30,"Replay:WaspNest":48,"Replay:Ancient Bell":34,"Bag of Preparation":34,"Orichalcum":14,"Du-Vu Doll":34,"Strange Spoon":20,"Nunchaku":9,"Dream Catcher":42,"Chameleon Ring":26,"MutagenicStrength":29,"hubris:ScarierMask":17,"Iron Hammer":30,"Bag of Marbles":23,"Red Mask":41,"conspire:BottledYoYo":43,"PureWater":0,"aspiration:HatOfInfinitePower":2,"hubris:GlazedTorus":38},{"ReplayFunnel":2,"ReplayTheSpireMod:Ninjato":12,"Snecko Heart":14,"Velvet Choker":10,"Replay:WaspNest":17,"Replay:Ancient Bell":12,"Bag of Preparation":12,"Orichalcum":4,"Du-Vu Doll":12,"Strange Spoon":6,"Nunchaku":2,"Dream Catcher":14,"Chameleon Ring":9,"MutagenicStrength":10,"hubris:ScarierMask":5,"Iron Hammer":10,"Bag of Marbles":7,"Red Mask":14,"conspire:BottledYoYo":14,"PureWater":0,"aspiration:HatOfInfinitePower":1,"hubris:GlazedTorus":14},{"ReplayFunnel":9,"ReplayTheSpireMod:Ninjato":32,"Snecko Heart":35,"Velvet Choker":26,"Replay:WaspNest":40,"Replay:Ancient Bell":32,"Bag of Preparation":32,"Orichalcum":12,"Du-Vu Doll":32,"Strange Spoon":19,"Nunchaku":9,"Dream Catcher":35,"Chameleon Ring":25,"MutagenicStrength":26,"hubris:ScarierMask":18,"Iron Hammer":26,"Bag of Marbles":23,"Red Mask":35,"conspire:BottledYoYo":35,"PureWater":0,"aspiration:HatOfInfinitePower":3,"hubris:GlazedTorus":35}]},"card_choices":[{"not_picked":["EmptyMind","BowlingBash","Replay:Vibes"],"picked":"SKIP","floor":1.0},{"not_picked":["FlurryOfBlows","Consecrate"],"picked":"Protect","floor":2.0},{"not_picked":["Tantrum","ClearTheMind"],"picked":"Ragnarok","floor":8.0},{"not_picked":["CrushJoints","Crescendo","CutThroughFate"],"picked":"SKIP","floor":13.0},{"not_picked":["CrushJoints","BowlingBash"],"picked":"Replay:Battleflow","floor":14.0},{"not_picked":["MasterReality","Establishment"],"picked":"Scrawl","floor":16.0},{"not_picked":["LikeWater","CrushJoints","Replay:ManipulateFuture"],"picked":"SKIP","floor":18.0},{"not_picked":["CutThroughFate","SignatureMove","JustLucky"],"picked":"SKIP","floor":23.0},{"not_picked":["CutThroughFate","SignatureMove","JustLucky"],"picked":"SKIP","floor":23.0},{"not_picked":["Replay:BluntJabs+1","Vengeance"],"picked":"LessonLearned","floor":24.0},{"not_picked":["Replay:ManipulateFuture","CutThroughFate","SashWhip"],"picked":"SKIP","floor":25.0},{"not_picked":["Tantrum+1","BattleHymn"],"picked":"Meditate","floor":28.0},{"not_picked":["Replay:AtTheReady+1","FlyingSleeves+1","JustLucky"],"picked":"SKIP","floor":31.0},{"not_picked":["ReplayTheSpireMod:Restless Dread","Doubt"],"picked":"hubris:Despair","floor":34.0},{"not_picked":["ReplayTheSpireMod:Doomed","Amnesia"],"picked":"ReplayTheSpireMod:IOU","floor":34.0},{"not_picked":["Voices","Replay:Hysterical Blindness"],"picked":"Clumsy","floor":34.0},{"not_picked":["EmptyFist","FollowUp"],"picked":"Protect","floor":35.0},{"not_picked":["Replay:Vibes+1","Evaluate","Replay:Hum"],"picked":"SKIP","floor":45},{"not_picked":["FollowUp+1","Scrawl","Replay:AtTheReady"],"picked":"SKIP","floor":47},{"not_picked":["Meditate","CarveReality+1","WaveOfTheHand+1"],"picked":"SKIP","floor":48}],"player_experience":828228,"relics_obtained":[{"floor":2.0,"key":"aspiration:HatOfInfinitePower"},{"floor":8.0,"key":"ReplayFunnel"},{"floor":9.0,"key":"Nunchaku"},{"floor":14.0,"key":"Orichalcum"},{"floor":23.0,"key":"Bag of Marbles"},{"floor":26.0,"key":"Chameleon Ring"},{"floor":38.0,"key":"hubris:GlazedTorus"},{"floor":43,"key":"conspire:BottledYoYo"},{"floor":48,"key":"Replay:WaspNest"}],"event_choices":[{"damage_healed":22.0,"max_hp_gain":0.0,"max_hp_loss":0.0,"gold_gain":0.0,"event_name":"Big Fish","player_choice":"Banana","floor":7.0,"gold_loss":0.0,"damage_taken":0.0},{"damage_healed":0.0,"max_hp_gain":0.0,"max_hp_loss":0.0,"gold_gain":50.0,"event_name":"Nest","player_choice":"Stole From Cult","floor":19.0,"gold_loss":0.0,"damage_taken":0.0},{"damage_healed":0.0,"max_hp_gain":0.0,"max_hp_loss":0.0,"gold_gain":0.0,"event_name":"Vampires","player_choice":"Ignored","floor":21.0,"gold_loss":0.0,"damage_taken":0.0},{"damage_healed":0.0,"max_hp_gain":0.0,"max_hp_loss":0.0,"gold_gain":0.0,"event_name":"The Woman in Blue","player_choice":"Bought 1 Potion","floor":22.0,"gold_loss":0.0,"damage_taken":0.0},{"damage_healed":0.0,"max_hp_gain":0.0,"max_hp_loss":0.0,"gold_gain":0.0,"event_name":"Drug Dealer","player_choice":"Inject Mutagens","floor":29.0,"gold_loss":0.0,"damage_taken":0.0,"relics_obtained":["MutagenicStrength"]},{"damage_healed":0.0,"max_hp_gain":0.0,"max_hp_loss":0.0,"gold_gain":0.0,"event_name":"Mysterious Sphere","player_choice":"Fight","floor":38.0,"gold_loss":0.0,"damage_taken":0.0},{"damage_healed":0,"gold_gain":0,"player_choice":"Paid","damage_taken":0,"relics_obtained":["Red Mask"],"max_hp_gain":0,"max_hp_loss":0,"event_name":"Tomb of Lord Red Mask","floor":41,"gold_loss":52}],"is_beta":false,"boss_relics":[{"not_picked":["aspiration:IroncladSkillbook","hubris:RunicObelisk"],"picked":"hubris:ScarierMask"},{"not_picked":["Coffee Dripper","SlaversCollar"],"picked":"Replay:Ancient Bell"},{"not_picked":["PreservedInsect","Happy Flower"],"picked":"Bag of Preparation"},{"not_picked":["hubris:MobiusCoin","Ornamental Fan"],"picked":"ReplayTheSpireMod:Ninjato"},{"not_picked":["Lizard Tail","Ice Cream"],"picked":"Du-Vu Doll"}],"items_purged_floors":[30,37,42],"is_endless":false,"potions_floor_spawned":[1,8,13,24,28,33,45,47],"ascension_level":17}}