{"host":"l4zsyynf3knc4g5z","time":1607541985,"event":{"gold_per_floor":[116,116,41,216,216,245,245,260,286,286,316,68,89,37,37,160,160,184,184,198,198,223,223,163,163,163,163,38,38,59,83,83,208,208,221,221,237,370,393,393,393,393],"floor_reached":41,"playtime":1296,"items_purged":["dioMod:Regeneration","Doubt","Sickly"],"score":412,"play_id":"e2a4ec6f-20a8-4df2-b901-706a06784391","local_time":"20201209112625","is_ascension_mode":false,"campfire_choices":[{"floor":10.0,"key":"REST"},{"data":"dioMod:DaggerToss","floor":15.0,"key":"SMITH"},{"data":"dioMod:DoubleTime","floor":23.0,"key":"SMITH"},{"data":"dioMod:DoubleTime","floor":25.0,"key":"SMITH"},{"data":"dioMod:CautiousMuda","floor":29.0,"key":"SMITH"},{"data":"dioMod:PathToHeaven","floor":32.0,"key":"SMITH"},{"data":"dioMod:DisarmingVoice","floor":40,"key":"SMITH"}],"neow_cost":"NONE","seed_source_timestamp":1585453523849400,"circlet_count":0,"master_deck":["dioMod:Strike","dioMod:Strike","dioMod:Strike","Bite+1","dioMod:Defend","dioMod:Defend+1","dioMod:Defend","dioMod:Defend","dioMod:DisarmingVoice+1","dioMod:DaggerToss+1","dioMod:CautiousMuda+1","dioMod:DoubleTime+1","dioMod:GoldVial","dioMod:Muda","dioMod:DoubleTime+1","Necronomicurse","dioMod:DoubleTime+1","dioMod:PathToHeaven+1","dioMod:GoldVial","dioMod:DominatingPresence+1","dioMod:GoodbyeJojo","dioMod:DominatingPresence+1","dioMod:DoubleTime+1","dioMod:DisarmingVoice+1","dioMod:Hiss+1","dioMod:DisarmingVoice+1"],"special_seed":0,"relics":["dioMod:VampireBlood","hubris:Icosahedron","hubris:Reverence","Golden Idol","ReplayTheSpireMod:Lightbulb","Replay:Baseball","Necronomicon","Shuriken","BrokenLever"],"potions_floor_usage":[39,39,41],"damage_taken":[{"damage":2.0,"enemies":"Small Slimes","floor":1.0,"turns":5.0},{"damage":53.0,"enemies":"3 Sentries","floor":6.0,"turns":20.0},{"damage":0.0,"enemies":"2 Louse","floor":8.0,"turns":3.0},{"damage":1.0,"enemies":"Jaw Worm","floor":13.0,"turns":4.0},{"damage":18.0,"enemies":"Slime Boss","floor":16.0,"turns":9.0},{"damage":20.0,"enemies":"Shell Parasite","floor":18.0,"turns":7.0},{"damage":17.0,"enemies":"Spheric Guardian","floor":20.0,"turns":4.0},{"damage":23.0,"enemies":"Cultist and Chosen","floor":22.0,"turns":7.0},{"damage":13.0,"enemies":"Snake Plant","floor":30.0,"turns":4.0},{"damage":21.0,"enemies":"Sentry and Sphere","floor":31.0,"turns":5.0},{"damage":63.0,"enemies":"hubris:MusketHawk","floor":33.0,"turns":7.0},{"damage":35.0,"enemies":"3 Darklings","floor":35.0,"turns":7.0},{"damage":96.0,"enemies":"3 Shapes","floor":37.0,"turns":5.0},{"damage":22,"enemies":"Maw","floor":39,"turns":10},{"damage":137,"enemies":"Nemesis","floor":41,"turns":10}],"seed_played":"-2688981058173493504","potions_obtained":[{"floor":6.0,"key":"Milkshake"},{"floor":8.0,"key":"Reflective Coating"},{"floor":13.0,"key":"GamblersBrew"},{"floor":18.0,"key":"Flashbang"},{"floor":20.0,"key":"FearPotion"},{"floor":22.0,"key":"GamblersBrew"},{"floor":37.0,"key":"Fire Potion"},{"floor":39,"key":"EssenceOfSteel"}],"is_trial":false,"path_per_floor":["M","?","$","?","?","E","?","M","T","R","?","$","M","$","R","B",null,"M","?","M","?","M","R","?","R","T","?","$","R","M","M","R","B",null,"M","?","M","?","M","R","E"],"character_chosen":"THE_DEFAULT","items_purchased":["Replay:Baseball","dioMod:DoubleTime+1"],"campfire_rested":1,"item_purchase_floors":[12,14],"current_hp_per_floor":[75,75,75,75,60,34,16,28,28,50,50,50,58,58,58,64,75,75,75,61,45,68,68,68,68,68,68,68,68,69,67,67,28,75,75,75,34,34,63,63,0,0],"gold":393,"neow_bonus":"TRANSFORM_CARD","is_prod":false,"is_daily":false,"chose_seed":false,"campfire_upgraded":6,"win_rate":0.0,"timestamp":1607541985,"path_taken":["M","?","$","?","?","E","?","M","T","R","?","$","M","?","R","BOSS","M","?","M","?","M","R","?","R","T","?","$","R","M","M","R","BOSS","M","?","M","?","M","R","E"],"build_version":"2020-11-30","purchased_purges":3,"victory":false,"max_hp_per_floor":[75,75,75,75,75,75,75,75,75,75,75,75,75,75,75,75,75,75,75,75,75,75,75,75,75,75,75,75,75,75,75,75,75,75,75,75,75,75,75,75,75,75],"card_choices":[{"not_picked":["dioMod:SecretPlan","dioMod:SlashThroughTime"],"picked":"dioMod:DisarmingVoice","floor":1.0},{"not_picked":["dioMod:TripleThreat","dioMod:SadisticLaugh","dioMod:BloodSplash"],"picked":"SKIP","floor":6.0},{"not_picked":["dioMod:LaserVision","dioMod:CutDeep"],"picked":"dioMod:DaggerToss","floor":8.0},{"not_picked":["dioMod:SecretPlan","dioMod:BlendIn"],"picked":"dioMod:CautiousMuda","floor":13.0},{"not_picked":["dioMod:Despair","dioMod:Regeneration"],"picked":"dioMod:GoldVial","floor":16.0},{"not_picked":["dioMod:SadisticLaugh","dioMod:Hiss"],"picked":"dioMod:Muda","floor":18.0},{"not_picked":["dioMod:FlyAway","dioMod:BlendIn","dioMod:Roundabout"],"picked":"SKIP","floor":20.0},{"not_picked":["dioMod:Freeze","dioMod:HeavyLifting"],"picked":"dioMod:DoubleTime","floor":22.0},{"not_picked":["dioMod:TripleThreat","dioMod:WRYYY","dioMod:BloodShield"],"picked":"SKIP","floor":30.0},{"not_picked":["dioMod:CautiousMuda","dioMod:ComposedMuda+1"],"picked":"dioMod:PathToHeaven","floor":31.0},{"not_picked":["dioMod:PathToHeaven","dioMod:KonoDioDa"],"picked":"dioMod:GoldVial","floor":33.0},{"not_picked":["dioMod:Freeze","dioMod:BloodSuck+1"],"picked":"dioMod:DominatingPresence+1","floor":35.0},{"not_picked":["dioMod:CutDeep+1","dioMod:VengefulMuda+1"],"picked":"dioMod:DominatingPresence+1","floor":37.0},{"not_picked":["dioMod:BloodShield","dioMod:TripleThreat"],"picked":"dioMod:DoubleTime+1","floor":38.0},{"not_picked":["dioMod:BlendIn","dioMod:Hiss+1"],"picked":"dioMod:DisarmingVoice+1","floor":38.0},{"not_picked":["dioMod:FlyAway","dioMod:Diversion"],"picked":"dioMod:Hiss+1","floor":38.0},{"not_picked":["dioMod:SecretPlan+1","dioMod:DominatingPresence"],"picked":"dioMod:DisarmingVoice+1","floor":39}],"player_experience":86476,"relics_obtained":[{"floor":6.0,"key":"hubris:Reverence"},{"floor":9.0,"key":"ReplayTheSpireMod:Lightbulb"},{"floor":21.0,"key":"Necronomicon"},{"floor":26.0,"key":"Shuriken"}],"event_choices":[{"damage_healed":0.0,"max_hp_gain":0.0,"max_hp_loss":0.0,"gold_gain":175.0,"event_name":"Liars Game","player_choice":"AGREE","floor":4.0,"gold_loss":0.0,"damage_taken":0.0,"cards_obtained":["Doubt"]},{"damage_healed":0.0,"max_hp_gain":0.0,"max_hp_loss":0.0,"gold_gain":0.0,"event_name":"Shining Light","player_choice":"Entered Light","floor":5.0,"gold_loss":0.0,"damage_taken":15.0,"cards_upgraded":["dioMod:Defend","Bite"]},{"damage_healed":0.0,"max_hp_gain":0.0,"max_hp_loss":0.0,"gold_gain":0.0,"event_name":"Golden Idol","player_choice":"Take Damage","floor":7.0,"gold_loss":0.0,"damage_taken":18.0,"relics_obtained":["Golden Idol"]},{"damage_healed":0.0,"max_hp_gain":0.0,"max_hp_loss":0.0,"gold_gain":30.0,"event_name":"Dead Adventurer","player_choice":"Searched \u00271\u0027 times","floor":11.0,"gold_loss":0.0,"damage_taken":0.0},{"damage_healed":0.0,"max_hp_gain":0.0,"max_hp_loss":0.0,"gold_gain":0.0,"event_name":"The Library","player_choice":"Read","floor":19.0,"gold_loss":0.0,"damage_taken":0.0,"cards_obtained":["dioMod:DoubleTime"]},{"damage_healed":0.0,"max_hp_gain":0.0,"max_hp_loss":0.0,"gold_gain":0.0,"event_name":"Cursed Tome","player_choice":"Obtained Book","floor":21.0,"gold_loss":0.0,"damage_taken":16.0}],"is_beta":false,"boss_relics":[{"not_picked":["hubris:BlackHole","Replay:Ancient Bell","hubris:RunicObelisk"]},{"not_picked":["Replay:Wanted Poster","Snecko Eye","Runic Pyramid"]}],"items_purged_floors":[3,12,28],"is_endless":false,"potions_floor_spawned":[6,8,13,18,20,22,37,39],"killed_by":"Nemesis","ascension_level":0}}