{"host":"auv68s8i97pkmhwr","time":1607484919,"event":{"gold_per_floor":[116,291,291,216,91,124,124,27,27,40,66,85,102,127,127,224,224,235,235,254,264,281,309,324,349,400,400,431,445,462,482,482,582,582,597,615,165,217,267,296,322,357,380,380,400,400,400,428,428,428,428,428,103,131,131],"floor_reached":56,"playtime":2763,"items_purged":["Strike_B","Strike_B","Doubt","Defend_B"],"score":2930,"play_id":"64b2fc3a-1be1-4cb0-bdbc-d31c78ab49a8","local_time":"20201209113519","is_ascension_mode":true,"campfire_choices":[{"data":"Apotheosis","floor":7,"key":"SMITH"},{"data":"Genetic Algorithm","floor":15,"key":"SMITH"},{"floor":32,"key":"RECALL"},{"floor":47,"key":"REST"},{"floor":49,"key":"REST"},{"floor":52,"key":"REST"}],"neow_cost":"","seed_source_timestamp":342010629695900,"circlet_count":0,"master_deck":["AscendersBane","Defend_B","Defend_B","Defend_B","Dualcast","Streamline","Genetic Algorithm+1","Coolheaded","Apotheosis+1","Ball Lightning+1","Go for the Eyes","Self Repair+1","Capacitor+1","Glacier+1","Echo Form","Consume","Ball Lightning+1","Fission","Coolheaded","Hologram+1","Electrodynamics"],"special_seed":0,"relics":["Cracked Core","FossilizedHelix","Orrery","Vajra","Letter Opener","Thread and Needle","Torii","Runic Capacitor","Potion Belt","Ornamental Fan","Ice Cream","Cables","Darkstone Periapt","Fusion Hammer","Pen Nib","Oddly Smooth Stone","Happy Flower","Blood Vial","Empty Cage","TungstenRod","Du-Vu Doll","WingedGreaves","Anchor","Dead Branch","Ginger","Whetstone","Bottled Tornado","Bronze Scales","Boot"],"potions_floor_usage":[6,14,25,28,29,31,38,50,50,54,55,55,55,55],"damage_taken":[{"damage":0.0,"enemies":"Small Slimes","floor":1.0,"turns":3.0},{"damage":1,"enemies":"Gremlin Nob","floor":6,"turns":5},{"damage":0,"enemies":"2 Louse","floor":10,"turns":2},{"damage":0,"enemies":"Lagavulin","floor":11,"turns":6},{"damage":0,"enemies":"Cultist","floor":12,"turns":3},{"damage":0,"enemies":"Red Slaver","floor":13,"turns":3},{"damage":0,"enemies":"Gremlin Nob","floor":14,"turns":5},{"damage":0,"enemies":"The Guardian","floor":16,"turns":7},{"damage":0,"enemies":"Chosen","floor":18,"turns":4},{"damage":1,"enemies":"Shell Parasite","floor":20,"turns":4},{"damage":0,"enemies":"Snake Plant","floor":21,"turns":5},{"damage":0,"enemies":"Cultist and Chosen","floor":22,"turns":6},{"damage":0,"enemies":"Book of Stabbing","floor":23,"turns":6},{"damage":0,"enemies":"Chosen and Byrds","floor":24,"turns":4},{"damage":0,"enemies":"Gremlin Leader","floor":25,"turns":6},{"damage":0,"enemies":"Slavers","floor":28,"turns":6},{"damage":0,"enemies":"Shelled Parasite and Fungi","floor":29,"turns":3},{"damage":0,"enemies":"3 Cultists","floor":30,"turns":4},{"damage":0,"enemies":"Chosen and Byrds","floor":31,"turns":5},{"damage":0,"enemies":"Champ","floor":33,"turns":10},{"damage":0,"enemies":"Orb Walker","floor":35,"turns":4},{"damage":0,"enemies":"3 Darklings","floor":36,"turns":5},{"damage":26,"enemies":"2 Orb Walkers","floor":38,"turns":6},{"damage":0,"enemies":"Mind Bloom Boss Battle","floor":39,"turns":7},{"damage":0,"enemies":"Nemesis","floor":40,"turns":9},{"damage":0,"enemies":"Giant Head","floor":41,"turns":8},{"damage":0,"enemies":"Reptomancer","floor":42,"turns":7},{"damage":0,"enemies":"Maw","floor":45,"turns":5},{"damage":0,"enemies":"Giant Head","floor":48,"turns":6},{"damage":0,"enemies":"Donu and Deca","floor":50,"turns":9},{"damage":0,"enemies":"Shield and Spear","floor":54,"turns":5},{"damage":6,"enemies":"The Heart","floor":55,"turns":13}],"seed_played":"6240377091217041853","potions_obtained":[{"floor":1.0,"key":"Block Potion"},{"floor":6,"key":"BlessingOfTheForge"},{"floor":12,"key":"Energy Potion"},{"floor":24,"key":"ColorlessPotion"},{"floor":25,"key":"LiquidMemories"},{"floor":29,"key":"Dexterity Potion"},{"floor":30,"key":"FocusPotion"},{"floor":33,"key":"CultistPotion"},{"floor":36,"key":"BlessingOfTheForge"},{"floor":40,"key":"SneckoOil"},{"floor":42,"key":"Block Potion"},{"floor":45,"key":"Strength Potion"},{"floor":48,"key":"Energy Potion"}],"is_trial":false,"path_per_floor":["M","?","?","?","$","E","R","$","T","M","E","M","M","E","R","B",null,"M","?","M","M","M","E","M","E","T","?","E","M","M","M","R","B",null,"M","M","$","?","?","E","E","E","T","?","M","?","R","E","R","B",null,"R","$","E","B",null],"character_chosen":"DEFECT","items_purchased":["Streamline","Orrery","Vajra","Letter Opener","Coolheaded","Apotheosis","Runic Capacitor","Ball Lightning","Block Potion","Consume","Ball Lightning","TungstenRod","Bronze Scales","DistilledChaos","PowerPotion","Dexterity Potion"],"campfire_rested":3,"item_purchase_floors":[0,0,0,0,0,0,0,0,0,8,8,37,53,53,53,53],"current_hp_per_floor":[68,68,50,50,50,59,59,59,59,59,69,75,75,75,75,75,75,75,75,74,75,75,75,75,75,75,75,75,75,75,75,75,75,75,75,75,75,49,61,73,75,75,75,75,75,75,75,75,75,75,75,75,75,75,69],"gold":131,"neow_bonus":"","is_prod":false,"is_daily":false,"chose_seed":false,"campfire_upgraded":2,"win_rate":0,"timestamp":1607484919,"path_taken":["M","?","?","?","$","E","R","$","T","M","E","?","M","E","R","BOSS","M","?","M","M","M","E","M","E","T","?","E","M","M","M","R","BOSS","M","M","$","?","?","E","E","E","T","?","?","?","R","E","R","BOSS","R","$","E","BOSS"],"build_version":"2020-11-30","purchased_purges":4,"victory":true,"max_hp_per_floor":[75,75,75,75,75,75,75,75,75,75,75,75,75,75,75,75,75,75,75,75,75,75,75,75,75,75,75,75,75,75,75,75,75,75,75,75,75,75,75,75,75,75,75,75,75,75,75,75,75,75,75,75,75,75,75],"card_choices":[{"not_picked":["Cold Snap","Compile Driver"],"picked":"Genetic Algorithm","floor":0.0},{"not_picked":["Beam Cell","Lockon","Recycle"],"picked":"SKIP","floor":1.0},{"not_picked":["Rip and Tear+1","Genetic Algorithm+1"],"picked":"Self Repair+1","floor":4},{"not_picked":["Loop+1","Static Discharge+1"],"picked":"Capacitor+1","floor":4},{"not_picked":["Loop+1","Capacitor+1"],"picked":"Glacier+1","floor":4},{"not_picked":["Compile Driver","Sweeping Beam"],"picked":"Echo Form","floor":6},{"not_picked":["Stack","Ball Lightning","Hello World"],"picked":"SKIP","floor":10},{"not_picked":["Chaos","Steam","Hologram"],"picked":"SKIP","floor":11},{"not_picked":["Ball Lightning","Rebound","Force Field"],"picked":"SKIP","floor":12},{"not_picked":["Self Repair","Beam Cell","Aggregate"],"picked":"SKIP","floor":13},{"not_picked":["Echo Form","Streamline","BootSequence"],"picked":"SKIP","floor":14},{"not_picked":["Hyperbeam","Machine Learning"],"picked":"Fission","floor":16},{"not_picked":["Conserve Battery","Leap","FTL"],"picked":"SKIP","floor":18},{"not_picked":["Turbo","Go for the Eyes","Lockon"],"picked":"SKIP","floor":20},{"not_picked":["Rip and Tear","Stack","Recycle"],"picked":"SKIP","floor":21},{"not_picked":["FTL","Doom and Gloom+1"],"picked":"Coolheaded","floor":22},{"not_picked":["Reprogram","Conserve Battery","Steam Power+1"],"picked":"SKIP","floor":23},{"not_picked":["Sunder","Cold Snap","Ball Lightning+1"],"picked":"SKIP","floor":24},{"not_picked":["Meteor Strike","Chill","Leap+1"],"picked":"SKIP","floor":25},{"not_picked":["Steam Power","Steam","Ball Lightning"],"picked":"SKIP","floor":28},{"not_picked":["Tempest","Doom and Gloom","Steam"],"picked":"SKIP","floor":29},{"not_picked":["Steam Power","Hologram","Redo"],"picked":"SKIP","floor":30},{"not_picked":["Beam Cell+1","Coolheaded","Ball Lightning"],"picked":"SKIP","floor":31},{"not_picked":["Rebound+1","Blizzard+1"],"picked":"Hologram+1","floor":35},{"not_picked":["Consume+1","Melter+1","Gash"],"picked":"SKIP","floor":36},{"not_picked":["Hologram+1","Compile Driver+1","Stack+1"],"picked":"SKIP","floor":40},{"not_picked":["Sweeping Beam","Steam Power+1","Gash+1"],"picked":"SKIP","floor":41},{"not_picked":["Recycle+1","Sweeping Beam+1"],"picked":"Electrodynamics","floor":42},{"not_picked":["Static Discharge","Cold Snap","Hologram"],"picked":"SKIP","floor":45},{"not_picked":["Cold Snap","Force Field+1","Leap+1"],"picked":"SKIP","floor":48},{"not_picked":["Redo","Storm","Leap"],"picked":"SKIP","floor":54}],"player_experience":1212889,"relics_obtained":[{"floor":6,"key":"Ornamental Fan"},{"floor":9,"key":"Ice Cream"},{"floor":11,"key":"Cables"},{"floor":14,"key":"Darkstone Periapt"},{"floor":23,"key":"Oddly Smooth Stone"},{"floor":25,"key":"Happy Flower"},{"floor":28,"key":"Blood Vial"},{"floor":38,"key":"Du-Vu Doll"},{"floor":39,"key":"WingedGreaves"},{"floor":40,"key":"Anchor"},{"floor":41,"key":"Dead Branch"},{"floor":42,"key":"Ginger"},{"floor":43,"key":"Whetstone"},{"floor":48,"key":"Bottled Tornado"},{"floor":54,"key":"Boot"}],"event_choices":[{"damage_healed":0.0,"max_hp_gain":0.0,"max_hp_loss":0.0,"gold_gain":175.0,"event_name":"betterThird:BetterSerpent","player_choice":"AGREE","floor":2.0,"gold_loss":0.0,"damage_taken":116.0},{"damage_healed":0.0,"max_hp_gain":0.0,"max_hp_loss":0.0,"gold_gain":0.0,"event_name":"betterThird:BetterScrap","player_choice":"Relic ","floor":3.0,"gold_loss":0.0,"damage_taken":18.0,"cards_obtained":["Fasting2"]},{"damage_healed":0,"gold_gain":0,"player_choice":"3","damage_taken":0,"max_hp_gain":0,"max_hp_loss":0,"event_name":"betterMatch:BetterMatch","floor":4,"gold_loss":0,"cards_obtained":["betterMatch:UncommonCard"]},{"damage_healed":0,"gold_gain":0,"player_choice":"Gave Potion","damage_taken":0,"relics_obtained":["Pen Nib"],"max_hp_gain":0,"max_hp_loss":0,"event_name":"WeMeetAgain","floor":19,"gold_loss":0},{"damage_healed":0,"gold_gain":0,"player_choice":"Ignored","damage_taken":0,"max_hp_gain":0,"max_hp_loss":0,"event_name":"betterNote:BetterNote","floor":27,"gold_loss":0,"cards_obtained":["Ball Lightning"]},{"damage_healed":0,"gold_gain":0,"player_choice":"Fight","damage_taken":0,"max_hp_gain":0,"max_hp_loss":0,"event_name":"Mysterious Sphere","floor":38,"gold_loss":0},{"damage_healed":0,"gold_gain":0,"player_choice":"Fight","damage_taken":0,"max_hp_gain":0,"max_hp_loss":0,"event_name":"MindBloom","floor":39,"gold_loss":0},{"damage_healed":0,"gold_gain":0,"player_choice":"Bought 0 Potions","damage_taken":0,"max_hp_gain":0,"max_hp_loss":0,"event_name":"The Woman in Blue","floor":44,"gold_loss":0},{"cards_removed":["Zap"],"damage_healed":0,"gold_gain":0,"player_choice":"Removed Skill","damage_taken":0,"max_hp_gain":0,"max_hp_loss":0,"event_name":"Falling","floor":46,"gold_loss":0}],"is_beta":false,"boss_relics":[{"not_picked":["Astrolabe","Tiny House"],"picked":"Fusion Hammer"},{"not_picked":["Snecko Eye","Pandora\u0027s Box"],"picked":"Empty Cage"}],"items_purged_floors":[0,0,5,37],"is_endless":false,"potions_floor_spawned":[1,6,12,24,25,29,30,33,36,40,42,45,48],"ascension_level":10}}