{"host":"z9x5nldzhmx4jdfi","time":1607483212,"event":{"gold_per_floor":[109,109,259,184,109,140,152,152,201,230,250,250,250],"floor_reached":12,"playtime":496,"items_purged":["Doubt"],"score":206,"play_id":"3c4ea800-15be-426b-9541-ff2aa6bc8467","local_time":"20201208210652","is_ascension_mode":true,"campfire_choices":[],"neow_cost":"NONE","seed_source_timestamp":1057329737314800,"circlet_count":0,"master_deck":["AscendersBane","animator:Strike_Fate","animator:Defend_Fate","animator:Strike","animator:Strike","animator:Defend","animator:Defend","animator:Defend","animator:Alexander","animator:Rider","animator:Raven","animator:EmiyaShirou"],"relics":["animator:LivingPicture","animator:TheMissingPiece","NeowsBlessing","Regal Pillow","infinitespire:Lucky Rock"],"potions_floor_usage":[],"damage_taken":[{"damage":0,"enemies":"Small Slimes","floor":1,"turns":1},{"damage":0,"enemies":"Gremlin Nob","floor":6,"turns":1},{"damage":0,"enemies":"Jaw Worm","floor":7,"turns":1},{"damage":1,"enemies":"Cultist","floor":10,"turns":3},{"damage":19,"enemies":"Exordium Wildlife","floor":11,"turns":6},{"damage":39,"enemies":"3 Sentries","floor":12,"turns":11}],"seed_played":"5727356541966124269","potions_obtained":[{"floor":10,"key":"LiquidBronze"}],"is_trial":false,"path_per_floor":["M","?","?","$","?","E","M","?","T","M","M","E"],"character_chosen":"THE_ANIMATOR","items_purchased":[],"campfire_rested":0,"item_purchase_floors":[],"current_hp_per_floor":[54,59,59,59,59,59,59,59,59,58,39,0,0],"gold":250,"neow_bonus":"THREE_ENEMY_KILL","is_prod":false,"is_daily":false,"chose_seed":false,"campfire_upgraded":0,"win_rate":0,"timestamp":1607483212,"path_taken":["M","?","?","$","?","E","M","?","T","M","?","E"],"build_version":"2020-11-30","purchased_purges":1,"victory":false,"max_hp_per_floor":[60,65,65,65,65,65,65,65,65,65,65,65,65],"card_choices":[{"not_picked":["animator:UneriGinkaku","animator:MaesHughes","animator:Laby"],"picked":"SKIP","floor":1},{"not_picked":["animator:YuiTsuruno","animator:Verdia","animator:MamiTomoe"],"picked":"SKIP","floor":6},{"not_picked":["animator:SayakaMiki","animator:YachiyoNanami"],"picked":"animator:Raven","floor":7},{"not_picked":["animator:Lancer","animator:Archer"],"picked":"animator:EmiyaShirou","floor":10},{"not_picked":["animator:Mitsurugi","animator:YachiyoNanami","animator:Verdia"],"picked":"SKIP","floor":11}],"player_experience":1462439,"relics_obtained":[{"floor":6,"key":"Regal Pillow"},{"floor":9,"key":"infinitespire:Lucky Rock"}],"event_choices":[{"damage_healed":0,"gold_gain":0,"player_choice":"Donut","damage_taken":0,"max_hp_gain":5,"max_hp_loss":0,"event_name":"Big Fish","floor":2,"gold_loss":0},{"damage_healed":0,"gold_gain":150,"player_choice":"AGREE","damage_taken":109,"max_hp_gain":0,"max_hp_loss":0,"event_name":"betterThird:BetterSerpent","floor":3,"gold_loss":0},{"cards_removed":["animator:Strike"],"damage_healed":0,"gold_gain":0,"player_choice":"Card Removal","damage_taken":0,"max_hp_gain":0,"max_hp_loss":0,"event_name":"The Cleric","floor":5,"gold_loss":75},{"damage_healed":0,"gold_gain":0,"player_choice":"Ignored","damage_taken":0,"max_hp_gain":0,"max_hp_loss":0,"event_name":"betterNote:BetterNote","floor":8,"gold_loss":0,"cards_obtained":["animator:Kazuma"]}],"is_beta":false,"boss_relics":[],"items_purged_floors":[4],"is_endless":false,"potions_floor_spawned":[10],"killed_by":"3 Sentries","ascension_level":20}}