{"host":"dz1qwalix8eproj8","time":1607544001,"event":{"gold_per_floor":[99,73,73,73,4,4,4,4,4,4,4,4,4,4,4,4,4,4,4,4,4,4,4,4,4,4,4,4,4,4,4,4,4,4,4,4,4,4,4,4,4,4,4,4,4,4,4,4,4,4],"floor_reached":51,"playtime":4757,"items_purged":[],"score":990,"play_id":"cb0eb8a6-46d3-4914-b9bd-0bb7bff73f52","local_time":"20201209210001","is_ascension_mode":true,"campfire_choices":[{"data":"Fasting2","floor":7.0,"key":"SMITH"},{"data":"Tantrum","floor":15.0,"key":"SMITH"},{"floor":23.0,"key":"REST"},{"data":"BowlingBash","floor":27.0,"key":"SMITH"},{"data":"Wish","floor":29.0,"key":"SMITH"},{"floor":32.0,"key":"REST"},{"floor":41.0,"key":"REST"},{"floor":49,"key":"REST"}],"neow_cost":"NONE","seed_source_timestamp":18961939389800,"circlet_count":0,"master_deck":["Strike_P","Strike_P","Defend_P+1","Defend_P","Defend_P","Defend_P+1","Eruption","Vigilance+1","ThirdEye","Wallop","SashWhip+1","Fasting2+1","Perseverance","SandsOfTime","CutThroughFate","Tantrum+1","Wish+1","Protect","Sanctity","Dark Shackles","JustLucky","Halt+1","BowlingBash+1","FollowUp+1","FlyingSleeves+1","Consecrate","JustLucky","FlyingSleeves+1","Brilliance","FollowUp","CrushJoints+1","CrushJoints+1","Halt+1","DeceiveReality","Bandage Up+1","EmptyBody+1","ThirdEye+1"],"special_seed":0,"relics":["Ectoplasm","Centennial Puzzle","StrikeDummy","Vajra","CeramicFish","Tiny House","Mercury Hourglass","Potion Belt","Happy Flower","Matryoshka","Philosopher\u0027s Stone","War Paint","Blood Vial","Toxic Egg 2","Ancient Tea Set"],"potions_floor_usage":[42,42,45],"damage_taken":[{"damage":0.0,"enemies":"2 Louse","floor":1.0,"turns":2.0},{"damage":2.0,"enemies":"Jaw Worm","floor":3.0,"turns":5.0},{"damage":0.0,"enemies":"Cultist","floor":4.0,"turns":4.0},{"damage":9.0,"enemies":"3 Sentries","floor":6.0,"turns":5.0},{"damage":0.0,"enemies":"Gremlin Gang","floor":10.0,"turns":3.0},{"damage":4.0,"enemies":"Lagavulin","floor":11.0,"turns":6.0},{"damage":0.0,"enemies":"Gremlin Nob","floor":13.0,"turns":2.0},{"damage":2.0,"enemies":"Exordium Wildlife","floor":14.0,"turns":2.0},{"damage":4.0,"enemies":"Hexaghost","floor":16.0,"turns":5.0},{"damage":10.0,"enemies":"Spheric Guardian","floor":18.0,"turns":4.0},{"damage":18.0,"enemies":"3 Byrds","floor":20.0,"turns":5.0},{"damage":3.0,"enemies":"Snake Plant","floor":21.0,"turns":3.0},{"damage":4.0,"enemies":"Sentry and Sphere","floor":22.0,"turns":4.0},{"damage":2.0,"enemies":"Cultist and Chosen","floor":24.0,"turns":4.0},{"damage":10.0,"enemies":"Book of Stabbing","floor":25.0,"turns":6.0},{"damage":0.0,"enemies":"Slavers","floor":28.0,"turns":4.0},{"damage":22.0,"enemies":"Gremlin Leader","floor":30.0,"turns":4.0},{"damage":10.0,"enemies":"Snake Plant","floor":31.0,"turns":4.0},{"damage":0.0,"enemies":"Automaton","floor":33.0,"turns":5.0},{"damage":4.0,"enemies":"3 Darklings","floor":35.0,"turns":4.0},{"damage":1.0,"enemies":"Orb Walker","floor":36.0,"turns":3.0},{"damage":32.0,"enemies":"Maw","floor":37.0,"turns":5.0},{"damage":14.0,"enemies":"Sphere and 2 Shapes","floor":38.0,"turns":5.0},{"damage":16.0,"enemies":"Giant Head","floor":40.0,"turns":5.0},{"damage":24,"enemies":"Reptomancer","floor":42,"turns":3},{"damage":15,"enemies":"Writhing Mass","floor":45,"turns":6},{"damage":0,"enemies":"Jaw Worm Horde","floor":47,"turns":4},{"damage":7,"enemies":"Time Eater","floor":50,"turns":7}],"seed_played":"8000020775041585949","potions_obtained":[{"floor":4.0,"key":"DistilledChaos"},{"floor":6.0,"key":"AttackPotion"},{"floor":10.0,"key":"Fruit Juice"},{"floor":11.0,"key":"FearPotion"},{"floor":14.0,"key":"GamblersBrew"},{"floor":17.0,"key":"Swift Potion"},{"floor":24.0,"key":"SkillPotion"},{"floor":28.0,"key":"Ambrosia"},{"floor":30.0,"key":"EssenceOfSteel"},{"floor":31.0,"key":"DuplicationPotion"},{"floor":33.0,"key":"Fire Potion"},{"floor":37.0,"key":"LiquidMemories"},{"floor":40.0,"key":"Ambrosia"},{"floor":42,"key":"Weak Potion"}],"is_trial":false,"path_per_floor":["M","?","M","M","$","E","R","?","T","M","E","?","E","M","R","B",null,"M","?","M","M","M","R","M","E","T","R","E","R","E","M","R","B",null,"M","M","M","M","?","E","R","E","T","?","M","$","M","$","R","B",null],"character_chosen":"WATCHER","items_purchased":["Fasting2"],"campfire_rested":4,"item_purchase_floors":[5],"current_hp_per_floor":[72,72,70,70,70,61,61,54,54,54,50,36,36,34,34,30,82,72,60,42,39,35,59,57,47,47,47,47,47,25,15,39,39,82,78,77,45,31,31,15,39,15,15,15,8,8,16,16,40,41],"gold":4,"neow_bonus":"BOSS_RELIC","is_prod":false,"is_daily":false,"chose_seed":false,"campfire_upgraded":4,"win_rate":0,"timestamp":1607544001,"path_taken":["M","?","M","M","$","E","R","?","T","M","E","?","E","M","R","BOSS","M","?","?","?","M","R","M","E","T","R","E","R","E","?","R","BOSS","M","M","M","?","?","E","R","E","T","?","M","$","?","$","R","BOSS"],"build_version":"2020-11-30","purchased_purges":0,"victory":true,"max_hp_per_floor":[72,72,72,72,72,72,72,72,72,72,72,72,72,72,72,72,82,82,82,82,82,82,82,82,82,82,82,82,82,82,82,82,82,82,82,82,82,82,82,82,82,82,82,82,82,82,82,82,82,82],"relic_stats":{"Blood Vial":6,"Centennial Puzzle":[57],"Happy Flower":[18],"counters":[28,119],"CeramicFish":0,"Ectoplasm":1004,"War Paint":["Vigilance","Halt"],"obtain_stats":[{"Potion Belt":26,"Tiny House":17,"Happy Flower":28,"CeramicFish":13,"Vajra":11,"War Paint":40,"Ancient Tea Set":43,"Mercury Hourglass":25,"Blood Vial":42,"Centennial Puzzle":6,"Matryoshka":30,"Philosopher\u0027s Stone":34,"Ectoplasm":0,"PureWater":0,"Toxic Egg 2":43,"StrikeDummy":9},{"Potion Belt":15,"Tiny House":9,"Happy Flower":16,"CeramicFish":7,"Vajra":6,"War Paint":24,"Ancient Tea Set":25,"Mercury Hourglass":15,"Blood Vial":25,"Centennial Puzzle":4,"Matryoshka":17,"Philosopher\u0027s Stone":19,"Ectoplasm":0,"PureWater":0,"Toxic Egg 2":25,"StrikeDummy":4},{"Potion Belt":60,"Tiny House":34,"Happy Flower":64,"CeramicFish":27,"Vajra":25,"War Paint":99,"Ancient Tea Set":102,"Mercury Hourglass":60,"Blood Vial":102,"Centennial Puzzle":16,"Matryoshka":68,"Philosopher\u0027s Stone":77,"Ectoplasm":0,"PureWater":0,"Toxic Egg 2":102,"StrikeDummy":16}],"Mercury Hourglass":[210]},"card_choices":[{"not_picked":["PathToVictory","InnerPeace"],"picked":"ThirdEye","floor":1.0},{"not_picked":["SandsOfTime","ClearTheMind"],"picked":"Wallop","floor":3.0},{"not_picked":["Wireheading","FlyingSleeves"],"picked":"SashWhip","floor":4.0},{"not_picked":["Crescendo","SignatureMove"],"picked":"Perseverance","floor":6.0},{"not_picked":["Vengeance","Prostrate"],"picked":"SandsOfTime","floor":10.0},{"not_picked":["Prostrate","SandsOfTime","WreathOfFlame"],"picked":"SKIP","floor":11.0},{"not_picked":["Vengeance","SandsOfTime"],"picked":"CutThroughFate","floor":13.0},{"not_picked":["BowlingBash","EmptyFist"],"picked":"Tantrum","floor":14.0},{"not_picked":["SpiritShield","MasterReality"],"picked":"Wish","floor":16.0},{"not_picked":["Fasting2","SignatureMove"],"picked":"Protect","floor":17.0},{"not_picked":["Study","Evaluate"],"picked":"Sanctity","floor":18.0},{"not_picked":["Crescendo","Tantrum"],"picked":"JustLucky","floor":20.0},{"not_picked":["PathToVictory","CrushJoints"],"picked":"Halt","floor":21.0},{"not_picked":["Evaluate","Collect"],"picked":"BowlingBash","floor":22.0},{"not_picked":["ThirdEye","Study"],"picked":"FollowUp+1","floor":24.0},{"not_picked":["BowlingBash","Prostrate+1"],"picked":"FlyingSleeves+1","floor":25.0},{"not_picked":["ReachHeaven","Omniscience"],"picked":"Consecrate","floor":28.0},{"not_picked":["Crescendo+1","CrushJoints"],"picked":"JustLucky","floor":30.0},{"not_picked":["Omniscience","LikeWater"],"picked":"FlyingSleeves+1","floor":31.0},{"not_picked":["Devotion","MasterReality"],"picked":"Brilliance","floor":33.0},{"not_picked":["Worship","Crescendo+1"],"picked":"FollowUp","floor":35.0},{"not_picked":["FlyingSleeves+1","ForeignInfluence+1"],"picked":"CrushJoints+1","floor":36.0},{"not_picked":["FlyingSleeves","Consecrate+1"],"picked":"CrushJoints+1","floor":37.0},{"not_picked":["WreathOfFlame","Consecrate","PathToVictory+1"],"picked":"SKIP","floor":38.0},{"not_picked":["Adaptation+1","Protect"],"picked":"Halt+1","floor":40.0},{"not_picked":["Evaluate+1","Swivel"],"picked":"DeceiveReality","floor":42},{"not_picked":["Adaptation","Pray+1"],"picked":"EmptyBody+1","floor":45},{"not_picked":["WaveOfTheHand+1","EmptyBody+1"],"picked":"ThirdEye+1","floor":47}],"player_experience":532380,"relics_obtained":[{"floor":6.0,"key":"Centennial Puzzle"},{"floor":9.0,"key":"StrikeDummy"},{"floor":11.0,"key":"Vajra"},{"floor":13.0,"key":"CeramicFish"},{"floor":25.0,"key":"Mercury Hourglass"},{"floor":26.0,"key":"Potion Belt"},{"floor":28.0,"key":"Happy Flower"},{"floor":30.0,"key":"Matryoshka"},{"floor":40.0,"key":"War Paint"},{"floor":42,"key":"Blood Vial"},{"floor":43,"key":"Toxic Egg 2"},{"floor":43,"key":"Ancient Tea Set"}],"event_choices":[{"damage_healed":0.0,"max_hp_gain":0.0,"max_hp_loss":0.0,"gold_gain":0.0,"event_name":"World of Goop","player_choice":"Left Gold","floor":2.0,"gold_loss":26.0,"damage_taken":0.0},{"cards_removed":["Strike_P"],"damage_healed":0.0,"max_hp_gain":0.0,"max_hp_loss":0.0,"gold_gain":0.0,"event_name":"Golden Wing","player_choice":"Card Removal","floor":8.0,"gold_loss":0.0,"damage_taken":7.0},{"damage_healed":0.0,"max_hp_gain":0.0,"max_hp_loss":0.0,"gold_gain":0.0,"event_name":"Shining Light","player_choice":"Entered Light","floor":12.0,"gold_loss":0.0,"damage_taken":14.0,"cards_upgraded":["Defend_P","Defend_P"]},{"damage_healed":0.0,"max_hp_gain":0.0,"max_hp_loss":0.0,"gold_gain":0.0,"event_name":"Knowing Skull","player_choice":"CARD ","floor":19.0,"potions_obtained":[],"gold_loss":0.0,"damage_taken":12.0,"cards_obtained":["Dark Shackles"]},{"damage_healed":0.0,"max_hp_gain":0.0,"max_hp_loss":0.0,"gold_gain":0.0,"event_name":"Knowing Skull","player_choice":"CARD ","floor":19.0,"potions_obtained":[],"gold_loss":0.0,"damage_taken":12.0,"cards_obtained":["Dark Shackles"]},{"cards_removed":["Strike_P"],"damage_healed":0.0,"max_hp_gain":0.0,"max_hp_loss":0.0,"gold_gain":0.0,"event_name":"Falling","player_choice":"Removed Attack","floor":39.0,"gold_loss":0.0,"damage_taken":0.0},{"damage_healed":0,"gold_gain":0,"player_choice":"1 cards matched","damage_taken":0,"max_hp_gain":0,"max_hp_loss":0,"event_name":"Match and Keep!","floor":44,"gold_loss":0,"cards_obtained":["Bandage Up"]}],"is_beta":false,"boss_relics":[{"not_picked":["Coffee Dripper","SlaversCollar"],"picked":"Tiny House"},{"not_picked":["Snecko Eye","Calling Bell"],"picked":"Philosopher\u0027s Stone"}],"items_purged_floors":[],"is_endless":false,"potions_floor_spawned":[4,6,10,11,14,18,24,28,30,31,33,37,40,42],"ascension_level":3}}