{"host":"9rxgn077cyjlend4","time":1607512705,"event":{"gold_per_floor":[109,109,121,121,35,47,47,47,70,89,120,9,9,9,9,42,42,42,42],"floor_reached":18,"playtime":1386,"items_purged":[],"score":207,"play_id":"42f4ec6d-6fb4-47bc-b8f9-130768a320b5","local_time":"20201209111825","is_ascension_mode":true,"campfire_choices":[{"data":"Headbutt","floor":7,"key":"SMITH"},{"data":"Bash","floor":15,"key":"SMITH"},{"floor":17,"key":"DIG"}],"neow_cost":"NONE","seed_source_timestamp":2284184782600,"circlet_count":0,"master_deck":["AscendersBane","Strike_R","Strike_R","Strike_R","Strike_R","Strike_R","Defend_R","Defend_R","Defend_R","Bash+1","ReplayTheSpireMod:Stacked","True Grit","True Grit","Headbutt+1","ReplayTheSpireMod:Corrosion Curse","Spot Weakness","Pummel","Whirlwind"],"relics":["Burning Blood","Ornamental Fan","Orichalcum","PreservedInsect","Pantograph","StrikeDummy"],"potions_floor_usage":[6,10,11],"damage_taken":[{"damage":1,"enemies":"2 Louse","floor":1,"turns":4},{"damage":7,"enemies":"Cultist","floor":3,"turns":4},{"damage":7,"enemies":"Jaw Worm","floor":6,"turns":6},{"damage":8,"enemies":"Looter","floor":10,"turns":3},{"damage":12,"enemies":"Gremlin Nob","floor":11,"turns":5},{"damage":22,"enemies":"Lagavulin","floor":16,"turns":6},{"damage":81,"enemies":"Hexaghost","floor":18,"turns":10}],"seed_played":"-7840658535173609950","potions_obtained":[{"floor":3,"key":"Block Potion"},{"floor":10,"key":"Weak Potion"},{"floor":16,"key":"SneckoOil"}],"is_trial":false,"path_per_floor":["M","?","M","$","$","M","R","?","T","M","E","$","PTL","PTL","R","E","R","B"],"character_chosen":"IRONCLAD","items_purchased":["True Grit","FearPotion","Spot Weakness","Pummel"],"campfire_rested":0,"item_purchase_floors":[5,5,12,12],"current_hp_per_floor":[80,80,79,79,79,78,78,78,78,76,70,70,70,70,70,54,54,0,0],"gold":42,"neow_bonus":"TEN_PERCENT_HP_BONUS","is_prod":false,"is_daily":false,"chose_seed":false,"campfire_upgraded":2,"win_rate":0,"timestamp":1607512705,"path_taken":["M","?","M","?","$","?","R","?","T","M","E","$","PTL","PTL","R","E","R","BOSS"],"build_version":"2020-11-30","purchased_purges":0,"victory":false,"max_hp_per_floor":[82,82,82,82,82,82,82,82,82,82,82,82,82,82,82,82,82,82,82],"card_choices":[{"not_picked":["Clash","True Grit"],"picked":"Wild Strike","floor":1},{"not_picked":["Defy Death","Replay:Undeath\u0027s Touch"],"picked":"ReplayTheSpireMod:Stacked","floor":3},{"not_picked":["Shrug It Off","Havoc"],"picked":"Headbutt","floor":6},{"not_picked":["Reckless Charge","Entrench","Thunderclap"],"picked":"SKIP","floor":10},{"not_picked":["Anger","Double Tap"],"picked":"ReplayTheSpireMod:Corrosion Curse","floor":11},{"not_picked":["ReplayTheSpireMod:Limb From Limb","ReplayTheSpireMod:Muscle Training"],"picked":"Whirlwind","floor":16}],"player_experience":657520,"relics_obtained":[{"floor":9,"key":"Orichalcum"},{"floor":11,"key":"PreservedInsect"},{"floor":16,"key":"Pantograph"},{"floor":17,"key":"StrikeDummy"}],"event_choices":[{"cards_removed":["Wild Strike"],"damage_healed":0,"gold_gain":0,"player_choice":"Gave Card","damage_taken":0,"relics_obtained":["Ornamental Fan"],"max_hp_gain":0,"max_hp_loss":0,"event_name":"WeMeetAgain","floor":2,"gold_loss":0},{"cards_removed":["Defend_R"],"damage_healed":0,"gold_gain":0,"player_choice":"Offered Basic","damage_taken":0,"max_hp_gain":0,"max_hp_loss":0,"event_name":"Bonfire Elementals","floor":8,"gold_loss":0}],"is_beta":false,"boss_relics":[],"items_purged_floors":[],"is_endless":false,"potions_floor_spawned":[3,10,16],"killed_by":"Hexaghost","ascension_level":15}}