{"host":"nptej036rrbiurf5","time":1607482151,"event":{"gold_per_floor":[113,163,180,195,295,295,308,308,333,359,359,376,396,412,412,412,412],"floor_reached":16,"playtime":372,"items_purged":[],"score":198,"play_id":"68df919d-7b82-43fc-953a-47e6b5c5af73","local_time":"20201209114911","is_ascension_mode":true,"campfire_choices":[{"data":"Static Discharge","floor":6,"key":"SMITH"},{"data":"Zap","floor":8,"key":"SMITH"},{"floor":11,"key":"REST"},{"data":"Barrage","floor":15,"key":"SMITH"}],"neow_cost":"TEN_PERCENT_HP_LOSS","seed_source_timestamp":1204106641728100,"circlet_count":0,"master_deck":["AscendersBane","Strike_B","Strike_B","Strike_B","Strike_B","Defend_B","Defend_B","Defend_B","Defend_B","Zap+1","Dualcast","Genetic Algorithm","Ball Lightning","Static Discharge+1","Turbo","Undo","Barrage+1"],"special_seed":0,"relics":["Cracked Core","Thread and Needle","Smiling Mask","Blood Vial"],"potions_floor_usage":[],"damage_taken":[{"damage":8.0,"enemies":"Jaw Worm","floor":1.0,"turns":3.0},{"damage":0,"enemies":"Cultist","floor":3,"turns":4},{"damage":0,"enemies":"2 Louse","floor":4,"turns":3},{"damage":7,"enemies":"Exordium Thugs","floor":7,"turns":5},{"damage":37,"enemies":"3 Sentries","floor":10,"turns":6},{"damage":4,"enemies":"Looter","floor":12,"turns":3},{"damage":9,"enemies":"Blue Slaver","floor":13,"turns":4},{"damage":0,"enemies":"2 Fungi Beasts","floor":14,"turns":3},{"damage":21,"enemies":"Hexaghost","floor":16,"turns":9}],"seed_played":"-6962604958664720077","potions_obtained":[{"floor":1.0,"key":"Energy Potion"},{"floor":4,"key":"SpeedPotion"},{"floor":10,"key":"DuplicationPotion"}],"is_trial":false,"path_per_floor":["M","?","M","M","?","R","M","R","T","E","R","M","M","M","R","B"],"character_chosen":"DEFECT","items_purchased":[],"campfire_rested":1,"item_purchase_floors":[],"current_hp_per_floor":[56,50,50,50,50,50,43,43,43,6,25,23,16,18,18,0,0],"gold":412,"neow_bonus":"ONE_RARE_RELIC","is_prod":false,"is_daily":false,"chose_seed":false,"campfire_upgraded":3,"win_rate":0,"timestamp":1607482151,"path_taken":["M","?","M","?","?","R","M","R","T","E","R","?","M","M","R","BOSS"],"build_version":"2020-11-30","purchased_purges":0,"victory":false,"max_hp_per_floor":[64,64,64,64,64,64,64,64,64,64,64,64,64,64,64,64,64],"card_choices":[{"not_picked":["Gash","Skim"],"picked":"Genetic Algorithm","floor":1.0},{"not_picked":["Stack","Cold Snap"],"picked":"Ball Lightning","floor":3},{"not_picked":["Sweeping Beam","Streamline"],"picked":"Static Discharge","floor":4},{"not_picked":["Stack","Streamline","Steam Power"],"picked":"SKIP","floor":7},{"not_picked":["Multi-Cast","Recycle"],"picked":"Turbo","floor":10},{"not_picked":["Gash","Go for the Eyes"],"picked":"Undo","floor":12},{"not_picked":["Redo","Stack","Force Field"],"picked":"SKIP","floor":13},{"not_picked":["Chaos","Chill"],"picked":"Barrage","floor":14}],"player_experience":805685,"relics_obtained":[{"floor":9,"key":"Smiling Mask"},{"floor":10,"key":"Blood Vial"}],"event_choices":[{"damage_healed":0,"gold_gain":50,"player_choice":"Touch","damage_taken":6,"max_hp_gain":0,"max_hp_loss":0,"event_name":"FaceTrader","floor":2,"gold_loss":0},{"damage_healed":0,"gold_gain":100,"player_choice":"Gold","damage_taken":0,"max_hp_gain":0,"max_hp_loss":0,"event_name":"Wheel of Change","floor":5,"gold_loss":0}],"is_beta":false,"boss_relics":[],"items_purged_floors":[],"is_endless":false,"potions_floor_spawned":[1,4,10,14],"killed_by":"Hexaghost","ascension_level":18}}