{"host":"z9x5nldzhmx4jdfi","time":1607490030,"event":{"gold_per_floor":[127,202,172,183,194,210,253,253,280,280,430,430,227,227,227,302,302,313,264,283,41,41,41],"floor_reached":22,"playtime":1444,"items_purged":["animator:Defend","Doubt"],"score":368,"play_id":"38d95067-1636-4100-a0f4-9d5074969ae7","local_time":"20201208230030","is_ascension_mode":true,"campfire_choices":[{"data":"animator:SakuraMatou","floor":8.0,"key":"SMITH"},{"data":"animator:Caster","floor":10.0,"key":"SMITH"},{"data":"animator:Caster","floor":12.0,"key":"SMITH"},{"data":"animator:Zero","floor":15.0,"key":"SMITH"}],"neow_cost":"","seed_source_timestamp":1062887345998900,"circlet_count":0,"master_deck":["AscendersBane","animator:Strike_Fate","animator:Defend_Fate","animator:Strike","animator:Strike","animator:Strike","animator:Defend","animator:Defend","animator:Alexander","animator:Rider","animator:Caster+1","animator:Assassin","animator:Caster+1","animator:RinTohsaka","animator:SakuraMatou+1","animator:Zero+1","animator:Saber","animator:SakuraMatou","animator:EmiyaShirou","animator:EmiyaShirou"],"special_seed":0,"relics":["animator:LivingPicture","animator:TheMissingPiece","Orichalcum","Akabeko","animator:AlchemistGlove","animator:HolyGrailRelic","DollysMirror"],"potions_floor_usage":[],"damage_taken":[{"damage":3.0,"enemies":"2 Louse","floor":1.0,"turns":3.0},{"damage":0.0,"enemies":"Cultist","floor":4.0,"turns":3.0},{"damage":2.0,"enemies":"Jaw Worm","floor":5.0,"turns":4.0},{"damage":13.0,"enemies":"Large Slime","floor":6.0,"turns":5.0},{"damage":16.0,"enemies":"3 Sentries","floor":7.0,"turns":6.0},{"damage":3.0,"enemies":"Hexaghost","floor":16.0,"turns":8.0},{"damage":5.0,"enemies":"Spheric Guardian","floor":18.0,"turns":3.0},{"damage":14.0,"enemies":"3 Byrds","floor":19.0,"turns":7.0},{"damage":20.0,"enemies":"Snake Plant","floor":20.0,"turns":5.0},{"damage":24,"enemies":"Snecko","floor":22,"turns":5}],"seed_played":"-3920829203209635019","potions_obtained":[{"floor":3.0,"key":"DuplicationPotion"},{"floor":3.0,"key":"animator:GrowthPotion"},{"floor":4.0,"key":"infinitespire:BlackPotion"},{"floor":20.0,"key":"Strength Potion"}],"is_trial":false,"path_per_floor":["M","?","?","M","M","M","E","R","T","R","?","R","$","?","R","B",null,"M","M","M","$","M"],"character_chosen":"THE_ANIMATOR","items_purchased":["animator:Caster","animator:Zero","animator:EmiyaShirou","DollysMirror"],"campfire_rested":0,"item_purchase_floors":[0,13,21,21],"current_hp_per_floor":[51,40,40,40,38,26,10,10,10,10,10,10,10,5,5,3,55,52,40,20,20,0,0],"gold":41,"neow_bonus":"","is_prod":false,"is_daily":false,"chose_seed":false,"campfire_upgraded":4,"win_rate":0,"timestamp":1607490030,"path_taken":["M","?","?","?","M","M","E","R","T","R","?","R","$","?","R","BOSS","M","M","M","$","M"],"build_version":"2020-11-30","purchased_purges":2,"victory":false,"max_hp_per_floor":[60,60,60,60,60,61,61,61,61,61,61,61,61,61,61,62,70,72,74,71,71,68,68],"card_choices":[{"not_picked":["animator:CowGirl","animator:Genos"],"picked":"animator:Assassin","floor":1.0},{"not_picked":["animator:Layla","animator:Spearman","animator:Evileye"],"picked":"SKIP","floor":4.0},{"not_picked":["animator:Viivi","animator:Bozes"],"picked":"animator:Caster","floor":5.0},{"not_picked":["animator:ShinjiMatou","animator:Lancer"],"picked":"animator:RinTohsaka","floor":6.0},{"not_picked":["animator:Father","animator:Tatsumaki"],"picked":"animator:SakuraMatou","floor":7.0},{"not_picked":["animator:Albedo","animator:Boros"],"picked":"animator:Saber","floor":16.0},{"not_picked":["animator:Fredrika","animator:LizardPriest","animator:Viivi"],"picked":"SKIP","floor":18.0},{"not_picked":["animator:ElricEdward","animator:Layla","animator:Scar"],"picked":"SKIP","floor":19.0},{"not_picked":["animator:Assassin","animator:Berserker"],"picked":"animator:SakuraMatou","floor":20.0}],"player_experience":1467334,"relics_obtained":[{"floor":7.0,"key":"Orichalcum"},{"floor":9.0,"key":"Akabeko"}],"event_choices":[{"damage_healed":0.0,"max_hp_gain":0.0,"max_hp_loss":0.0,"gold_gain":75.0,"event_name":"betterThird:BetterGoop","player_choice":"Gold","floor":2.0,"gold_loss":0.0,"damage_taken":11.0},{"damage_healed":0.0,"max_hp_gain":0.0,"max_hp_loss":0.0,"gold_gain":0.0,"event_name":"The Woman in Blue","player_choice":"Bought 2 Potions","floor":3.0,"gold_loss":0.0,"damage_taken":0.0},{"damage_healed":0.0,"max_hp_gain":0.0,"max_hp_loss":0.0,"gold_gain":150.0,"event_name":"betterThird:BetterSerpent","player_choice":"AGREE","floor":11.0,"gold_loss":0.0,"damage_taken":280.0},{"damage_healed":0.0,"max_hp_gain":0.0,"max_hp_loss":0.0,"gold_gain":0.0,"event_name":"betterThird:BetterScrap","player_choice":"Relic ","floor":14.0,"gold_loss":0.0,"damage_taken":5.0,"cards_obtained":["Catalyst"]}],"is_beta":false,"boss_relics":[{"not_picked":["Ectoplasm","Philosopher\u0027s Stone"],"picked":"animator:HolyGrailRelic"}],"items_purged_floors":[0,13],"is_endless":false,"potions_floor_spawned":[4,20],"killed_by":"Snecko","ascension_level":20}}