{"host":"e0kes70z4atl8xdk","time":1607483364,"event":{"gold_per_floor":[110,124,138,157,167,167,192,20,44,44,57,67,77,103,103,201,201,215,215,226,18,18,44,44,79,132,132,159,159,172,206,206,303,303,320,370,419,432,432,458,458,471,471,502,513,8,8,8,8,8],"floor_reached":51,"playtime":5812,"items_purged":["Strike_R","Strike_R"],"score":1004,"play_id":"4f161f42-bd3d-40c1-b30a-76acb74b54df","local_time":"20201209040923","is_ascension_mode":true,"campfire_choices":[{"data":"Carnage","floor":6.0,"key":"SMITH"},{"data":"Reaper","floor":10.0,"key":"SMITH"},{"data":"Uppercut","floor":15.0,"key":"SMITH"},{"data":"Immolate","floor":24.0,"key":"SMITH"},{"data":"Twin Strike","floor":27.0,"key":"SMITH"},{"data":"Feed","floor":29.0,"key":"SMITH"},{"data":"Double Tap","floor":32.0,"key":"SMITH"},{"data":"Bash","floor":41.0,"key":"SMITH"},{"floor":47,"key":"REST"},{"floor":49,"key":"REST"}],"neow_cost":"NONE","seed_source_timestamp":190876826067,"circlet_count":0,"master_deck":["Strike_R","Strike_R","Strike_R","Defend_R","Defend_R","Defend_R","Defend_R+1","Bash+1","Twin Strike","Battle Trance","Twin Strike+1","Carnage+1","Reaper+1","Swift Strike","Seeing Red","Uppercut+1","Immolate+1","Disarm+1","Corruption","Shrug It Off","Feed+1","Dual Wield+1","Double Tap+1","True Grit+1","Shrug It Off+1","Flame Barrier"],"special_seed":0,"relics":["Burning Blood","Gremlin Horn","Omamori","Happy Flower","Snecko Eye","Lee\u0027s Waffle","PreservedInsect","Self Forming Clay","War Paint","Ancient Tea Set","Dream Catcher","SlaversCollar","Pocketwatch","Unceasing Top","TungstenRod","Mummified Hand","Strawberry","Ginger"],"potions_floor_usage":[45,45,50],"damage_taken":[{"damage":6.0,"enemies":"Cultist","floor":1.0,"turns":4.0},{"damage":6.0,"enemies":"Small Slimes","floor":2.0,"turns":4.0},{"damage":3.0,"enemies":"2 Louse","floor":3.0,"turns":2.0},{"damage":2.0,"enemies":"2 Fungi Beasts","floor":4.0,"turns":3.0},{"damage":6.0,"enemies":"Blue Slaver","floor":5.0,"turns":3.0},{"damage":27.0,"enemies":"3 Sentries","floor":7.0,"turns":7.0},{"damage":0.0,"enemies":"3 Louse","floor":11.0,"turns":2.0},{"damage":0.0,"enemies":"Exordium Wildlife","floor":12.0,"turns":5.0},{"damage":0.0,"enemies":"2 Fungi Beasts","floor":13.0,"turns":3.0},{"damage":16.0,"enemies":"Gremlin Nob","floor":14.0,"turns":3.0},{"damage":35.0,"enemies":"Slime Boss","floor":16.0,"turns":9.0},{"damage":3.0,"enemies":"Chosen","floor":18.0,"turns":2.0},{"damage":31.0,"enemies":"2 Thieves","floor":20.0,"turns":4.0},{"damage":35.0,"enemies":"Slavers","floor":23.0,"turns":4.0},{"damage":0.0,"enemies":"Gremlin Leader","floor":25.0,"turns":4.0},{"damage":0.0,"enemies":"Slavers","floor":28.0,"turns":2.0},{"damage":0.0,"enemies":"Centurion and Healer","floor":30.0,"turns":2.0},{"damage":13.0,"enemies":"Gremlin Leader","floor":31.0,"turns":5.0},{"damage":68.0,"enemies":"Collector","floor":33.0,"turns":8.0},{"damage":8.0,"enemies":"3 Shapes","floor":35.0,"turns":1.0},{"damage":28.0,"enemies":"Mind Bloom Boss Battle","floor":36.0,"turns":7.0},{"damage":24.0,"enemies":"2 Orb Walkers","floor":37.0,"turns":4.0},{"damage":26.0,"enemies":"3 Darklings","floor":38.0,"turns":4.0},{"damage":2.0,"enemies":"Nemesis","floor":40.0,"turns":5.0},{"damage":4.0,"enemies":"Spire Growth","floor":42.0,"turns":3.0},{"damage":4,"enemies":"Giant Head","floor":44,"turns":6},{"damage":15,"enemies":"4 Shapes","floor":45,"turns":3},{"damage":59,"enemies":"Time Eater","floor":50,"turns":10}],"seed_played":"8434876724336509134","potions_obtained":[{"floor":1.0,"key":"Dexterity Potion"},{"floor":5.0,"key":"Weak Potion"},{"floor":7.0,"key":"ColorlessPotion"},{"floor":14.0,"key":"AttackPotion"},{"floor":18.0,"key":"Strength Potion"},{"floor":23.0,"key":"Energy Potion"},{"floor":28.0,"key":"ColorlessPotion"},{"floor":35.0,"key":"Energy Potion"},{"floor":38.0,"key":"Weak Potion"},{"floor":42.0,"key":"Explosive Potion"},{"floor":45,"key":"CultistPotion"}],"is_trial":false,"path_per_floor":["M","M","M","M","M","R","E","$","T","R","M","M","M","E","R","B",null,"M","?","M","$","?","E","R","E","T","R","E","R","M","E","R","B",null,"M","?","?","M","?","E","R","M","T","E","M","$","R","$","R","B",null],"character_chosen":"IRONCLAD","items_purchased":["Swift Strike","Lee\u0027s Waffle","PowerPotion","Ginger","Fire Potion","Fire Potion"],"campfire_rested":2,"item_purchase_floors":[8,21,21,46,46,46],"current_hp_per_floor":[80,80,80,80,80,80,59,59,59,59,65,72,78,70,70,53,80,80,80,55,87,70,55,55,76,76,76,89,89,92,92,92,34,96,94,77,73,53,78,82,82,93,93,111,107,107,115,115,115,77],"gold":8,"neow_bonus":"THREE_CARDS","is_prod":false,"is_daily":false,"chose_seed":false,"campfire_upgraded":8,"win_rate":0,"timestamp":1607483363,"path_taken":["M","M","M","M","M","R","E","$","T","R","M","M","?","E","R","BOSS","M","?","M","$","?","E","R","E","T","R","E","R","M","E","R","BOSS","M","?","?","M","?","E","R","M","T","E","M","?","R","$","R","BOSS"],"build_version":"2020-11-30","purchased_purges":2,"victory":true,"max_hp_per_floor":[80,80,80,80,80,80,80,80,80,80,80,80,80,80,80,80,80,80,80,80,87,92,92,92,92,92,92,92,92,92,92,92,96,96,96,96,100,100,100,100,100,104,104,111,115,115,115,115,115,115],"relic_stats":{"Lee\u0027s Waffle":32,"Gremlin Horn":[28,33],"Happy Flower":[27],"counters":[28,119],"Self Forming Clay":[93],"PreservedInsect":297,"Ginger":[1],"War Paint":["Defend_R","Disarm"],"Burning Blood":151,"Dream Catcher":2,"Mummified Hand":[5],"Snecko Eye":[155,145,146,145],"obtain_stats":[{"Lee\u0027s Waffle":21,"Gremlin Horn":7,"Happy Flower":14,"Self Forming Clay":25,"PreservedInsect":23,"Omamori":9,"Ginger":46,"War Paint":26,"Ancient Tea Set":28,"Burning Blood":0,"SlaversCollar":34,"Dream Catcher":31,"Mummified Hand":43,"Strawberry":44,"Snecko Eye":17,"Unceasing Top":37,"TungstenRod":40,"Pocketwatch":36},{"Lee\u0027s Waffle":13,"Gremlin Horn":6,"Happy Flower":10,"Self Forming Clay":15,"PreservedInsect":14,"Omamori":6,"Ginger":27,"War Paint":15,"Ancient Tea Set":16,"Burning Blood":0,"SlaversCollar":19,"Dream Catcher":18,"Mummified Hand":25,"Strawberry":26,"Snecko Eye":11,"Unceasing Top":22,"TungstenRod":24,"Pocketwatch":21},{"Lee\u0027s Waffle":51,"Gremlin Horn":23,"Happy Flower":36,"Self Forming Clay":59,"PreservedInsect":55,"Omamori":23,"Ginger":109,"War Paint":59,"Ancient Tea Set":61,"Burning Blood":0,"SlaversCollar":76,"Dream Catcher":68,"Mummified Hand":100,"Strawberry":106,"Snecko Eye":45,"Unceasing Top":88,"TungstenRod":97,"Pocketwatch":84}],"Unceasing Top":[1],"TungstenRod":14,"Pocketwatch":[21]},"card_choices":[{"not_picked":["Wild Strike","Perfected Strike"],"picked":"Twin Strike","floor":0.0},{"not_picked":["True Grit","Sword Boomerang"],"picked":"Battle Trance","floor":1.0},{"not_picked":["Pommel Strike","Cleave"],"picked":"Twin Strike","floor":2.0},{"not_picked":["Entrench","Ghostly Armor"],"picked":"Carnage","floor":3.0},{"not_picked":["Feel No Pain","Power Through","Pummel"],"picked":"SKIP","floor":4.0},{"not_picked":["Body Slam","Pummel","Power Through"],"picked":"SKIP","floor":5.0},{"not_picked":["Fire Breathing","Heavy Blade"],"picked":"Reaper","floor":7.0},{"not_picked":["Thunderclap","Shrug It Off"],"picked":"Seeing Red","floor":11.0},{"not_picked":["Thunderclap","Body Slam","Flex"],"picked":"SKIP","floor":12.0},{"not_picked":["Rupture","Barricade","Entrench"],"picked":"SKIP","floor":13.0},{"not_picked":["Cleave","Second Wind"],"picked":"Uppercut","floor":14.0},{"not_picked":["Impervious","Reaper"],"picked":"Immolate","floor":16.0},{"not_picked":["Armaments","True Grit"],"picked":"Disarm","floor":18.0},{"not_picked":["Iron Wave","Wild Strike","True Grit+1"],"picked":"SKIP","floor":20.0},{"not_picked":["Dropkick","Anger"],"picked":"Corruption","floor":23.0},{"not_picked":["Feel No Pain","Shockwave+1"],"picked":"Shrug It Off","floor":25.0},{"not_picked":["Warcry+1","True Grit+1"],"picked":"Feed","floor":28.0},{"not_picked":["Sword Boomerang","Infernal Blade"],"picked":"Dual Wield+1","floor":30.0},{"not_picked":["Spot Weakness","Sword Boomerang"],"picked":"Double Tap","floor":31.0},{"not_picked":["Iron Wave+1","Searing Blow"],"picked":"True Grit+1","floor":35.0},{"not_picked":["Wild Strike","Havoc+1"],"picked":"Shrug It Off+1","floor":36.0},{"not_picked":["Sword Boomerang+1","Warcry","Armaments"],"picked":"SKIP","floor":38.0},{"not_picked":["Warcry+1","Exhume","Shrug It Off+1"],"picked":"SKIP","floor":40.0},{"not_picked":["Sentinel+1","Pommel Strike","Entrench"],"picked":"SKIP","floor":42.0},{"not_picked":["Thunderclap","Shrug It Off+1"],"picked":"Flame Barrier","floor":44},{"not_picked":["Clash+1","Dropkick+1","Armaments"],"picked":"SKIP","floor":45}],"player_experience":164587,"relics_obtained":[{"floor":7.0,"key":"Gremlin Horn"},{"floor":9.0,"key":"Omamori"},{"floor":14.0,"key":"Happy Flower"},{"floor":23.0,"key":"PreservedInsect"},{"floor":25.0,"key":"Self Forming Clay"},{"floor":26.0,"key":"War Paint"},{"floor":28.0,"key":"Ancient Tea Set"},{"floor":31.0,"key":"Dream Catcher"},{"floor":36.0,"key":"Pocketwatch"},{"floor":37.0,"key":"Unceasing Top"},{"floor":40.0,"key":"TungstenRod"},{"floor":43.0,"key":"Mummified Hand"},{"floor":44,"key":"Strawberry"}],"event_choices":[{"damage_healed":0.0,"max_hp_gain":0.0,"max_hp_loss":0.0,"gold_gain":0.0,"event_name":"Ghosts","player_choice":"Ignored","floor":19.0,"gold_loss":0.0,"damage_taken":0.0},{"damage_healed":0.0,"max_hp_gain":5.0,"max_hp_loss":0.0,"gold_gain":0.0,"event_name":"Forgotten Altar","player_choice":"Shed Blood","floor":22.0,"gold_loss":0.0,"damage_taken":22.0},{"damage_healed":0.0,"max_hp_gain":0.0,"max_hp_loss":0.0,"gold_gain":0.0,"event_name":"MindBloom","player_choice":"Fight","floor":36.0,"gold_loss":0.0,"damage_taken":0.0},{"damage_healed":0.0,"max_hp_gain":0.0,"max_hp_loss":0.0,"gold_gain":0.0,"event_name":"Mysterious Sphere","player_choice":"Fight","floor":37.0,"gold_loss":0.0,"damage_taken":0.0},{"damage_healed":25.0,"max_hp_gain":0.0,"max_hp_loss":0.0,"gold_gain":0.0,"event_name":"Winding Halls","player_choice":"Writhe","floor":39.0,"gold_loss":0.0,"damage_taken":0.0,"cards_obtained":["Writhe"]}],"is_beta":false,"boss_relics":[{"not_picked":["Coffee Dripper","Fusion Hammer"],"picked":"Snecko Eye"},{"not_picked":["Busted Crown","Mark of Pain"],"picked":"SlaversCollar"}],"items_purged_floors":[8,46],"is_endless":false,"potions_floor_spawned":[1,5,7,14,18,23,28,35,38,42,45],"ascension_level":4}}