{"host":"l8n56n8abrvcftzc","time":1607489441,"event":{"gold_per_floor":[119,119,139,214,225,251,269,269,295,74,88,118,118,129,129,129,129],"floor_reached":16,"playtime":879,"items_purged":["hermit:Defend_Hermit"],"score":112,"play_id":"329e680d-5448-483c-8254-7126669da7c1","local_time":"20201208205041","is_ascension_mode":false,"campfire_choices":[{"floor":13,"key":"REST"},{"data":"hermit:Ricochet","floor":15,"key":"SMITH"}],"neow_cost":"NONE","seed_source_timestamp":1232661798060500,"circlet_count":0,"master_deck":["hermit:Strike_Hermit","hermit:Strike_Hermit","hermit:Strike_Hermit","hermit:Strike_Hermit","hermit:Defend_Hermit+1","hermit:Defend_Hermit","hermit:Defend_Hermit+1","hermit:Snapshot","hermit:Covet","hermit:Quickdraw","hermit:Ricochet+1","hermit:ItchyTrigger","hermit:NoHoldsBarred","hermit:Misfire"],"special_seed":0,"relics":["hermit:Momento","Regal Pillow","War Paint","Boot"],"potions_floor_usage":[12,16],"damage_taken":[{"damage":0.0,"enemies":"Small Slimes","floor":1.0,"turns":3.0},{"damage":0.0,"enemies":"Jaw Worm","floor":3.0,"turns":3.0},{"damage":0.0,"enemies":"2 Louse","floor":5.0,"turns":2.0},{"damage":54.0,"enemies":"Lagavulin","floor":6.0,"turns":6.0},{"damage":0.0,"enemies":"Exordium Wildlife","floor":7.0,"turns":1.0},{"damage":0,"enemies":"Looter","floor":11,"turns":2},{"damage":2,"enemies":"3 Sentries","floor":12,"turns":4},{"damage":0,"enemies":"Large Slime","floor":14,"turns":3},{"damage":58,"enemies":"Hexaghost","floor":16,"turns":8}],"seed_played":"-1024582054731186990","potions_obtained":[{"floor":3.0,"key":"GamblersBrew"},{"floor":5.0,"key":"BlessingOfTheForge"},{"floor":7.0,"key":"DistilledChaos"}],"is_trial":false,"path_per_floor":["M","?","M","?","M","E","M","?","T","$","M","E","R","M","R","B"],"character_chosen":"HERMIT","items_purchased":["War Paint"],"campfire_rested":1,"item_purchase_floors":[10],"current_hp_per_floor":[75,80,80,69,69,15,15,15,15,15,15,13,52,52,52,0,0],"gold":129,"neow_bonus":"THREE_CARDS","is_prod":false,"is_daily":false,"chose_seed":false,"campfire_upgraded":1,"win_rate":0.0,"timestamp":1607489441,"path_taken":["M","?","M","?","M","E","M","?","T","$","M","E","R","M","R","BOSS"],"build_version":"2020-11-30","purchased_purges":1,"victory":false,"max_hp_per_floor":[75,80,80,80,80,80,80,80,80,80,80,80,80,80,80,80,80],"relic_stats":{"Regal Pillow":15,"counters":[9,32],"War Paint":["hermit:Defend_Hermit","hermit:Defend_Hermit"],"Boot":[1],"obtain_stats":[{"Regal Pillow":6,"War Paint":10,"Boot":12,"hermit:Momento":0},{"Regal Pillow":4,"War Paint":5,"Boot":7,"hermit:Momento":0},{"Regal Pillow":14,"War Paint":15,"Boot":21,"hermit:Momento":0}]},"card_choices":[{"not_picked":["hermit:Vantage","hermit:LowProfile"],"picked":"hermit:Quickdraw","floor":0.0},{"not_picked":["hermit:WideOpen","hermit:LowProfile"],"picked":"hermit:Ricochet","floor":1.0},{"not_picked":["hermit:LowProfile","hermit:Ricochet","hermit:Glare"],"picked":"SKIP","floor":3.0},{"not_picked":["hermit:PistolWhip","hermit:SprayPray"],"picked":"hermit:ItchyTrigger","floor":5.0},{"not_picked":["hermit:LowProfile","hermit:Desperado"],"picked":"hermit:NoHoldsBarred","floor":6.0},{"not_picked":["hermit:Gestalt","hermit:HoleUp"],"picked":"hermit:Misfire","floor":7.0},{"not_picked":["hermit:Gestalt","hermit:SprayPray","hermit:HighCaliber"],"picked":"SKIP","floor":11},{"not_picked":["hermit:Roulette","hermit:CursedWeapon","hermit:Gestalt"],"picked":"SKIP","floor":12},{"not_picked":["hermit:NoHoldsBarred","hermit:Midnight","hermit:Quickdraw"],"picked":"SKIP","floor":14}],"player_experience":677827,"relics_obtained":[{"floor":6.0,"key":"Regal Pillow"},{"floor":12,"key":"Boot"}],"event_choices":[{"damage_healed":0.0,"max_hp_gain":5.0,"max_hp_loss":0.0,"gold_gain":0.0,"event_name":"Big Fish","player_choice":"Donut","floor":2.0,"gold_loss":0.0,"damage_taken":0.0},{"damage_healed":0.0,"max_hp_gain":0.0,"max_hp_loss":0.0,"gold_gain":75.0,"event_name":"betterThird:BetterGoop","player_choice":"Gold","floor":4.0,"gold_loss":0.0,"damage_taken":11.0},{"damage_healed":0.0,"max_hp_gain":0.0,"max_hp_loss":0.0,"gold_gain":0.0,"event_name":"betterThird:BetterScrap","player_choice":"LEAVE","floor":8.0,"gold_loss":0.0,"damage_taken":0.0,"cards_obtained":["EmptyMind"]}],"is_beta":false,"boss_relics":[],"items_purged_floors":[10],"is_endless":false,"potions_floor_spawned":[3,5,7],"killed_by":"Hexaghost","ascension_level":0}}