{"host":"htpechobqgpaugnv","time":1607490739,"event":{"gold_per_floor":[114,114,125,125,13,40,40,53,123,123,123,135,160,160,160,160,160],"floor_reached":16,"playtime":340,"items_purged":[],"score":266,"play_id":"d8d74b66-ccf4-40b8-94c7-ebecb742d7ed","local_time":"20201208231219","is_ascension_mode":true,"campfire_choices":[{"data":"Meditate","floor":7.0,"key":"SMITH"},{"data":"LikeWater","floor":10.0,"key":"SMITH"},{"data":"LikeWater","floor":15.0,"key":"SMITH"}],"neow_cost":"NONE","seed_source_timestamp":70547085450800,"circlet_count":0,"master_deck":["AscendersBane","Strike_P","Strike_P","Strike_P","Defend_P+1","Defend_P","Defend_P","Defend_P","Eruption+1","Vigilance","Meditate+1","BowlingBash","LikeWater+1","ThirdEye","CutThroughFate","LikeWater+1","LessonLearned"],"special_seed":0,"relics":["PureWater","NeowsBlessing","Nunchaku","The Courier","White Beast Statue","Tiny Chest"],"potions_floor_usage":[16,16],"damage_taken":[{"damage":0.0,"enemies":"Jaw Worm","floor":1.0,"turns":1.0},{"damage":0.0,"enemies":"2 Louse","floor":3.0,"turns":1.0},{"damage":0.0,"enemies":"Gremlin Nob","floor":6.0,"turns":1.0},{"damage":5.0,"enemies":"Small Slimes","floor":8.0,"turns":3.0},{"damage":0.0,"enemies":"Red Slaver","floor":12.0,"turns":3.0},{"damage":1.0,"enemies":"3 Sentries","floor":13.0,"turns":7.0},{"damage":30,"enemies":"Hexaghost","floor":16,"turns":7}],"seed_played":"-397988134667340787","potions_obtained":[{"floor":3.0,"key":"PowerPotion"},{"floor":6.0,"key":"ColorlessPotion"},{"floor":12.0,"key":"DuplicationPotion"},{"floor":13.0,"key":"AttackPotion"}],"is_trial":false,"path_per_floor":["M","?","M","?","$","E","R","M","T","R","?","M","E","?","R","B"],"character_chosen":"WATCHER","items_purchased":["LikeWater","ThirdEye"],"campfire_rested":0,"item_purchase_floors":[5,5],"current_hp_per_floor":[61,54,54,34,34,34,34,29,29,29,18,18,17,17,17,0,0],"gold":160,"neow_bonus":"THREE_ENEMY_KILL","is_prod":false,"is_daily":false,"chose_seed":false,"campfire_upgraded":3,"win_rate":0,"timestamp":1607490739,"path_taken":["M","?","M","?","?","E","R","M","T","R","?","M","E","?","R","BOSS"],"build_version":"2020-11-30","purchased_purges":0,"victory":false,"max_hp_per_floor":[68,68,68,68,68,68,68,68,68,68,68,68,68,68,68,68,68],"relic_stats":{"Nunchaku":[3],"counters":[7,23],"Tiny Chest":0,"obtain_stats":[{"Nunchaku":6,"NeowsBlessing":0,"Tiny Chest":13,"The Courier":9,"PureWater":0,"White Beast Statue":11},{"Nunchaku":3,"NeowsBlessing":0,"Tiny Chest":6,"The Courier":4,"PureWater":0,"White Beast Statue":4},{"Nunchaku":3,"NeowsBlessing":0,"Tiny Chest":16,"The Courier":6,"PureWater":0,"White Beast Statue":6}]},"card_choices":[{"not_picked":["EmptyFist","Consecrate"],"picked":"Meditate","floor":1.0},{"not_picked":["EmptyBody","Crescendo"],"picked":"BowlingBash","floor":3.0},{"not_picked":["InnerPeace","JustLucky"],"picked":"CutThroughFate","floor":6.0},{"not_picked":["MentalFortress","Evaluate"],"picked":"LikeWater","floor":8.0},{"not_picked":["Swivel","MasterReality","CrushJoints"],"picked":"SKIP","floor":12.0},{"not_picked":["FlyingSleeves","Worship"],"picked":"LessonLearned","floor":13.0}],"player_experience":1252267,"relics_obtained":[{"floor":6.0,"key":"Nunchaku"},{"floor":9.0,"key":"The Courier"},{"floor":13.0,"key":"Tiny Chest"}],"event_choices":[{"cards_removed":["Strike_P"],"damage_healed":0.0,"max_hp_gain":0.0,"max_hp_loss":0.0,"gold_gain":0.0,"event_name":"Golden Wing","player_choice":"Card Removal","floor":2.0,"gold_loss":0.0,"damage_taken":7.0},{"damage_healed":0.0,"max_hp_gain":0.0,"max_hp_loss":0.0,"gold_gain":0.0,"event_name":"Shining Light","player_choice":"Entered Light","floor":4.0,"gold_loss":0.0,"damage_taken":20.0,"cards_upgraded":["Eruption","Defend_P"]},{"damage_healed":0.0,"max_hp_gain":0.0,"max_hp_loss":0.0,"gold_gain":0.0,"event_name":"Scrap Ooze","player_choice":"Success","floor":11.0,"gold_loss":0.0,"damage_taken":11.0,"relics_obtained":["White Beast Statue"]},{"damage_healed":0.0,"max_hp_gain":0.0,"max_hp_loss":0.0,"gold_gain":0.0,"event_name":"Liars Game","player_choice":"Ignored","floor":14.0,"gold_loss":0.0,"damage_taken":0.0}],"is_beta":false,"boss_relics":[],"items_purged_floors":[],"is_endless":false,"potions_floor_spawned":[3,6,12,13],"killed_by":"Hexaghost","ascension_level":20}}