{"host":"skr63qsdfgeey3it","time":1607484063,"event":{"gold_per_floor":[110,110,285,285,285,327,327,327,327,327,327,327,327],"floor_reached":12,"playtime":377,"items_purged":[],"score":101,"play_id":"f567bbbb-085d-4e0c-b6a8-6d827ee5729f","local_time":"20201208212103","is_ascension_mode":true,"campfire_choices":[{"floor":7,"key":"REST"},{"data":"Neutralize","floor":10,"key":"SMITH"}],"neow_cost":"NONE","seed_source_timestamp":684586986191500,"circlet_count":0,"master_deck":["Strike_G+1","Strike_G","Strike_G","Strike_G","Strike_G","Defend_G","Defend_G","Defend_G","Defend_G","Defend_G","Survivor","Neutralize+1","Cloak And Dagger","Regret","Doubt","Hidden Blade","Escape Plan","Cloak And Dagger"],"relics":["Ring of Chaos","Pen Nib","CeramicFish","ReplayFunnel"],"potions_floor_usage":[],"damage_taken":[{"damage":0,"enemies":"2 Louse","floor":1,"turns":3},{"damage":46,"enemies":"3 Sentries","floor":6,"turns":13},{"damage":55,"enemies":"Gremlin Nob","floor":12,"turns":5}],"seed_played":"5479707849439384577","potions_obtained":[],"is_trial":false,"path_per_floor":["M","?","?","?","?","E","R","PTL","PTL","R","T","E"],"character_chosen":"THE_SILENT","items_purchased":[],"campfire_rested":1,"item_purchase_floors":[],"current_hp_per_floor":[63,63,63,63,63,17,38,38,38,38,38,0,0],"gold":327,"neow_bonus":"BOSS_RELIC","is_prod":false,"is_daily":false,"chose_seed":false,"campfire_upgraded":1,"win_rate":0,"timestamp":1607484063,"path_taken":["M","?","?","?","?","E","R","PTL","PTL","R","T","E"],"build_version":"2020-11-30","purchased_purges":0,"victory":false,"max_hp_per_floor":[70,70,70,70,70,70,70,70,70,70,70,70,70],"card_choices":[{"not_picked":["ReplayTheSpireMod:Shiv Toss","Fluid Movement"],"picked":"Cloak And Dagger","floor":1},{"not_picked":["Dash","Riddle With Holes"],"picked":"Cloak And Dagger","floor":6}],"player_experience":644408,"relics_obtained":[{"floor":6,"key":"CeramicFish"},{"floor":11,"key":"ReplayFunnel"}],"event_choices":[{"damage_healed":0,"gold_gain":0,"player_choice":"Box","damage_taken":0,"relics_obtained":["Pen Nib"],"max_hp_gain":0,"max_hp_loss":0,"event_name":"Big Fish","floor":2,"gold_loss":0,"cards_obtained":["Regret"]},{"damage_healed":0,"gold_gain":175,"player_choice":"AGREE","damage_taken":0,"max_hp_gain":0,"max_hp_loss":0,"event_name":"Liars Game","floor":3,"gold_loss":0,"cards_obtained":["Doubt"]},{"damage_healed":0,"gold_gain":0,"player_choice":"2 cards matched","damage_taken":0,"max_hp_gain":0,"max_hp_loss":0,"event_name":"Match and Keep!","floor":5,"gold_loss":0,"cards_obtained":["Hidden Blade","Escape Plan"]}],"is_beta":false,"boss_relics":[],"items_purged_floors":[],"is_endless":false,"potions_floor_spawned":[],"killed_by":"Gremlin Nob","ascension_level":8}}