{"host":"hit19vri23rleat9","time":1607497127,"event":{"gold_per_floor":[114,130,148,148,148,148,174,26,78,78,78,95,112,129,129,230,230,241,260,277,187,39,66,84,99,99,99,99],"floor_reached":27,"playtime":1475,"items_purged":["Strike_G"],"score":261,"play_id":"61e6cb36-42d9-41a7-9a52-3d04cacdee64","local_time":"20201208225847","is_ascension_mode":true,"campfire_choices":[{"data":"Dagger Spray","floor":6,"key":"SMITH"},{"floor":10,"key":"REST"},{"floor":15,"key":"REST"}],"neow_cost":"CURSE","seed_source_timestamp":41443463167000,"circlet_count":0,"master_deck":["Strike_G","Strike_G+1","Defend_G","Defend_G","Defend_G","Defend_G","Survivor+1","Neutralize","Dagger Spray+1","Bane","PiercingWail+1","Bane","Dagger Throw","Adrenaline","Bane","Footwork","Dodge and Roll","Noxious Fumes","Dagger Spray+1"],"relics":["Ring of the Snake","Tingsha","MealTicket","TwistedFunnel","Dream Catcher","HornCleat","Empty Cage","Lantern","Blood Vial"],"potions_floor_usage":[7,16,16,23,25,25,25,27],"damage_taken":[{"damage":14,"enemies":"Small Slimes","floor":1,"turns":4},{"damage":0,"enemies":"2 Louse","floor":2,"turns":3},{"damage":0,"enemies":"Cultist","floor":3,"turns":4},{"damage":2,"enemies":"Gremlin Nob","floor":7,"turns":4},{"damage":18,"enemies":"Large Slime","floor":12,"turns":6},{"damage":0,"enemies":"Blue Slaver","floor":13,"turns":3},{"damage":8,"enemies":"Looter","floor":14,"turns":2},{"damage":46,"enemies":"Slime Boss","floor":16,"turns":9},{"damage":0,"enemies":"Shell Parasite","floor":18,"turns":4},{"damage":6,"enemies":"3 Byrds","floor":19,"turns":4},{"damage":14,"enemies":"Cultist and Chosen","floor":20,"turns":5},{"damage":21,"enemies":"Gremlin Leader","floor":23,"turns":7},{"damage":17,"enemies":"Snake Plant","floor":24,"turns":4},{"damage":21,"enemies":"Snecko","floor":25,"turns":6},{"damage":9,"enemies":"Slavers","floor":27,"turns":3}],"seed_played":"-4545863328650867547","potions_obtained":[{"floor":2,"key":"Fire Potion"},{"floor":3,"key":"DuplicationPotion"},{"floor":13,"key":"BlessingOfTheForge"},{"floor":14,"key":"SkillPotion"},{"floor":19,"key":"Ancient Potion"},{"floor":23,"key":"EssenceOfSteel"},{"floor":24,"key":"Swift Potion"},{"floor":25,"key":"ColorlessPotion"}],"is_trial":false,"path_per_floor":["M","M","M","?","?","R","E","$","T","R","?","M","M","M","R","B",null,"M","M","M","?","$","E","M","M","T","E"],"character_chosen":"THE_SILENT","items_purchased":["TwistedFunnel","Footwork"],"campfire_rested":2,"item_purchase_floors":[8,22],"current_hp_per_floor":[56,56,56,56,42,42,40,55,55,70,67,49,49,41,62,16,70,70,64,50,50,65,44,27,6,6,0,0],"gold":99,"neow_bonus":"ONE_RARE_RELIC","is_prod":false,"is_daily":false,"chose_seed":false,"campfire_upgraded":1,"win_rate":0,"timestamp":1607497127,"path_taken":["M","M","M","?","?","R","E","$","T","R","?","M","M","M","R","BOSS","M","M","M","?","$","E","?","M","T","E"],"build_version":"2020-11-30","purchased_purges":1,"victory":false,"max_hp_per_floor":[70,70,70,70,70,70,70,70,70,70,70,70,70,70,70,70,70,70,70,70,70,70,70,70,70,70,70,70],"card_choices":[{"not_picked":["Deflect","Predator","Backstab"],"picked":"SKIP","floor":1},{"not_picked":["Quick Slash","Deflect"],"picked":"Dagger Spray","floor":2},{"not_picked":["Skewer","Dodge and Roll","Phantasmal Killer"],"picked":"SKIP","floor":3},{"not_picked":["Blade Dance","Slice"],"picked":"Bane","floor":7},{"not_picked":["Distraction","Heel Hook"],"picked":"PiercingWail","floor":12},{"not_picked":["Cloak And Dagger","Accuracy"],"picked":"Bane","floor":13},{"not_picked":["Blade Dance","Flying Knee","Underhanded Strike"],"picked":"SKIP","floor":14},{"not_picked":["Endless Agony","Eviscerate"],"picked":"Dagger Throw","floor":15},{"not_picked":["Night Terror","Unload"],"picked":"Adrenaline","floor":16},{"not_picked":["Caltrops","Masterful Stab","Underhanded Strike+1"],"picked":"SKIP","floor":18},{"not_picked":["Finisher+1","Blade Dance"],"picked":"Bane","floor":19},{"not_picked":["Sucker Punch+1","Blade Dance+1","Tools of the Trade"],"picked":"SKIP","floor":20},{"not_picked":["Acrobatics+1","Dagger Throw"],"picked":"Dodge and Roll","floor":23},{"not_picked":["Cloak And Dagger+1","Distraction"],"picked":"Noxious Fumes","floor":24},{"not_picked":["Blade Dance","Underhanded Strike"],"picked":"Dagger Spray+1","floor":25}],"player_experience":225096,"relics_obtained":[{"floor":7,"key":"MealTicket"},{"floor":9,"key":"Dream Catcher"},{"floor":23,"key":"Lantern"},{"floor":26,"key":"Blood Vial"}],"event_choices":[{"cards_removed":["Decay"],"damage_healed":0,"gold_gain":0,"player_choice":"Forget","damage_taken":0,"max_hp_gain":0,"max_hp_loss":0,"event_name":"Living Wall","floor":4,"gold_loss":0},{"damage_healed":0,"gold_gain":0,"player_choice":"Entered Light","damage_taken":14,"max_hp_gain":0,"max_hp_loss":0,"event_name":"Shining Light","floor":5,"gold_loss":0,"cards_upgraded":["Strike_G","Survivor"]},{"damage_healed":0,"gold_gain":0,"player_choice":"Success","damage_taken":3,"relics_obtained":["HornCleat"],"max_hp_gain":0,"max_hp_loss":0,"event_name":"Scrap Ooze","floor":11,"gold_loss":0},{"cards_removed":["Strike_G"],"damage_healed":0,"gold_gain":0,"player_choice":"Upgrade and Remove","damage_taken":0,"max_hp_gain":0,"max_hp_loss":0,"event_name":"Designer","floor":21,"gold_loss":90,"cards_upgraded":["PiercingWail"]}],"is_beta":false,"boss_relics":[{"not_picked":["HoveringKite","Busted Crown"],"picked":"Empty Cage"}],"items_purged_floors":[22],"is_endless":false,"potions_floor_spawned":[2,3,13,14,19,23,24,25],"killed_by":"Slavers","ascension_level":2}}