{"host":"ormi09wwzv7sq47a","time":1607532695,"event":{"gold_per_floor":[113,113,123,136,156,156,188,188,188,188,202,202,222,3,3,75,75,90,90,109,109,9,9,37,37,37,52,63,162,162,193,193,193,193],"floor_reached":33,"playtime":1386,"items_purged":["Strike_B","Strike_B"],"score":527,"play_id":"56838a57-fb98-412c-b39d-42584c50c8e3","local_time":"20201209135135","is_ascension_mode":true,"campfire_choices":[{"data":"Streamline","floor":6.0,"key":"SMITH"},{"data":"Seek","floor":10.0,"key":"SMITH"},{"data":"Go for the Eyes","floor":12.0,"key":"SMITH"},{"data":"Doom and Gloom","floor":15.0,"key":"SMITH"},{"data":"Beam Cell","floor":23,"key":"SMITH"},{"data":"Zap","floor":25,"key":"SMITH"},{"data":"Skim","floor":32,"key":"SMITH"}],"neow_cost":"NONE","seed_source_timestamp":2142786669827100,"circlet_count":0,"master_deck":["AscendersBane","Defend_B","Defend_B","Defend_B","Defend_B","Zap+1","Dualcast","Go for the Eyes+1","Seek+1","Leap","Beam Cell+1","Streamline+1","BootSequence+1","Doom and Gloom+1","Fission+1","Skim+1","Auto Shields","Undo+1","Turbo+1","Machine Learning"],"special_seed":0,"relics":["Cracked Core","Nunchaku","Eternal Feather","Akabeko","Nuclear Battery","The Courier","HornCleat","Pear"],"potions_floor_usage":[16,16,31,33],"damage_taken":[{"damage":5.0,"enemies":"Small Slimes","floor":1.0,"turns":5.0},{"damage":0.0,"enemies":"Cultist","floor":3.0,"turns":3.0},{"damage":0.0,"enemies":"2 Louse","floor":4.0,"turns":3.0},{"damage":15.0,"enemies":"Exordium Thugs","floor":5.0,"turns":6.0},{"damage":32.0,"enemies":"Gremlin Nob","floor":7.0,"turns":5.0},{"damage":0.0,"enemies":"Looter","floor":11.0,"turns":2.0},{"damage":0.0,"enemies":"Blue Slaver","floor":13.0,"turns":2.0},{"damage":19,"enemies":"Slime Boss","floor":16,"turns":5},{"damage":1,"enemies":"2 Thieves","floor":18,"turns":4},{"damage":0,"enemies":"Spheric Guardian","floor":20,"turns":3},{"damage":48,"enemies":"Book of Stabbing","floor":24,"turns":5},{"damage":3,"enemies":"Snake Plant","floor":27,"turns":4},{"damage":0,"enemies":"Centurion and Healer","floor":28,"turns":4},{"damage":0,"enemies":"Gremlin Leader","floor":31,"turns":5},{"damage":40,"enemies":"Automaton","floor":33,"turns":10}],"seed_played":"797482585871468815","potions_obtained":[{"floor":3.0,"key":"FocusPotion"},{"floor":7.0,"key":"SneckoOil"},{"floor":11.0,"key":"AttackPotion"},{"floor":24,"key":"SneckoOil"},{"floor":27,"key":"Fire Potion"}],"is_trial":false,"path_per_floor":["M","?","M","M","M","R","E","?","T","R","M","R","M","$","R","B",null,"M","?","M","?","$","R","E","R","T","M","M","?","?","E","R","B"],"character_chosen":"DEFECT","items_purchased":["Akabeko"],"campfire_rested":0,"item_purchase_floors":[14],"current_hp_per_floor":[59,59,59,59,44,44,12,12,12,18,18,27,27,27,36,17,58,57,51,51,51,51,60,12,21,21,18,18,18,18,28,40,0,0],"gold":193,"neow_bonus":"REMOVE_CARD","is_prod":false,"is_daily":false,"chose_seed":false,"campfire_upgraded":7,"win_rate":0,"timestamp":1607532695,"path_taken":["M","?","M","M","?","R","E","?","T","R","M","R","M","$","R","BOSS","M","?","?","?","?","R","E","R","T","M","M","?","?","E","R","BOSS"],"build_version":"2020-11-30","purchased_purges":2,"victory":false,"max_hp_per_floor":[71,71,71,71,71,71,71,71,71,71,71,71,71,71,71,71,71,71,71,71,71,71,71,71,71,71,71,71,71,71,81,81,81,81],"relic_stats":{"Nunchaku":[8],"counters":[15,66],"Eternal Feather":54,"obtain_stats":[{"Nunchaku":7,"HornCleat":26,"Pear":31,"Eternal Feather":9,"The Courier":24,"Cracked Core":0,"Akabeko":14,"Nuclear Battery":17},{"Nunchaku":5,"HornCleat":11,"Pear":14,"Eternal Feather":5,"The Courier":11,"Cracked Core":0,"Akabeko":7,"Nuclear Battery":8},{"Nunchaku":22,"HornCleat":43,"Pear":56,"Eternal Feather":22,"The Courier":43,"Cracked Core":0,"Akabeko":26,"Nuclear Battery":31}]},"card_choices":[{"not_picked":["Capacitor","Leap"],"picked":"Go for the Eyes","floor":1.0},{"not_picked":["Tempest","Stack"],"picked":"Leap","floor":3.0},{"not_picked":["Conserve Battery","Leap"],"picked":"Beam Cell","floor":4.0},{"not_picked":["Lockon","BootSequence"],"picked":"Streamline","floor":5.0},{"not_picked":["Beam Cell","Thunder Strike","Coolheaded"],"picked":"SKIP","floor":7.0},{"not_picked":["Hello World","Steam"],"picked":"BootSequence","floor":11.0},{"not_picked":["Genetic Algorithm","Ball Lightning"],"picked":"Doom and Gloom","floor":13.0},{"not_picked":["Seek","Amplify"],"picked":"Fission","floor":16},{"not_picked":["Conserve Battery","Beam Cell"],"picked":"Skim","floor":18},{"not_picked":["Fusion","Go for the Eyes"],"picked":"Auto Shields","floor":20},{"not_picked":["Heatsinks+1","Conserve Battery"],"picked":"Undo+1","floor":24},{"not_picked":["Beam Cell","Stack"],"picked":"Turbo+1","floor":27},{"not_picked":["Turbo","Beam Cell"],"picked":"Machine Learning","floor":28},{"not_picked":["Leap","Cold Snap","Genetic Algorithm"],"picked":"SKIP","floor":31}],"player_experience":721967,"relics_obtained":[{"floor":7.0,"key":"Nunchaku"},{"floor":9.0,"key":"Eternal Feather"},{"floor":24,"key":"The Courier"},{"floor":26,"key":"HornCleat"},{"floor":31,"key":"Pear"}],"event_choices":[{"damage_healed":0.0,"max_hp_gain":0.0,"max_hp_loss":0.0,"gold_gain":0.0,"event_name":"Match and Keep!","player_choice":"1 cards matched","floor":2.0,"gold_loss":0.0,"damage_taken":0.0,"cards_obtained":["Seek"]},{"damage_healed":0.0,"max_hp_gain":0.0,"max_hp_loss":0.0,"gold_gain":0.0,"event_name":"Match and Keep!","player_choice":"1 cards matched","floor":2.0,"gold_loss":0.0,"damage_taken":0.0,"cards_obtained":["Seek"]},{"damage_healed":0.0,"max_hp_gain":0.0,"max_hp_loss":0.0,"gold_gain":0.0,"event_name":"Match and Keep!","player_choice":"1 cards matched","floor":2.0,"gold_loss":0.0,"damage_taken":0.0,"cards_obtained":["Seek"]},{"cards_removed":["Strike_B"],"damage_healed":0.0,"max_hp_gain":0.0,"max_hp_loss":0.0,"gold_gain":0.0,"event_name":"Living Wall","player_choice":"Forget","floor":8.0,"gold_loss":0.0,"damage_taken":0.0},{"damage_healed":0,"gold_gain":0,"player_choice":"","damage_taken":6,"max_hp_gain":0,"max_hp_loss":0,"event_name":"Knowing Skull","floor":19,"potions_obtained":[],"gold_loss":0,"cards_obtained":[]},{"damage_healed":0,"gold_gain":0,"player_choice":"Upgraded","damage_taken":0,"max_hp_gain":0,"max_hp_loss":0,"event_name":"Upgrade Shrine","floor":21,"gold_loss":0,"cards_upgraded":["Fission"]},{"damage_healed":0,"gold_gain":99,"player_choice":"Stole From Cult","damage_taken":0,"max_hp_gain":0,"max_hp_loss":0,"event_name":"Nest","floor":29,"gold_loss":0},{"damage_healed":0,"gold_gain":0,"player_choice":"Forge","damage_taken":0,"max_hp_gain":0,"max_hp_loss":0,"event_name":"Accursed Blacksmith","floor":30,"gold_loss":0,"cards_upgraded":["BootSequence"]}],"is_beta":false,"boss_relics":[{"not_picked":["SlaversCollar","Runic Pyramid"],"picked":"Nuclear Battery"}],"items_purged_floors":[14,22],"is_endless":false,"potions_floor_spawned":[3,7,11,13,24,27],"killed_by":"Automaton","ascension_level":14}}