{"host":"byzs3lza4uqkxw74","time":1607537503,"event":{"gold_per_floor":[109,109,10,21,39,39,53,87,87,99,111,123,135,164,176,289,301,325,351,363,386,29,29,29,45,45,45,77,92,110,145,145,245,245,265,265,12,12,31,31,64,74,101,127,138,157,157,175,175,175,175,175,19,53,53],"floor_reached":56,"playtime":5896,"items_purged":["TheCursedMod:Strike_TheCursed","TheCursedMod:Defend_TheCursed"],"score":1249,"play_id":"8390df59-ddba-4f0f-985f-18de3b4cc290","local_time":"20201209101143","is_ascension_mode":false,"campfire_choices":[{"data":"TheCursedMod:CleanUpWorkshop","floor":6.0,"key":"SMITH"},{"data":"TheCursedMod:DarkBarrier","floor":13.0,"key":"SMITH"},{"data":"TheCursedMod:ReleasedStrength","floor":15.0,"key":"SMITH"},{"floor":23.0,"key":"RECALL"},{"floor":32.0,"key":"REST"},{"floor":40.0,"key":"REST"},{"floor":49,"key":"REST"},{"floor":52,"key":"REST"}],"neow_cost":"CURSE","seed_source_timestamp":0,"circlet_count":0,"master_deck":["TheCursedMod:Strike_TheCursed","TheCursedMod:Strike_TheCursed","TheCursedMod:Strike_TheCursed","TheCursedMod:Defend_TheCursed","TheCursedMod:Defend_TheCursed","TheCursedMod:Defend_TheCursed","TheCursedMod:CursedWand","TheCursedMod:CleanUpWorkshop+1","TheCursedMod:Dregs","Regret","TheCursedMod:LuckyCharm+1","TheCursedMod:SmokeScreen","TheCursedMod:CursedAmulet+1","TheCursedMod:AbyssShockwave","TheCursedMod:Obscuration+1","TheCursedMod:DarkBarrier+1","TheCursedMod:ReleasedStrength+1","TheCursedMod:AntiAging","TheCursedMod:HellsGateOpen+1","TheCursedMod:Grudge","TheCursedMod:HellfireBreathing","TheCursedMod:PrepareRite","Pain","TheCursedMod:DarkBarrier","TheCursedMod:Neurasthenia","TheCursedMod:ShockAndAwe","TheCursedMod:HellsGateOpen+1","TheCursedMod:NeowsMight","TheCursedMod:ManaCirculation+1","TheCursedMod:CursedMace","TheCursedMod:Stretching","Parasite","TheCursedMod:Stretching+1","TheCursedMod:SoulReap","Discovery","TheCursedMod:SpreadPlague"],"special_seed":0,"relics":["TheCursedMod:BlackMagic101","MawBank","InkBottle","Mango","Fusion Hammer","Nloth\u0027s Gift","Calipers","WarpedTongs","Bottled Lightning","Frozen Egg 2","Lizard Tail","Busted Crown","ClockworkSouvenir","Pantograph","Art of War","Toy Ornithopter"],"potions_floor_usage":[41,45,50,50,50,54,54,55,55],"damage_taken":[{"damage":16.0,"enemies":"Small Slimes","floor":1.0,"turns":5.0},{"damage":0.0,"enemies":"Cultist","floor":4.0,"turns":5.0},{"damage":10.0,"enemies":"2 Louse","floor":5.0,"turns":4.0},{"damage":5.0,"enemies":"Blue Slaver","floor":7.0,"turns":4.0},{"damage":3.0,"enemies":"3 Sentries","floor":8.0,"turns":9.0},{"damage":4.0,"enemies":"Lots of Slimes","floor":14.0,"turns":2.0},{"damage":5.0,"enemies":"The Guardian","floor":16.0,"turns":11.0},{"damage":4.0,"enemies":"Shell Parasite","floor":18.0,"turns":5.0},{"damage":0.0,"enemies":"Spheric Guardian","floor":19.0,"turns":4.0},{"damage":7.0,"enemies":"Cultist and Chosen","floor":21.0,"turns":5.0},{"damage":4.0,"enemies":"Snecko","floor":25.0,"turns":6.0},{"damage":20.0,"enemies":"Book of Stabbing","floor":28.0,"turns":7.0},{"damage":15.0,"enemies":"Snake Plant","floor":29.0,"turns":6.0},{"damage":13.0,"enemies":"3 Cultists","floor":30.0,"turns":5.0},{"damage":32.0,"enemies":"Gremlin Leader","floor":31.0,"turns":7.0},{"damage":15.0,"enemies":"Collector","floor":33.0,"turns":8.0},{"damage":14.0,"enemies":"3 Darklings","floor":35.0,"turns":6.0},{"damage":21.0,"enemies":"3 Shapes","floor":39.0,"turns":5.0},{"damage":34,"enemies":"Reptomancer","floor":41,"turns":6},{"damage":21,"enemies":"Transient","floor":42,"turns":5},{"damage":9,"enemies":"Giant Head","floor":44,"turns":8},{"damage":30,"enemies":"3 Darklings","floor":45,"turns":4},{"damage":9,"enemies":"Writhing Mass","floor":46,"turns":4},{"damage":12,"enemies":"Sphere and 2 Shapes","floor":48,"turns":7},{"damage":36,"enemies":"Donu and Deca","floor":50,"turns":8},{"damage":18,"enemies":"Shield and Spear","floor":54,"turns":7},{"damage":99,"enemies":"The Heart","floor":55,"turns":10}],"seed_played":"7710424601514169547","potions_obtained":[{"floor":4.0,"key":"AttackPotion"},{"floor":5.0,"key":"ColorlessPotion"},{"floor":8.0,"key":"SteroidPotion"},{"floor":14.0,"key":"GamblersBrew"},{"floor":19.0,"key":"Strength Potion"},{"floor":28.0,"key":"Strength Potion"},{"floor":29.0,"key":"LiquidMemories"},{"floor":31.0,"key":"Swift Potion"},{"floor":35.0,"key":"Swift Potion"},{"floor":41,"key":"PowerPotion"},{"floor":42,"key":"ColorlessPotion"},{"floor":46,"key":"GamblersBrew"},{"floor":47,"key":"EntropicBrew"},{"floor":54,"key":"Explosive Potion"}],"is_trial":false,"path_per_floor":["M","?","$","M","M","R","M","E","T","?","$","T","R","M","R","B",null,"M","M","?","M","$","R","?","M","T","$","E","M","M","E","R","B",null,"M","?","$","$","M","R","E","M","T","E","M","M","?","M","R","B",null,"R","$","E","B",null],"character_chosen":"THE_CURSED","items_purchased":["TheCursedMod:SmokeScreen","Calipers","TheCursedMod:PrepareRite","ClockworkSouvenir","TheCursedMod:SoulReap","Discovery"],"campfire_rested":4,"item_purchase_floors":[3,22,22,37,53,53],"current_hp_per_floor":[73,73,73,73,63,63,58,55,55,43,43,57,57,53,53,48,103,99,99,99,94,94,94,94,92,92,92,72,57,46,16,49,34,111,99,99,99,99,80,114,82,61,61,54,26,17,17,7,43,34,125,125,125,117,34],"gold":53,"neow_bonus":"TWENTY_PERCENT_HP_BONUS","is_prod":false,"is_daily":false,"chose_seed":false,"campfire_upgraded":3,"win_rate":0.0,"timestamp":1607537503,"path_taken":["M","?","?","M","M","R","M","E","T","?","$","?","R","?","R","BOSS","M","M","?","M","?","R","?","?","T","$","E","M","M","E","R","BOSS","M","?","?","$","M","R","E","M","T","E","M","M","?","?","R","BOSS","R","$","E","BOSS"],"build_version":"2020-11-30","purchased_purges":2,"victory":true,"max_hp_per_floor":[89,89,89,89,89,89,89,89,89,89,89,103,103,103,103,103,103,103,103,103,105,105,105,105,107,107,107,107,107,109,111,111,111,111,113,113,113,113,115,115,117,117,117,119,121,121,121,123,123,125,125,125,125,125,128],"card_choices":[{"not_picked":["TheCursedMod:SaltUponWound","TheCursedMod:CircleOfAmplification"],"picked":"TheCursedMod:LuckyCharm","floor":1.0},{"not_picked":["TheCursedMod:SurpriseAttack","TheCursedMod:BloodBarrier"],"picked":"TheCursedMod:CursedAmulet","floor":4.0},{"not_picked":["TheCursedMod:Wield","TheCursedMod:Torture"],"picked":"TheCursedMod:AbyssShockwave","floor":5.0},{"not_picked":["TheCursedMod:CursedStaff","TheCursedMod:Stretching"],"picked":"TheCursedMod:Obscuration","floor":7.0},{"not_picked":["TheCursedMod:SurpriseAttack","TheCursedMod:WearCloak"],"picked":"TheCursedMod:DarkBarrier","floor":8.0},{"not_picked":["TheCursedMod:SoulReap","TheCursedMod:SurpriseAttack"],"picked":"TheCursedMod:ReleasedStrength","floor":14.0},{"not_picked":["TheCursedMod:CursedRelics","TheCursedMod:ForbiddenAlchemy"],"picked":"TheCursedMod:AntiAging","floor":16.0},{"not_picked":["TheCursedMod:SpitefulPlan","TheCursedMod:SpreadPlague"],"picked":"TheCursedMod:HellsGateOpen","floor":18.0},{"not_picked":["TheCursedMod:Wield","TheCursedMod:SurpriseAttack"],"picked":"TheCursedMod:Grudge","floor":19.0},{"not_picked":["TheCursedMod:CircleOfFocus+1","TheCursedMod:Stretching+1"],"picked":"TheCursedMod:HellfireBreathing","floor":21.0},{"not_picked":["TheCursedMod:ReleasedKnowledge","TheCursedMod:Stigma"],"picked":"TheCursedMod:DarkBarrier","floor":25.0},{"not_picked":["TheCursedMod:CursedBlade","TheCursedMod:ManaBullet"],"picked":"TheCursedMod:Neurasthenia","floor":28.0},{"not_picked":["TheCursedMod:CircleOfFlame","TheCursedMod:DoubleShield+1"],"picked":"TheCursedMod:ShockAndAwe","floor":29.0},{"not_picked":["TheCursedMod:Wield","TheCursedMod:CursedRelics"],"picked":"TheCursedMod:HellsGateOpen+1","floor":30.0},{"not_picked":["TheCursedMod:FleshFromBone","TheCursedMod:OutForBlood+1"],"picked":"TheCursedMod:NeowsMight","floor":31.0},{"not_picked":["TheCursedMod:UltimatePain","TheCursedMod:ShockAndAwe"],"picked":"TheCursedMod:ManaCirculation+1","floor":33.0},{"not_picked":["TheCursedMod:SmokeScreen+1"],"picked":"SKIP","floor":35.0},{"not_picked":["TheCursedMod:VitalStrike"],"picked":"SKIP","floor":39.0},{"not_picked":[],"picked":"TheCursedMod:CursedMace","floor":41},{"not_picked":["TheCursedMod:RavingStaff+1"],"picked":"SKIP","floor":42},{"not_picked":["TheCursedMod:UltimatePain"],"picked":"SKIP","floor":44},{"not_picked":[],"picked":"TheCursedMod:Stretching","floor":45},{"not_picked":["TheCursedMod:TacticalStrike"],"picked":"SKIP","floor":46},{"not_picked":[],"picked":"TheCursedMod:Stretching+1","floor":48},{"not_picked":[],"picked":"TheCursedMod:SpreadPlague","floor":54}],"player_experience":1030137,"relics_obtained":[{"floor":8.0,"key":"War Paint"},{"floor":9.0,"key":"MawBank"},{"floor":12.0,"key":"Mango"},{"floor":26.0,"key":"Bottled Lightning"},{"floor":28.0,"key":"Frozen Egg 2"},{"floor":31.0,"key":"Lizard Tail"},{"floor":41,"key":"Pantograph"},{"floor":44,"key":"Art of War"},{"floor":54,"key":"Toy Ornithopter"}],"event_choices":[{"damage_healed":0.0,"max_hp_gain":0.0,"max_hp_loss":0.0,"gold_gain":0.0,"event_name":"Upgrade Shrine","player_choice":"Upgraded","floor":2.0,"gold_loss":0.0,"damage_taken":0.0,"cards_upgraded":["TheCursedMod:LuckyCharm"]},{"damage_healed":0.0,"max_hp_gain":0.0,"max_hp_loss":0.0,"gold_gain":0.0,"event_name":"Scrap Ooze","player_choice":"Success","floor":10.0,"gold_loss":0.0,"damage_taken":12.0,"relics_obtained":["InkBottle"]},{"damage_healed":0.0,"max_hp_gain":0.0,"max_hp_loss":0.0,"gold_gain":0.0,"event_name":"N\u0027loth","player_choice":"Traded Relic","floor":20.0,"relics_lost":["War Paint"],"gold_loss":0.0,"damage_taken":0.0,"relics_obtained":["Nloth\u0027s Gift"]},{"damage_healed":0.0,"max_hp_gain":0.0,"max_hp_loss":0.0,"gold_gain":0.0,"event_name":"Accursed Blacksmith","player_choice":"Rummage","floor":24.0,"gold_loss":0.0,"damage_taken":0.0,"relics_obtained":["WarpedTongs"],"cards_obtained":["Pain"]},{"damage_healed":0.0,"max_hp_gain":0.0,"max_hp_loss":0.0,"gold_gain":0.0,"event_name":"Upgrade Shrine","player_choice":"Upgraded","floor":36.0,"gold_loss":0.0,"damage_taken":0.0,"cards_upgraded":["TheCursedMod:HellsGateOpen"]},{"damage_healed":0,"gold_gain":0,"player_choice":"Got Potions","damage_taken":0,"max_hp_gain":0,"max_hp_loss":0,"event_name":"Lab","floor":47,"gold_loss":0}],"is_beta":false,"boss_relics":[{"not_picked":["Runic Dome","Astrolabe"],"picked":"Fusion Hammer"},{"not_picked":["SlaversCollar","Philosopher\u0027s Stone"],"picked":"Busted Crown"}],"items_purged_floors":[3,37],"is_endless":false,"potions_floor_spawned":[4,5,8,14,19,28,29,31,35,41,42,46,54],"ascension_level":0}}