{"host":"ci7ivtocgfxh0ueo","time":1607517391,"event":{"gold_per_floor":[117,117,192,342,362,362,362,389,389,389,389,404,417,429,429,429,429],"floor_reached":16,"playtime":388,"items_purged":[],"score":180,"play_id":"2424dcbb-bc56-463d-be29-38d9acf5a6de","local_time":"20201209203631","is_ascension_mode":true,"campfire_choices":[{"data":"Chill","floor":6,"key":"SMITH"},{"floor":11,"key":"REST"},{"floor":15,"key":"REST"}],"neow_cost":"CURSE","seed_source_timestamp":93068755616700,"circlet_count":0,"master_deck":["AscendersBane","Strike_B","Strike_B","Strike_B+1","Strike_B","Defend_B","Defend_B","Defend_B","Defend_B","Zap","Dualcast","Doubt","Electrodynamics","Conserve Battery+1","Doubt","Chill+1","Parasite","Undo","Defragment","Ball Lightning"],"relics":["Cracked Core","Lantern","MealTicket"],"potions_floor_usage":[8,14],"damage_taken":[{"damage":0,"enemies":"Small Slimes","floor":1,"turns":2},{"damage":0,"enemies":"2 Louse","floor":5,"turns":2},{"damage":43,"enemies":"Lagavulin","floor":8,"turns":9},{"damage":5,"enemies":"Jaw Worm","floor":12,"turns":3},{"damage":1,"enemies":"Large Slime","floor":13,"turns":4},{"damage":6,"enemies":"Exordium Thugs","floor":14,"turns":4},{"damage":38,"enemies":"Hexaghost","floor":16,"turns":9}],"seed_played":"-8793417474211183919","potions_obtained":[{"floor":5,"key":"Energy Potion"},{"floor":12,"key":"Weak Potion"}],"is_trial":false,"path_per_floor":["M","?","?","?","M","R","?","E","T","?","R","M","M","M","R","B"],"character_chosen":"DEFECT","items_purchased":[],"campfire_rested":2,"item_purchase_floors":[],"current_hp_per_floor":[64,43,32,32,32,32,49,6,6,6,27,22,21,15,36,0,0],"gold":429,"neow_bonus":"THREE_RARE_CARDS","is_prod":false,"is_daily":false,"chose_seed":false,"campfire_upgraded":1,"win_rate":0,"timestamp":1607517391,"path_taken":["M","?","?","?","?","R","?","E","T","?","R","?","M","M","R","BOSS"],"build_version":"2020-11-30","purchased_purges":0,"victory":false,"max_hp_per_floor":[71,71,71,71,71,71,71,71,71,71,71,71,71,71,71,71,71],"card_choices":[{"not_picked":["Meteor Strike","Seek"],"picked":"Electrodynamics","floor":0},{"not_picked":["Gash","Blizzard"],"picked":"Conserve Battery","floor":1},{"not_picked":["Rebound","Stack"],"picked":"Chill","floor":5},{"not_picked":["Go for the Eyes","Compile Driver"],"picked":"Undo","floor":8},{"not_picked":["Sweeping Beam","Steam"],"picked":"Defragment","floor":12},{"not_picked":["Scrape","Rebound"],"picked":"Ball Lightning","floor":13},{"not_picked":["Turbo","Barrage","Coolheaded"],"picked":"SKIP","floor":14}],"player_experience":1242012,"relics_obtained":[{"floor":8,"key":"Lantern"},{"floor":9,"key":"MealTicket"}],"event_choices":[{"damage_healed":0,"gold_gain":0,"player_choice":"Entered Light","damage_taken":21,"max_hp_gain":0,"max_hp_loss":0,"event_name":"Shining Light","floor":2,"gold_loss":0,"cards_upgraded":["Conserve Battery","Strike_B"]},{"damage_healed":0,"gold_gain":75,"player_choice":"Gather Gold","damage_taken":11,"max_hp_gain":0,"max_hp_loss":0,"event_name":"World of Goop","floor":3,"gold_loss":0},{"damage_healed":0,"gold_gain":150,"player_choice":"AGREE","damage_taken":0,"max_hp_gain":0,"max_hp_loss":0,"event_name":"Liars Game","floor":4,"gold_loss":0,"cards_obtained":["Doubt"]},{"damage_healed":17,"gold_gain":0,"player_choice":"Healed and dodged fight","damage_taken":0,"max_hp_gain":0,"max_hp_loss":0,"event_name":"Mushrooms","floor":7,"gold_loss":0,"cards_obtained":["Parasite"]},{"damage_healed":0,"gold_gain":0,"player_choice":"0 cards matched","damage_taken":0,"max_hp_gain":0,"max_hp_loss":0,"event_name":"Match and Keep!","floor":10,"gold_loss":0,"cards_obtained":[]}],"is_beta":false,"boss_relics":[],"items_purged_floors":[],"is_endless":false,"potions_floor_spawned":[5,12],"killed_by":"Hexaghost","ascension_level":16}}