{"host":"90396wkrku3on26u","time":1607518345,"event":{"gold_per_floor":[109,39,39,39,39,39,74,74,148,179,198,230,249,298,298,395,445,463,463,477,432,37,37,50,63,63,63,63,63,93,108,108,205,205,221,121,121,133,149,149,181,181,181,198,42,42,42],"floor_reached":46,"playtime":2366,"items_purged":["HollowMod:NailStrikeStart"],"score":648,"play_id":"1afaf5d6-e47a-4965-b8f6-0b738883c512","local_time":"20201209205225","is_ascension_mode":true,"campfire_choices":[{"data":"HollowMod:DoubleDash","floor":6,"key":"SMITH"},{"data":"1","floor":8,"key":"LIFT"},{"floor":15,"key":"REST"},{"data":"2","floor":23,"key":"LIFT"},{"data":"3","floor":27,"key":"LIFT"},{"floor":32,"key":"REST"},{"floor":40,"key":"REST"}],"neow_cost":"NONE","seed_source_timestamp":26844321118700,"circlet_count":0,"master_deck":["HollowMod:NailStrikeStart","HollowMod:NailStrikeStart","HollowMod:NailStrikeStart","HollowMod:FocusHealStart","HollowMod:PogoStrike","HollowMod:DoubleDash+1","Hallownest:skillSlugHide","Hallownest:skillSlugHide","Hallownest:skillSlugHide","Hallownest:skillSlugHide","Hallownest:skillSlugHide","HollowMod:VengefulSpirit","HollowMod:HowlingWraiths","HollowMod:SoulMaster","HollowMod:MantisMark+1","HollowMod:SoulStrike","HollowMod:Weaversong+1","HollowMod:SiblingsSouls","HollowMod:ChannelNail+1","HollowMod:SoulSplash","HollowMod:PerfectDash+1","Apotheosis+1","HollowMod:MantisMark+1","HollowMod:MonarchWings+1","HollowMod:SoulVessel+1"],"relics":["HollowMod:KingsSoulRelic","Hallownest:StagBellRelic1","Girya","Pear","Dream Catcher","Regal Pillow","Art of War","Tiny House","War Paint","HollowMod:LifeEnderRelic","HollowMod:KingsBrand","Hololive_Finger","Kunai","Omamori","Eternal Feather","Hallownest:KingsIdolRelic","Ornamental Fan","Pen Nib"],"potions_floor_usage":[18,33,33,46],"damage_taken":[{"damage":0,"enemies":"Hallownest:2_MossCreeps","floor":1,"turns":5},{"damage":13,"enemies":"Hallownest:eliteMossKnight","floor":7,"turns":20},{"damage":2,"enemies":"Hallownest:eliteVengeflyKing","floor":10,"turns":6},{"damage":0,"enemies":"Hallownest:2_Tiktiks_and_1_Crawlid","floor":11,"turns":2},{"damage":25,"enemies":"Hallownest:eliteMossKnight","floor":12,"turns":8},{"damage":1,"enemies":"Hallownest:2_Baldur","floor":13,"turns":2},{"damage":61,"enemies":"Hallownest:BossHornet","floor":16,"turns":17},{"damage":22,"enemies":"Hallownest:Guard_and_Sentry","floor":18,"turns":5},{"damage":21,"enemies":"Hallownest:2_Mistakes","floor":20,"turns":7},{"damage":2,"enemies":"Hallownest:Master_and_Novice","floor":24,"turns":3},{"damage":28,"enemies":"Hallownest:monsterShrumalOgre","floor":25,"turns":5},{"damage":0,"enemies":"Hallownest:Nosk","floor":30,"turns":5},{"damage":11,"enemies":"Hallownest:monsterMisterMushroom","floor":31,"turns":4},{"damage":13,"enemies":"Hallownest:BossGrimm","floor":33,"turns":7},{"damage":37,"enemies":"Hallownest:2_Littles","floor":35,"turns":4},{"damage":15,"enemies":"Hallownest:Shield_Heavy","floor":38,"turns":3},{"damage":13,"enemies":"Hallownest:2_Soldiers_and_1_Guardian","floor":39,"turns":5},{"damage":5,"enemies":"Hallownest:StalkingDevout","floor":41,"turns":4},{"damage":17,"enemies":"Hallownest:2_Great","floor":44,"turns":6},{"damage":60,"enemies":"Hallownest:2_Primals","floor":46,"turns":2}],"seed_played":"5547298965820388328","potions_obtained":[{"floor":1,"key":"SkillPotion"},{"floor":12,"key":"Energy Potion"},{"floor":13,"key":"Strength Potion"},{"floor":17,"key":"LiquidMemories"},{"floor":18,"key":"Weak Potion"},{"floor":30,"key":"DistilledChaos"},{"floor":38,"key":"Strength Potion"},{"floor":39,"key":"Weak Potion"}],"is_trial":false,"path_per_floor":["M","?","?","?","?","R","E","R","T","E","M","E","M","T","R","B",null,"M","?","M","?","$","R","M","M","T","R","$","?","E","M","R","B",null,"M","?","T","M","M","R","E","?","T","M","$","?"],"character_chosen":"THE_BUGKNIGHT","items_purchased":["Apotheosis","War Paint","Pen Nib"],"campfire_rested":3,"item_purchase_floors":[22,22,45],"current_hp_per_floor":[75,75,75,75,75,75,69,69,79,83,83,70,69,69,85,36,90,74,74,69,69,69,69,73,55,55,55,55,55,55,50,90,87,90,53,53,53,44,31,73,68,68,68,57,57,0,0],"gold":42,"neow_bonus":"BOSS_RELIC","is_prod":false,"is_daily":false,"chose_seed":false,"campfire_upgraded":1,"win_rate":0,"timestamp":1607518345,"path_taken":["M","?","?","?","?","R","E","R","T","E","?","E","?","?","R","BOSS","M","?","M","?","$","R","?","?","T","R","$","?","E","M","R","BOSS","M","?","?","M","M","R","E","?","T","?","$","?"],"build_version":"2020-11-30","purchased_purges":1,"victory":false,"max_hp_per_floor":[75,75,75,75,75,75,75,75,85,85,85,85,85,85,85,85,90,90,90,90,90,90,90,90,90,90,90,90,90,90,90,90,90,90,90,90,90,90,90,90,90,90,90,90,90,90,90],"card_choices":[{"not_picked":["HollowMod:InfectionAssault","HollowMod:WraithStrike"],"picked":"HollowMod:DoubleDash","floor":1},{"not_picked":["HollowMod:VengefulVoid","HollowMod:LuriensSpire"],"picked":"HollowMod:VengefulSpirit","floor":7},{"not_picked":["HollowMod:InfectionAssault","HollowMod:ShadowDash"],"picked":"HollowMod:HowlingWraiths","floor":10},{"not_picked":["HollowMod:LifebloodCocoon","HollowMod:DoubleDash","HollowMod:GrimmsGift"],"picked":"SKIP","floor":11},{"not_picked":["HollowMod:CornifersMapStart","HollowMod:Hiveblood"],"picked":"HollowMod:SoulMaster","floor":12},{"not_picked":["HollowMod:CycloneSlash","HollowMod:ShadowDash"],"picked":"HollowMod:MantisMark","floor":13},{"not_picked":["HollowMod:SharpenedShadows","HollowMod:HeavyBlow"],"picked":"HollowMod:SoulStrike","floor":15},{"not_picked":["HollowMod:Hiveblood","HollowMod:HornetsHelp"],"picked":"HollowMod:Weaversong","floor":16},{"not_picked":["HollowMod:QuirrelsAssistance","HollowMod:VengefulVoid"],"picked":"HollowMod:SiblingsSouls","floor":17},{"not_picked":["HollowMod:SoulStrike+1","HollowMod:NewLittleFool","HollowMod:QuirrelsAssistance"],"picked":"SKIP","floor":18},{"not_picked":["HollowMod:Grubsong+1","HollowMod:VengefulVoid"],"picked":"HollowMod:ChannelNail","floor":19},{"not_picked":["HollowMod:SiblingsShadow","HollowMod:GoodIntentions+1"],"picked":"HollowMod:SoulSplash","floor":19},{"not_picked":["HollowMod:WraithStrike+1","HollowMod:HeavyBlow"],"picked":"HollowMod:PerfectDash+1","floor":20},{"not_picked":["HollowMod:SharpenedShadows","HollowMod:ShadowDash+1","HollowMod:ChannelNail"],"picked":"SKIP","floor":24},{"not_picked":["HollowMod:VengefulSpirit","HollowMod:BlackTendrils","HollowMod:HowlingWraiths+1"],"picked":"SKIP","floor":25},{"not_picked":["HollowMod:LuriensSpire","HollowMod:GrimmsGift","HollowMod:DashSlash"],"picked":"SKIP","floor":30},{"not_picked":["HollowMod:HornetsHelp","HollowMod:SoulSplash","HollowMod:SoulStrike"],"picked":"SKIP","floor":31},{"not_picked":["HollowMod:LuriensSpire","HollowMod:NewLittleFool","HollowMod:DescendingDark+1"],"picked":"SKIP","floor":35},{"not_picked":["HollowMod:InfectedAttack","HollowMod:HornetsHelp"],"picked":"HollowMod:MantisMark+1","floor":38},{"not_picked":["HollowMod:CycloneSlash+1","HollowMod:DoubleDash+1"],"picked":"HollowMod:MonarchWings+1","floor":39},{"not_picked":["HollowMod:InfectedAttack+1","HollowMod:DesolateDive+1"],"picked":"HollowMod:SoulVessel+1","floor":41},{"not_picked":["HollowMod:HowlingWraiths","HollowMod:BrokenVessel","HollowMod:LuriensSpire+1"],"picked":"SKIP","floor":44}],"player_experience":592658,"relics_obtained":[{"floor":7,"key":"Girya"},{"floor":9,"key":"Pear"},{"floor":10,"key":"Dream Catcher"},{"floor":12,"key":"Regal Pillow"},{"floor":14,"key":"Art of War"},{"floor":26,"key":"HollowMod:LifeEnderRelic"},{"floor":30,"key":"HollowMod:KingsBrand"},{"floor":37,"key":"Omamori"},{"floor":41,"key":"Eternal Feather"},{"floor":43,"key":"Ornamental Fan"}],"event_choices":[],"is_beta":false,"boss_relics":[{"not_picked":["Hololive_ChaosS","Busted Crown"],"picked":"Tiny House"},{"not_picked":["Snecko Eye","Sozu"],"picked":"Hololive_Finger"}],"items_purged_floors":[22],"is_endless":false,"potions_floor_spawned":[1,12,13,16,18,24,30,38,39,44],"killed_by":"Hallownest:2_Primals","ascension_level":3}}