{"host":"q0qnzbgdx8oqogg9","time":1607478798,"event":{"gold_per_floor":[113,132,150,150,150,150,183,201,253,22,48,72,84,108,120,236,248,275,303,334,357,58,58,58],"floor_reached":23,"playtime":852,"items_purged":["Strike_G"],"score":277,"play_id":"61df9843-93e2-4a63-83ec-b00fb69a4af1","local_time":"20201208205318","is_ascension_mode":true,"campfire_choices":[{"data":"Neutralize","floor":6,"key":"SMITH"},{"data":"Bouncing Flask","floor":13,"key":"SMITH"},{"data":"Dodge and Roll","floor":15,"key":"SMITH"}],"neow_cost":"NONE","seed_source_timestamp":384794872062100,"circlet_count":0,"master_deck":["Strike_G","Strike_G","Strike_G","Strike_G","Defend_G","Defend_G","Defend_G","Defend_G","Defend_G","Survivor","Neutralize+1","Dodge and Roll+1","Bouncing Flask+1","Caltrops","Die Die Die","Sucker Punch","Deflect","Adrenaline","Noxious Fumes","Bane+1","Backstab","Prepared"],"relics":["Ring of the Snake","Mercury Hourglass","MealTicket","Boot","TwistedFunnel","MawBank","Black Star","WingedGreaves"],"potions_floor_usage":[11,16,18,21,23],"damage_taken":[{"damage":2,"enemies":"Small Slimes","floor":1,"turns":4},{"damage":4,"enemies":"2 Louse","floor":2,"turns":4},{"damage":0,"enemies":"Jaw Worm","floor":3,"turns":7},{"damage":5,"enemies":"Lagavulin","floor":7,"turns":7},{"damage":5,"enemies":"Red Slaver","floor":8,"turns":4},{"damage":5,"enemies":"3 Sentries","floor":11,"turns":5},{"damage":0,"enemies":"Large Slime","floor":12,"turns":4},{"damage":0,"enemies":"Exordium Wildlife","floor":14,"turns":2},{"damage":13,"enemies":"Hexaghost","floor":16,"turns":6},{"damage":7,"enemies":"2 Thieves","floor":18,"turns":4},{"damage":15,"enemies":"3 Byrds","floor":19,"turns":3},{"damage":17,"enemies":"Shelled Parasite and Fungi","floor":20,"turns":5},{"damage":14,"enemies":"Centurion and Healer","floor":21,"turns":4},{"damage":31,"enemies":"Gremlin Leader","floor":23,"turns":2}],"seed_played":"4701200027265899963","potions_obtained":[{"floor":3,"key":"Strength Potion"},{"floor":8,"key":"AttackPotion"},{"floor":11,"key":"Poison Potion"},{"floor":12,"key":"LiquidMemories"},{"floor":16,"key":"AttackPotion"},{"floor":19,"key":"Weak Potion"}],"is_trial":false,"path_per_floor":["M","M","M","?","?","R","E","M","T","$","E","M","R","M","R","B",null,"M","M","M","M","$","E"],"character_chosen":"THE_SILENT","items_purchased":["TwistedFunnel","WingedGreaves"],"campfire_rested":0,"item_purchase_floors":[10,22],"current_hp_per_floor":[68,64,64,57,57,57,52,47,47,62,57,57,57,57,57,44,69,62,47,30,16,31,0,0],"gold":58,"neow_bonus":"TEN_PERCENT_HP_BONUS","is_prod":false,"is_daily":false,"chose_seed":false,"campfire_upgraded":3,"win_rate":0,"timestamp":1607478798,"path_taken":["M","M","M","?","?","R","E","M","T","?","E","?","R","M","R","BOSS","M","M","M","M","$","E"],"build_version":"2020-11-30","purchased_purges":1,"victory":false,"max_hp_per_floor":[77,77,77,77,77,77,77,77,77,77,77,77,77,77,77,77,77,77,77,77,77,77,77,77],"card_choices":[{"not_picked":["Underhanded Strike","Setup"],"picked":"Dodge and Roll","floor":1},{"not_picked":["Slice","Deadly Poison"],"picked":"Bouncing Flask","floor":2},{"not_picked":["Infinite Blades","Escape Plan"],"picked":"Caltrops","floor":3},{"not_picked":["Prepared","Finisher"],"picked":"Die Die Die","floor":7},{"not_picked":["Quick Slash","PiercingWail"],"picked":"Sucker Punch","floor":8},{"not_picked":["Outmaneuver","Bouncing Flask"],"picked":"Deflect","floor":11},{"not_picked":["Quick Slash","Acrobatics","Reflex"],"picked":"SKIP","floor":12},{"not_picked":["Tactician","Blade Dance","Dagger Spray"],"picked":"SKIP","floor":14},{"not_picked":["Venomology","Envenom"],"picked":"Adrenaline","floor":16},{"not_picked":["Deflect","Catalyst"],"picked":"Noxious Fumes","floor":18},{"not_picked":["Skewer+1","Dagger Throw"],"picked":"Bane+1","floor":19},{"not_picked":["Slice","Deflect"],"picked":"Backstab","floor":20},{"not_picked":["Bane+1","Acrobatics"],"picked":"Prepared","floor":21}],"player_experience":174201,"relics_obtained":[{"floor":7,"key":"MealTicket"},{"floor":9,"key":"Boot"},{"floor":11,"key":"MawBank"}],"event_choices":[{"damage_healed":0,"gold_gain":0,"player_choice":"Success","damage_taken":7,"relics_obtained":["Mercury Hourglass"],"max_hp_gain":0,"max_hp_loss":0,"event_name":"Scrap Ooze","floor":4,"gold_loss":0},{"damage_healed":0,"gold_gain":0,"player_choice":"Ignored","damage_taken":0,"max_hp_gain":0,"max_hp_loss":0,"event_name":"Liars Game","floor":5,"gold_loss":0}],"is_beta":false,"boss_relics":[{"not_picked":["Calling Bell","Pandora\u0027s Box"],"picked":"Black Star"}],"items_purged_floors":[10],"is_endless":false,"potions_floor_spawned":[3,8,11,12,16,19],"killed_by":"Gremlin Leader","ascension_level":7}}