{"host":"69rply1jf2d1wbmp","time":1607532509,"event":{"gold_per_floor":[151,6,79,136,167,219,219,294,294,294,334,348,348,422,422,422,422],"floor_reached":16,"playtime":575,"items_purged":[],"score":110,"play_id":"9310f627-7d78-4350-b401-0cd77acb93d8","local_time":"20201209114829","is_ascension_mode":false,"campfire_choices":[{"floor":7,"key":"REST"},{"floor":13,"key":"REST"},{"data":"HandOfGreed","floor":15,"key":"SMITH"}],"neow_cost":"CURSE","seed_source_timestamp":989477681950400,"circlet_count":0,"master_deck":["Strike_G","Strike_G","Strike_G","Strike_G","Strike_G","Defend_G","Defend_G","Defend_G","Defend_G","Defend_G","Survivor","Neutralize","Normality","HandOfGreed+1","Dagger Spray","After Image","Infinite Blades","Parasite","Sucker Punch","Deadly Poison"],"relics":["Ring of the Snake","Pocketwatch","Letter Opener","Matryoshka"],"potions_floor_usage":[14,16,16],"damage_taken":[{"damage":0,"enemies":"2 Louse","floor":1,"turns":4},{"damage":0,"enemies":"Small Slimes","floor":4,"turns":6},{"damage":1,"enemies":"Jaw Worm","floor":5,"turns":4},{"damage":39,"enemies":"Gremlin Nob","floor":6,"turns":6},{"damage":2,"enemies":"Blue Slaver","floor":11,"turns":3},{"damage":2,"enemies":"Looter","floor":12,"turns":4},{"damage":19,"enemies":"3 Sentries","floor":14,"turns":6},{"damage":55,"enemies":"Slime Boss","floor":16,"turns":10}],"seed_played":"2356069650533678154","potions_obtained":[{"floor":6,"key":"Poison Potion"},{"floor":11,"key":"DuplicationPotion"},{"floor":12,"key":"Fire Potion"},{"floor":14,"key":"Weak Potion"}],"is_trial":false,"path_per_floor":["M","$","?","M","M","E","R","?","T","?","M","M","R","E","R","B"],"character_chosen":"THE_SILENT","items_purchased":["After Image"],"campfire_rested":2,"item_purchase_floors":[2],"current_hp_per_floor":[70,70,70,70,69,30,51,40,40,57,55,53,70,51,51,0,0],"gold":422,"neow_bonus":"RANDOM_COLORLESS_2","is_prod":false,"is_daily":false,"chose_seed":false,"campfire_upgraded":1,"win_rate":0,"timestamp":1607532509,"path_taken":["M","$","?","M","M","E","R","?","T","?","M","M","R","E","R","BOSS"],"build_version":"2020-11-30","purchased_purges":0,"victory":false,"max_hp_per_floor":[70,70,70,70,70,70,70,70,70,70,70,70,70,70,70,70,70],"card_choices":[{"not_picked":["Master of Strategy","Panache"],"picked":"HandOfGreed","floor":0},{"not_picked":["Prepared","Dodge and Roll"],"picked":"Dagger Spray","floor":1},{"not_picked":["Endless Agony","Catalyst"],"picked":"Infinite Blades","floor":4},{"not_picked":["Outmaneuver","Dodge and Roll","Skewer"],"picked":"SKIP","floor":5},{"not_picked":["Cloak And Dagger","Concentrate","Dagger Spray"],"picked":"SKIP","floor":6},{"not_picked":["Underhanded Strike","All Out Attack","Dagger Spray"],"picked":"SKIP","floor":11},{"not_picked":["Dagger Throw","Tactician"],"picked":"Sucker Punch","floor":12},{"not_picked":["Burst","Outmaneuver"],"picked":"Deadly Poison","floor":14}],"player_experience":318026,"relics_obtained":[{"floor":6,"key":"Pocketwatch"},{"floor":9,"key":"Letter Opener"},{"floor":14,"key":"Matryoshka"}],"event_choices":[{"damage_healed":0,"gold_gain":73,"player_choice":"Gained Gold","damage_taken":0,"max_hp_gain":0,"max_hp_loss":0,"event_name":"Golden Wing","floor":3,"gold_loss":0},{"damage_healed":0,"gold_gain":75,"player_choice":"Gather Gold","damage_taken":11,"max_hp_gain":0,"max_hp_loss":0,"event_name":"World of Goop","floor":8,"gold_loss":0},{"damage_healed":17,"gold_gain":0,"player_choice":"Healed and dodged fight","damage_taken":0,"max_hp_gain":0,"max_hp_loss":0,"event_name":"Mushrooms","floor":10,"gold_loss":0,"cards_obtained":["Parasite"]}],"is_beta":false,"boss_relics":[],"items_purged_floors":[],"is_endless":false,"potions_floor_spawned":[6,11,12,14],"killed_by":"Slime Boss","ascension_level":0}}