{"host":"jm9833yuloeli2yd","time":1607539355,"event":{"gold_per_floor":[13,163,163,179,14,39,50,50,50,82,82,100,112,137,137,208,208,227,262,262,242,242],"floor_reached":21,"playtime":510,"items_purged":[],"score":394,"play_id":"dd329f65-f232-45cc-ba5b-9a9db4bd12ea","local_time":"20201209134235","is_ascension_mode":true,"campfire_choices":[{"floor":8.0,"key":"REST"},{"floor":15,"key":"REST"}],"neow_cost":"NO_GOLD","seed_source_timestamp":765313620190900,"circlet_count":0,"master_deck":["AscendersBane","Strike_B","Strike_B","Strike_B","Strike_B","Defend_B","Defend_B","Defend_B","Defend_B","Zap","Dualcast","Apotheosis","Gash","Streamline","Go for the Eyes","Gash","Core Surge","Echo Form","Conserve Battery"],"special_seed":0,"relics":["Cracked Core","Sling","Ginger","HornCleat","Bag of Preparation","Ancient Tea Set","Boot","SlaversCollar","Red Mask"],"potions_floor_usage":[16],"damage_taken":[{"damage":8.0,"enemies":"2 Louse","floor":1.0,"turns":3.0},{"damage":4.0,"enemies":"Small Slimes","floor":4.0,"turns":3.0},{"damage":4.0,"enemies":"Lagavulin","floor":6.0,"turns":7.0},{"damage":7.0,"enemies":"Jaw Worm","floor":7.0,"turns":4.0},{"damage":24.0,"enemies":"Gremlin Nob","floor":10.0,"turns":4.0},{"damage":9.0,"enemies":"Blue Slaver","floor":12.0,"turns":3.0},{"damage":9.0,"enemies":"3 Louse","floor":13.0,"turns":3.0},{"damage":4,"enemies":"3 Sentries","floor":14,"turns":6},{"damage":4,"enemies":"Slime Boss","floor":16,"turns":8},{"damage":16,"enemies":"Shell Parasite","floor":18,"turns":5},{"damage":42,"enemies":"Masked Bandits","floor":19,"turns":6},{"damage":8,"enemies":"2 Thieves","floor":21,"turns":1}],"seed_played":"-4068319941610633403","potions_obtained":[{"floor":6.0,"key":"BlessingOfTheForge"},{"floor":7.0,"key":"SpeedPotion"},{"floor":14,"key":"Explosive Potion"}],"is_trial":false,"path_per_floor":["M","?","?","M","$","E","M","R","T","E","T","M","M","E","R","B",null,"M","?","?","M"],"character_chosen":"DEFECT","items_purchased":["Sling"],"campfire_rested":2,"item_purchase_floors":[5],"current_hp_per_floor":[56,56,49,45,45,41,34,55,55,31,31,22,13,9,30,26,60,44,2,2,0,0],"gold":242,"neow_bonus":"RANDOM_COLORLESS_2","is_prod":false,"is_daily":false,"chose_seed":false,"campfire_upgraded":0,"win_rate":0,"timestamp":1607539355,"path_taken":["M","?","?","M","$","E","M","R","T","E","?","M","M","E","R","BOSS","M","?","?","M"],"build_version":"2020-11-30","purchased_purges":0,"victory":false,"max_hp_per_floor":[71,71,71,71,71,71,71,71,71,71,71,71,71,71,71,71,71,71,71,71,71,71],"card_choices":[{"not_picked":["Chrysalis","The Bomb"],"picked":"Apotheosis","floor":0.0},{"not_picked":["Steam","Fusion"],"picked":"Gash","floor":1.0},{"not_picked":["Auto Shields","Double Energy","Coolheaded"],"picked":"SKIP","floor":4.0},{"not_picked":["Echo Form","Auto Shields"],"picked":"Streamline","floor":6.0},{"not_picked":["Skim","Compile Driver"],"picked":"Go for the Eyes","floor":7.0},{"not_picked":["Fusion","Hello World","Conserve Battery"],"picked":"SKIP","floor":10.0},{"not_picked":["Static Discharge","Ball Lightning"],"picked":"Gash","floor":12.0},{"not_picked":["Steam","Reinforced Body"],"picked":"Core Surge","floor":13.0},{"not_picked":["Steam Power","Heatsinks","Redo"],"picked":"SKIP","floor":14},{"not_picked":["Seek","Buffer"],"picked":"Echo Form","floor":16},{"not_picked":["Scrape","Coolheaded"],"picked":"Conserve Battery","floor":18}],"player_experience":982883,"relics_obtained":[{"floor":6.0,"key":"Ginger"},{"floor":9.0,"key":"HornCleat"},{"floor":10.0,"key":"Bag of Preparation"},{"floor":11.0,"key":"Ancient Tea Set"},{"floor":14,"key":"Boot"},{"floor":19,"key":"Red Mask"}],"event_choices":[{"damage_healed":0.0,"max_hp_gain":0.0,"max_hp_loss":0.0,"gold_gain":150.0,"event_name":"Liars Game","player_choice":"AGREE","floor":2.0,"gold_loss":0.0,"damage_taken":0.0,"cards_obtained":["Doubt"]},{"cards_removed":["Doubt"],"damage_healed":0.0,"max_hp_gain":0.0,"max_hp_loss":0.0,"gold_gain":0.0,"event_name":"Golden Wing","player_choice":"Card Removal","floor":3.0,"gold_loss":0.0,"damage_taken":7.0},{"damage_healed":0,"gold_gain":0,"player_choice":"Fought Bandits","damage_taken":0,"max_hp_gain":0,"max_hp_loss":0,"event_name":"Masked Bandits","floor":19,"gold_loss":0},{"damage_healed":0,"gold_gain":0,"player_choice":"3","damage_taken":0,"max_hp_gain":0,"max_hp_loss":0,"event_name":"betterMatch:BetterMatch","floor":20,"gold_loss":0,"cards_obtained":[]}],"is_beta":false,"boss_relics":[{"not_picked":["Calling Bell","SacredBark"],"picked":"SlaversCollar"}],"items_purged_floors":[],"is_endless":false,"potions_floor_spawned":[6,7,14],"killed_by":"2 Thieves","ascension_level":20}}