{"host":"4a74ahoqn3axhnkt","time":1607480575,"event":{"gold_per_floor":[112,16,16,30,30,30,63,63,90,90,103,103,130,148,148,251,251,264,282,282,282],"floor_reached":20,"playtime":1009,"items_purged":[],"score":278,"play_id":"6cc57491-9289-4137-80df-b264b8bc32d0","local_time":"20201208202255","is_ascension_mode":true,"campfire_choices":[{"data":"Eruption","floor":6,"key":"SMITH"},{"data":"1","floor":8,"key":"LIFT"},{"data":"2","floor":12,"key":"LIFT"},{"data":"3","floor":15,"key":"LIFT"}],"neow_cost":"NONE","seed_source_timestamp":18137490491800,"circlet_count":0,"master_deck":["Strike_P","Strike_P","Strike_P","Strike_P","Defend_P","Defend_P","Defend_P","Defend_P","Eruption+1","Vigilance","Conclude","Replay:BasicMightCard+1","Consecrate","Devotion","Replay:LoomingThreat"],"relics":["PureWater","NeowsBlessing","FaceOfCleric","Girya","Thread and Needle","Black Star"],"potions_floor_usage":[16,16,19],"damage_taken":[{"damage":0,"enemies":"2 Louse","floor":1,"turns":1},{"damage":0,"enemies":"Cultist","floor":4,"turns":1},{"damage":0,"enemies":"Lagavulin","floor":7,"turns":1},{"damage":5,"enemies":"Small Slimes","floor":11,"turns":2},{"damage":0,"enemies":"Gremlin Nob","floor":13,"turns":2},{"damage":0,"enemies":"Exordium Thugs","floor":14,"turns":2},{"damage":34,"enemies":"Hexaghost","floor":16,"turns":6},{"damage":14,"enemies":"2 Thieves","floor":18,"turns":3},{"damage":11,"enemies":"Spheric Guardian","floor":19,"turns":4},{"damage":58,"enemies":"Cultist and Chosen","floor":20,"turns":6}],"seed_played":"-7064322281390657400","potions_obtained":[{"floor":4,"key":"Weak Potion"},{"floor":13,"key":"Energy Potion"},{"floor":18,"key":"EssenceOfSteel"}],"is_trial":false,"path_per_floor":["M","$","?","M","?","R","E","R","T","$","M","R","E","M","R","B",null,"M","M","M"],"character_chosen":"WATCHER","items_purchased":["Replay:BasicMightCard"],"campfire_rested":0,"item_purchase_floors":[2],"current_hp_per_floor":[72,72,72,73,73,73,74,74,74,74,70,70,71,72,72,39,78,65,55,0,0],"gold":282,"neow_bonus":"THREE_ENEMY_KILL","is_prod":false,"is_daily":false,"chose_seed":false,"campfire_upgraded":1,"win_rate":0,"timestamp":1607480575,"path_taken":["M","$","?","?","?","R","E","R","T","?","?","R","E","M","R","BOSS","M","M","M"],"build_version":"2020-11-30","purchased_purges":0,"victory":false,"max_hp_per_floor":[72,72,72,73,73,73,74,74,74,74,75,75,76,77,77,78,78,79,80,80,80],"card_choices":[{"not_picked":["ClearTheMind","Worship"],"picked":"Conclude","floor":1},{"not_picked":["ThirdEye","Wireheading"],"picked":"Consecrate","floor":4},{"not_picked":["Protect","Replay:AtTheReady","Replay:Vibes"],"picked":"SKIP","floor":7},{"not_picked":["EmptyBody","FlurryOfBlows","BowlingBash"],"picked":"SKIP","floor":11},{"not_picked":["Replay:ManipulateFuture","Protect"],"picked":"Devotion","floor":13},{"not_picked":["JustLucky","FlyingSleeves","InnerPeace"],"picked":"SKIP","floor":14},{"not_picked":["Vault","Devotion"],"picked":"Replay:LoomingThreat","floor":16},{"not_picked":["FlyingSleeves","Crescendo","InnerPeace"],"picked":"SKIP","floor":18},{"not_picked":["Weave","CrushJoints+1","PathToVictory"],"picked":"SKIP","floor":19}],"player_experience":270878,"relics_obtained":[{"floor":7,"key":"Girya"},{"floor":13,"key":"Thread and Needle"}],"event_choices":[{"damage_healed":0,"gold_gain":0,"player_choice":"Trade","damage_taken":0,"relics_obtained":["FaceOfCleric"],"max_hp_gain":0,"max_hp_loss":0,"event_name":"FaceTrader","floor":3,"gold_loss":0},{"damage_healed":0,"gold_gain":0,"player_choice":"Upgraded","damage_taken":0,"max_hp_gain":0,"max_hp_loss":0,"event_name":"Upgrade Shrine","floor":5,"gold_loss":0,"cards_upgraded":["Replay:BasicMightCard"]}],"is_beta":false,"boss_relics":[{"not_picked":["HolyWater","Replay:Drink Me"],"picked":"Black Star"}],"items_purged_floors":[],"is_endless":false,"potions_floor_spawned":[4,13,18],"killed_by":"Cultist and Chosen","ascension_level":4}}