{"host":"oeh4wb93hhtrshvk","time":1607548746,"event":{"gold_per_floor":[414,414,314,55,55,55,70,108,158,226,315,315,395,482,482,547,547],"floor_reached":16,"playtime":942,"items_purged":[],"score":193,"play_id":"f01ee2b3-cad6-480d-8ec5-dfde03b3ec38","local_time":"20201209221906","daily_mods":["Heirloom","DeadlyEvents"],"is_ascension_mode":false,"campfire_choices":[{"data":"conspire:SpireCoStock","floor":6,"key":"SMITH"},{"floor":12,"key":"REST"},{"data":"hermit:CursedWeapon","floor":15,"key":"SMITH"}],"neow_cost":"","seed_source_timestamp":5568628284500,"circlet_count":0,"master_deck":["conspire:GhostlyStrike","conspire:GhostlyStrike","conspire:GhostlyStrike","conspire:GhostlyStrike","conspire:GhostlyDefend","conspire:GhostlyDefend","conspire:GhostlyDefend","conspire:GhostlyDefend","hermit:Snapshot","hermit:Covet","hermit:Deadeye","conspire:SpireCoStock+1","conspire:SpireCoStock","hermit:Glare","hermit:Roughhouse+1","hermit:Scavenge","hermit:CursedWeapon+1","hermit:GoldenBullet"],"relics":["hermit:Momento","Old Coin","Mummified Hand","Anchor","Strawberry","Replay:Bandana","vexMod:RedPlottingStone","Replay:Bottled Eggs"],"potions_floor_usage":[11,13,16],"damage_taken":[{"damage":5,"enemies":"Small Slimes","floor":1,"turns":3},{"damage":0,"enemies":"2 Louse","floor":7,"turns":2},{"damage":26,"enemies":"Lagavulin","floor":8,"turns":6},{"damage":0,"enemies":"Jaw Worm","floor":10,"turns":3},{"damage":11,"enemies":"3 Sentries","floor":11,"turns":6},{"damage":0,"enemies":"Lagavulin","floor":13,"turns":5},{"damage":10,"enemies":"Blue Slaver","floor":14,"turns":7},{"damage":40,"enemies":"Fading Forest","floor":16,"turns":8}],"seed_played":"-2834518571994067527","potions_obtained":[{"floor":1,"key":"blueLaboratory:ImpenetrablePotion"},{"floor":8,"key":"Explosive Potion"},{"floor":11,"key":"Dexterity Potion"},{"floor":14,"key":"DistilledChaos"}],"is_trial":true,"path_per_floor":["M","?","?","$","?","R","M","E","T","M","E","R","E","M","R","B"],"character_chosen":"HERMIT","items_purchased":["Mummified Hand"],"campfire_rested":1,"item_purchase_floors":[4],"current_hp_per_floor":[70,70,70,70,45,45,45,26,26,26,15,39,39,29,29,0,0],"gold":547,"neow_bonus":"","is_prod":false,"is_daily":false,"chose_seed":false,"campfire_upgraded":2,"win_rate":0.0,"timestamp":1607548746,"path_taken":["M","?","?","$","?","R","M","E","T","?","E","R","E","M","R","BOSS"],"build_version":"2020-11-30","purchased_purges":0,"victory":false,"max_hp_per_floor":[75,75,75,75,75,75,75,82,82,82,82,82,82,82,82,82,82],"card_choices":[{"not_picked":["hermit:Vantage","hermit:NoHoldsBarred"],"picked":"hermit:Deadeye","floor":1},{"not_picked":["hermit:HighCaliber","hermit:Misfire"],"picked":"hermit:Glare","floor":7},{"not_picked":["hermit:Showdown","hermit:Roulette"],"picked":"hermit:Roughhouse","floor":8},{"not_picked":["hermit:SprayPray","hermit:Glare"],"picked":"hermit:Scavenge","floor":10},{"not_picked":["hermit:HoleUp","hermit:TrackingShot"],"picked":"hermit:CursedWeapon","floor":11},{"not_picked":["hermit:BodyArmor","hermit:Misfire","hermit:Roulette"],"picked":"SKIP","floor":13},{"not_picked":["hermit:WideOpen","hermit:Desperado"],"picked":"hermit:GoldenBullet","floor":14}],"player_experience":622699,"relics_obtained":[{"floor":8,"key":"Strawberry"},{"floor":9,"key":"Replay:Bandana"},{"floor":11,"key":"vexMod:RedPlottingStone"},{"floor":13,"key":"Replay:Bottled Eggs"}],"event_choices":[{"damage_healed":0,"gold_gain":0,"player_choice":"Agree","damage_taken":0,"max_hp_gain":0,"max_hp_loss":0,"event_name":"conspire:LoneGhost","floor":2,"gold_loss":0},{"damage_healed":0,"gold_gain":0,"player_choice":"Invest 2","damage_taken":0,"max_hp_gain":0,"max_hp_loss":0,"event_name":"conspire:Investor","floor":3,"gold_loss":0},{"damage_healed":0,"gold_gain":0,"player_choice":"Relic ","damage_taken":25,"max_hp_gain":0,"max_hp_loss":0,"event_name":"betterThird:BetterScrap","floor":5,"gold_loss":0,"cards_obtained":["Tactician"]}],"is_beta":false,"boss_relics":[],"items_purged_floors":[],"is_endless":false,"potions_floor_spawned":[1,8,11,14],"killed_by":"Fading Forest","ascension_level":0}}