{"host":"ecaj4hn004xnnrw9","time":1607542134,"event":{"gold_per_floor":[115,127,147,147,164,191,156,185,485,485,513,524,524,543,543,662,662,682,80,100,119,119,162,162,206,206,206,221,221,85,10,10,10,10],"floor_reached":33,"playtime":1164,"items_purged":["Strike_P","Devotion"],"score":381,"play_id":"94aec778-c21a-40cc-9fe4-b2d69bf671df","local_time":"20201209192854","is_ascension_mode":true,"campfire_choices":[{"floor":10,"key":"REST"},{"data":"Strike_P","floor":15,"key":"PURGE"},{"data":"Apotheosis","floor":24,"key":"SMITH"},{"floor":29,"key":"REST"},{"data":"Eruption","floor":32,"key":"SMITH"}],"neow_cost":"NONE","seed_source_timestamp":14186368366900,"circlet_count":0,"master_deck":["Strike_P","Strike_P","Defend_P","Defend_P","Defend_P","Eruption+1","Vigilance","SashWhip","Consecrate","SashWhip","WindmillStrike","FollowUp","Replay:Hum","FearNoEvil","TalkToTheHand","Consecrate","Protect","Apotheosis+1","Halt","Wallop","WaveOfTheHand+1","DevaForm+1","LessonLearned+1"],"relics":["PureWater","NeowsBlessing","FaceOfCleric","TeardropLocket","Old Coin","BranchBurnRelic","The Courier","Golden Idol","ReplayTheSpireMod:DimensionalGlitch","BargainBundle","Onion Ring","Ornamental Fan","Golden Egg","Simple Rune","Tiny Chest","Question Card"],"potions_floor_usage":[6,8,16,23,28,33],"damage_taken":[{"damage":0,"enemies":"Cultist","floor":1,"turns":1},{"damage":0,"enemies":"2 Louse","floor":2,"turns":1},{"damage":0,"enemies":"Small Slimes","floor":3,"turns":1},{"damage":29,"enemies":"Exordium Thugs","floor":5,"turns":3},{"damage":34,"enemies":"3 Sentries","floor":6,"turns":5},{"damage":24,"enemies":"Gremlin Nob","floor":8,"turns":3},{"damage":15,"enemies":"3 Sentries","floor":11,"turns":3},{"damage":4,"enemies":"Blue Slaver","floor":12,"turns":2},{"damage":12,"enemies":"2 Fungi Beasts","floor":14,"turns":3},{"damage":60,"enemies":"Fading Forest","floor":16,"turns":11},{"damage":6,"enemies":"Shell Parasite","floor":18,"turns":3},{"damage":0,"enemies":"Spheric Guardian","floor":20,"turns":2},{"damage":0,"enemies":"Chosen and Byrds","floor":21,"turns":4},{"damage":21,"enemies":"Gremlin Leader","floor":23,"turns":7},{"damage":11,"enemies":"Book of Stabbing","floor":25,"turns":6},{"damage":28,"enemies":"Sentry and Sphere","floor":28,"turns":6},{"damage":56,"enemies":"Champ","floor":33,"turns":9}],"seed_played":"-3518372430792917515","potions_obtained":[{"floor":5,"key":"Death Potion"},{"floor":6,"key":"SpeedPotion"},{"floor":11,"key":"FairyPotion"},{"floor":14,"key":"SteroidPotion"},{"floor":18,"key":"SpeedPotion"},{"floor":25,"key":"SkillPotion"}],"is_trial":false,"path_per_floor":["M","M","M","?","M","E","?","E","T","R","E","M","?","M","R","B",null,"M","$","M","M","?","E","R","E","T","?","M","R","$","?","R","B"],"character_chosen":"WATCHER","items_purchased":["BargainBundle","TalkToTheHand","Consecrate","Milkshake","StancePotion","Onion Ring","Ornamental Fan","Protect","Apotheosis","LessonLearned"],"campfire_rested":2,"item_purchase_floors":[19,19,19,19,19,19,19,19,19,30],"current_hp_per_floor":[72,72,72,72,44,11,29,6,6,28,23,20,20,9,9,11,58,53,53,54,55,55,35,35,34,34,34,7,30,30,30,30,0,0],"gold":10,"neow_bonus":"THREE_ENEMY_KILL","is_prod":false,"is_daily":false,"chose_seed":false,"campfire_upgraded":2,"win_rate":0,"timestamp":1607542134,"path_taken":["M","M","?","?","?","E","?","E","T","R","E","M","?","M","R","BOSS","M","$","M","M","?","E","R","E","T","?","?","R","$","?","R","BOSS"],"build_version":"2020-11-30","purchased_purges":2,"victory":false,"max_hp_per_floor":[72,72,72,72,73,74,74,75,75,75,76,77,71,72,72,73,73,74,74,75,76,76,77,77,78,78,78,79,79,79,79,79,79,79],"card_choices":[{"not_picked":["Halt","PathToVictory"],"picked":"SashWhip","floor":1},{"not_picked":["EmptyBody","Replay:AtTheReady","Prostrate"],"picked":"SKIP","floor":2},{"not_picked":["PathToVictory","Vengeance","Meditate"],"picked":"SKIP","floor":3},{"not_picked":["Halt","Replay:Battleflow"],"picked":"Consecrate","floor":5},{"not_picked":["Replay:Cycle","Brilliance","Evaluate"],"picked":"SKIP","floor":6},{"not_picked":["ThirdEye","Adaptation"],"picked":"SashWhip","floor":8},{"not_picked":["SashWhip","JustLucky"],"picked":"WindmillStrike","floor":11},{"not_picked":["EmptyFist","Crescendo"],"picked":"FollowUp","floor":12},{"not_picked":["Prostrate","FollowUp"],"picked":"Replay:Hum","floor":14},{"not_picked":["DeusExMachina","Brilliance"],"picked":"Devotion","floor":16},{"not_picked":["Replay:Hum","CutThroughFate"],"picked":"FearNoEvil","floor":18},{"not_picked":["FollowUp","Crescendo"],"picked":"Halt","floor":20},{"not_picked":["CutThroughFate","Replay:AtTheReady","WreathOfFlame"],"picked":"SKIP","floor":21},{"not_picked":["Consecrate","EmptyBody+1"],"picked":"WaveOfTheHand+1","floor":23},{"not_picked":["Consecrate","SandsOfTime+1"],"picked":"DevaForm","floor":25},{"not_picked":["PathToVictory+1","Wireheading","Crescendo+1","EmptyFist"],"picked":"SKIP","floor":28}],"player_experience":135606,"relics_obtained":[{"floor":6,"key":"TeardropLocket"},{"floor":8,"key":"Dead Branch"},{"floor":9,"key":"Old Coin"},{"floor":11,"key":"The Courier"},{"floor":23,"key":"Golden Egg"},{"floor":25,"key":"Simple Rune"},{"floor":26,"key":"Tiny Chest"}],"event_choices":[{"damage_healed":0,"gold_gain":0,"player_choice":"Trade","damage_taken":0,"relics_obtained":["FaceOfCleric"],"max_hp_gain":0,"max_hp_loss":0,"event_name":"FaceTrader","floor":4,"gold_loss":0},{"damage_healed":18,"gold_gain":0,"player_choice":"Healed","damage_taken":0,"max_hp_gain":0,"max_hp_loss":0,"event_name":"The Cleric","floor":7,"gold_loss":35},{"damage_healed":0,"gold_gain":0,"player_choice":"Lose Max HP","damage_taken":0,"relics_obtained":["Golden Idol"],"max_hp_gain":0,"max_hp_loss":6,"event_name":"Golden Idol","floor":13,"gold_loss":0},{"damage_healed":0,"gold_gain":0,"player_choice":"Read","damage_taken":0,"max_hp_gain":0,"max_hp_loss":0,"event_name":"The Library","floor":22,"gold_loss":0,"cards_obtained":["Wallop"]},{"damage_healed":0,"gold_gain":0,"player_choice":"Gave Potion","damage_taken":0,"relics_obtained":["Question Card"],"max_hp_gain":0,"max_hp_loss":0,"event_name":"WeMeetAgain","floor":27,"gold_loss":0},{"cards_removed":["Defend_P"],"damage_healed":0,"gold_gain":0,"player_choice":"Gave Gold","damage_taken":0,"max_hp_gain":0,"max_hp_loss":0,"event_name":"Beggar","floor":31,"gold_loss":75}],"is_beta":false,"boss_relics":[{"not_picked":["Ectoplasm","Replay:Drink Me"],"picked":"ReplayTheSpireMod:DimensionalGlitch"}],"items_purged_floors":[19,30],"is_endless":false,"potions_floor_spawned":[5,6,11,14,18,25],"killed_by":"Champ","ascension_level":5}}