{"host":"bnbc66jny2i0hx0x","time":1607487451,"event":{"gold_per_floor":[111,129,129,183,34,64,13,48,48,71,98,173,206,218,218,295,295,312,21,41,59,59,59,93,93,93,103,134,134,163,181,181,255,255,273,287,37,37,50,50,83,93,93,93,128,142,142,171,171,171],"floor_reached":51,"playtime":2680,"items_purged":["Strike_R"],"score":1574,"play_id":"cbb7dcb0-1463-4eb8-9c4d-569708ad5f29","local_time":"20201208201731","is_ascension_mode":true,"campfire_choices":[{"data":"Heavy Blade","floor":15.0,"key":"SMITH"},{"data":"Fiend Fire","floor":23.0,"key":"SMITH"},{"data":"Bash","floor":25.0,"key":"SMITH"},{"data":"Disarm","floor":29.0,"key":"SMITH"},{"data":"Pummel","floor":32.0,"key":"SMITH"},{"data":"Apotheosis","floor":40.0,"key":"SMITH"},{"data":"Fiend Fire","floor":44.0,"key":"SMITH"},{"data":"Impervious","floor":47.0,"key":"SMITH"},{"data":"Sentinel","floor":49.0,"key":"SMITH"}],"neow_cost":"NONE","seed_source_timestamp":99088689471900,"circlet_count":0,"master_deck":["AscendersBane","Strike_R","Strike_R","Strike_R","Strike_R","Defend_R","Defend_R","Defend_R","Defend_R","Bash+1","Twin Strike","Fiend Fire+1","Heavy Blade+1","Sword Boomerang","Corruption+1","Sword Boomerang","Shrug It Off","Pummel+1","Disarm+1","Pummel+1","Dark Embrace+1","Fiend Fire+1","Sentinel+1","Apotheosis+1","Impervious+1","Reaper+1"],"special_seed":0,"relics":["Black Blood","MealTicket","Ancient Tea Set","Brimstone","Frozen Egg 2","White Beast Statue","HornCleat","Odd Mushroom","Kunai","The Courier","SacredBark","Bottled Tornado","Nloth\u0027s Gift","PreservedInsect","Mummified Hand","Nunchaku","Strawberry","Potion Belt","Juzu Bracelet","Vajra","Magic Flower","Molten Egg 2"],"potions_floor_usage":[50,50],"damage_taken":[{"damage":0.0,"enemies":"Cultist","floor":1.0,"turns":1.0},{"damage":0.0,"enemies":"2 Louse","floor":2.0,"turns":1.0},{"damage":0.0,"enemies":"3 Sentries","floor":6.0,"turns":2.0},{"damage":18.0,"enemies":"Gremlin Nob","floor":8.0,"turns":3.0},{"damage":14.0,"enemies":"The Mushroom Lair","floor":10.0,"turns":3.0},{"damage":6.0,"enemies":"3 Sentries","floor":11.0,"turns":4.0},{"damage":0.0,"enemies":"Lagavulin","floor":13.0,"turns":4.0},{"damage":8.0,"enemies":"Jaw Worm","floor":14.0,"turns":2.0},{"damage":47.0,"enemies":"Hexaghost","floor":16.0,"turns":5.0},{"damage":0.0,"enemies":"Chosen","floor":18.0,"turns":3.0},{"damage":0.0,"enemies":"2 Thieves","floor":20.0,"turns":2.0},{"damage":2.0,"enemies":"Sentry and Sphere","floor":21.0,"turns":4.0},{"damage":2.0,"enemies":"Book of Stabbing","floor":24.0,"turns":3.0},{"damage":4.0,"enemies":"Snake Plant","floor":27.0,"turns":3.0},{"damage":17.0,"enemies":"Slavers","floor":28.0,"turns":3.0},{"damage":12.0,"enemies":"Book of Stabbing","floor":30.0,"turns":3.0},{"damage":3.0,"enemies":"Cultist and Chosen","floor":31.0,"turns":3.0},{"damage":40.0,"enemies":"Champ","floor":33.0,"turns":7.0},{"damage":12.0,"enemies":"Orb Walker","floor":35.0,"turns":2.0},{"damage":17.0,"enemies":"3 Shapes","floor":36.0,"turns":6.0},{"damage":28.0,"enemies":"Jaw Worm Horde","floor":39.0,"turns":3.0},{"damage":5.0,"enemies":"Nemesis","floor":41.0,"turns":3.0},{"damage":22.0,"enemies":"Maw","floor":42.0,"turns":5.0},{"damage":0.0,"enemies":"Giant Head","floor":45.0,"turns":3.0},{"damage":0.0,"enemies":"3 Darklings","floor":46.0,"turns":3.0},{"damage":0.0,"enemies":"Reptomancer","floor":48.0,"turns":4.0},{"damage":1,"enemies":"Donu and Deca","floor":50,"turns":5}],"seed_played":"108892369841255860","potions_obtained":[{"floor":8.0,"key":"Block Potion"},{"floor":10.0,"key":"LiquidMemories"},{"floor":16.0,"key":"DistilledChaos"},{"floor":20.0,"key":"BlessingOfTheForge"},{"floor":21.0,"key":"DistilledChaos"},{"floor":24.0,"key":"BloodPotion"},{"floor":28.0,"key":"Ancient Potion"},{"floor":30.0,"key":"Block Potion"},{"floor":39.0,"key":"DistilledChaos"},{"floor":41.0,"key":"AttackPotion"},{"floor":42.0,"key":"Energy Potion"},{"floor":45.0,"key":"Regen Potion"},{"floor":46.0,"key":"SkillPotion"}],"is_trial":false,"path_per_floor":["M","M","?","T","$","E","$","E","T","?","E","?","E","M","R","B",null,"M","$","M","M","?","R","E","R","T","M","E","R","E","M","R","B",null,"M","M","$","?","M","R","E","M","T","R","E","M","R","E","R","B",null],"character_chosen":"IRONCLAD","items_purchased":["Brimstone","Heavy Blade","Bottled Tornado","Shrug It Off","Potion Belt","Apotheosis"],"campfire_rested":0,"item_purchase_floors":[5,7,19,19,37,37],"current_hp_per_floor":[74,75,49,49,64,70,75,63,63,55,55,44,50,48,48,7,58,64,75,75,75,75,75,75,75,75,75,64,64,65,68,68,34,70,70,65,80,80,64,64,71,61,61,61,73,82,82,82,82,82],"gold":171,"neow_bonus":"THREE_ENEMY_KILL","is_prod":false,"is_daily":false,"chose_seed":false,"campfire_upgraded":9,"win_rate":0,"timestamp":1607487451,"path_taken":["M","?","?","?","$","E","$","E","T","?","E","?","E","M","R","BOSS","M","$","M","M","?","R","E","R","T","M","E","R","E","M","R","BOSS","M","M","$","?","M","R","E","M","T","R","E","M","R","E","R","BOSS"],"build_version":"2020-11-30","purchased_purges":1,"victory":true,"max_hp_per_floor":[75,75,75,75,75,75,75,75,75,75,75,75,75,75,75,75,75,75,75,75,75,75,75,75,75,75,75,75,75,82,82,82,82,82,82,82,82,82,82,82,82,82,82,82,82,82,82,82,82,82],"card_choices":[{"not_picked":["Clash","Thunderclap"],"picked":"Twin Strike","floor":1.0},{"not_picked":["Reckless Charge","Warcry","Perfected Strike"],"picked":"SKIP","floor":2.0},{"not_picked":["Clothesline","Havoc"],"picked":"Fiend Fire","floor":6.0},{"not_picked":["True Grit","Ghostly Armor","Searing Blow"],"picked":"SKIP","floor":8.0},{"not_picked":["Sentinel","Pommel Strike","Wild Strike"],"picked":"SKIP","floor":11.0},{"not_picked":["Flex","Spot Weakness","Entrench"],"picked":"SKIP","floor":13.0},{"not_picked":["Warcry","Cleave"],"picked":"Sword Boomerang","floor":14.0},{"not_picked":["Exhume","Brutality+1"],"picked":"Corruption+1","floor":16.0},{"not_picked":["True Grit","Headbutt"],"picked":"Sword Boomerang","floor":18.0},{"not_picked":["Anger","Pommel Strike","Clash"],"picked":"SKIP","floor":20.0},{"not_picked":["Perfected Strike","True Grit","Demon Form+1"],"picked":"SKIP","floor":21.0},{"not_picked":["Hemokinesis","Double Tap"],"picked":"Pummel+1","floor":24.0},{"not_picked":["Corruption+1","Clash","Seeing Red"],"picked":"SKIP","floor":27.0},{"not_picked":["Corruption+1","Clash","Seeing Red"],"picked":"SKIP","floor":27.0},{"not_picked":["Dropkick","Anger"],"picked":"Disarm","floor":28.0},{"not_picked":["Body Slam","Warcry"],"picked":"Pummel","floor":30.0},{"not_picked":["Corruption+1","Anger"],"picked":"Dark Embrace+1","floor":31.0},{"not_picked":["Corruption+1","Demon Form+1"],"picked":"Fiend Fire","floor":33.0},{"not_picked":["Clothesline","Evolve+1"],"picked":"Sentinel","floor":35.0},{"not_picked":["Clash","Perfected Strike+1","Bludgeon"],"picked":"SKIP","floor":36.0},{"not_picked":["Clash","Havoc+1","Twin Strike"],"picked":"SKIP","floor":39.0},{"not_picked":["Spot Weakness+1","Bloodletting","Hemokinesis"],"picked":"SKIP","floor":41.0},{"not_picked":["Anger","True Grit","Armaments+1"],"picked":"SKIP","floor":42.0},{"not_picked":["Thunderclap","Pummel"],"picked":"Impervious","floor":45.0},{"not_picked":["Twin Strike","Cleave","Bludgeon"],"picked":"SKIP","floor":46.0},{"not_picked":["Offering","Second Wind+1"],"picked":"Reaper+1","floor":48.0}],"player_experience":1225464,"relics_obtained":[{"floor":4.0,"key":"Ancient Tea Set"},{"floor":6.0,"key":"Frozen Egg 2"},{"floor":8.0,"key":"White Beast Statue"},{"floor":9.0,"key":"HornCleat"},{"floor":10.0,"key":"Odd Mushroom"},{"floor":11.0,"key":"Kunai"},{"floor":13.0,"key":"The Courier"},{"floor":24.0,"key":"PreservedInsect"},{"floor":26.0,"key":"Mummified Hand"},{"floor":28.0,"key":"Nunchaku"},{"floor":30.0,"key":"Strawberry"},{"floor":41.0,"key":"Juzu Bracelet"},{"floor":43.0,"key":"Vajra"},{"floor":45.0,"key":"Magic Flower"},{"floor":48.0,"key":"Molten Egg 2"}],"event_choices":[{"damage_healed":0.0,"max_hp_gain":0.0,"max_hp_loss":0.0,"gold_gain":0.0,"event_name":"Scrap Ooze","player_choice":"Success","floor":3.0,"gold_loss":0.0,"damage_taken":26.0,"relics_obtained":["MealTicket"]},{"damage_healed":0.0,"max_hp_gain":0.0,"max_hp_loss":0.0,"gold_gain":0.0,"event_name":"Mushrooms","player_choice":"Fought Mushrooms","floor":10.0,"gold_loss":0.0,"damage_taken":0.0},{"damage_healed":0.0,"max_hp_gain":0.0,"max_hp_loss":0.0,"gold_gain":75.0,"event_name":"World of Goop","player_choice":"Gather Gold","floor":12.0,"gold_loss":0.0,"damage_taken":11.0},{"damage_healed":0.0,"max_hp_gain":0.0,"max_hp_loss":0.0,"gold_gain":0.0,"event_name":"N\u0027loth","player_choice":"Traded Relic","floor":22.0,"relics_lost":["NeowsBlessing"],"gold_loss":0.0,"damage_taken":0.0,"relics_obtained":["Nloth\u0027s Gift"]},{"damage_healed":0.0,"max_hp_gain":0.0,"max_hp_loss":0.0,"gold_gain":0.0,"event_name":"SensoryStone","player_choice":"Memory 1","floor":38.0,"gold_loss":0.0,"damage_taken":0.0}],"is_beta":false,"boss_relics":[{"not_picked":["Mark of Pain","Tiny House"],"picked":"SacredBark"},{"not_picked":["Busted Crown","Runic Pyramid"],"picked":"Black Blood"}],"items_purged_floors":[19],"is_endless":false,"potions_floor_spawned":[8,10,11,13,14,16,18,20,21,24,27,28,30,31,33,35,36,39,41,42,45,46,48],"ascension_level":15}}