{"host":"91n1pc4te07j54gv","time":1607530730,"event":{"gold_per_floor":[115,128,146,160,176,203,203,230,230,244,258,258,289,309,309,411,411,393,393,404,417,427,462,462,487,487,487,507,522,557,557,557,652,652,664,717,717,729,51,51,81,97,97,127,127,143,143,172,172,172,172,172,16,48,48],"floor_reached":56,"playtime":7560,"items_purged":["Pain","Clumsy"],"score":1420,"play_id":"1193ef61-243b-4333-821f-cdc14e7ab15b","local_time":"20201210001850","is_ascension_mode":true,"campfire_choices":[{"data":"Consume","floor":7.0,"key":"SMITH"},{"data":"White Noise","floor":12.0,"key":"SMITH"},{"data":"Zap","floor":12.0,"key":"SMITH"},{"data":"Dualcast","floor":15.0,"key":"SMITH"},{"data":"Thunder Strike","floor":15.0,"key":"SMITH"},{"data":"Seek","floor":24,"key":"SMITH"},{"data":"Defragment","floor":24,"key":"SMITH"},{"data":"Redo","floor":27,"key":"SMITH"},{"data":"Electrodynamics","floor":27,"key":"SMITH"},{"data":"Buffer","floor":32,"key":"SMITH"},{"data":"Storm","floor":32,"key":"SMITH"},{"data":"Apotheosis","floor":40,"key":"SMITH"},{"data":"Recycle","floor":40,"key":"SMITH"},{"floor":45,"key":"RECALL"},{"data":"Hello World","floor":49,"key":"SMITH"},{"data":"Coolheaded","floor":49,"key":"SMITH"},{"data":"Crystallizer","floor":52,"key":"SMITH"},{"data":"Replay:SS_hec_1","floor":52,"key":"SMITH"}],"neow_cost":"NONE","seed_source_timestamp":5181022546592,"circlet_count":0,"master_deck":["Zap+1","Dualcast+1","Genetic Algorithm","Genetic Algorithm","Coolheaded","Coolheaded","Consume+1","White Noise+1","Thunder Strike+1","Coolheaded","Coolheaded","Storm+1","Tempest","Multi-Cast","Heatsinks","Doom and Gloom","Conserve Battery","Rebound","Coolheaded","Chill+1","Defragment+1","Self Repair","Seek+1","Redo+1","Electrodynamics+1","Buffer+1","Coolheaded+1","Cold Snap","Thunder Strike","Writhe","Defragment","Loop+1","Crystallizer+1","Static Discharge+1","Writhe","Cold Snap+1","Recycle+1","Defragment+1","Coolheaded+1","expansioncontent:AwakenDeath","Apotheosis+1","Replay:SS_hec_1+1","expansioncontent:DecasProtection","Hologram+1","BootSequence+1","Chaos+1","Cold Snap+1","Hello World+1","Electrodynamics","Core Surge+1","Loop+1","Defragment","Blizzard+1","Consume+1"],"special_seed":0,"relics":["Cracked Core","NeowsBlessing","infinitespire:Satchel","Carrot","Replay:Arrowhead","Happy Flower","Pandora\u0027s Box","Prayer Wheel","Prayer Wheel","ReplayTheSpireMod:Ninjato","Blue Candle","CultistMask","Replay:Ancient Bell","Smiling Mask","Replay:Bottled Snecko","Dead Branch","Prayer Wheel","Molten Egg 2","Bottled Tornado","ReplayTheSpireMod:ShopPack","Bag of Preparation","Incense Burner","Replay:Wax Seal","Blood Vial","Mummified Hand","White Beast Statue"],"potions_floor_usage":[23,38,38,55,55,55],"damage_taken":[{"damage":0.0,"enemies":"Cultist","floor":1.0,"turns":1.0},{"damage":0.0,"enemies":"Small Slimes","floor":2.0,"turns":1.0},{"damage":0.0,"enemies":"Jaw Worm","floor":3.0,"turns":1.0},{"damage":0.0,"enemies":"Blue Slaver","floor":4.0,"turns":6.0},{"damage":3.0,"enemies":"Exordium Wildlife","floor":5.0,"turns":6.0},{"damage":27.0,"enemies":"3 Sentries","floor":6.0,"turns":15.0},{"damage":18.0,"enemies":"Gremlin Nob","floor":8.0,"turns":4.0},{"damage":0.0,"enemies":"Large Slime","floor":10.0,"turns":4.0},{"damage":0.0,"enemies":"Red Slaver","floor":11.0,"turns":4.0},{"damage":0.0,"enemies":"Lagavulin","floor":13.0,"turns":7.0},{"damage":0.0,"enemies":"2 Fungi Beasts","floor":14.0,"turns":4.0},{"damage":0.0,"enemies":"Hexaghost","floor":16.0,"turns":12.0},{"damage":0.0,"enemies":"2 Thieves","floor":18.0,"turns":4.0},{"damage":0.0,"enemies":"Chosen","floor":20.0,"turns":3.0},{"damage":0.0,"enemies":"Snecko","floor":21.0,"turns":4.0},{"damage":0,"enemies":"Chosen and Byrds","floor":22,"turns":6},{"damage":15,"enemies":"Gremlin Leader","floor":23,"turns":11},{"damage":0,"enemies":"Slavers","floor":25,"turns":5},{"damage":0,"enemies":"Centurion and Healer","floor":28,"turns":3},{"damage":0,"enemies":"Snake Plant","floor":29,"turns":3},{"damage":10,"enemies":"Book of Stabbing","floor":30,"turns":5},{"damage":5,"enemies":"Automaton","floor":33,"turns":8},{"damage":4,"enemies":"3 Shapes","floor":35,"turns":5},{"damage":3,"enemies":"3 Darklings","floor":38,"turns":2},{"damage":2,"enemies":"R_Hoarder","floor":41,"turns":7},{"damage":2,"enemies":"Jaw Worm Horde","floor":42,"turns":1},{"damage":1,"enemies":"Nemesis","floor":44,"turns":5},{"damage":2,"enemies":"Sphere and 2 Shapes","floor":46,"turns":1},{"damage":42,"enemies":"Nightmare","floor":48,"turns":5},{"damage":2,"enemies":"Replay:Hell Engine","floor":50,"turns":5},{"damage":2,"enemies":"Shield and Spear","floor":54,"turns":2},{"damage":34,"enemies":"The Heart","floor":55,"turns":4}],"seed_played":"6109656711900408507","potions_obtained":[{"floor":2.0,"key":"ColorlessPotion"},{"floor":3.0,"key":"Weak Potion"},{"floor":6.0,"key":"Toxic Potion"},{"floor":10.0,"key":"Adrenaline Potion"},{"floor":11.0,"key":"PotionOfCapacity"},{"floor":14.0,"key":"FocusPotion"},{"floor":18.0,"key":"SkillPotion"},{"floor":20.0,"key":"FearPotion"},{"floor":29,"key":"Weak Potion"},{"floor":35,"key":"PowerPotion"},{"floor":36,"key":"FocusPotion"},{"floor":41,"key":"Regen Potion"},{"floor":48,"key":"Adrenaline Potion"}],"is_trial":false,"path_per_floor":["M","M","M","M","M","E","R","E","T","M","M","R","E","M","R","B",null,"M","?","M","M","M","E","R","E","T","R","M","M","E","?","R","B",null,"M","?","?","M","$","R","E","M","T","E","R","M","?","NM","R","B",null,"R","$","E","B",null],"character_chosen":"DEFECT","items_purchased":["Bottled Tornado","expansioncontent:AwakenDeath","ReplayTheSpireMod:ShopPack","Bag of Preparation","Defragment","Blizzard+1"],"campfire_rested":0,"item_purchase_floors":[39,39,39,39,53,53],"current_hp_per_floor":[75,75,75,75,72,45,45,27,27,27,27,27,27,27,27,27,75,75,61,61,61,68,60,60,67,67,67,67,74,71,71,71,73,80,76,56,76,73,73,73,78,76,76,75,75,80,80,48,48,58,80,80,80,78,58],"gold":48,"neow_bonus":"THREE_ENEMY_KILL","is_prod":false,"is_daily":false,"chose_seed":false,"campfire_upgraded":17,"win_rate":0,"timestamp":1607530730,"path_taken":["M","M","?","M","M","E","R","E","T","M","M","R","E","M","R","BOSS","M","?","M","M","M","E","R","E","T","R","M","M","E","?","R","BOSS","M","?","?","M","?","R","E","M","T","E","R","M","?","NM","R","BOSS","R","$","E","BOSS"],"build_version":"2020-11-30","purchased_purges":2,"victory":true,"max_hp_per_floor":[75,75,75,75,75,75,75,75,75,75,75,75,75,75,75,75,75,75,80,80,80,80,80,80,80,80,80,80,80,80,80,80,80,80,80,80,80,80,80,80,80,80,80,80,80,80,80,80,80,80,80,80,80,80,80],"relic_stats":{"Blood Vial":6,"Happy Flower":[35],"counters":[32,154],"Mummified Hand":[54],"Blue Candle":[20],"Dead Branch":[91],"Pandora\u0027s Box":["Storm","Tempest","ReplayTheSpireMod:Fabricate Wheel","Multi-Cast","Heatsinks","Doom and Gloom","Conserve Battery","Rebound"],"Prayer Wheel":10,"Bag of Preparation":[16],"Smiling Mask":75,"obtain_stats":[{"Carrot":8,"ReplayTheSpireMod:Ninjato":23,"NeowsBlessing":0,"Happy Flower":13,"Blue Candle":30,"Dead Branch":34,"Replay:Ancient Bell":34,"Bag of Preparation":39,"Incense Burner":41,"Bottled Tornado":39,"Smiling Mask":34,"Replay:Arrowhead":9,"White Beast Statue":54,"Blood Vial":44,"Mummified Hand":48,"infinitespire:Satchel":6,"Pandora\u0027s Box":17,"Prayer Wheel":18,"Molten Egg 2":36,"CultistMask":31,"Replay:Bottled Snecko":34,"Replay:Wax Seal":43,"Cracked Core":0,"ReplayTheSpireMod:ShopPack":39},{"Carrot":7,"ReplayTheSpireMod:Ninjato":17,"NeowsBlessing":0,"Happy Flower":10,"Blue Candle":21,"Dead Branch":22,"Replay:Ancient Bell":22,"Bag of Preparation":24,"Incense Burner":25,"Bottled Tornado":24,"Smiling Mask":22,"Replay:Arrowhead":7,"White Beast Statue":31,"Blood Vial":27,"Mummified Hand":29,"infinitespire:Satchel":6,"Pandora\u0027s Box":12,"Prayer Wheel":13,"Molten Egg 2":23,"CultistMask":21,"Replay:Bottled Snecko":22,"Replay:Wax Seal":26,"Cracked Core":0,"ReplayTheSpireMod:ShopPack":24},{"Carrot":34,"ReplayTheSpireMod:Ninjato":93,"NeowsBlessing":0,"Happy Flower":49,"Blue Candle":109,"Dead Branch":117,"Replay:Ancient Bell":117,"Bag of Preparation":124,"Incense Burner":131,"Bottled Tornado":124,"Smiling Mask":117,"Replay:Arrowhead":34,"White Beast Statue":150,"Blood Vial":137,"Mummified Hand":143,"infinitespire:Satchel":30,"Pandora\u0027s Box":65,"Prayer Wheel":68,"Molten Egg 2":122,"CultistMask":109,"Replay:Bottled Snecko":117,"Replay:Wax Seal":132,"Cracked Core":0,"ReplayTheSpireMod:ShopPack":124}]},"card_choices":[{"not_picked":["ReplayGash","Cold Snap"],"picked":"Genetic Algorithm","floor":1.0},{"not_picked":["Barrage","Hello World"],"picked":"Genetic Algorithm","floor":2.0},{"not_picked":["Go for the Eyes","Compile Driver"],"picked":"Coolheaded","floor":3.0},{"not_picked":["Redo","Force Field"],"picked":"Coolheaded","floor":4.0},{"not_picked":["Tempest","Panic Button"],"picked":"Consume","floor":5.0},{"not_picked":["Panic Button","ReplayTheSpireMod:Reroute Power"],"picked":"White Noise","floor":6.0},{"not_picked":["Lockon","Rebound"],"picked":"Thunder Strike","floor":8.0},{"not_picked":["BasicCrystalCard","Gash","Turbo"],"picked":"SKIP","floor":10.0},{"not_picked":["Steam","Static Discharge"],"picked":"Coolheaded","floor":11.0},{"not_picked":["ReplaySort","Panic Button","Turbo"],"picked":"SKIP","floor":13.0},{"not_picked":["Barrage","Ball Lightning"],"picked":"Coolheaded","floor":14.0},{"not_picked":["Seek","ReplayRNGCard"],"picked":"ReplayTheSpireMod:Fabricate Wheel","floor":16.0},{"not_picked":["Steam","Turbo+1"],"picked":"Coolheaded","floor":18.0},{"not_picked":["Ball Lightning","Redo"],"picked":"Chill+1","floor":18.0},{"not_picked":["Sweeping Beam+1","ReplayTheSpireMod:Repulse"],"picked":"Defragment","floor":18.0},{"not_picked":["ReplayGash","Gash+1","Panic Button+1"],"picked":"SKIP","floor":20.0},{"not_picked":["Rip and Tear","Beam Cell+1","Sweeping Beam"],"picked":"SKIP","floor":20.0},{"not_picked":["Steam Power","Leap","Sweeping Beam+1"],"picked":"SKIP","floor":20.0},{"not_picked":["Conserve Battery+1","ReplaySolidLightProjector"],"picked":"Self Repair","floor":21.0},{"not_picked":["Steam+1","Aggregate","Reinforced Body"],"picked":"SKIP","floor":21.0},{"not_picked":["Sunder","Leap","Stack"],"picked":"SKIP","floor":21.0},{"not_picked":["Go for the Eyes","Time Bomb"],"picked":"Seek","floor":22},{"not_picked":["Leap+1","Sweeping Beam"],"picked":"Redo","floor":22},{"not_picked":["Compile Driver+1","Aggregate","ReplayTheSpireMod:System Scan"],"picked":"SKIP","floor":22},{"not_picked":["Hello World+1","Double Energy"],"picked":"Electrodynamics","floor":23},{"not_picked":["Turbo+1","Gash+1","Doom and Gloom"],"picked":"SKIP","floor":25},{"not_picked":["Sweeping Beam","BasicCrystalCard+1"],"picked":"Buffer","floor":28},{"not_picked":["Steam+1","Gash"],"picked":"Coolheaded+1","floor":28},{"not_picked":["Gash+1","Stack","ReplaySolidLightProjector"],"picked":"SKIP","floor":28},{"not_picked":["Beam Cell+1","ReplaySolidLightProjector","Lockon"],"picked":"SKIP","floor":29},{"not_picked":["Compile Driver+1","Barrage+1","Turbo"],"picked":"SKIP","floor":29},{"not_picked":["Steam+1","Compile Driver+1","Conserve Battery"],"picked":"SKIP","floor":29},{"not_picked":["Time Bomb","Compile Driver+1"],"picked":"Cold Snap","floor":30},{"not_picked":["Multi-Cast","Hyperbeam"],"picked":"Thunder Strike","floor":33},{"not_picked":["Spreading Infection","Sickly"],"picked":"Writhe","floor":34},{"not_picked":["ReplayTheSpireMod:Splinters","Replay:Hysterical Blindness"],"picked":"Pain","floor":34},{"not_picked":["Amnesia","CommonCold"],"picked":"Clumsy","floor":34},{"not_picked":["BasicCrystalCard+1","Scrape+1"],"picked":"Defragment","floor":35},{"not_picked":["Rip and Tear+1","Conserve Battery"],"picked":"Loop+1","floor":35},{"not_picked":["Coolheaded","Hologram"],"picked":"Crystallizer","floor":35},{"not_picked":["Barrage","ReplaySolidLightProjector+1","Sweeping Beam+1"],"picked":"SKIP","floor":35},{"not_picked":["Gash+1","Sweeping Beam+1"],"picked":"Static Discharge+1","floor":36},{"not_picked":["FTL+1","Barrage+1"],"picked":"Cold Snap+1","floor":38},{"not_picked":["Gash+1","Beam Cell+1"],"picked":"Recycle","floor":38},{"not_picked":["Turbo","Chill"],"picked":"Defragment+1","floor":38},{"not_picked":["Multi-Cast","Beam Cell+1"],"picked":"Coolheaded","floor":38},{"not_picked":["Transmutation","Crow Ritual"],"picked":"Apotheosis","floor":39},{"not_picked":["ReplayTheSpireMod:Uncanny Aura","expansioncontent:PrepareCrush"],"picked":"Replay:SS_hec_1","floor":39},{"not_picked":["expansioncontent:Hexaburn","expansioncontent:BronzeBeam"],"picked":"expansioncontent:DecasProtection","floor":39},{"not_picked":["Turbo+1","BasicCrystalCard"],"picked":"Ball Lightning+1","floor":41},{"not_picked":["ReplaySolidLightProjector+1","ReplayTheSpireMod:Repulse"],"picked":"Hologram+1","floor":42},{"not_picked":["Turbo+1","Compile Driver+1"],"picked":"BootSequence+1","floor":42},{"not_picked":["Barrage+1","Steam"],"picked":"Chaos+1","floor":42},{"not_picked":["Rebound+1","Panic Button"],"picked":"Cold Snap+1","floor":42},{"not_picked":["Go for the Eyes+1","Stack"],"picked":"Hello World","floor":44},{"not_picked":["Streamline+1","FTL+1"],"picked":"Electrodynamics","floor":46},{"not_picked":["Streamline+1","Steam+1"],"picked":"Core Surge+1","floor":46},{"not_picked":["Sweeping Beam+1","Aggregate"],"picked":"Loop+1","floor":46},{"not_picked":["Darkness","Melter+1","Go for the Eyes+1"],"picked":"SKIP","floor":46},{"not_picked":["Stack+1","Doom and Gloom+1","Leap+1"],"picked":"SKIP","floor":48},{"not_picked":["Redo","Darkness+1"],"picked":"Consume+1","floor":54}],"player_experience":909718,"relics_obtained":[{"floor":6.0,"key":"infinitespire:Satchel"},{"floor":8.0,"key":"Carrot"},{"floor":9.0,"key":"Replay:Arrowhead"},{"floor":13.0,"key":"Happy Flower"},{"floor":23,"key":"ReplayTheSpireMod:Ninjato"},{"floor":30,"key":"Blue Candle"},{"floor":36,"key":"Molten Egg 2"},{"floor":41,"key":"Incense Burner"},{"floor":43,"key":"Replay:Wax Seal"},{"floor":44,"key":"Blood Vial"},{"floor":48,"key":"Mummified Hand"},{"floor":54,"key":"White Beast Statue"}],"event_choices":[{"damage_healed":0.0,"max_hp_gain":5.0,"max_hp_loss":0.0,"gold_gain":0.0,"event_name":"Forgotten Altar","player_choice":"Shed Blood","floor":19.0,"gold_loss":0.0,"damage_taken":19.0},{"damage_healed":0,"gold_gain":0,"player_choice":"Trade","damage_taken":0,"relics_obtained":["CultistMask"],"max_hp_gain":0,"max_hp_loss":0,"event_name":"FaceTrader","floor":31,"gold_loss":0},{"damage_healed":20,"gold_gain":0,"player_choice":"Writhe","damage_taken":0,"max_hp_gain":0,"max_hp_loss":0,"event_name":"Winding Halls","floor":37,"gold_loss":0,"cards_obtained":["Writhe"]},{"cards_removed":["Ball Lightning"],"damage_healed":0,"gold_gain":0,"player_choice":"Removed Attack","damage_taken":0,"max_hp_gain":0,"max_hp_loss":0,"event_name":"Falling","floor":47,"gold_loss":0}],"is_beta":false,"boss_relics":[{"not_picked":["Astrolabe","ReplayTheSpireMod:DimensionalGlitch"],"picked":"Pandora\u0027s Box"},{"not_picked":["ReplayTheSpireMod:SealedPack","Busted Crown"],"picked":"Replay:Ancient Bell"},{"not_picked":["Bronze Scales","Gremlin Food"],"picked":"Smiling Mask"},{"not_picked":["Replay:Bottled Flurry","Matryoshka"],"picked":"Replay:Bottled Snecko"},{"not_picked":["Gambling Chip","TungstenRod"],"picked":"Dead Branch"}],"items_purged_floors":[39,53],"is_endless":false,"potions_floor_spawned":[2,3,6,10,11,14,18,20,29,35,41,48],"ascension_level":1}}