{"host":"ci7ivtocgfxh0ueo","time":1607531830,"event":{"gold_per_floor":[115,30,47,47,47,47,79,79,105,105,128,278,297,297,297,373,373,383,67,67,67,67,67,67,67,117,127,142,142,142,37,37,109,109,125,0,0,0,20,20,36,36,90,90,90],"floor_reached":44,"playtime":743,"items_purged":[],"score":790,"play_id":"803e6788-6da8-41c3-8979-e12c164c5b31","local_time":"20201210003710","is_ascension_mode":true,"campfire_choices":[{"data":"Loop","floor":6,"key":"SMITH"},{"data":"Defragment","floor":8,"key":"SMITH"},{"data":"Melter","floor":10,"key":"SMITH"},{"floor":15,"key":"REST"},{"data":"White Noise","floor":23,"key":"SMITH"},{"floor":32,"key":"REST"},{"floor":40,"key":"REST"},{"floor":42,"key":"REST"}],"neow_cost":"NONE","seed_source_timestamp":107156262922000,"circlet_count":0,"master_deck":["AscendersBane","Zap","Dualcast","Loop+1","Defragment+1","Melter+1","Loop","Electrodynamics","Rainbow","Sweeping Beam+1","Echo Form","Chill","Self Repair","Amplify","Core Surge","White Noise+1","Chaos","Doom and Gloom+1","Writhe","Glacier","Seek","Go for the Eyes+1","Writhe","Streamline","Seek"],"relics":["Cracked Core","NeowsBlessing","Dream Catcher","WingedGreaves","Bronze Scales","Odd Mushroom","Pandora\u0027s Box","DataDisk","Nunchaku","Bag of Marbles","Potion Belt","Inserter","Red Mask","Whetstone"],"potions_floor_usage":[18,24,27,27,33,33,33,33,33,33,33,35,41,41],"damage_taken":[{"damage":0,"enemies":"Cultist","floor":1,"turns":1},{"damage":0,"enemies":"2 Louse","floor":3,"turns":1},{"damage":0,"enemies":"3 Sentries","floor":7,"turns":1},{"damage":30,"enemies":"The Mushroom Lair","floor":11,"turns":4},{"damage":2,"enemies":"Small Slimes","floor":13,"turns":2},{"damage":27,"enemies":"The Guardian","floor":16,"turns":8},{"damage":7,"enemies":"Spheric Guardian","floor":18,"turns":3},{"damage":0,"enemies":"2 Thieves","floor":24,"turns":1},{"damage":0,"enemies":"Sentry and Sphere","floor":27,"turns":2},{"damage":36,"enemies":"Snecko","floor":28,"turns":5},{"damage":48,"enemies":"Collector","floor":33,"turns":5},{"damage":23,"enemies":"3 Shapes","floor":35,"turns":4},{"damage":22,"enemies":"Orb Walker","floor":39,"turns":4},{"damage":40,"enemies":"Transient","floor":41,"turns":5},{"damage":57,"enemies":"Giant Head","floor":44,"turns":7}],"seed_played":"-7879653229155377074","potions_obtained":[{"floor":7,"key":"SmokeBomb"},{"floor":11,"key":"Energy Potion"},{"floor":27,"key":"FearPotion"},{"floor":33,"key":"Regen Potion"},{"floor":35,"key":"Dexterity Potion"},{"floor":39,"key":"Swift Potion"}],"is_trial":false,"path_per_floor":["M","$","M","$","?","R","E","R","T","R","?","?","M","?","R","B",null,"M","$","?","?","$","R","M","?","T","M","M","?","?","$","R","B",null,"M","?","?","?","M","R","M","R","T","E"],"character_chosen":"DEFECT","items_purchased":["Loop","DataDisk","EntropicBrew","Doom and Gloom","EntropicBrew"],"campfire_rested":4,"item_purchase_floors":[2,19,19,19,31],"current_hp_per_floor":[64,64,64,64,59,59,59,59,59,59,29,29,27,27,48,21,59,52,52,66,66,66,66,66,66,66,66,30,30,30,30,51,10,56,52,52,66,66,44,65,32,53,53,0,0],"gold":90,"neow_bonus":"THREE_ENEMY_KILL","is_prod":false,"is_daily":false,"chose_seed":false,"campfire_upgraded":4,"win_rate":0,"timestamp":1607531830,"path_taken":["M","$","?","?","?","R","E","R","T","R","?","?","M","?","R","BOSS","M","$","?","?","$","R","M","?","T","?","M","?","?","?","R","BOSS","M","?","?","?","M","R","M","R","T","E"],"build_version":"2020-11-30","purchased_purges":0,"victory":false,"max_hp_per_floor":[71,71,71,71,71,71,71,71,71,71,71,71,71,71,71,71,71,71,71,71,71,71,71,71,71,71,71,71,71,71,71,71,71,71,71,71,71,71,71,71,71,71,71,71,71],"card_choices":[{"not_picked":["Stack","Sweeping Beam"],"picked":"Rip and Tear","floor":1},{"not_picked":["Conserve Battery","Cold Snap"],"picked":"Defragment","floor":3},{"not_picked":["Force Field","Self Repair"],"picked":"Melter","floor":7},{"not_picked":["Steam","Gash","Self Repair"],"picked":"SKIP","floor":13},{"not_picked":["Aggregate","Beam Cell"],"picked":"Loop","floor":15},{"not_picked":["Buffer","Machine Learning"],"picked":"Electrodynamics","floor":16},{"not_picked":["Beam Cell","Hologram"],"picked":"Chaos","floor":18},{"not_picked":["Turbo","Blizzard","Heatsinks+1"],"picked":"SKIP","floor":27},{"not_picked":["Genetic Algorithm","Static Discharge","Redo"],"picked":"SKIP","floor":28},{"not_picked":["Hello World","Gash"],"picked":"Glacier","floor":32},{"not_picked":["Electrodynamics","Biased Cognition"],"picked":"Seek","floor":33},{"not_picked":["Sweeping Beam","Beam Cell+1"],"picked":"Go for the Eyes+1","floor":35},{"not_picked":["Redo","Blizzard"],"picked":"Streamline","floor":39},{"not_picked":["Tempest+1","Turbo","Stack"],"picked":"SKIP","floor":41},{"not_picked":["Rebound","Go for the Eyes"],"picked":"Seek","floor":42}],"player_experience":1243002,"relics_obtained":[{"floor":7,"key":"WingedGreaves"},{"floor":9,"key":"Bronze Scales"},{"floor":11,"key":"Odd Mushroom"},{"floor":26,"key":"Bag of Marbles"},{"floor":43,"key":"Whetstone"}],"event_choices":[{"damage_healed":0,"gold_gain":0,"player_choice":"Success","damage_taken":5,"relics_obtained":["Dream Catcher"],"max_hp_gain":0,"max_hp_loss":0,"event_name":"Scrap Ooze","floor":5,"gold_loss":0},{"damage_healed":0,"gold_gain":0,"player_choice":"Fought Mushrooms","damage_taken":0,"max_hp_gain":0,"max_hp_loss":0,"event_name":"Mushrooms","floor":11,"gold_loss":0},{"damage_healed":0,"gold_gain":150,"player_choice":"AGREE","damage_taken":0,"max_hp_gain":0,"max_hp_loss":0,"event_name":"Liars Game","floor":12,"gold_loss":0,"cards_obtained":["Doubt"]},{"cards_removed":["Doubt"],"damage_healed":0,"gold_gain":0,"player_choice":"Forget","damage_taken":0,"max_hp_gain":0,"max_hp_loss":0,"event_name":"Living Wall","floor":14,"gold_loss":0},{"damage_healed":14,"gold_gain":0,"player_choice":"Heal","damage_taken":0,"max_hp_gain":0,"max_hp_loss":0,"event_name":"The Library","floor":20,"gold_loss":0},{"damage_healed":0,"gold_gain":0,"player_choice":"Stole Relic","damage_taken":0,"relics_obtained":["Nunchaku"],"max_hp_gain":0,"max_hp_loss":0,"event_name":"Addict","floor":21,"gold_loss":0,"cards_obtained":["Shame"]},{"damage_healed":0,"gold_gain":0,"cards_transformed":["Shame"],"player_choice":"Transformed","damage_taken":0,"max_hp_gain":0,"max_hp_loss":0,"event_name":"Transmorgrifier","floor":25,"gold_loss":0,"cards_obtained":["Doubt"]},{"cards_removed":["Doubt"],"damage_healed":0,"gold_gain":0,"player_choice":"Elegance","damage_taken":0,"max_hp_gain":0,"max_hp_loss":0,"event_name":"Back to Basics","floor":29,"gold_loss":0},{"damage_healed":0,"gold_gain":0,"player_choice":"Opened","damage_taken":0,"relics_obtained":["Potion Belt"],"max_hp_gain":0,"max_hp_loss":0,"event_name":"The Mausoleum","floor":30,"gold_loss":0,"cards_obtained":["Writhe"]},{"damage_healed":0,"gold_gain":0,"player_choice":"Paid","damage_taken":0,"relics_obtained":["Red Mask"],"max_hp_gain":0,"max_hp_loss":0,"event_name":"Tomb of Lord Red Mask","floor":36,"gold_loss":125},{"damage_healed":14,"gold_gain":0,"player_choice":"Writhe","damage_taken":0,"max_hp_gain":0,"max_hp_loss":0,"event_name":"Winding Halls","floor":37,"gold_loss":0,"cards_obtained":["Writhe"]},{"cards_removed":["Rip and Tear"],"damage_healed":0,"gold_gain":0,"player_choice":"Removed Attack","damage_taken":0,"max_hp_gain":0,"max_hp_loss":0,"event_name":"Falling","floor":38,"gold_loss":0}],"is_beta":false,"boss_relics":[{"not_picked":["Busted Crown","Ectoplasm"],"picked":"Pandora\u0027s Box"},{"not_picked":["Philosopher\u0027s Stone","Cursed Key"],"picked":"Inserter"}],"items_purged_floors":[],"is_endless":false,"potions_floor_spawned":[7,11,13,27,28,33,35,39],"killed_by":"Giant Head","ascension_level":16}}