{"host":"0e3sjn8nzeyxegex","time":1607489931,"event":{"gold_per_floor":[112,14,33,33,51,82,82,100,100,110,110,122,153,167,167,262,262,273,292,207,207,207,241,241,270,297,309,335,373,397,427,439,554,566,597,626,656,308,324,324,183,212,212,227,259,270,305,11,11,11],"floor_reached":51,"playtime":5858,"items_purged":["alterego_mod:Impale","alterego_mod:DiscoLights","alterego_mod:Cooking","alterego_mod:Strike"],"score":1410,"play_id":"0b01174f-f928-4659-9d19-94324b29b120","local_time":"20201208205851","is_ascension_mode":true,"campfire_choices":[{"floor":7.0,"key":"REST"},{"data":"alterego_mod:Palingenesis","floor":11.0,"key":"SMITH"},{"data":"alterego_mod:Palingenesis+1","floor":15,"key":"SMITH"},{"data":"alterego_mod:TrickOrTreatment","floor":24,"key":"SMITH"},{"data":"alterego_mod:ClassAdvantage","floor":27,"key":"SMITH"},{"data":"alterego_mod:Support","floor":32,"key":"SMITH"},{"data":"alterego_mod:TrashNCrash","floor":40,"key":"SMITH"},{"data":"alterego_mod:BrynhildrsRune","floor":49,"key":"SMITH"}],"neow_cost":"NONE","seed_source_timestamp":2284913803218700,"circlet_count":0,"master_deck":["alterego_mod:Strike","alterego_mod:Strike","alterego_mod:Strike","alterego_mod:Defend","alterego_mod:Defend","alterego_mod:Defend","alterego_mod:Defend","alterego_mod:BigMeatyClaws+1","alterego_mod:BrynhildrsRune+1","alterego_mod:GoddessCore","alterego_mod:GoddessCore","alterego_mod:Pet","alterego_mod:BusterCard","alterego_mod:Pet","alterego_mod:Support+1","alterego_mod:BeGentle","alterego_mod:ClassAdvantage+1","alterego_mod:TrashNCrash+1","alterego_mod:Palingenesis+2","alterego_mod:SakuraLabyrinth","alterego_mod:Vow","alterego_mod:PerceptionDisorder+1","alterego_mod:TrickOrTreatment+1","alterego_mod:Cooking+1","alterego_mod:GoddessCore+1","alterego_mod:ChallengeComplete+1","alterego_mod:Weigh+1","alterego_mod:Cushion","alterego_mod:TrashNCrash+1","alterego_mod:GoddessCore+1","alterego_mod:Stockings+1","alterego_mod:BiFurious+1","alterego_mod:GoddessCore+1","alterego_mod:BeGentle+1","alterego_mod:BeGentle+1"],"special_seed":0,"relics":["alterego_mod:MasochisticConstitution","Art of War","Nunchaku","Mummified Hand","Sozu","Gremlin Horn","Gambling Chip","Nilry\u0027s Codex","The Courier","Sundial","MawBank","Molten Egg 2","Snecko Eye","Membership Card","Bronze Scales","WingedGreaves","alterego_mod:SistersRibbon","Vajra","Juzu Bracelet","Mercury Hourglass","Frozen Egg 2","Pear","Bag of Marbles","Bag of Preparation"],"potions_floor_usage":[13,16,17,50,50,50],"damage_taken":[{"damage":1.0,"enemies":"Jaw Worm","floor":1.0,"turns":6.0},{"damage":5.0,"enemies":"Small Slimes","floor":3.0,"turns":4.0},{"damage":6.0,"enemies":"2 Louse","floor":5.0,"turns":5.0},{"damage":72.0,"enemies":"Gremlin Nob","floor":6.0,"turns":7.0},{"damage":7.0,"enemies":"Blue Slaver","floor":8.0,"turns":10.0},{"damage":4.0,"enemies":"Exordium Wildlife","floor":10.0,"turns":4.0},{"damage":8.0,"enemies":"Large Slime","floor":12.0,"turns":10.0},{"damage":0,"enemies":"Lagavulin","floor":13,"turns":9},{"damage":13,"enemies":"3 Louse","floor":14,"turns":5},{"damage":4,"enemies":"Slime Boss","floor":16,"turns":10},{"damage":12,"enemies":"Shell Parasite","floor":18,"turns":7},{"damage":15,"enemies":"Chosen","floor":19,"turns":8},{"damage":32,"enemies":"Book of Stabbing","floor":23,"turns":6},{"damage":4,"enemies":"Gremlin Leader","floor":25,"turns":4},{"damage":7,"enemies":"Snecko","floor":28,"turns":4},{"damage":58,"enemies":"Slavers","floor":29,"turns":6},{"damage":33,"enemies":"Centurion and Healer","floor":30,"turns":9},{"damage":19,"enemies":"Snake Plant","floor":31,"turns":3},{"damage":19,"enemies":"Automaton","floor":33,"turns":8},{"damage":4,"enemies":"3 Darklings","floor":35,"turns":4},{"damage":4,"enemies":"3 Shapes","floor":36,"turns":3},{"damage":27,"enemies":"Maw","floor":37,"turns":7},{"damage":13,"enemies":"Writhing Mass","floor":39,"turns":5},{"damage":0,"enemies":"Reptomancer","floor":42,"turns":3},{"damage":15,"enemies":"Sphere and 2 Shapes","floor":44,"turns":5},{"damage":12,"enemies":"Giant Head","floor":45,"turns":4},{"damage":7,"enemies":"Spire Growth","floor":46,"turns":3},{"damage":0,"enemies":"Reptomancer","floor":47,"turns":2},{"damage":2,"enemies":"Awakened One","floor":50,"turns":5}],"seed_played":"1218932795195632561","potions_obtained":[{"floor":6.0,"key":"FearPotion"},{"floor":8.0,"key":"BlessingOfTheForge"},{"floor":13,"key":"SpeedPotion"},{"floor":14,"key":"Dexterity Potion"},{"floor":16,"key":"EntropicBrew"}],"is_trial":false,"path_per_floor":["M","$","M","?","M","E","R","M","T","M","R","M","E","M","R","B",null,"M","M","?","?","?","E","R","E","T","R","M","E","M","M","R","B",null,"M","M","M","$","M","R","$","E","T","M","E","M","E","$","R","B",null],"character_chosen":"The_Alterego","items_purchased":["alterego_mod:GoddessCore","Membership Card","Bronze Scales","alterego_mod:Stockings+1","WingedGreaves","alterego_mod:SistersRibbon","alterego_mod:BiFurious+1","Pear","Bag of Marbles","Bag of Preparation"],"campfire_rested":1,"item_purchase_floors":[2,38,38,38,38,41,41,48,48,48],"current_hp_per_floor":[70,70,72,72,73,12,34,38,38,45,45,48,58,63,63,70,77,76,72,72,72,56,30,30,45,45,45,49,36,54,61,61,57,83,88,89,92,92,89,89,89,93,93,96,97,98,98,108,108,109],"gold":11,"neow_bonus":"UPGRADE_CARD","is_prod":false,"is_daily":false,"chose_seed":false,"campfire_upgraded":7,"win_rate":0,"timestamp":1607489931,"path_taken":["M","$","M","?","M","E","R","M","T","M","R","M","E","M","R","BOSS","M","M","?","?","?","E","R","E","T","R","?","E","M","M","R","BOSS","M","M","M","$","M","R","$","E","T","M","E","M","E","$","R","BOSS"],"build_version":"2020-11-30","purchased_purges":4,"victory":true,"max_hp_per_floor":[71,71,72,72,73,74,74,75,75,76,76,77,77,78,78,79,79,80,81,81,81,81,82,82,83,83,83,84,88,89,90,90,91,91,92,93,94,94,95,95,95,95,95,96,97,98,98,108,108,109],"card_choices":[{"not_picked":["alterego_mod:Pet","alterego_mod:Undulate"],"picked":"alterego_mod:GoddessCore","floor":1.0},{"not_picked":["alterego_mod:Rip","alterego_mod:Swimsuit"],"picked":"alterego_mod:Pet","floor":3.0},{"not_picked":["alterego_mod:IdEs","alterego_mod:BoobPocket"],"picked":"alterego_mod:BeGentle","floor":5.0},{"not_picked":["alterego_mod:Cycle","alterego_mod:Mirror"],"picked":"alterego_mod:ClassAdvantage","floor":6.0},{"not_picked":["alterego_mod:BreastValley","alterego_mod:DeftHands"],"picked":"alterego_mod:TrashNCrash","floor":8.0},{"not_picked":["alterego_mod:Pet","alterego_mod:GoddessCore"],"picked":"alterego_mod:Palingenesis","floor":10.0},{"not_picked":["alterego_mod:Pet","alterego_mod:Jiggle","alterego_mod:BustOut"],"picked":"SKIP","floor":12.0},{"not_picked":["alterego_mod:Bunnysuit","alterego_mod:Skirt","alterego_mod:Antipathy"],"picked":"SKIP","floor":13},{"not_picked":["alterego_mod:Maid","alterego_mod:IndependentAction"],"picked":"alterego_mod:SakuraLabyrinth","floor":14},{"not_picked":["alterego_mod:RingBreak","alterego_mod:InsideBaseball"],"picked":"alterego_mod:Vow","floor":16},{"not_picked":["alterego_mod:Cooking","alterego_mod:Rip","alterego_mod:Punishment"],"picked":"SKIP","floor":18},{"not_picked":["alterego_mod:Punishment","alterego_mod:BiFurious"],"picked":"alterego_mod:PerceptionDisorder+1","floor":19},{"not_picked":["alterego_mod:IndependentAction","alterego_mod:Bounce"],"picked":"alterego_mod:TrickOrTreatment","floor":23},{"not_picked":["alterego_mod:PurpleHair","alterego_mod:HighServant"],"picked":"alterego_mod:Cooking+1","floor":25},{"not_picked":["alterego_mod:Skirt","alterego_mod:Cycle","alterego_mod:Jiggle"],"picked":"SKIP","floor":28},{"not_picked":["alterego_mod:Lingerie+1","alterego_mod:Rip","alterego_mod:Clap"],"picked":"SKIP","floor":29},{"not_picked":["alterego_mod:RingBreak","alterego_mod:RidiculouslyBig"],"picked":"alterego_mod:GoddessCore+1","floor":30},{"not_picked":["alterego_mod:IndependentAction","alterego_mod:Bounce+1"],"picked":"alterego_mod:ChallengeComplete+1","floor":31},{"not_picked":["alterego_mod:IdEs","alterego_mod:RingBreak"],"picked":"alterego_mod:Weigh+1","floor":33},{"not_picked":["alterego_mod:SakuraLabyrinth","alterego_mod:Skirt+1"],"picked":"alterego_mod:Cushion","floor":35},{"not_picked":["alterego_mod:Mirror","alterego_mod:Clap"],"picked":"alterego_mod:TrashNCrash+1","floor":36},{"not_picked":["alterego_mod:DestructionOfProperty","alterego_mod:Support"],"picked":"alterego_mod:GoddessCore+1","floor":37},{"not_picked":["alterego_mod:Complex+1","alterego_mod:Punishment","alterego_mod:Birthday"],"picked":"SKIP","floor":39},{"not_picked":["alterego_mod:Complex+1","alterego_mod:Punishment","alterego_mod:Birthday"],"picked":"SKIP","floor":39},{"not_picked":["alterego_mod:Maid+1","alterego_mod:DeftHands+1","alterego_mod:Lingerie+1"],"picked":"SKIP","floor":42},{"not_picked":["alterego_mod:Santa","alterego_mod:RidiculouslyBig"],"picked":"alterego_mod:GoddessCore+1","floor":44},{"not_picked":["alterego_mod:Mirror","alterego_mod:Vow"],"picked":"alterego_mod:BeGentle+1","floor":45},{"not_picked":["alterego_mod:Maid+1","alterego_mod:Valentines+1"],"picked":"alterego_mod:BeGentle+1","floor":46},{"not_picked":["alterego_mod:Smother+1","alterego_mod:PurpleHair+1","alterego_mod:Schoolgirl"],"picked":"SKIP","floor":47}],"player_experience":1149658,"relics_obtained":[{"floor":6.0,"key":"Art of War"},{"floor":9.0,"key":"Nunchaku"},{"floor":13,"key":"Mummified Hand"},{"floor":22,"key":"Nilry\u0027s Codex"},{"floor":23,"key":"The Courier"},{"floor":25,"key":"Sundial"},{"floor":26,"key":"MawBank"},{"floor":29,"key":"Molten Egg 2"},{"floor":42,"key":"Vajra"},{"floor":43,"key":"Juzu Bracelet"},{"floor":45,"key":"Mercury Hourglass"},{"floor":47,"key":"Frozen Egg 2"}],"event_choices":[{"damage_healed":0,"gold_gain":0,"player_choice":"Obtained Relic","damage_taken":0,"relics_obtained":["Gremlin Horn"],"max_hp_gain":0,"max_hp_loss":0,"event_name":"Addict","floor":20,"gold_loss":85},{"damage_healed":0,"gold_gain":0,"player_choice":"Opened","damage_taken":0,"relics_obtained":["Gambling Chip"],"max_hp_gain":0,"max_hp_loss":0,"event_name":"The Mausoleum","floor":21,"gold_loss":0},{"damage_healed":0,"gold_gain":0,"player_choice":"Obtained Book","damage_taken":16,"max_hp_gain":0,"max_hp_loss":0,"event_name":"Cursed Tome","floor":22,"gold_loss":0}],"is_beta":false,"boss_relics":[{"not_picked":["Tiny House","Busted Crown"],"picked":"Sozu"},{"not_picked":["Velvet Choker","Black Star"],"picked":"Snecko Eye"}],"items_purged_floors":[2,38,41,48],"is_endless":false,"potions_floor_spawned":[6,8,13,14,16,18,19,30,31,35,39,42,45,47],"ascension_level":8}}