{"host":"svwqvw2il1zfkkg0","time":1607480163,"event":{"gold_per_floor":[217,119,194,207,207,238,254,14,37,37,67,67,100,120,120,217,217,228,247,28,28,39,39,39,70,70,85,117,134,146,161,161,264,264,281,297,313,313,313,313],"floor_reached":39,"playtime":1338,"items_purged":["Clumsy"],"score":458,"play_id":"51bc09cc-e8b6-493e-a735-b95c9687f177","local_time":"20201208181603","is_ascension_mode":false,"campfire_choices":[{"floor":10,"key":"REST"},{"data":"Die Die Die","floor":12,"key":"SMITH"},{"data":"Cloak And Dagger","floor":15,"key":"SMITH"},{"data":"Cloak And Dagger","floor":23,"key":"SMITH"},{"floor":32,"key":"REST"}],"neow_cost":"NONE","seed_source_timestamp":392335403572100,"circlet_count":0,"master_deck":["Strike_G+1","Strike_G+1","Strike_G+1","Strike_G+1","Strike_G+1","Defend_G+1","Defend_G+1","Defend_G+1","Defend_G+1","Defend_G+1","Survivor","Neutralize","Caltrops","Cloak And Dagger+1","Die Die Die+1","Poisoned Stab","Hidden Blade","Blade Dance+1","Cloak And Dagger+1","Atom Bomb","Flying Knee","Phantasmal Killer","Dagger Spray","Bullet Time+1","Unload","Accuracy+1"],"relics":["Ring of the Serpent","Replay:Bottled Steam","ReplayTheSpireMod:Shallot","Replay:Mystery Machine","Odd Mushroom","Chameleon Ring","WristBlade","ReplayTheSpireMod:CursedCoin","infinitespire:Satchel","Boot","ReplayTheSpireMod:Lightbulb","Gremlin Food","hubris:Metronome","Bottled Lightning"],"potions_floor_usage":[6,6,13,13,13,16,16,19,28,33,33],"damage_taken":[{"damage":0,"enemies":"Small Slimes","floor":1,"turns":4},{"damage":1,"enemies":"Cultist","floor":4,"turns":4},{"damage":18,"enemies":"Gremlin Nob","floor":6,"turns":4},{"damage":0,"enemies":"2 Louse","floor":7,"turns":2},{"damage":0,"enemies":"The Mushroom Lair","floor":11,"turns":3},{"damage":8,"enemies":"Lagavulin","floor":13,"turns":6},{"damage":0,"enemies":"Blue Slaver","floor":14,"turns":4},{"damage":10,"enemies":"Slime Boss","floor":16,"turns":5},{"damage":0,"enemies":"Chosen","floor":18,"turns":4},{"damage":0,"enemies":"Spheric Guardian","floor":19,"turns":3},{"damage":16,"enemies":"Centurion and Healer","floor":22,"turns":4},{"damage":5,"enemies":"Replay:Snechameleon","floor":25,"turns":4},{"damage":0,"enemies":"Cultist and Chosen","floor":27,"turns":3},{"damage":0,"enemies":"Gremlin Leader","floor":28,"turns":3},{"damage":22,"enemies":"Shelled Parasite and Fungi","floor":29,"turns":3},{"damage":0,"enemies":"Chosen and Byrds","floor":30,"turns":3},{"damage":0,"enemies":"Snecko","floor":31,"turns":3},{"damage":23,"enemies":"Collector","floor":33,"turns":4},{"damage":0,"enemies":"Orb Walker","floor":35,"turns":2},{"damage":7,"enemies":"3 Shapes","floor":36,"turns":2},{"damage":45,"enemies":"Transient","floor":37,"turns":5},{"damage":25,"enemies":"2 Orb Walkers","floor":39,"turns":2}],"seed_played":"7394801915025995736","potions_obtained":[{"floor":6,"key":"EntropicBrew"},{"floor":7,"key":"PowerPotion"},{"floor":14,"key":"Explosive Potion"},{"floor":19,"key":"Poison Potion"},{"floor":25,"key":"Explosive Potion"},{"floor":28,"key":"BlessingOfTheForge"},{"floor":30,"key":"SteroidPotion"}],"is_trial":false,"path_per_floor":["M","$","?","M","?","E","M","$","T","R","?","R","E","M","R","B",null,"M","M","$","?","M","R","?","E","T","M","E","M","M","M","R","B",null,"M","M","M","?","?"],"character_chosen":"THE_SILENT","items_purchased":["Adrenaline Potion","Explosive Potion","ReplayTheSpireMod:Shallot","ReplayTheSpireMod:CursedCoin","infinitespire:Satchel","Boot"],"campfire_rested":2,"item_purchase_floors":[2,2,8,20,20,20],"current_hp_per_floor":[70,70,63,62,62,44,44,44,44,65,65,65,57,57,57,47,70,70,70,70,70,54,54,54,49,49,49,49,27,27,27,48,25,70,70,63,18,18,0,0],"gold":313,"neow_bonus":"HUNDRED_GOLD","is_prod":false,"is_daily":false,"chose_seed":false,"campfire_upgraded":3,"win_rate":0,"timestamp":1607480163,"path_taken":["M","$","?","?","?","E","M","$","T","R","?","R","E","M","R","BOSS","M","M","$","?","M","R","?","E","T","M","E","M","?","M","R","BOSS","M","M","M","?","?"],"build_version":"2020-11-30","purchased_purges":1,"victory":false,"max_hp_per_floor":[70,70,70,70,70,70,70,70,70,70,70,70,70,70,70,70,70,70,70,70,70,70,70,70,70,70,70,70,70,70,70,70,70,70,70,70,70,70,70,70],"card_choices":[{"not_picked":["Acrobatics","ReplayTheSpireMod:Speed Training"],"picked":"Caltrops","floor":1},{"not_picked":["Finisher","Underhanded Strike"],"picked":"Cloak And Dagger","floor":4},{"not_picked":["Toxin Wave","Replay:Poison Smokescreen"],"picked":"Die Die Die","floor":6},{"not_picked":["Backflip","Terror"],"picked":"Poisoned Stab","floor":7},{"not_picked":["hubris:TrickCloak","Deflect"],"picked":"Hidden Blade","floor":11},{"not_picked":["Riddle With Holes","hubris:Sniper"],"picked":"Blade Dance","floor":13},{"not_picked":["Outmaneuver","Deflect"],"picked":"Cloak And Dagger","floor":14},{"not_picked":["Grand Finale","Doppelganger"],"picked":"Atom Bomb","floor":16},{"not_picked":["Predator","Acrobatics+1","Outmaneuver"],"picked":"SKIP","floor":18},{"not_picked":["Reflex","Dagger Throw"],"picked":"Flying Knee","floor":19},{"not_picked":["Bouncing Flask","Poisoned Stab"],"picked":"Phantasmal Killer","floor":22},{"not_picked":["Skewer","Outmaneuver","Acrobatics"],"picked":"SKIP","floor":25},{"not_picked":["Outmaneuver","Infinite Blades"],"picked":"Dagger Spray","floor":27},{"not_picked":["Fluid Movement","Slice","Infinite Blades"],"picked":"SKIP","floor":28},{"not_picked":["Underhanded Strike","Sucker Punch","Deflect"],"picked":"SKIP","floor":29},{"not_picked":["ReplayTheSpireMod:Speed Training","Distraction"],"picked":"Bullet Time","floor":30},{"not_picked":["Slice","Underhanded Strike","ReplayTheSpireMod:Tripwire"],"picked":"SKIP","floor":31},{"not_picked":["Atom Bomb","Storm of Steel"],"picked":"Unload","floor":33},{"not_picked":["Distraction+1","Poisoned Stab","Backflip+1"],"picked":"SKIP","floor":35},{"not_picked":["Distraction+1","Poisoned Stab","Backflip+1"],"picked":"SKIP","floor":35},{"not_picked":["Dagger Throw","PiercingWail"],"picked":"Accuracy+1","floor":36},{"not_picked":["Flechettes","Catalyst","Dagger Throw+1"],"picked":"SKIP","floor":37}],"player_experience":347269,"relics_obtained":[{"floor":6,"key":"Replay:Bottled Steam"},{"floor":9,"key":"Replay:Mystery Machine"},{"floor":11,"key":"Odd Mushroom"},{"floor":13,"key":"Chameleon Ring"},{"floor":25,"key":"Gremlin Food"},{"floor":26,"key":"hubris:Metronome"},{"floor":28,"key":"Bottled Lightning"}],"event_choices":[{"damage_healed":0,"gold_gain":75,"player_choice":"Touch","damage_taken":7,"max_hp_gain":0,"max_hp_loss":0,"event_name":"FaceTrader","floor":3,"gold_loss":0},{"damage_healed":0,"gold_gain":0,"player_choice":"Fought Mushrooms","damage_taken":0,"max_hp_gain":0,"max_hp_loss":0,"event_name":"Mushrooms","floor":11,"gold_loss":0},{"damage_healed":0,"gold_gain":0,"player_choice":"Simplicity","damage_taken":0,"max_hp_gain":0,"max_hp_loss":0,"event_name":"Back to Basics","floor":21,"gold_loss":0,"cards_upgraded":["Strike_G","Strike_G","Strike_G","Strike_G","Strike_G","Defend_G","Defend_G","Defend_G","Defend_G"]},{"damage_healed":0,"gold_gain":0,"player_choice":"Gave Potion","damage_taken":0,"relics_obtained":["ReplayTheSpireMod:Lightbulb"],"max_hp_gain":0,"max_hp_loss":0,"event_name":"WeMeetAgain","floor":24,"gold_loss":0},{"damage_healed":0,"gold_gain":0,"player_choice":"Fight","damage_taken":0,"max_hp_gain":0,"max_hp_loss":0,"event_name":"Mysterious Sphere","floor":39,"gold_loss":0}],"is_beta":false,"boss_relics":[{"not_picked":["Coffee Dripper","Replay:Grab Bag"],"picked":"WristBlade"},{"not_picked":["hubris:VirtuousBlindfold","Runic Pyramid"],"picked":"Ring of the Serpent"}],"items_purged_floors":[20],"is_endless":false,"potions_floor_spawned":[6,7,14,19,25,28,30],"killed_by":"2 Orb Walkers","ascension_level":0}}