{"host":"jc4h38xtrb09g8pb","time":1607495820,"event":{"gold_per_floor":[118,118,132,144,164,164,164,190,215,225,256,256,273,293,293,397,397,409,424,424,424,46,46,71,89,166,166,185,210,210,210,210,305,305,317,317,217,262,262,262,291,291,316,346,358,82,97,116,116,116],"floor_reached":51,"playtime":2659,"items_purged":["Strike_G","Slice","Unload"],"score":843,"play_id":"d99152ab-ea0e-4ff8-b2c3-ca6d03bb4331","local_time":"20201209153700","is_ascension_mode":true,"campfire_choices":[{"data":"Glass Knife","floor":6.0,"key":"SMITH"},{"data":"Neutralize","floor":12.0,"key":"SMITH"},{"data":"Riddle With Holes","floor":15.0,"key":"SMITH"},{"data":"Defend_G","floor":23.0,"key":"PURGE"},{"data":"Strike_G","floor":27.0,"key":"PURGE"},{"data":"Defend_G","floor":32.0,"key":"PURGE"},{"data":"Cloak And Dagger","floor":40.0,"key":"SMITH"},{"data":"Dagger Spray","floor":49,"key":"PURGE"}],"neow_cost":"NONE","seed_source_timestamp":0,"circlet_count":0,"master_deck":["Survivor","Neutralize+1","Glass Knife+1","Predator+1","Quick Slash","After Image","Blur","Riddle With Holes+1","Adrenaline","Necronomicurse","Blade Dance+1","Die Die Die","Finisher","Die Die Die","Die Die Die+1","Cloak And Dagger+1","Cloak And Dagger+1","Concentrate","Escape Plan"],"special_seed":0,"relics":["Ring of the Snake","Orichalcum","Pen Nib","Akabeko","Pear","Runic Pyramid","Necronomicon","Meat on the Bone","Peace Pipe","White Beast Statue","Bottled Flame","Ginger","Ancient Tea Set","Pandora\u0027s Box","Incense Burner","Paper Crane","Whetstone","Letter Opener","Centennial Puzzle"],"potions_floor_usage":[45,48,50,50],"damage_taken":[{"damage":0.0,"enemies":"2 Louse","floor":1.0,"turns":2.0},{"damage":7.0,"enemies":"Small Slimes","floor":3.0,"turns":2.0},{"damage":0.0,"enemies":"Jaw Worm","floor":4.0,"turns":4.0},{"damage":0.0,"enemies":"Red Slaver","floor":5.0,"turns":4.0},{"damage":17.0,"enemies":"Lagavulin","floor":8.0,"turns":4.0},{"damage":0.0,"enemies":"Looter","floor":10.0,"turns":2.0},{"damage":10.0,"enemies":"Gremlin Nob","floor":11.0,"turns":3.0},{"damage":0.0,"enemies":"Blue Slaver","floor":13.0,"turns":1.0},{"damage":0.0,"enemies":"Large Slime","floor":14.0,"turns":3.0},{"damage":17.0,"enemies":"The Guardian","floor":16.0,"turns":14.0},{"damage":0.0,"enemies":"Spheric Guardian","floor":18.0,"turns":1.0},{"damage":4.0,"enemies":"2 Thieves","floor":19.0,"turns":2.0},{"damage":17.0,"enemies":"Book of Stabbing","floor":24.0,"turns":4.0},{"damage":0.0,"enemies":"3 Cultists","floor":25.0,"turns":3.0},{"damage":0.0,"enemies":"Snecko","floor":28.0,"turns":2.0},{"damage":1.0,"enemies":"Slavers","floor":29.0,"turns":3.0},{"damage":22.0,"enemies":"Automaton","floor":33.0,"turns":6.0},{"damage":7.0,"enemies":"3 Shapes","floor":35.0,"turns":4.0},{"damage":0.0,"enemies":"2 Orb Walkers","floor":38.0,"turns":3.0},{"damage":0.0,"enemies":"Nemesis","floor":41.0,"turns":1.0},{"damage":0.0,"enemies":"Giant Head","floor":44.0,"turns":4.0},{"damage":0,"enemies":"3 Darklings","floor":45,"turns":2},{"damage":21,"enemies":"Writhing Mass","floor":47,"turns":3},{"damage":0,"enemies":"Maw","floor":48,"turns":5},{"damage":28,"enemies":"Time Eater","floor":50,"turns":8}],"seed_played":"-6159764910395841296","potions_obtained":[{"floor":1.0,"key":"DuplicationPotion"},{"floor":5.0,"key":"PowerPotion"},{"floor":13.0,"key":"Energy Potion"},{"floor":16.0,"key":"SpeedPotion"},{"floor":18.0,"key":"Explosive Potion"},{"floor":24.0,"key":"GamblersBrew"},{"floor":25.0,"key":"GamblersBrew"},{"floor":28.0,"key":"SkillPotion"},{"floor":29.0,"key":"FairyPotion"},{"floor":33.0,"key":"SkillPotion"},{"floor":35.0,"key":"CunningPotion"},{"floor":41.0,"key":"DuplicationPotion"},{"floor":45,"key":"DuplicationPotion"},{"floor":48,"key":"ColorlessPotion"}],"is_trial":false,"path_per_floor":["M","?","M","M","M","R","?","E","T","M","E","R","M","M","R","B",null,"M","M","?","T","$","R","E","M","T","R","M","E","?","T","R","B",null,"M","?","$","?","$","R","E","?","T","E","M","$","M","M","R","B",null],"character_chosen":"THE_SILENT","items_purchased":["Peace Pipe","Centennial Puzzle"],"campfire_rested":0,"item_purchase_floors":[22,46],"current_hp_per_floor":[70,63,56,56,56,56,49,32,32,32,32,32,32,32,32,15,80,80,76,60,60,60,60,43,43,43,43,43,42,42,42,42,32,80,73,73,73,73,73,73,73,73,73,73,73,73,52,52,52,36],"gold":116,"neow_bonus":"ONE_RANDOM_RARE_CARD","is_prod":false,"is_daily":false,"chose_seed":false,"campfire_upgraded":4,"win_rate":0,"timestamp":1607495820,"path_taken":["M","?","M","M","M","R","?","E","T","M","E","R","M","M","R","BOSS","M","M","?","?","$","R","E","?","T","R","M","E","?","?","R","BOSS","M","?","$","?","$","R","E","?","T","E","M","$","?","M","R","BOSS"],"build_version":"2020-11-30","purchased_purges":3,"victory":true,"max_hp_per_floor":[70,70,70,70,70,70,70,70,70,70,80,80,80,80,80,80,80,80,80,80,80,80,80,80,80,80,80,80,80,80,80,80,80,80,80,80,80,80,80,80,80,80,80,80,80,80,80,80,80,80],"card_choices":[{"not_picked":["Expertise","Deadly Poison"],"picked":"Predator","floor":1.0},{"not_picked":["Underhanded Strike","Prepared","Outmaneuver"],"picked":"SKIP","floor":3.0},{"not_picked":["Reflex","Acrobatics"],"picked":"Dagger Spray","floor":4.0},{"not_picked":["All Out Attack","Terror"],"picked":"Quick Slash","floor":5.0},{"not_picked":["Acrobatics","Dodge and Roll"],"picked":"After Image","floor":8.0},{"not_picked":["Flying Knee","Sucker Punch","All Out Attack"],"picked":"SKIP","floor":10.0},{"not_picked":["Distraction","All Out Attack"],"picked":"Blur","floor":11.0},{"not_picked":["Outmaneuver","Setup","Expertise"],"picked":"SKIP","floor":13.0},{"not_picked":["Slice","Noxious Fumes"],"picked":"Riddle With Holes","floor":14.0},{"not_picked":["Glass Knife","Wraith Form v2"],"picked":"Adrenaline","floor":16.0},{"not_picked":["Deflect+1","Poisoned Stab","Infinite Blades"],"picked":"SKIP","floor":18.0},{"not_picked":["Skewer","Deadly Poison","Prepared"],"picked":"SKIP","floor":19.0},{"not_picked":["Deflect","Dash"],"picked":"Blade Dance+1","floor":24.0},{"not_picked":["Expertise+1","Catalyst+1","Poisoned Stab"],"picked":"SKIP","floor":25.0},{"not_picked":["Dodge and Roll","Underhanded Strike","Expertise"],"picked":"SKIP","floor":28.0},{"not_picked":["Backflip","Dagger Spray","Deflect"],"picked":"SKIP","floor":29.0},{"not_picked":["Wraith Form v2","Corpse Explosion"],"picked":"Die Die Die","floor":33.0},{"not_picked":["Bane","Backstab"],"picked":"Cloak And Dagger+1","floor":35.0},{"not_picked":["Slice+1","Dagger Throw+1"],"picked":"Cloak And Dagger","floor":38.0},{"not_picked":["Reflex","Poisoned Stab"],"picked":"Concentrate","floor":41.0},{"not_picked":["Dagger Spray","Outmaneuver","Crippling Poison+1"],"picked":"SKIP","floor":44.0},{"not_picked":["Cloak And Dagger","PiercingWail+1"],"picked":"Escape Plan","floor":45},{"not_picked":["Underhanded Strike","Caltrops+1","Crippling Poison"],"picked":"SKIP","floor":47},{"not_picked":["Dash","Poisoned Stab","Underhanded Strike"],"picked":"SKIP","floor":48}],"player_experience":684781,"relics_obtained":[{"floor":8.0,"key":"Pen Nib"},{"floor":9.0,"key":"Akabeko"},{"floor":11.0,"key":"Pear"},{"floor":20.0,"key":"Necronomicon"},{"floor":21.0,"key":"Meat on the Bone"},{"floor":24.0,"key":"White Beast Statue"},{"floor":26.0,"key":"Bottled Flame"},{"floor":29.0,"key":"Ginger"},{"floor":31.0,"key":"Ancient Tea Set"},{"floor":38.0,"key":"Incense Burner"},{"floor":41.0,"key":"Paper Crane"},{"floor":43.0,"key":"Whetstone"},{"floor":44.0,"key":"Letter Opener"}],"event_choices":[{"cards_removed":["Strike_G"],"damage_healed":0.0,"max_hp_gain":0.0,"max_hp_loss":0.0,"gold_gain":0.0,"event_name":"Golden Wing","player_choice":"Card Removal","floor":2.0,"gold_loss":0.0,"damage_taken":7.0},{"damage_healed":0.0,"max_hp_gain":0.0,"max_hp_loss":0.0,"gold_gain":0.0,"event_name":"Scrap Ooze","player_choice":"Success","floor":7.0,"gold_loss":0.0,"damage_taken":7.0,"relics_obtained":["Orichalcum"]},{"damage_healed":0.0,"max_hp_gain":0.0,"max_hp_loss":0.0,"gold_gain":0.0,"event_name":"Cursed Tome","player_choice":"Obtained Book","floor":20.0,"gold_loss":0.0,"damage_taken":16.0},{"damage_healed":0.0,"max_hp_gain":0.0,"max_hp_loss":0.0,"gold_gain":0.0,"event_name":"Vampires","player_choice":"Ignored","floor":30.0,"gold_loss":0.0,"damage_taken":0.0},{"damage_healed":0.0,"max_hp_gain":0.0,"max_hp_loss":0.0,"gold_gain":0.0,"event_name":"Tomb of Lord Red Mask","player_choice":"Ignored","floor":36.0,"gold_loss":0.0,"damage_taken":0.0},{"damage_healed":0.0,"max_hp_gain":0.0,"max_hp_loss":0.0,"gold_gain":0.0,"event_name":"Mysterious Sphere","player_choice":"Fight","floor":38.0,"gold_loss":0.0,"damage_taken":0.0},{"damage_healed":0.0,"max_hp_gain":0.0,"max_hp_loss":0.0,"gold_gain":0.0,"event_name":"Match and Keep!","player_choice":"0 cards matched","floor":42.0,"gold_loss":0.0,"damage_taken":0.0,"cards_obtained":[]}],"is_beta":false,"boss_relics":[{"not_picked":["Snecko Eye","SlaversCollar"],"picked":"Runic Pyramid"},{"not_picked":["Runic Dome","Busted Crown"],"picked":"Pandora\u0027s Box"}],"items_purged_floors":[22,37,46],"is_endless":false,"potions_floor_spawned":[1,5,13,16,18,24,25,28,29,33,35,38,41,44,45,47,48],"ascension_level":1}}