{"host":"u2dm6glrpyjr66v9","time":1607499007,"event":{"gold_per_floor":[115,115,115,115,126,126,151,162,162,176,108,118,146,156,156,251,251,271,281,281,293,304,334,334,334,334],"floor_reached":24,"playtime":1042,"items_purged":[],"score":255,"play_id":"9832c07e-a37b-4468-a439-541080fa8d96","local_time":"20201209163007","is_ascension_mode":false,"campfire_choices":[{"floor":6,"key":"RECALL"},{"floor":15,"key":"REST"}],"neow_cost":"NONE","seed_source_timestamp":1178983356654900,"circlet_count":0,"master_deck":["MokouMod:Strike","MokouMod:Strike+1","MokouMod:Strike+1","MokouMod:Strike","MokouMod:Strike","MokouMod:Defend","MokouMod:Defend","MokouMod:Defend","MokouMod:Defend","MokouMod:HeatSpark","MokouMod:SearingShot","Regret","MokouMod:Afterburner","MokouMod:Stoke","MokouMod:Sear","MokouMod:Sear","MokouMod:ScorchedEarth","MokouMod:UncontrollableSolarReaction","MokouMod:Geothermal","MokouMod:ResoluteFlare","MokouMod:ScorchingColumn","MokouMod:HouraiForge","MokouMod:BurningDraft","MokouMod:ScorchingColumn","MokouMod:GuidingSmoke+1","MokouMod:Meltdown+1","MokouMod:ImperishableFlame"],"relics":["MokouMod:PhoenixFeather","NeowsBlessing","Torii","Dream Catcher","Incense Burner","Bottled Flame","Coffee Dripper","HornCleat","Blood Vial"],"potions_floor_usage":[13,19,21],"damage_taken":[{"damage":0,"enemies":"2 Louse","floor":1,"turns":1},{"damage":0,"enemies":"Small Slimes","floor":5,"turns":1},{"damage":0,"enemies":"Gremlin Nob","floor":7,"turns":1},{"damage":3,"enemies":"Cultist","floor":8,"turns":3},{"damage":5,"enemies":"Lots of Slimes","floor":10,"turns":3},{"damage":2,"enemies":"3 Louse","floor":12,"turns":4},{"damage":28,"enemies":"Lagavulin","floor":13,"turns":5},{"damage":24,"enemies":"Exordium Wildlife","floor":14,"turns":4},{"damage":21,"enemies":"Slime Boss","floor":16,"turns":9},{"damage":29,"enemies":"3 Byrds","floor":18,"turns":5},{"damage":3,"enemies":"Chosen","floor":19,"turns":4},{"damage":18,"enemies":"Sentry and Sphere","floor":21,"turns":5},{"damage":5,"enemies":"Snake Plant","floor":22,"turns":6},{"damage":52,"enemies":"Slavers","floor":23,"turns":7},{"damage":21,"enemies":"Centurion and Healer","floor":24,"turns":4}],"seed_played":"-6126856941093376506","potions_obtained":[{"floor":1,"key":"Weak Potion"},{"floor":10,"key":"LiquidMemories"},{"floor":12,"key":"DuplicationPotion"},{"floor":16,"key":"Explosive Potion"},{"floor":23,"key":"Weak Potion"}],"is_trial":false,"path_per_floor":["M","?","?","?","M","R","E","M","T","M","$","M","E","M","R","B",null,"M","M","?","M","M","E","M"],"character_chosen":"MKU","items_purchased":["MokouMod:ScorchedEarth"],"campfire_rested":1,"item_purchase_floors":[11],"current_hp_per_floor":[75,75,75,60,60,60,60,57,57,52,52,50,22,18,40,19,75,46,43,43,25,20,17,0,0,0],"gold":334,"neow_bonus":"THREE_ENEMY_KILL","is_prod":false,"is_daily":false,"chose_seed":false,"campfire_upgraded":0,"win_rate":0.0,"timestamp":1607499007,"path_taken":["M","?","?","?","M","R","E","M","T","M","$","M","E","M","R","BOSS","M","M","?","M","M","E","?"],"build_version":"2020-11-30","purchased_purges":0,"victory":false,"max_hp_per_floor":[75,75,75,75,75,75,75,75,75,75,75,75,75,75,75,75,75,75,75,75,75,75,75,75,75,75],"card_choices":[{"not_picked":["MokouMod:RisingSunBarrier","MokouMod:UncontrollableSolarReaction"],"picked":"MokouMod:SearingShot","floor":1},{"not_picked":["MokouMod:FlickeringFlame","MokouMod:Singe"],"picked":"MokouMod:Afterburner","floor":5},{"not_picked":["MokouMod:FlareStarter","MokouMod:HeatTransfer"],"picked":"MokouMod:Stoke","floor":7},{"not_picked":["MokouMod:DanceofFlames","MokouMod:RoaringFlare"],"picked":"MokouMod:Sear","floor":8},{"not_picked":["MokouMod:Stoke","MokouMod:Singe"],"picked":"MokouMod:Sear","floor":10},{"not_picked":["MokouMod:SearingShot","MokouMod:Burn"],"picked":"MokouMod:UncontrollableSolarReaction","floor":12},{"not_picked":["MokouMod:Sear","MokouMod:Combust"],"picked":"MokouMod:Geothermal","floor":13},{"not_picked":["MokouMod:FlareStarter","MokouMod:Ember"],"picked":"MokouMod:ResoluteFlare","floor":14},{"not_picked":["MokouMod:HeatTransfer","MokouMod:Firecracker"],"picked":"MokouMod:ScorchingColumn","floor":15},{"not_picked":["MokouMod:Ventilation","MokouMod:BurningHiddenBullet"],"picked":"MokouMod:HouraiForge","floor":16},{"not_picked":["MokouMod:Stoke+1","MokouMod:FlickeringFlame"],"picked":"MokouMod:BurningDraft","floor":18},{"not_picked":["MokouMod:ResoluteFlare","MokouMod:FlickeringFlame+1"],"picked":"MokouMod:ScorchingColumn","floor":19},{"not_picked":["MokouMod:FlickeringFlame","MokouMod:Firecracker"],"picked":"MokouMod:GuidingSmoke+1","floor":21},{"not_picked":["MokouMod:Overheat","MokouMod:Rebirth"],"picked":"MokouMod:Meltdown+1","floor":22},{"not_picked":["MokouMod:AdaptivePyromancy+1","MokouMod:ResoluteFlare+1"],"picked":"MokouMod:ImperishableFlame","floor":23}],"player_experience":33906,"relics_obtained":[{"floor":7,"key":"Dream Catcher"},{"floor":9,"key":"Incense Burner"},{"floor":13,"key":"Bottled Flame"},{"floor":23,"key":"Blood Vial"}],"event_choices":[{"damage_healed":0,"gold_gain":0,"player_choice":"Leave","damage_taken":0,"max_hp_gain":0,"max_hp_loss":0,"event_name":"The Cleric","floor":2,"gold_loss":0},{"damage_healed":0,"gold_gain":0,"player_choice":"Box","damage_taken":0,"relics_obtained":["Torii"],"max_hp_gain":0,"max_hp_loss":0,"event_name":"Big Fish","floor":3,"gold_loss":0,"cards_obtained":["Regret"]},{"damage_healed":0,"gold_gain":0,"player_choice":"Entered Light","damage_taken":15,"max_hp_gain":0,"max_hp_loss":0,"event_name":"Shining Light","floor":4,"gold_loss":0,"cards_upgraded":["MokouMod:Strike","MokouMod:Strike"]},{"damage_healed":0,"gold_gain":0,"player_choice":"Gave Potion","damage_taken":0,"relics_obtained":["HornCleat"],"max_hp_gain":0,"max_hp_loss":0,"event_name":"WeMeetAgain","floor":20,"gold_loss":0}],"is_beta":false,"boss_relics":[{"not_picked":["Snecko Eye","Cursed Key"],"picked":"Coffee Dripper"}],"items_purged_floors":[],"is_endless":false,"potions_floor_spawned":[1,10,12,16,23],"killed_by":"Centurion and Healer","ascension_level":0}}