{"host":"5gc11emcm5chfr5t","time":1607553000,"event":{"gold_per_floor":[112,387,406,418,418,443,443,478,503,528,20,20,20,95,95,200,250,269,286,300,64,64,99,14,14,14,14,14,43,54,68,68,168,168,187,268,113,113,113,113,140,156,156,156,156],"floor_reached":44,"playtime":1410,"items_purged":["Regret"],"score":610,"play_id":"dd0797a6-2e13-4ce7-94aa-46c22824d70b","local_time":"20201209173000","is_ascension_mode":true,"campfire_choices":[{"floor":7,"key":"REST"},{"data":"BattleHymn","floor":13,"key":"SMITH"},{"floor":15,"key":"REST"},{"data":"ConjureBlade","floor":25,"key":"SMITH"},{"data":"Ragnarok","floor":27,"key":"SMITH"},{"floor":32,"key":"REST"},{"floor":40,"key":"RECALL"}],"neow_cost":"NONE","seed_source_timestamp":243099323460800,"circlet_count":0,"master_deck":["Strike_P","Strike_P+1","Strike_P","Strike_P","Defend_P","Defend_P+1","Defend_P","Defend_P","Eruption+1","Vigilance","Swivel+1","Wallop","SashWhip+1","ReachHeaven","ConjureBlade+1","Consecrate","BattleHymn+1","Prostrate","Halt","Ragnarok","LessonLearned+1","EmptyBody+1","Prostrate","Ragnarok+1","DeusExMachina","Adaptation+1","DeusExMachina","Prostrate+1"],"relics":["PureWater","NeowsBlessing","Regal Pillow","Happy Flower","PreservedInsect","Ancient Tea Set","Oddly Smooth Stone","Strawberry","Orrery","Tiny House","Chemical X","Tiny Chest","Art of War","Yang","Black Star","Bottled Lightning","Whetstone","Akabeko","Prayer Wheel"],"potions_floor_usage":[6,6,6,18,20,20,29,29,30,33,33,39],"damage_taken":[{"damage":0,"enemies":"Small Slimes","floor":1,"turns":1},{"damage":0,"enemies":"Cultist","floor":3,"turns":1},{"damage":0,"enemies":"Jaw Worm","floor":4,"turns":1},{"damage":28,"enemies":"Lagavulin","floor":6,"turns":6},{"damage":17,"enemies":"3 Sentries","floor":8,"turns":8},{"damage":10,"enemies":"Gremlin Nob","floor":10,"turns":3},{"damage":26,"enemies":"Slime Boss","floor":16,"turns":5},{"damage":20,"enemies":"Shell Parasite","floor":18,"turns":4},{"damage":9,"enemies":"Chosen","floor":19,"turns":4},{"damage":29,"enemies":"Shelled Parasite and Fungi","floor":20,"turns":6},{"damage":0,"enemies":"Gremlin Leader","floor":23,"turns":3},{"damage":5,"enemies":"Slavers","floor":29,"turns":4},{"damage":0,"enemies":"Centurion and Healer","floor":30,"turns":3},{"damage":5,"enemies":"Snake Plant","floor":31,"turns":4},{"damage":75,"enemies":"Champ","floor":33,"turns":11},{"damage":16,"enemies":"3 Shapes","floor":35,"turns":3},{"damage":0,"enemies":"Orb Walker","floor":39,"turns":1},{"damage":36,"enemies":"Sphere and 2 Shapes","floor":42,"turns":4},{"damage":47,"enemies":"Maw","floor":44,"turns":6}],"seed_played":"6272999633755285593","potions_obtained":[{"floor":1,"key":"SneckoOil"},{"floor":3,"key":"FearPotion"},{"floor":4,"key":"ColorlessPotion"},{"floor":17,"key":"Block Potion"},{"floor":18,"key":"Strength Potion"},{"floor":19,"key":"SteroidPotion"},{"floor":28,"key":"Fruit Juice"},{"floor":28,"key":"Fire Potion"},{"floor":28,"key":"DistilledChaos"},{"floor":29,"key":"BlessingOfTheForge"},{"floor":31,"key":"AttackPotion"},{"floor":33,"key":"SmokeBomb"}],"is_trial":false,"path_per_floor":["M","?","M","M","?","E","R","E","T","E","$","$","R","?","R","B",null,"M","M","M","$","?","E","?","R","T","R","?","E","M","M","R","B",null,"M","T","$","?","M","R","T","M","T","M"],"character_chosen":"WATCHER","items_purchased":["Strawberry","Orrery","Ragnarok","Chemical X","Ragnarok","Whetstone"],"campfire_rested":3,"item_purchase_floors":[11,11,11,21,21,37],"current_hp_per_floor":[72,72,72,72,69,41,72,55,55,45,52,52,52,41,79,53,84,64,55,26,26,54,54,54,54,54,54,54,49,49,44,84,14,89,73,73,73,73,73,73,73,37,37,0,0],"gold":156,"neow_bonus":"THREE_ENEMY_KILL","is_prod":false,"is_daily":false,"chose_seed":false,"campfire_upgraded":3,"win_rate":0,"timestamp":1607553000,"path_taken":["M","?","?","M","?","E","R","E","T","E","?","$","R","?","R","BOSS","M","M","M","$","?","E","?","R","T","R","?","E","M","?","R","BOSS","M","?","?","?","?","R","?","M","T","M"],"build_version":"2020-11-30","purchased_purges":1,"victory":false,"max_hp_per_floor":[72,72,72,72,72,72,72,72,72,72,79,79,79,79,79,79,84,84,84,84,84,84,84,84,84,84,84,84,84,84,84,84,89,89,89,89,89,89,89,89,89,89,89,89,89],"card_choices":[{"not_picked":["Weave","WheelKick"],"picked":"Swivel","floor":1},{"not_picked":["JustLucky","CrushJoints"],"picked":"Wallop","floor":3},{"not_picked":["Swivel","FlurryOfBlows"],"picked":"SashWhip","floor":4},{"not_picked":["EmptyBody","Indignation"],"picked":"ReachHeaven","floor":6},{"not_picked":["Protect","Halt"],"picked":"ConjureBlade","floor":8},{"not_picked":["PathToVictory","ClearTheMind"],"picked":"Consecrate","floor":10},{"not_picked":["CarveReality","Swivel"],"picked":"BattleHymn","floor":11},{"not_picked":["JustLucky","SandsOfTime"],"picked":"Prostrate","floor":11},{"not_picked":["EmptyBody","Adaptation"],"picked":"Halt","floor":11},{"not_picked":["Establishment","Wish"],"picked":"LessonLearned","floor":16},{"not_picked":["Vengeance","BowlingBash"],"picked":"EmptyBody+1","floor":18},{"not_picked":["Scrawl","SashWhip+1"],"picked":"Prostrate","floor":19},{"not_picked":["CutThroughFate","PathToVictory+1","EmptyMind"],"picked":"SKIP","floor":20},{"not_picked":["Vengeance","Consecrate+1","Conclude"],"picked":"SKIP","floor":23},{"not_picked":["Halt","WreathOfFlame","CutThroughFate"],"picked":"SKIP","floor":29},{"not_picked":["Consecrate+1","EmptyFist","FollowUp"],"picked":"SKIP","floor":30},{"not_picked":["FlyingSleeves","Halt","Swivel"],"picked":"SKIP","floor":31},{"not_picked":["Wish","LessonLearned"],"picked":"DeusExMachina","floor":33},{"not_picked":["DeceiveReality","EmptyFist+1"],"picked":"Adaptation+1","floor":35},{"not_picked":["ClearTheMind","InnerPeace+1"],"picked":"Prostrate+1","floor":42}],"player_experience":307171,"relics_obtained":[{"floor":6,"key":"Happy Flower"},{"floor":8,"key":"PreservedInsect"},{"floor":9,"key":"Ancient Tea Set"},{"floor":10,"key":"Oddly Smooth Stone"},{"floor":23,"key":"Tiny Chest"},{"floor":29,"key":"Yang"},{"floor":36,"key":"Bottled Lightning"},{"floor":41,"key":"Akabeko"},{"floor":43,"key":"Prayer Wheel"}],"event_choices":[{"damage_healed":0,"gold_gain":275,"player_choice":"Desecrate","damage_taken":0,"max_hp_gain":0,"max_hp_loss":0,"event_name":"Golden Shrine","floor":2,"gold_loss":0,"cards_obtained":["Regret"]},{"damage_healed":0,"gold_gain":0,"player_choice":"Success","damage_taken":3,"relics_obtained":["Regal Pillow"],"max_hp_gain":0,"max_hp_loss":0,"event_name":"Scrap Ooze","floor":5,"gold_loss":0},{"damage_healed":0,"gold_gain":75,"player_choice":"Gather Gold","damage_taken":11,"max_hp_gain":0,"max_hp_loss":0,"event_name":"World of Goop","floor":14,"gold_loss":0},{"damage_healed":28,"gold_gain":0,"player_choice":"Heal","damage_taken":0,"max_hp_gain":0,"max_hp_loss":0,"event_name":"The Library","floor":22,"gold_loss":0},{"damage_healed":0,"gold_gain":0,"player_choice":"Obtained Relic","damage_taken":0,"relics_obtained":["Art of War"],"max_hp_gain":0,"max_hp_loss":0,"event_name":"Addict","floor":24,"gold_loss":85},{"damage_healed":0,"gold_gain":0,"player_choice":"Got Potions","damage_taken":0,"max_hp_gain":0,"max_hp_loss":0,"event_name":"Lab","floor":28,"gold_loss":0},{"damage_healed":0,"gold_gain":0,"player_choice":"Copied","damage_taken":0,"max_hp_gain":0,"max_hp_loss":0,"event_name":"Duplicator","floor":38,"gold_loss":0,"cards_obtained":["DeusExMachina"]}],"is_beta":false,"boss_relics":[{"not_picked":["Ectoplasm","Astrolabe"],"picked":"Tiny House"},{"not_picked":["Philosopher\u0027s Stone","Fusion Hammer"],"picked":"Black Star"}],"items_purged_floors":[11],"is_endless":false,"potions_floor_spawned":[1,3,4,18,19,29,31,33,39],"killed_by":"Maw","ascension_level":3}}