{"host":"c3kh4y5z2xx8jyu6","time":1607539798,"event":{"gold_per_floor":[114,114,132,132,152,185,185,110,164,164,199,213,213,168,168,266,266,285,210,210,309,96,96,113,113,113,144,144,158,433,219,219,314,314,324,337,299,317,332,332,357,357,381,381,400,400,417,200,200,200],"floor_reached":51,"playtime":2098,"items_purged":["Pain","Regret"],"score":651,"play_id":"b55fca3e-d880-4c9d-91e7-74cf2e3966d9","local_time":"20201209204958","is_ascension_mode":false,"campfire_choices":[{"floor":10,"key":"REST"},{"floor":13,"key":"REST"},{"data":"Siphon_Strength","floor":15,"key":"SMITH"},{"data":"Summon_Undead","floor":23,"key":"SMITH"},{"data":"Thousand_Bone_Knives","floor":25,"key":"SMITH"},{"data":"Bone_Shift","floor":28,"key":"SMITH"},{"floor":32,"key":"REST"},{"data":"Blood_Is_Power","floor":40,"key":"SMITH"},{"floor":44,"key":"REST"},{"floor":49,"key":"DIG"}],"neow_cost":"NONE","seed_source_timestamp":157193782814700,"circlet_count":0,"master_deck":["Strike_W","Strike_W","Strike_W","Strike_W","Defend_W","Defend_W","Defend_W","Defend_W","Negative_Energy_Arrows","Bone_Wall","Toxic_Smoke_Screen","Corrupt","Toxic_Smoke_Screen","Siphon_Strength+1","Negative_Energy_Arrows","Thousand_Bone_Knives+1","Negative_Energy_Mist+1","Consume_Illness","Bone_Armor+1","Summon_Vampire_Lady+1","Negative_Energy_Mist+1","Summon_Undead_Army+1","Summon_Undead+1","Bone_Shift+1","Bone_Armory","Bone_Armory","Consume_Illness+1","Consume_Illness+1","Summon_Lich+1","Skeleton_Dragon","Bone_Armor+1","Toxic_Smoke_Screen+1","Summon_Undead_Army+1","Bone_Armor+1","Blood_Is_Power+1","Shade_Step+1","Bones_to_Steel","Purity","Corrupt+1","Summon_Undead_Army+1","Summon_Undead_Army+1"],"relics":["Vampire_Amulet","Happy Flower","WarpedTongs","HollowMod:StagPassRelic","Pear","Replay:Rubber Ducky","Gremlin Food","hubris:VirtuousBlindfold","MealTicket","Runesmith:AutoHammer","ReplayFunnel","Painkiller Herb","Replay:Baseball","Juzu Bracelet","Simple Rune","Turnip"],"potions_floor_usage":[41,41],"damage_taken":[{"damage":0,"enemies":"Small Slimes","floor":1,"turns":3},{"damage":2,"enemies":"Cultist","floor":3,"turns":4},{"damage":3,"enemies":"2 Louse","floor":5,"turns":4},{"damage":28,"enemies":"3 Sentries","floor":6,"turns":15},{"damage":14,"enemies":"Lagavulin","floor":11,"turns":8},{"damage":0,"enemies":"Gremlin Gang","floor":12,"turns":5},{"damage":3,"enemies":"The Guardian","floor":16,"turns":11},{"damage":0,"enemies":"Chosen","floor":18,"turns":6},{"damage":0,"enemies":"Shell Parasite","floor":24,"turns":6},{"damage":16,"enemies":"Gremlin Leader","floor":27,"turns":7},{"damage":11,"enemies":"Chosen and Byrds","floor":29,"turns":7},{"damage":21,"enemies":"Collector","floor":33,"turns":11},{"damage":2,"enemies":"3 Shapes","floor":35,"turns":4},{"damage":2,"enemies":"Orb Walker","floor":36,"turns":4},{"damage":0,"enemies":"Maw","floor":38,"turns":7},{"damage":2,"enemies":"Spire Growth","floor":39,"turns":6},{"damage":57,"enemies":"Giant Head","floor":41,"turns":9},{"damage":12,"enemies":"HollowMod:SlobberingHusk","floor":45,"turns":7},{"damage":2,"enemies":"3 Darklings","floor":47,"turns":4},{"damage":12,"enemies":"Replay:Hell Engine","floor":50,"turns":11}],"seed_played":"-7619836057000916317","potions_obtained":[{"floor":3,"key":"GamblersBrew"},{"floor":5,"key":"SteroidPotion"},{"floor":24,"key":"sneckomod:MuddlingPotion"},{"floor":35,"key":"Block Potion"},{"floor":41,"key":"SpeedPotion"}],"is_trial":false,"path_per_floor":["M","?","M","$","M","E","?","$","T","R","E","M","R","$","R","B",null,"M","$","?","?","$","R","M","R","T","E","R","M","?","$","R","B",null,"?","?","T","?","?","T","E","?","T","T","?","?","?","T","T","B",null],"character_chosen":"NECROMANCER","items_purchased":["HollowMod:StagPassRelic","Bone_Armor","Summon_Undead_Army","Summon_Undead","MealTicket","Consume_Illness","Summon_Lich","Summon_Undead_Army","Summon_Undead_Army","Simple Rune"],"campfire_rested":4,"item_purchase_floors":[4,14,19,22,22,31,31,37,48,48],"current_hp_per_floor":[75,75,75,59,60,48,48,48,48,73,61,69,85,85,85,82,85,85,85,85,85,85,85,85,85,85,78,78,85,85,85,85,81,85,85,85,85,85,85,85,30,36,42,73,83,85,85,85,85,79],"gold":200,"neow_bonus":"RANDOM_COMMON_RELIC","is_prod":false,"is_daily":false,"chose_seed":false,"campfire_upgraded":5,"win_rate":0,"timestamp":1607539798,"path_taken":["M","?","M","?","M","E","?","$","T","R","E","?","R","$","R","BOSS","M","$","?","?","?","R","M","R","T","E","R","M","?","$","R","BOSS","?","?","T","?","?","T","E","?","T","T","?","?","?","T","T","BOSS"],"build_version":"2020-11-30","purchased_purges":2,"victory":true,"max_hp_per_floor":[75,75,75,75,75,85,85,85,85,85,85,85,85,85,85,85,85,85,85,85,85,85,85,85,85,85,85,85,85,85,85,85,85,85,85,85,85,85,85,85,85,85,85,85,85,85,85,85,85,85],"card_choices":[{"not_picked":["Death_March_Dance","Chill_Blood"],"picked":"Toxic_Smoke_Screen","floor":1},{"not_picked":["Spectral_Armor","Scare"],"picked":"Corrupt","floor":3},{"not_picked":["Blood_Whip","Epidemic"],"picked":"Toxic_Smoke_Screen","floor":5},{"not_picked":["Toxic_Smoke_Screen","Death_Coil"],"picked":"Siphon_Strength","floor":6},{"not_picked":["Flesh_Made_Foul","Finger_Of_Death"],"picked":"Negative_Energy_Mist","floor":11},{"not_picked":["Hellfire","Bones_to_Steel"],"picked":"Consume_Illness","floor":12},{"not_picked":["Reap_The_Weak","Cloudkill"],"picked":"Summon_Vampire_Lady","floor":16},{"not_picked":["Vampiric_Strike","Bone_Spikes+1"],"picked":"Negative_Energy_Mist+1","floor":18},{"not_picked":["Shackles_Of_Pain","Pandemic"],"picked":"Bone_Shift","floor":24},{"not_picked":["Detonate_Bones","Bone_Shift"],"picked":"Bone_Armory","floor":27},{"not_picked":["Finger_Of_Death+1","Bones_to_Steel"],"picked":"Bone_Armory","floor":29},{"not_picked":["Summon_Death_Knight","Negative_Energy_Bomb"],"picked":"Skeleton_Dragon","floor":33},{"not_picked":["Death_Coil","Negative_Energy_Sphere+1"],"picked":"Bone_Armor+1","floor":35},{"not_picked":["Requiem","Negative_Energy_Sphere"],"picked":"Toxic_Smoke_Screen+1","floor":36},{"not_picked":["Negative_Energy_Sphere","Spectral_Walk"],"picked":"Bone_Armor+1","floor":38},{"not_picked":["Bones_to_Steel+1","Bone_Armor"],"picked":"Blood_Is_Power","floor":39},{"not_picked":["Negative_Energy_Bomb","Negative_Energy_Javelin"],"picked":"Shade_Step+1","floor":41},{"not_picked":["Scare","Slay_Living","Death_March_Dance"],"picked":"SKIP","floor":45},{"not_picked":["Scare","Whirlwind_of_Bones+1"],"picked":"Corrupt+1","floor":47}],"player_experience":188422,"relics_obtained":[{"floor":6,"key":"Pear"},{"floor":9,"key":"Replay:Rubber Ducky"},{"floor":11,"key":"Gremlin Food"},{"floor":26,"key":"Runesmith:AutoHammer"},{"floor":27,"key":"ReplayFunnel"},{"floor":41,"key":"Replay:Baseball"},{"floor":43,"key":"Juzu Bracelet"},{"floor":49,"key":"Turnip"}],"event_choices":[{"damage_healed":0,"gold_gain":0,"player_choice":"Rummage","damage_taken":0,"relics_obtained":["WarpedTongs"],"max_hp_gain":0,"max_hp_loss":0,"event_name":"Accursed Blacksmith","floor":2,"gold_loss":0,"cards_obtained":["Pain"]},{"damage_healed":0,"gold_gain":0,"player_choice":"2 cards matched","damage_taken":0,"max_hp_gain":0,"max_hp_loss":0,"event_name":"Match and Keep!","floor":7,"gold_loss":0,"cards_obtained":["Negative_Energy_Arrows","Thousand_Bone_Knives"]},{"damage_healed":0,"gold_gain":99,"player_choice":"Stole From Cult","damage_taken":0,"max_hp_gain":0,"max_hp_loss":0,"event_name":"Nest","floor":21,"gold_loss":0},{"damage_healed":0,"gold_gain":275,"player_choice":"Desecrate","damage_taken":0,"max_hp_gain":0,"max_hp_loss":0,"event_name":"Golden Shrine","floor":30,"gold_loss":0,"cards_obtained":["Regret"]},{"damage_healed":0,"gold_gain":0,"player_choice":"2 cards matched","damage_taken":0,"max_hp_gain":0,"max_hp_loss":0,"event_name":"Match and Keep!","floor":42,"gold_loss":0,"cards_obtained":["Bones_to_Steel","Purity"]},{"damage_healed":0,"gold_gain":0,"player_choice":"Ignored","damage_taken":0,"max_hp_gain":0,"max_hp_loss":0,"event_name":"NoteForYourself","floor":46,"gold_loss":0}],"is_beta":false,"boss_relics":[{"not_picked":["hubris:CrackedHourglass","Fusion Hammer"],"picked":"hubris:VirtuousBlindfold"},{"not_picked":["hubris:Backtick","hubris:HollowSoul"],"picked":"Painkiller Herb"}],"items_purged_floors":[8,31],"is_endless":false,"potions_floor_spawned":[3,5,24,35,41],"ascension_level":0}}