{"host":"womlpxqjjlvrjm57","time":1607487732,"event":{"gold_per_floor":[117,117,129,129,129,129],"floor_reached":5,"playtime":281,"items_purged":[],"score":36,"play_id":"5e414600-2740-4e7c-84e3-ce37c94bce44","local_time":"20201208232212","is_ascension_mode":true,"campfire_choices":[],"neow_cost":"BASIC_CARDS","seed_source_timestamp":211862085898032,"circlet_count":0,"master_deck":["TheCursedMod:Strike_TheCursed","TheCursedMod:Strike_TheCursed","TheCursedMod:Strike_TheCursed","TheCursedMod:Strike_TheCursed","TheCursedMod:Defend_TheCursed","TheCursedMod:Defend_TheCursed","TheCursedMod:Defend_TheCursed","TheCursedMod:Defend_TheCursed","TheCursedMod:CursedWand","TheCursedMod:CleanUpWorkshop","TheCursedMod:Dregs","KiyohimeMod:Defend","WordoMod:DefendCard","TheCursedMod:CursedMace","TheCursedMod:CircleOfAbyss","TheCursedMod:RapidMovement"],"special_seed":0,"relics":["TheCursedMod:BlackMagic101","hubris:Towel"],"potions_floor_usage":[],"damage_taken":[{"damage":4,"enemies":"Jaw Worm","floor":1,"turns":5},{"damage":0,"enemies":"Small Slimes","floor":3,"turns":3},{"damage":3,"enemies":"hubris:Merchant","floor":5,"turns":3}],"seed_played":"1010071669101912380","potions_obtained":[{"floor":3,"key":"LiquidMemories"}],"is_trial":false,"path_per_floor":["M","?","M","?","$"],"character_chosen":"THE_CURSED","items_purchased":[],"campfire_rested":0,"item_purchase_floors":[],"current_hp_per_floor":[85,85,85,85,82,82],"gold":129,"neow_bonus":"TWENTY_PERCENT_HP_BONUS","is_prod":false,"is_daily":false,"chose_seed":false,"campfire_upgraded":0,"win_rate":0,"timestamp":1607487732,"path_taken":["M","?","M","?","$"],"build_version":"2020-11-30","purchased_purges":0,"victory":false,"max_hp_per_floor":[89,89,89,89,89,89],"relic_stats":{"counters":[13,64],"obtain_stats":[{"TheCursedMod:BlackMagic101":0,"StuffTheSpire:Mouthbags":8,"aspiration:Nostalgia":0,"Spirit Poop":4,"Replay:Lucky Slots":22,"relicPack:DarknessArmor":11,"PureWater":0,"hubris:Towel":4,"energizedSpire:DeadBattery":17},{"TheCursedMod:BlackMagic101":0,"StuffTheSpire:Mouthbags":4,"aspiration:Nostalgia":0,"Spirit Poop":2,"Replay:Lucky Slots":9,"relicPack:DarknessArmor":5,"PureWater":0,"hubris:Towel":12,"energizedSpire:DeadBattery":7},{"TheCursedMod:BlackMagic101":0,"StuffTheSpire:Mouthbags":18,"aspiration:Nostalgia":0,"Spirit Poop":8,"Replay:Lucky Slots":49,"relicPack:DarknessArmor":21,"PureWater":0,"hubris:Towel":61,"energizedSpire:DeadBattery":37}]},"card_choices":[{"not_picked":["TheCursedMod:EmpowerCircles","TheCursedMod:CircleOfCorruption"],"picked":"TheCursedMod:CursedMace","floor":1},{"not_picked":[],"picked":"TheCursedMod:CircleOfAbyss","floor":2},{"not_picked":["TheCursedMod:PrepareRite","TheCursedMod:SaltUponWound"],"picked":"TheCursedMod:RapidMovement","floor":3}],"player_experience":500626,"relics_obtained":[],"event_choices":[],"is_beta":false,"boss_relics":[],"items_purged_floors":[],"is_endless":false,"potions_floor_spawned":[3],"killed_by":"hubris:Merchant","ascension_level":5}}