{"host":"yengqvuph5dx5jng","time":1607533359,"event":{"gold_per_floor":[114,389,404,120,135,165,165,195,195,120,35,35,65,80,80,180,180,195,20,20,20,35,35,65,65,65,65,65,80,95,95,95,195,195,210,225,225,240,290,320,110,140,165,165,165,165,15,30,30,30],"floor_reached":51,"playtime":3370,"items_purged":["Regret","Barrage","Scrawl"],"score":889,"play_id":"284dc36c-8fb3-411e-81e7-dbaf3d2b92d4","local_time":"20201210020239","daily_mods":["SealedDeck","Purple Cards","Elite Swarm"],"is_ascension_mode":false,"campfire_choices":[{"data":"Wallop","floor":7,"key":"SMITH"},{"data":"Alpha","floor":15,"key":"SMITH"},{"floor":23,"key":"REST"},{"data":"ReachHeaven","floor":27,"key":"SMITH"},{"floor":28,"key":"REST"},{"data":"TalkToTheHand","floor":32,"key":"SMITH"},{"data":"Buffer","floor":44,"key":"SMITH"},{"floor":46,"key":"REST"},{"floor":49,"key":"REST"}],"neow_cost":"","seed_source_timestamp":0,"circlet_count":0,"master_deck":["Cold Snap+1","BowlingBash","Go for the Eyes","Rebound","TalkToTheHand+1","Double Energy","ReachHeaven+1","Wallop+1","Protect","ThirdEye","Auto Shields","Devotion","ForeignInfluence","Capacitor","Alpha+1","Brilliance+1","Swivel","Stack","LessonLearned","Gash+1","WindmillStrike","Prostrate+1","J.A.X.","Reinforced Body","Judgement","CurseOfTheBell","Static Discharge+1","Self Repair","Conserve Battery","Buffer+1","Parasite"],"special_seed":18605,"relics":["Cracked Core","WingedGreaves","Dream Catcher","Orichalcum","Bottled Flame","InkBottle","SlaversCollar","Centennial Puzzle","Ginger","Calling Bell","Nunchaku","Meat on the Bone","Dead Branch","StoneCalendar","Unceasing Top","Pantograph","Boot","Oddly Smooth Stone"],"potions_floor_usage":[22,33,40,50],"damage_taken":[{"damage":0,"enemies":"2 Louse","floor":1,"turns":2},{"damage":3,"enemies":"Cultist","floor":3,"turns":3},{"damage":11,"enemies":"Jaw Worm","floor":5,"turns":3},{"damage":21,"enemies":"Lagavulin","floor":6,"turns":6},{"damage":14,"enemies":"Gremlin Nob","floor":8,"turns":4},{"damage":3,"enemies":"Lagavulin","floor":13,"turns":5},{"damage":1,"enemies":"Lots of Slimes","floor":14,"turns":3},{"damage":70,"enemies":"Hexaghost","floor":16,"turns":7},{"damage":35,"enemies":"3 Byrds","floor":18,"turns":5},{"damage":16,"enemies":"Spheric Guardian","floor":22,"turns":4},{"damage":51,"enemies":"Gremlin Leader","floor":24,"turns":6},{"damage":12,"enemies":"Snake Plant","floor":29,"turns":4},{"damage":36,"enemies":"Centurion and Healer","floor":30,"turns":6},{"damage":47,"enemies":"Automaton","floor":33,"turns":8},{"damage":18,"enemies":"Orb Walker","floor":35,"turns":5},{"damage":58,"enemies":"3 Darklings","floor":36,"turns":6},{"damage":54,"enemies":"Spire Growth","floor":38,"turns":5},{"damage":3,"enemies":"Mind Bloom Boss Battle","floor":39,"turns":5},{"damage":56,"enemies":"Reptomancer","floor":40,"turns":6},{"damage":89,"enemies":"Nemesis","floor":42,"turns":7},{"damage":34,"enemies":"Writhing Mass","floor":48,"turns":6},{"damage":104,"enemies":"Awakened One","floor":50,"turns":11}],"seed_played":"4494449258677458329","potions_obtained":[{"floor":1,"key":"Energy Potion"},{"floor":6,"key":"Strength Potion"},{"floor":8,"key":"FearPotion"},{"floor":16,"key":"Block Potion"},{"floor":22,"key":"FairyPotion"},{"floor":30,"key":"LiquidBronze"},{"floor":38,"key":"ColorlessPotion"},{"floor":40,"key":"DistilledChaos"}],"is_trial":false,"path_per_floor":["M","?","M","$","M","E","R","E","T","?","$","T","E","M","R","B",null,"M","$","?","?","M","R","E","?","T","R","R","M","M","?","R","B",null,"M","M","?","M","?","E","$","E","T","R","?","R","$","M","R","B",null],"character_chosen":"DEFECT","items_purchased":["Devotion","ForeignInfluence","Gash","Swivel","WindmillStrike","Self Repair","Conserve Battery","Oddly Smooth Stone"],"campfire_rested":4,"item_purchase_floors":[4,4,11,11,19,41,41,47],"current_hp_per_floor":[95,105,112,122,121,110,120,116,126,136,146,156,163,172,182,122,255,230,240,250,194,188,291,250,260,270,280,370,368,342,352,362,325,430,422,374,384,340,347,301,311,251,261,271,281,453,463,439,580,486],"gold":30,"neow_bonus":"","is_prod":false,"is_daily":true,"chose_seed":false,"campfire_upgraded":5,"win_rate":0,"timestamp":1607533359,"path_taken":["M","?","M","$","?","E","R","E","T","?","$","?","E","M","R","BOSS","M","$","?","?","M","R","E","?","T","R","R","?","M","?","R","BOSS","M","M","?","M","?","E","$","E","T","R","?","R","$","M","R","BOSS"],"build_version":"2020-11-30","purchased_purges":3,"victory":true,"max_hp_per_floor":[95,105,115,125,135,145,155,165,175,185,195,205,215,225,235,245,255,265,275,285,300,310,320,330,340,350,360,370,380,390,400,410,420,430,440,450,460,470,480,490,500,510,520,530,540,550,560,570,580,590],"relic_stats":{"counters":[22,117],"Dead Branch":[42],"StoneCalendar":[52],"Ginger":[10],"Orichalcum":[168],"Boot":[0],"Dream Catcher":4,"Centennial Puzzle":[33],"Nunchaku":[8],"Pantograph":0,"obtain_stats":[{"Dead Branch":34,"Oddly Smooth Stone":47,"StoneCalendar":39,"Ginger":26,"Orichalcum":9,"Boot":43,"Calling Bell":34,"SlaversCollar":17,"Dream Catcher":8,"Bottled Flame":12,"Centennial Puzzle":24,"Nunchaku":34,"Pantograph":42,"WingedGreaves":6,"Cracked Core":0,"InkBottle":13,"Unceasing Top":40,"Meat on the Bone":34},{"Dead Branch":14,"Oddly Smooth Stone":20,"StoneCalendar":18,"Ginger":11,"Orichalcum":5,"Boot":20,"Calling Bell":14,"SlaversCollar":8,"Dream Catcher":5,"Bottled Flame":5,"Centennial Puzzle":11,"Nunchaku":14,"Pantograph":20,"WingedGreaves":4,"Cracked Core":0,"InkBottle":6,"Unceasing Top":19,"Meat on the Bone":14},{"Dead Branch":66,"Oddly Smooth Stone":100,"StoneCalendar":87,"Ginger":48,"Orichalcum":18,"Boot":100,"Calling Bell":66,"SlaversCollar":33,"Dream Catcher":18,"Bottled Flame":18,"Centennial Puzzle":48,"Nunchaku":66,"Pantograph":100,"WingedGreaves":14,"Cracked Core":0,"InkBottle":23,"Unceasing Top":93,"Meat on the Bone":66}],"InkBottle":[31],"Unceasing Top":[0],"Meat on the Bone":12},"card_choices":[{"not_picked":["CrushJoints","Evaluate"],"picked":"ThirdEye","floor":1},{"not_picked":["Protect","CutThroughFate"],"picked":"Auto Shields","floor":3},{"not_picked":["FlurryOfBlows","Steam"],"picked":"Capacitor","floor":5},{"not_picked":["Biased Cognition","Blasphemy"],"picked":"ConjureBlade","floor":6},{"not_picked":["Establishment","Rainbow"],"picked":"Alpha","floor":8},{"not_picked":["Hyperbeam+1","Fission+1"],"picked":"Brilliance+1","floor":10},{"not_picked":["Vault","Thunder Strike"],"picked":"Scrawl","floor":13},{"not_picked":["Beam Cell","Steam"],"picked":"Stack","floor":14},{"not_picked":["SpiritShield","Creative AI"],"picked":"LessonLearned","floor":16},{"not_picked":["Hologram","Hello World"],"picked":"Gash+1","floor":18},{"not_picked":["Stack","Steam"],"picked":"Prostrate+1","floor":22},{"not_picked":["Fission","Echo Form","Vault"],"picked":"SKIP","floor":24},{"not_picked":["ThirdEye","Vengeance","MentalFortress"],"picked":"SKIP","floor":29},{"not_picked":["Protect","CutThroughFate+1"],"picked":"Reinforced Body","floor":30},{"not_picked":["Machine Learning","Seek"],"picked":"Judgement","floor":33},{"not_picked":["FollowUp+1","Stack","Streamline"],"picked":"SKIP","floor":35},{"not_picked":["FlyingSleeves+1","Beam Cell","FTL"],"picked":"SKIP","floor":36},{"not_picked":["Steam Power","Sweeping Beam","Hologram+1"],"picked":"SKIP","floor":38},{"not_picked":["Tantrum+1","Reprogram+1"],"picked":"Static Discharge+1","floor":39},{"not_picked":["Meteor Strike","Echo Form","Alpha"],"picked":"SKIP","floor":40},{"not_picked":["Scrawl","ConjureBlade"],"picked":"Buffer","floor":42},{"not_picked":["Steam Power+1","ClearTheMind","Protect"],"picked":"SKIP","floor":48}],"player_experience":236125,"relics_obtained":[{"floor":6,"key":"WingedGreaves"},{"floor":8,"key":"Dream Catcher"},{"floor":9,"key":"Orichalcum"},{"floor":12,"key":"Bottled Flame"},{"floor":13,"key":"InkBottle"},{"floor":24,"key":"Centennial Puzzle"},{"floor":26,"key":"Ginger"},{"floor":34,"key":"Nunchaku"},{"floor":34,"key":"Meat on the Bone"},{"floor":34,"key":"Dead Branch"},{"floor":39,"key":"StoneCalendar"},{"floor":40,"key":"Unceasing Top"},{"floor":42,"key":"Pantograph"},{"floor":43,"key":"Boot"}],"event_choices":[{"damage_healed":0,"gold_gain":275,"player_choice":"Desecrate","damage_taken":0,"max_hp_gain":0,"max_hp_loss":0,"event_name":"Golden Shrine","floor":2,"gold_loss":0,"cards_obtained":["Regret"]},{"damage_healed":0,"gold_gain":0,"player_choice":"2","damage_taken":0,"max_hp_gain":0,"max_hp_loss":0,"event_name":"betterMatch:BetterMatch","floor":10,"gold_loss":0,"cards_obtained":["betterMatch:RareCard"]},{"cards_removed":["ConjureBlade"],"damage_healed":0,"gold_gain":0,"player_choice":"Elegance","damage_taken":0,"max_hp_gain":0,"max_hp_loss":0,"event_name":"betterThird:BetterWriting","floor":20,"gold_loss":0},{"damage_healed":0,"gold_gain":0,"player_choice":"Shed Blood","damage_taken":71,"max_hp_gain":5,"max_hp_loss":0,"event_name":"Forgotten Altar","floor":21,"gold_loss":0},{"damage_healed":0,"gold_gain":0,"player_choice":"Obtain J.A.X.","damage_taken":0,"max_hp_gain":0,"max_hp_loss":0,"event_name":"Drug Dealer","floor":25,"gold_loss":0,"cards_obtained":["J.A.X."]},{"damage_healed":0,"gold_gain":0,"player_choice":"Ignored","damage_taken":0,"max_hp_gain":0,"max_hp_loss":0,"event_name":"Vampires","floor":31,"gold_loss":0},{"damage_healed":0,"gold_gain":0,"player_choice":"Memory 1","damage_taken":0,"max_hp_gain":0,"max_hp_loss":0,"event_name":"SensoryStone","floor":37,"gold_loss":0},{"damage_healed":0,"gold_gain":0,"player_choice":"Fight","damage_taken":0,"max_hp_gain":0,"max_hp_loss":0,"event_name":"MindBloom","floor":39,"gold_loss":0},{"cards_removed":["Gash"],"damage_healed":0,"gold_gain":0,"player_choice":"Removed Attack","damage_taken":0,"max_hp_gain":0,"max_hp_loss":0,"event_name":"Falling","floor":45,"gold_loss":0}],"is_beta":false,"boss_relics":[{"not_picked":["FrozenCore","Empty Cage"],"picked":"SlaversCollar"},{"not_picked":["Runic Dome","Coffee Dripper"],"picked":"Calling Bell"}],"items_purged_floors":[4,19,41],"is_endless":false,"potions_floor_spawned":[1,6,8,16,22,29,30,33,35,38,39,40],"ascension_level":0}}