{"host":"cm50tejdnd7ps8b8","time":1607506646,"event":{"gold_per_floor":[114,114,114,137,155,155,155],"floor_reached":6,"playtime":392,"items_purged":[],"score":40,"play_id":"59dbe334-6f37-47b5-9851-5f9dea2ddc2d","local_time":"20201209103726","is_ascension_mode":true,"campfire_choices":[],"neow_cost":"NONE","seed_source_timestamp":103456665485000,"circlet_count":0,"master_deck":["animator:Strike_Konosuba","animator:Defend_Konosuba","animator:Strike","animator:Strike","animator:Strike","animator:Defend","animator:Defend","animator:Defend","animator:Kazuma","animator:Aqua","animator:TukaLunaMarceau","Regret","animator:Verdia","animator:Tyuule"],"relics":["animator:LivingPicture","animator:TheMissingPiece","animator:PurgingStone","NeowsBlessing","aspiration:HiddenCompartment"],"potions_floor_usage":[6],"damage_taken":[{"damage":0,"enemies":"Cultist","floor":1,"turns":1},{"damage":0,"enemies":"Jaw Worm","floor":4,"turns":1},{"damage":0,"enemies":"2 Louse","floor":5,"turns":2},{"damage":68,"enemies":"HollowMod:MossKnight","floor":6,"turns":22}],"seed_played":"2918481923362064344","potions_obtained":[{"floor":4,"key":"EssenceOfSteel"}],"is_trial":false,"path_per_floor":["M","?","?","M","M","E"],"character_chosen":"THE_ANIMATOR","items_purchased":[],"campfire_rested":0,"item_purchase_floors":[],"current_hp_per_floor":[66,66,66,66,66,0,0],"gold":155,"neow_bonus":"THREE_ENEMY_KILL","is_prod":false,"is_daily":false,"chose_seed":false,"campfire_upgraded":0,"win_rate":0,"timestamp":1607506646,"path_taken":["M","?","?","?","M","E"],"build_version":"2020-11-30","purchased_purges":0,"victory":false,"max_hp_per_floor":[66,66,66,66,66,66,66],"card_choices":[{"not_picked":["animator:Alexander","animator:Ara"],"picked":"animator:TukaLunaMarceau","floor":1},{"not_picked":["animator:Ara","animator:Jibril"],"picked":"animator:Verdia","floor":4},{"not_picked":["animator:Chung","animator:DolaRiku"],"picked":"animator:Tyuule","floor":5}],"player_experience":213313,"relics_obtained":[],"event_choices":[{"damage_healed":0,"gold_gain":0,"player_choice":"Leave","damage_taken":0,"max_hp_gain":0,"max_hp_loss":0,"event_name":"The Cleric","floor":2,"gold_loss":0},{"damage_healed":0,"gold_gain":0,"player_choice":"Box","damage_taken":0,"relics_obtained":["aspiration:HiddenCompartment"],"max_hp_gain":0,"max_hp_loss":0,"event_name":"Big Fish","floor":3,"gold_loss":0,"cards_obtained":["Regret"]}],"is_beta":false,"boss_relics":[],"items_purged_floors":[],"is_endless":false,"potions_floor_spawned":[4],"killed_by":"HollowMod:MossKnight","ascension_level":2}}