{"host":"0tiuc76yumknr6qf","time":1607551184,"event":{"gold_per_floor":[118,137,156,169,180,212,212,212,259,259,285,305,305,323,323,398,398,409,409,198,211,211,211,211],"floor_reached":23,"playtime":1175,"items_purged":["Injury"],"score":406,"play_id":"ae01e30e-ba1a-451d-ab7d-9acda3eed368","local_time":"20201209155944","is_ascension_mode":true,"campfire_choices":[{"data":"Armaments","floor":7,"key":"SMITH"},{"data":"Shockwave","floor":10,"key":"SMITH"},{"floor":13,"key":"REST"},{"data":"Flex","floor":15,"key":"SMITH"}],"neow_cost":"NONE","seed_source_timestamp":38354345255600,"circlet_count":0,"master_deck":["AscendersBane","Strike_R","Strike_R","Defend_R","Defend_R","Defend_R","Defend_R","Bash","Pummel","Shockwave+1","Armaments+1","Hemokinesis","Pommel Strike","Thunderclap","Flex+1","Shrug It Off","Limit Break","Evolve+1","Infernal Blade+1","Dual Wield+1","Feel No Pain"],"relics":["Cursed Key","Pear","Matryoshka","Oddly Smooth Stone","Vajra","MealTicket","Astrolabe","Membership Card"],"potions_floor_usage":[3,6,16,21,23,23,23],"damage_taken":[{"damage":3,"enemies":"Small Slimes","floor":1,"turns":3},{"damage":2,"enemies":"Jaw Worm","floor":2,"turns":3},{"damage":0,"enemies":"Cultist","floor":3,"turns":3},{"damage":9,"enemies":"Exordium Thugs","floor":4,"turns":4},{"damage":0,"enemies":"3 Louse","floor":5,"turns":3},{"damage":19,"enemies":"3 Sentries","floor":6,"turns":5},{"damage":31,"enemies":"Gremlin Nob","floor":11,"turns":4},{"damage":9,"enemies":"Large Slime","floor":12,"turns":4},{"damage":2,"enemies":"2 Fungi Beasts","floor":14,"turns":2},{"damage":18,"enemies":"Slime Boss","floor":16,"turns":7},{"damage":13,"enemies":"Spheric Guardian","floor":18,"turns":4},{"damage":22,"enemies":"2 Thieves","floor":21,"turns":3},{"damage":62,"enemies":"Gremlin Leader","floor":23,"turns":7}],"seed_played":"8210641470898527238","potions_obtained":[{"floor":1,"key":"Fruit Juice"},{"floor":2,"key":"PowerPotion"},{"floor":3,"key":"Regen Potion"},{"floor":14,"key":"Swift Potion"},{"floor":16,"key":"LiquidMemories"},{"floor":19,"key":"EntropicBrew"}],"is_trial":false,"path_per_floor":["M","M","M","M","M","E","R","?","T","R","E","M","R","M","R","B",null,"M","?","$","M","?","E"],"character_chosen":"IRONCLAD","items_purchased":["Membership Card"],"campfire_rested":1,"item_purchase_floors":[20],"current_hp_per_floor":[65,63,68,59,59,64,64,53,53,53,22,13,40,38,38,20,73,60,60,75,53,53,0,0],"gold":211,"neow_bonus":"BOSS_RELIC","is_prod":false,"is_daily":false,"chose_seed":false,"campfire_upgraded":3,"win_rate":0,"timestamp":1607551184,"path_taken":["M","M","M","M","M","E","R","?","T","R","E","M","R","M","R","BOSS","M","?","?","?","?","E"],"build_version":"2020-11-30","purchased_purges":1,"victory":false,"max_hp_per_floor":[75,75,80,80,80,90,90,90,90,90,90,90,90,90,90,90,90,90,90,90,90,90,90,90],"card_choices":[{"not_picked":["Dark Embrace","Cleave"],"picked":"Pummel","floor":1},{"not_picked":["Clash","Second Wind"],"picked":"Shockwave","floor":2},{"not_picked":["Thunderclap","Combust"],"picked":"Armaments","floor":3},{"not_picked":["Iron Wave","Anger"],"picked":"Hemokinesis","floor":4},{"not_picked":["Cleave","Perfected Strike"],"picked":"Pommel Strike","floor":5},{"not_picked":["Ghostly Armor","Twin Strike","Uppercut"],"picked":"SKIP","floor":6},{"not_picked":["Entrench","Iron Wave"],"picked":"Thunderclap","floor":11},{"not_picked":["Warcry","Reckless Charge"],"picked":"Flex","floor":12},{"not_picked":["Heavy Blade","Havoc"],"picked":"Shrug It Off","floor":14},{"not_picked":["Feed","Immolate"],"picked":"Limit Break","floor":16},{"not_picked":["Iron Wave","Hemokinesis","Clash"],"picked":"SKIP","floor":18},{"not_picked":["Shrug It Off","True Grit"],"picked":"Feel No Pain","floor":21}],"player_experience":1753607,"relics_obtained":[{"floor":6,"key":"Pear"},{"floor":9,"key":"Oddly Smooth Stone"},{"floor":9,"key":"Vajra"},{"floor":11,"key":"MealTicket"}],"event_choices":[{"damage_healed":0,"gold_gain":0,"player_choice":"Success","damage_taken":11,"relics_obtained":["Matryoshka"],"max_hp_gain":0,"max_hp_loss":0,"event_name":"Scrap Ooze","floor":8,"gold_loss":0},{"damage_healed":0,"gold_gain":0,"player_choice":"Got Potions","damage_taken":0,"max_hp_gain":0,"max_hp_loss":0,"event_name":"Lab","floor":19,"gold_loss":0},{"damage_healed":0,"gold_gain":0,"player_choice":"Ignored","damage_taken":0,"max_hp_gain":0,"max_hp_loss":0,"event_name":"The Mausoleum","floor":22,"gold_loss":0}],"is_beta":false,"boss_relics":[{"not_picked":["Sozu","Velvet Choker"],"picked":"Astrolabe"}],"items_purged_floors":[20],"is_endless":false,"potions_floor_spawned":[1,2,3,14,16],"killed_by":"Gremlin Leader","ascension_level":20}}