{"host":"ci7ivtocgfxh0ueo","time":1607514343,"event":{"gold_per_floor":[13,32,32,182,182,208,49,62,85,85,85,98,114,114,114,114,114],"floor_reached":16,"playtime":287,"items_purged":[],"score":180,"play_id":"e965a333-88bd-4133-8f51-939e16c94ece","local_time":"20201209194543","is_ascension_mode":true,"campfire_choices":[{"data":"Sunder","floor":10,"key":"SMITH"},{"floor":15,"key":"REST"}],"neow_cost":"NO_GOLD","seed_source_timestamp":90126071164500,"circlet_count":0,"master_deck":["AscendersBane","Strike_B","Defend_B","Defend_B","Defend_B","Defend_B","Zap","Dualcast","Self Repair","Melter+1","Ball Lightning+1","Sweeping Beam","Cold Snap","Sunder+1","Capacitor","Streamline+1"],"relics":["Cracked Core","Whetstone","Vajra"],"potions_floor_usage":[6,16,16],"damage_taken":[{"damage":1,"enemies":"Cultist","floor":1,"turns":3},{"damage":9,"enemies":"Jaw Worm","floor":2,"turns":3},{"damage":30,"enemies":"Lagavulin","floor":6,"turns":6},{"damage":0,"enemies":"Small Slimes","floor":8,"turns":2},{"damage":19,"enemies":"Exordium Thugs","floor":12,"turns":5},{"damage":23,"enemies":"3 Louse","floor":13,"turns":3},{"damage":34,"enemies":"The Guardian","floor":16,"turns":7}],"seed_played":"-3201815629800313308","potions_obtained":[{"floor":2,"key":"DistilledChaos"},{"floor":12,"key":"BlessingOfTheForge"}],"is_trial":false,"path_per_floor":["M","M","$","?","?","E","$","M","T","R","?","M","M","?","R","B"],"character_chosen":"DEFECT","items_purchased":["Sunder","LiquidBronze"],"campfire_rested":1,"item_purchase_floors":[7,7],"current_hp_per_floor":[70,68,68,68,61,38,38,38,38,38,38,26,10,10,31,0,0],"gold":114,"neow_bonus":"TRANSFORM_TWO_CARDS","is_prod":false,"is_daily":false,"chose_seed":false,"campfire_upgraded":1,"win_rate":0,"timestamp":1607514343,"path_taken":["M","?","$","?","?","E","$","M","T","R","?","?","M","?","R","BOSS"],"build_version":"2020-11-30","purchased_purges":0,"victory":false,"max_hp_per_floor":[71,71,71,71,71,71,71,71,71,71,71,71,71,71,71,71,71],"card_choices":[{"not_picked":["Streamline","Compile Driver"],"picked":"Ball Lightning","floor":1},{"not_picked":["Rebound","Hologram"],"picked":"Sweeping Beam","floor":2},{"not_picked":["Ball Lightning","Biased Cognition"],"picked":"Cold Snap","floor":6},{"not_picked":["Rebound","Gash","Compile Driver"],"picked":"SKIP","floor":8},{"not_picked":["Conserve Battery","Steam"],"picked":"Streamline","floor":12},{"not_picked":["Ball Lightning","Barrage","Gash"],"picked":"SKIP","floor":13}],"player_experience":1239241,"relics_obtained":[{"floor":6,"key":"Whetstone"},{"floor":9,"key":"Vajra"}],"event_choices":[{"damage_healed":0,"gold_gain":150,"player_choice":"AGREE","damage_taken":0,"max_hp_gain":0,"max_hp_loss":0,"event_name":"Liars Game","floor":4,"gold_loss":0,"cards_obtained":["Doubt"]},{"cards_removed":["Doubt"],"damage_healed":0,"gold_gain":0,"player_choice":"Card Removal","damage_taken":7,"max_hp_gain":0,"max_hp_loss":0,"event_name":"Golden Wing","floor":5,"gold_loss":0},{"damage_healed":0,"gold_gain":0,"cards_transformed":["Strike_B"],"player_choice":"Transformed","damage_taken":0,"max_hp_gain":0,"max_hp_loss":0,"event_name":"Transmorgrifier","floor":11,"gold_loss":0,"cards_obtained":["Capacitor"]},{"damage_healed":0,"gold_gain":0,"player_choice":"Upgraded","damage_taken":0,"max_hp_gain":0,"max_hp_loss":0,"event_name":"Upgrade Shrine","floor":14,"gold_loss":0,"cards_upgraded":["Streamline"]}],"is_beta":false,"boss_relics":[],"items_purged_floors":[],"is_endless":false,"potions_floor_spawned":[2,12],"killed_by":"The Guardian","ascension_level":16}}