{"host":"1637j8siz7lzgd5k","time":1607516308,"event":{"gold_per_floor":[118,43,55,55,70,70,103,103,103,137,137,137,7,82,82,159,209,224,224,237,177,194,194,114,114,114,114,130,156,156,156],"floor_reached":30,"playtime":511,"items_purged":["Strike_G","Strike_G"],"score":533,"play_id":"6dd13385-c42a-456b-a5fe-f3a2ca32c0a1","local_time":"20201209211828","is_ascension_mode":true,"campfire_choices":[{"data":"Poisoned Stab","floor":6.0,"key":"SMITH"},{"data":"Neutralize","floor":8.0,"key":"SMITH"},{"floor":11,"key":"REST"},{"data":"After Image","floor":15,"key":"SMITH"},{"floor":23,"key":"REST"},{"data":"Malaise","floor":27,"key":"SMITH"}],"neow_cost":"NONE","seed_source_timestamp":1952451612700,"circlet_count":0,"master_deck":["AscendersBane","Strike_G","Strike_G+1","Defend_G","Defend_G","Defend_G","Defend_G","Defend_G","Survivor","Neutralize+1","Escape Plan","Poisoned Stab+1","Backstab","After Image+1","Glass Knife","Dagger Spray","Malaise+1","Neutralize","Deadly Poison"],"special_seed":0,"relics":["Ring of the Snake","The Courier","Pear","Sundial","Shuriken","Lee\u0027s Waffle","Tiny House","Ninja Scroll","Bag of Marbles"],"potions_floor_usage":[10,22,22],"damage_taken":[{"damage":2.0,"enemies":"Small Slimes","floor":1.0,"turns":5.0},{"damage":2.0,"enemies":"2 Louse","floor":3.0,"turns":3.0},{"damage":0.0,"enemies":"Cultist","floor":5.0,"turns":4.0},{"damage":24.0,"enemies":"3 Sentries","floor":7.0,"turns":9.0},{"damage":40,"enemies":"Lagavulin","floor":10,"turns":7},{"damage":41,"enemies":"The Guardian","floor":16,"turns":11},{"damage":15,"enemies":"2 Thieves","floor":18,"turns":4},{"damage":19,"enemies":"Spheric Guardian","floor":20,"turns":5},{"damage":15,"enemies":"Snake Plant","floor":22,"turns":5},{"damage":23,"enemies":"Shelled Parasite and Fungi","floor":28,"turns":5},{"damage":42,"enemies":"Book of Stabbing","floor":29,"turns":7},{"damage":0,"enemies":"Cultist and Chosen","floor":30,"turns":1}],"seed_played":"7233487030412197908","potions_obtained":[{"floor":1.0,"key":"CultistPotion"},{"floor":7.0,"key":"Block Potion"},{"floor":17,"key":"Block Potion"},{"floor":18,"key":"DistilledChaos"},{"floor":29,"key":"Fire Potion"}],"is_trial":false,"path_per_floor":["M","?","M","?","M","R","E","R","T","E","R","?","$","?","R","B",null,"M","?","M","$","M","R","$","?","T","R","M","E","M"],"character_chosen":"THE_SILENT","items_purchased":["Lee\u0027s Waffle"],"campfire_rested":2,"item_purchase_floors":[13],"current_hp_per_floor":[63,63,61,66,66,66,42,42,52,12,38,20,94,83,83,42,86,71,71,52,52,37,66,66,66,66,66,43,1,1,1],"gold":156,"neow_bonus":"TEN_PERCENT_HP_BONUS","is_prod":false,"is_daily":false,"chose_seed":false,"campfire_upgraded":4,"win_rate":0,"timestamp":1607516308,"path_taken":["M","?","M","?","M","R","E","R","T","E","R","?","$","?","R","BOSS","M","?","M","$","M","R","$","?","T","R","?","E","M"],"build_version":"2020-11-30","purchased_purges":2,"victory":false,"max_hp_per_floor":[72,72,72,77,77,77,77,77,87,87,87,87,94,94,94,94,99,99,99,99,99,99,99,99,99,99,99,99,99,99,99],"card_choices":[{"not_picked":["Sucker Punch","PiercingWail"],"picked":"Escape Plan","floor":1.0},{"not_picked":["Backflip","Bane","Leg Sweep"],"picked":"SKIP","floor":3.0},{"not_picked":["PiercingWail","Cloak And Dagger"],"picked":"Poisoned Stab","floor":5.0},{"not_picked":["Flying Knee","Riddle With Holes"],"picked":"Backstab","floor":7.0},{"not_picked":["Underhanded Strike","Slice"],"picked":"After Image","floor":10},{"not_picked":["Night Terror","Venomology"],"picked":"Glass Knife","floor":16},{"not_picked":["Reflex","Expertise"],"picked":"Dagger Spray","floor":18},{"not_picked":["Prepared","Dagger Throw","Tactician"],"picked":"SKIP","floor":20},{"not_picked":["Backflip","Choke+1","Riddle With Holes"],"picked":"SKIP","floor":22},{"not_picked":["Outmaneuver","Blur","Slice"],"picked":"SKIP","floor":28},{"not_picked":["Blur","Unload"],"picked":"Deadly Poison","floor":29}],"player_experience":806959,"relics_obtained":[{"floor":7.0,"key":"The Courier"},{"floor":9.0,"key":"Pear"},{"floor":10,"key":"Sundial"},{"floor":26,"key":"Ninja Scroll"},{"floor":29,"key":"Bag of Marbles"}],"event_choices":[{"cards_removed":["Strike_G"],"damage_healed":0.0,"max_hp_gain":0.0,"max_hp_loss":0.0,"gold_gain":0.0,"event_name":"The Cleric","player_choice":"Card Removal","floor":2.0,"gold_loss":75.0,"damage_taken":0.0},{"damage_healed":0.0,"max_hp_gain":5.0,"max_hp_loss":0.0,"gold_gain":0.0,"event_name":"Big Fish","player_choice":"Donut","floor":4.0,"gold_loss":0.0,"damage_taken":0.0},{"damage_healed":0,"gold_gain":0,"player_choice":"Success","damage_taken":18,"relics_obtained":["Shuriken"],"max_hp_gain":0,"max_hp_loss":0,"event_name":"Scrap Ooze","floor":12,"gold_loss":0},{"damage_healed":0,"gold_gain":75,"player_choice":"Gather Gold","damage_taken":11,"max_hp_gain":0,"max_hp_loss":0,"event_name":"World of Goop","floor":14,"gold_loss":0},{"damage_healed":0,"gold_gain":0,"player_choice":"Ignored","damage_taken":0,"max_hp_gain":0,"max_hp_loss":0,"event_name":"The Mausoleum","floor":19,"gold_loss":0},{"damage_healed":0,"gold_gain":0,"player_choice":"2 cards matched","damage_taken":0,"max_hp_gain":0,"max_hp_loss":0,"event_name":"Match and Keep!","floor":25,"gold_loss":0,"cards_obtained":["Malaise","Neutralize"]}],"is_beta":false,"boss_relics":[{"not_picked":["SacredBark","Ring of the Serpent"],"picked":"Tiny House"}],"items_purged_floors":[21,24],"is_endless":false,"potions_floor_spawned":[1,7,18,29],"killed_by":"Cultist and Chosen","ascension_level":20}}