{"host":"121m0oxswv9tg9hk","time":1607544822,"event":{"gold_per_floor":[119,119,131,144,158,158,172,172,172,172,203,215,71,81,81,176,176,196,196,196,29,41,41,69,69,69,69,69,69,85,105,105,204,204,219,237,287,21,40,68,68,88,88,0,0,0,0,0,0,0,0,0,0,31,49,49,49],"floor_reached":55,"playtime":6569,"items_purged":["DTMod:TargetDefense","DTMod:Strike","DTMod:Strike","DTMod:TargetDefense"],"score":740,"play_id":"72b65d46-3b2b-4953-b68e-364c60c8ccc0","local_time":"20201209211342","is_ascension_mode":false,"metric_token":1299,"campfire_choices":[{"data":"DTMod:SneakAttack","floor":6,"key":"SMITH"},{"data":"DTMod:SwitchingTactic","floor":8,"key":"SMITH"},{"data":"DTMod:HeatWave","floor":10,"key":"SMITH"},{"data":"DTMod:CleansingStrike","floor":15,"key":"SMITH"},{"floor":23,"key":"REST"},{"data":"DTMod:EchoTactic","floor":25,"key":"SMITH"},{"floor":29,"key":"REST"},{"floor":32,"key":"DIG"},{"floor":41,"key":"REST"},{"floor":45,"key":"REST"},{"floor":49,"key":"RECALL"},{"floor":52,"key":"REST"}],"neow_cost":"NONE","dtmod_dragon_data":[17,50,4,3,13,6],"seed_source_timestamp":113252931083386,"circlet_count":0,"master_deck":["DTMod:Strike","DTMod:DoubleHit+1","DTMod:TargetDefense","DTMod:TargetDefense","DTMod:SwitchingTactic+1","DTMod:CleansingStrike+1","DTMod:BizarreTactic","DTMod:SneakAttack+1","DTMod:HeatWave+1","DTMod:TagTeam","DTMod:BizarreTactic+1","DTMod:FlameSlash","DTMod:Dissolve","DTMod:Dissolve","DTMod:EchoTactic+1","DTMod:MagicField","DTMod:FlameSlash","DTMod:DeepFocus","Ragnarok","Wireheading","Corpse Explosion","Streamline+1","UnstableBomb","DTMod:TagTeam","construct:CripplingShot","mysticmod:Riposte+1"],"relics":["DTMod:PactStone","NeowsBlessing","Replay:Bottled Snecko","infinitespire:Lucky Rock","Replay:Bronze Core","PrismaticShard","aspiration:RitualStick","Omamori","infinitespire:BottledMercury","Fusion Hammer","Thread and Needle","Pocketwatch","hubris:ScarierMask","construct:RocketBooster","Bag of Preparation","Red Mask","Replay:Bandana"],"potions_floor_usage":[16,18,27,33,55,55,55,55,55,55],"damage_taken":[{"damage":0,"enemies":"2 Louse","floor":1,"turns":1},{"damage":0,"enemies":"infinitespire:Voidling","floor":3,"turns":1},{"damage":0,"enemies":"Cultist","floor":4,"turns":1},{"damage":0,"enemies":"Looter","floor":5,"turns":3},{"damage":0,"enemies":"2 Fungi Beasts","floor":7,"turns":3},{"damage":8,"enemies":"3 Sentries","floor":11,"turns":15},{"damage":0,"enemies":"Exordium Thugs","floor":12,"turns":4},{"damage":0,"enemies":"Blue Slaver","floor":14,"turns":4},{"damage":19,"enemies":"Fading Forest","floor":16,"turns":11},{"damage":16,"enemies":"Spheric Guardian","floor":18,"turns":7},{"damage":0,"enemies":"2 Thieves","floor":22,"turns":4},{"damage":0,"enemies":"Replay:Snechameleon","floor":24,"turns":10},{"damage":8,"enemies":"Colosseum Slavers","floor":27,"turns":6},{"damage":0,"enemies":"Centurion and Healer","floor":30,"turns":12},{"damage":0,"enemies":"Shelled Parasite and Fungi","floor":31,"turns":8},{"damage":6,"enemies":"Collector","floor":33,"turns":13},{"damage":3,"enemies":"3 Darklings","floor":35,"turns":5},{"damage":0,"enemies":"Orb Walker","floor":36,"turns":5},{"damage":0,"enemies":"Mind Bloom Boss Battle","floor":37,"turns":7},{"damage":0,"enemies":"Writhing Mass","floor":39,"turns":10},{"damage":21,"enemies":"Nemesis","floor":40,"turns":11},{"damage":20,"enemies":"Spire Growth","floor":42,"turns":7},{"damage":16,"enemies":"Donu and Deca","floor":50,"turns":8},{"damage":0,"enemies":"Shield and Spear","floor":54,"turns":7},{"damage":47,"enemies":"The Heart","floor":55,"turns":9}],"seed_played":"533322501699951407","potions_obtained":[{"floor":4,"key":"Strength Potion"},{"floor":5,"key":"LiquidBronze"},{"floor":11,"key":"EntropicBrew"},{"floor":16,"key":"construct:ShiftPotion"},{"floor":18,"key":"Milkshake"},{"floor":22,"key":"PowerPotion"},{"floor":31,"key":"Toxic Potion"}],"is_trial":false,"path_per_floor":["M","?","M","M","M","R","M","R","T","R","E","M","$","M","R","B",null,"M","?","?","$","M","R","E","R","T","?","AVR","R","M","M","R","B",null,"M","M","?","$","M","E","R","M","T","?","R","?","?","?","R","B",null,"R","$","E","B"],"character_chosen":"THE_DT","items_purchased":["DTMod:Dissolve","DTMod:DeepFocus","DTMod:TagTeam","Milkshake"],"campfire_rested":5,"item_purchase_floors":[13,21,38,38],"current_hp_per_floor":[45,45,45,45,45,45,45,45,45,45,37,37,37,37,37,42,45,29,21,12,12,12,25,25,25,25,17,17,30,30,30,30,24,45,42,42,42,42,42,21,34,14,14,14,27,27,27,27,27,11,45,45,45,45,0,0,0],"gold":49,"neow_bonus":"THREE_ENEMY_KILL","is_prod":false,"is_daily":false,"chose_seed":false,"campfire_upgraded":5,"win_rate":0.0,"timestamp":1607544822,"path_taken":["M","?","M","M","M","R","M","R","T","R","E","M","$","?","R","BOSS","M","?","?","$","M","R","E","R","T","?","AVR","R","M","M","R","BOSS","M","M","?","?","M","E","R","M","T","?","R","?","?","?","R","BOSS","R","$","E","BOSS"],"build_version":"2020-11-30","purchased_purges":4,"victory":false,"max_hp_per_floor":[45,45,45,45,45,45,45,45,45,45,45,45,45,45,45,45,45,45,45,45,45,45,45,45,45,45,45,45,45,45,45,45,45,45,45,45,45,45,45,45,45,45,45,45,45,45,45,45,45,45,45,45,45,45,45,45,45],"card_choices":[{"not_picked":["DTMod:BlazingStrike","DTMod:MagiciansMark"],"picked":"DTMod:CleansingStrike","floor":1},{"not_picked":["DTMod:BreakAttack","DTMod:Overwhelm"],"picked":"DTMod:SneakAttack","floor":3},{"not_picked":["DTMod:QuickFly","DTMod:BizarreTactic"],"picked":"DTMod:HeatWave","floor":4},{"not_picked":["DTMod:MagicField","DTMod:Feint"],"picked":"DTMod:TagTeam","floor":5},{"not_picked":["DTMod:LastStand","DTMod:Threaten"],"picked":"DTMod:BizarreTactic","floor":7},{"not_picked":["DTMod:RecklessFlurry","DTMod:Weaken"],"picked":"DTMod:FlameSlash","floor":11},{"not_picked":["DTMod:HeadStart","DTMod:FlameSlash"],"picked":"DTMod:Dissolve","floor":12},{"not_picked":["DTMod:BurningEnergy","DTMod:BuildUp"],"picked":"DTMod:CalculatedDefense","floor":14},{"not_picked":["DTMod:HeadStart","DTMod:StunTrap"],"picked":"DTMod:EchoTactic","floor":16},{"not_picked":["DTMod:Conduct","DTMod:Punisher"],"picked":"DTMod:MagicField","floor":18},{"not_picked":["DTMod:Punisher","DTMod:LowKick"],"picked":"DTMod:FlameSlash","floor":19},{"not_picked":["sneckomod:RainOfDice","WreathOfFlame","mysticmod:MightyMagic"],"picked":"SKIP","floor":22},{"not_picked":["Gatherer:Convert","mysticmod:HeavyStrike"],"picked":"Ragnarok","floor":24},{"not_picked":["chefmod:HotSoup+1","Vengeance"],"picked":"Wireheading","floor":30},{"not_picked":["mysticmod:EnergizedRift","hexamod:EmpoweredFlame","Gatherer:AromaProtection"],"picked":"SKIP","floor":31},{"not_picked":["Wish","Guardian:FastForward"],"picked":"Corpse Explosion","floor":33},{"not_picked":["TheCursedMod:Stretching","Second Wind+1","mysticmod:MightyMagic"],"picked":"SKIP","floor":35},{"not_picked":["hierophant:OrnateJavelin+1","construct:Zapper"],"picked":"Streamline+1","floor":36},{"not_picked":["Guardian:CrystalBeam+1","DTMod:TauntingStrike"],"picked":"UnstableBomb","floor":37},{"not_picked":["Sneak Up+1","GrandCross","Sweeping Beam+1"],"picked":"SKIP","floor":39},{"not_picked":["hierophant:Shelter","Life Link"],"picked":"construct:CripplingShot","floor":40},{"not_picked":["Hello World+1","Gatherer:CarefulStrike+1"],"picked":"mysticmod:Riposte+1","floor":42},{"not_picked":["Shade:FingerOfDeath+1","ReplayTheSpireMod:Corrosion Curse","Flex"],"picked":"SKIP","floor":54}],"player_experience":2783042,"relics_obtained":[{"floor":9,"key":"Replay:Bottled Snecko"},{"floor":11,"key":"infinitespire:Lucky Rock"},{"floor":19,"key":"PrismaticShard"},{"floor":24,"key":"Omamori"},{"floor":26,"key":"infinitespire:BottledMercury"},{"floor":32,"key":"Pocketwatch"},{"floor":37,"key":"construct:RocketBooster"},{"floor":40,"key":"Bag of Preparation"},{"floor":54,"key":"Replay:Bandana"}],"event_choices":[{"damage_healed":0,"gold_gain":0,"cards_transformed":["DTMod:Strike"],"player_choice":"Transformed","damage_taken":0,"max_hp_gain":0,"max_hp_loss":0,"event_name":"Transmorgrifier","floor":2,"gold_loss":0,"cards_obtained":["DTMod:BizarreTactic"]},{"damage_healed":0,"gold_gain":0,"player_choice":"Fight","damage_taken":0,"max_hp_gain":0,"max_hp_loss":0,"event_name":"Colosseum","floor":27,"gold_loss":0},{"damage_healed":0,"gold_gain":0,"player_choice":"Fled From Nobs","damage_taken":0,"max_hp_gain":0,"max_hp_loss":0,"event_name":"Colosseum","floor":27,"gold_loss":0},{"damage_healed":0,"gold_gain":0,"player_choice":"Fight","damage_taken":0,"max_hp_gain":0,"max_hp_loss":0,"event_name":"MindBloom","floor":37,"gold_loss":0},{"damage_healed":0,"gold_gain":0,"player_choice":"Paid","damage_taken":0,"relics_obtained":["Red Mask"],"max_hp_gain":0,"max_hp_loss":0,"event_name":"Tomb of Lord Red Mask","floor":44,"gold_loss":88},{"damage_healed":0,"gold_gain":0,"player_choice":"Ignored","damage_taken":0,"max_hp_gain":0,"max_hp_loss":0,"event_name":"OrinTheCat","floor":46,"gold_loss":0},{"cards_removed":["DTMod:CalculatedDefense"],"damage_healed":0,"gold_gain":0,"player_choice":"Removed Power","damage_taken":0,"max_hp_gain":0,"max_hp_loss":0,"event_name":"Falling","floor":47,"gold_loss":0}],"is_beta":false,"boss_relics":[{"not_picked":["construct:WeddingRing","Honey Jar"],"picked":"Replay:Bronze Core"},{"not_picked":["Empty Cage","hubris:BlackHole"],"picked":"hubris:ScarierMask"}],"items_purged_floors":[13,21,28,38],"is_endless":false,"potions_floor_spawned":[4,5,11,16,18,22,24,31,42],"killed_by":"The Heart","ascension_level":0}}