{"host":"f0gpob8hq9vgebej","time":1607495801,"event":{"gold_per_floor":[114,131,149,74,87,87,87,102,126,142,142,42,62,78,78,154,154,164,179,17,17,17,49,49,74,74,74,90,90,90,107,107,107,107],"floor_reached":33,"playtime":883,"items_purged":["Strike_G","Defend_G"],"score":479,"play_id":"177bce79-9f23-4522-90ec-af34046c79f6","local_time":"20201209153641","is_ascension_mode":true,"campfire_choices":[{"data":"Bouncing Flask","floor":6,"key":"SMITH"},{"data":"Dagger Spray","floor":11,"key":"SMITH"},{"data":"Survivor","floor":15,"key":"SMITH"},{"floor":24,"key":"REST"},{"data":"Neutralize","floor":27,"key":"SMITH"},{"data":"Tactician","floor":30,"key":"SMITH"},{"floor":32,"key":"REST"}],"neow_cost":"NONE","seed_source_timestamp":595719477081300,"circlet_count":0,"master_deck":["AscendersBane","Strike_G","Strike_G","Strike_G","Defend_G","Defend_G","Defend_G","Defend_G+1","Survivor+1","Neutralize+1","Dagger Spray+1","Leg Sweep+1","Crippling Poison+1","Bouncing Flask+1","Reflex","PiercingWail","Tactician+1","Acrobatics"],"special_seed":0,"relics":["Ring of the Snake","Orichalcum","Bronze Scales","HoveringKite","Snake Skull","War Paint","Potion Belt","Paper Crane"],"potions_floor_usage":[8,16,16,33,33],"damage_taken":[{"damage":0,"enemies":"Small Slimes","floor":1,"turns":5},{"damage":0,"enemies":"Cultist","floor":2,"turns":4},{"damage":0,"enemies":"2 Louse","floor":3,"turns":3},{"damage":0,"enemies":"Blue Slaver","floor":5,"turns":7},{"damage":0,"enemies":"Large Slime","floor":8,"turns":4},{"damage":6,"enemies":"2 Fungi Beasts","floor":10,"turns":3},{"damage":5,"enemies":"Exordium Thugs","floor":13,"turns":4},{"damage":0,"enemies":"3 Louse","floor":14,"turns":3},{"damage":12,"enemies":"Slime Boss","floor":16,"turns":8},{"damage":23,"enemies":"Shell Parasite","floor":18,"turns":5},{"damage":13,"enemies":"Chosen","floor":19,"turns":5},{"damage":23,"enemies":"Slavers","floor":23,"turns":4},{"damage":10,"enemies":"Snake Plant","floor":28,"turns":4},{"damage":4,"enemies":"Snecko","floor":31,"turns":5},{"damage":37,"enemies":"Champ","floor":33,"turns":10}],"seed_played":"7775912933869584535","potions_obtained":[{"floor":3,"key":"CunningPotion"},{"floor":8,"key":"EssenceOfSteel"},{"floor":10,"key":"Explosive Potion"},{"floor":14,"key":"ColorlessPotion"},{"floor":19,"key":"Strength Potion"},{"floor":23,"key":"CunningPotion"}],"is_trial":false,"path_per_floor":["M","M","M","$","M","R","?","M","T","M","R","$","M","M","R","B",null,"M","M","$","?","?","E","R","T","T","R","M","?","R","M","R","B"],"character_chosen":"THE_SILENT","items_purchased":["Snake Skull"],"campfire_rested":2,"item_purchase_floors":[20],"current_hp_per_floor":[59,59,59,59,59,59,59,59,59,53,53,53,48,48,48,36,59,36,23,23,23,36,13,32,32,32,32,22,22,22,18,37,0,0],"gold":107,"neow_bonus":"RANDOM_COMMON_RELIC","is_prod":false,"is_daily":false,"chose_seed":false,"campfire_upgraded":5,"win_rate":0,"timestamp":1607495801,"path_taken":["M","M","M","$","M","R","?","M","T","M","R","$","?","M","R","BOSS","M","M","$","?","?","E","R","?","T","R","M","?","R","M","R","BOSS"],"build_version":"2020-11-30","purchased_purges":2,"victory":false,"max_hp_per_floor":[66,66,66,66,66,66,66,66,66,66,66,66,66,66,66,66,66,66,66,66,66,66,66,66,66,66,66,66,66,66,66,66,66,66],"card_choices":[{"not_picked":["Backflip","Poisoned Stab"],"picked":"Dagger Spray","floor":1},{"not_picked":["Slice","Dagger Spray"],"picked":"Leg Sweep","floor":2},{"not_picked":["Dodge and Roll","Sucker Punch"],"picked":"Crippling Poison","floor":3},{"not_picked":["Slice","Storm of Steel"],"picked":"Bouncing Flask","floor":5},{"not_picked":["Dagger Throw","Underhanded Strike","Outmaneuver"],"picked":"SKIP","floor":8},{"not_picked":["Riddle With Holes","Flying Knee","Flechettes"],"picked":"SKIP","floor":10},{"not_picked":["Dash","Riddle With Holes"],"picked":"Reflex","floor":13},{"not_picked":["Blade Dance","Quick Slash","Distraction"],"picked":"SKIP","floor":14},{"not_picked":["Choke","Deflect","Cloak And Dagger"],"picked":"SKIP","floor":18},{"not_picked":["Sucker Punch+1","Slice","Masterful Stab"],"picked":"SKIP","floor":19},{"not_picked":["Flechettes","Accuracy"],"picked":"PiercingWail","floor":23},{"not_picked":["Deflect+1","Quick Slash"],"picked":"Tactician","floor":28},{"not_picked":["Poisoned Stab","Dash"],"picked":"Acrobatics","floor":31}],"player_experience":269160,"relics_obtained":[{"floor":9,"key":"Bronze Scales"},{"floor":23,"key":"War Paint"},{"floor":25,"key":"Potion Belt"},{"floor":26,"key":"Paper Crane"}],"event_choices":[{"damage_healed":0,"gold_gain":0,"player_choice":"Upgraded","damage_taken":0,"max_hp_gain":0,"max_hp_loss":0,"event_name":"Upgrade Shrine","floor":7,"gold_loss":0,"cards_upgraded":["Crippling Poison"]},{"damage_healed":0,"gold_gain":0,"player_choice":"Ignored","damage_taken":0,"max_hp_gain":0,"max_hp_loss":0,"event_name":"Ghosts","floor":21,"gold_loss":0},{"damage_healed":13,"gold_gain":0,"player_choice":"Heal","damage_taken":0,"max_hp_gain":0,"max_hp_loss":0,"event_name":"The Library","floor":22,"gold_loss":0},{"cards_removed":["Strike_G"],"damage_healed":0,"gold_gain":0,"player_choice":"Elegance","damage_taken":0,"max_hp_gain":0,"max_hp_loss":0,"event_name":"Back to Basics","floor":29,"gold_loss":0}],"is_beta":false,"boss_relics":[{"not_picked":["Sozu","Cursed Key"],"picked":"HoveringKite"}],"items_purged_floors":[4,12],"is_endless":false,"potions_floor_spawned":[3,8,10,13,14,19,23],"killed_by":"Champ","ascension_level":17}}