{"host":"jpcy2bclvs7juczu","time":1607547023,"event":{"gold_per_floor":[109,74,149,167,179,179,199,199,199],"floor_reached":8,"playtime":256,"items_purged":[],"score":96,"play_id":"c0e4a711-bb83-4470-995c-32ffc3f9aac7","local_time":"20201209155023","is_ascension_mode":true,"campfire_choices":[{"data":"Thunderclap","floor":6,"key":"SMITH"}],"neow_cost":"PERCENT_DAMAGE","seed_source_timestamp":-1063517261965407118,"circlet_count":0,"master_deck":["AscendersBane","Strike_R","Strike_R","Strike_R","Strike_R","Strike_R","Defend_R","Defend_R","Defend_R","Defend_R","Bash","Barricade","Dark Embrace","Thunderclap+1","Evolve","Power Through"],"relics":["Burning Blood"],"potions_floor_usage":[5],"damage_taken":[{"damage":19,"enemies":"Jaw Worm","floor":1,"turns":5},{"damage":9,"enemies":"Small Slimes","floor":4,"turns":4},{"damage":12,"enemies":"Cultist","floor":5,"turns":4},{"damage":23,"enemies":"2 Fungi Beasts","floor":7,"turns":4},{"damage":32,"enemies":"Gremlin Nob","floor":8,"turns":3}],"seed_played":"3420394291016163886","potions_obtained":[{"floor":1,"key":"LiquidMemories"}],"is_trial":false,"path_per_floor":["M","?","?","M","M","R","M","E"],"character_chosen":"IRONCLAD","items_purchased":[],"campfire_rested":0,"item_purchase_floors":[],"current_hp_per_floor":[37,55,44,41,35,35,18,0,0],"gold":199,"neow_bonus":"THREE_RARE_CARDS","is_prod":false,"is_daily":false,"chose_seed":false,"campfire_upgraded":1,"win_rate":0,"timestamp":1607547023,"path_taken":["M","?","?","M","M","R","M","E"],"build_version":"2020-11-30","purchased_purges":0,"victory":false,"max_hp_per_floor":[75,75,75,75,75,75,75,75,75],"relic_stats":{"counters":[5,20],"obtain_stats":[{"Burning Blood":0},{"Burning Blood":0},{"Burning Blood":0}],"Burning Blood":24},"card_choices":[{"not_picked":["Double Tap","Demon Form"],"picked":"Barricade","floor":0},{"not_picked":["Entrench","Sword Boomerang"],"picked":"Dark Embrace","floor":1},{"not_picked":["Shrug It Off","Bloodletting"],"picked":"Thunderclap","floor":4},{"not_picked":["Heavy Blade","Warcry"],"picked":"Evolve","floor":5},{"not_picked":["Rupture","Pummel"],"picked":"Power Through","floor":7}],"player_experience":1472104,"relics_obtained":[],"event_choices":[{"damage_healed":18,"gold_gain":0,"player_choice":"Healed","damage_taken":0,"max_hp_gain":0,"max_hp_loss":0,"event_name":"The Cleric","floor":2,"gold_loss":35},{"damage_healed":0,"gold_gain":75,"player_choice":"Gather Gold","damage_taken":11,"max_hp_gain":0,"max_hp_loss":0,"event_name":"World of Goop","floor":3,"gold_loss":0}],"is_beta":false,"boss_relics":[],"items_purged_floors":[],"is_endless":false,"potions_floor_spawned":[1],"killed_by":"Gremlin Nob","ascension_level":20}}