{"host":"9qeu6oi9adh4ehod","time":1607534501,"event":{"gold_per_floor":[114,39,58,71,83,109,109,109,135,145,145,163,175,231,231,332,332,349,366,378,378,378,395,269,269,269,98,98,98],"floor_reached":28,"playtime":2510,"items_purged":["Strike_P","FearNoEvil","Defend_P"],"score":222,"play_id":"77d70623-e156-486c-984f-7a3513e1fc03","local_time":"20201210022141","is_ascension_mode":false,"campfire_choices":[{"floor":8.0,"key":"REST"},{"data":"Judgement","floor":15.0,"key":"SMITH"},{"floor":25.0,"key":"REST"}],"neow_cost":"NONE","seed_source_timestamp":653311770347600,"circlet_count":0,"master_deck":["Defend_P","Defend_P","Defend_P","Eruption","Vigilance","Judgement+1","Weave","Protect","ThirdEye","WindmillStrike","WaveOfTheHand","ThirdEye","EmptyFist","Establishment","Halt+1","SandsOfTime+1","Brilliance+1","Crescendo","FlyingSleeves","CutThroughFate","WindmillStrike+1","FollowUp","JustLucky"],"special_seed":0,"relics":["PureWater","DemoMod:WhiteGuonStone","Potion Belt","Oddly Smooth Stone","DemoMod:ClearGuonStone","Astrolabe","DemoMod:GlassGuonStoneRelic","Mercury Hourglass"],"potions_floor_usage":[],"damage_taken":[{"damage":0.0,"enemies":"Cultist","floor":1.0,"turns":2.0},{"damage":0.0,"enemies":"Small Slimes","floor":3.0,"turns":3.0},{"damage":0.0,"enemies":"2 Louse","floor":4.0,"turns":1.0},{"damage":0.0,"enemies":"Blue Slaver","floor":5.0,"turns":3.0},{"damage":33.0,"enemies":"Gremlin Nob","floor":6.0,"turns":6.0},{"damage":0.0,"enemies":"Large Slime","floor":10.0,"turns":3.0},{"damage":0.0,"enemies":"Lots of Slimes","floor":12.0,"turns":7.0},{"damage":0.0,"enemies":"2 Fungi Beasts","floor":13.0,"turns":3.0},{"damage":0.0,"enemies":"Lagavulin Event","floor":14.0,"turns":8.0},{"damage":15.0,"enemies":"Hexaghost","floor":16.0,"turns":13.0},{"damage":0.0,"enemies":"Spheric Guardian","floor":18.0,"turns":2.0},{"damage":0.0,"enemies":"2 Thieves","floor":19.0,"turns":4.0},{"damage":15.0,"enemies":"3 Cultists","floor":20.0,"turns":7.0},{"damage":15.0,"enemies":"Shelled Parasite and Fungi","floor":23.0,"turns":5.0},{"damage":0,"enemies":"Snake Plant","floor":28,"turns":1}],"seed_played":"7883779125798438243","potions_obtained":[{"floor":1.0,"key":"Strength Potion"},{"floor":5.0,"key":"Strength Potion"},{"floor":6.0,"key":"DistilledChaos"},{"floor":11.0,"key":"GamblersBrew"},{"floor":11.0,"key":"SneckoOil"},{"floor":12.0,"key":"PowerPotion"},{"floor":19.0,"key":"Fire Potion"},{"floor":20.0,"key":"Dexterity Potion"}],"is_trial":false,"path_per_floor":["M","$","M","M","M","E","?","R","T","M","?","M","M","?","R","B",null,"M","M","M","?","?","M","$","R","T","$","M"],"character_chosen":"WATCHER","items_purchased":["FollowUp","JustLucky"],"campfire_rested":2,"item_purchase_floors":[24,27],"current_hp_per_floor":[72,72,72,72,72,39,32,53,53,53,53,53,53,53,53,38,72,72,72,57,44,44,29,29,52,52,52,52,52],"gold":98,"neow_bonus":"ONE_RANDOM_RARE_CARD","is_prod":false,"is_daily":false,"chose_seed":false,"campfire_upgraded":1,"win_rate":0.0,"timestamp":1607534501,"path_taken":["M","?","M","M","M","E","?","R","T","M","?","M","?","?","R","BOSS","M","M","M","?","?","M","$","R","T","$","M"],"build_version":"2020-11-30","purchased_purges":3,"victory":false,"max_hp_per_floor":[72,72,72,72,72,72,72,72,72,72,72,72,72,72,72,72,72,72,72,72,77,77,77,77,77,77,77,77,77],"card_choices":[{"not_picked":["CutThroughFate","Protect"],"picked":"Weave","floor":1.0},{"not_picked":["CrushJoints","SashWhip","Pray"],"picked":"SKIP","floor":3.0},{"not_picked":["ClearTheMind","SashWhip"],"picked":"Protect","floor":4.0},{"not_picked":["Nirvana","Study"],"picked":"ThirdEye","floor":5.0},{"not_picked":["Sanctity","Swivel"],"picked":"WindmillStrike","floor":6.0},{"not_picked":["Tantrum","Crescendo"],"picked":"WaveOfTheHand","floor":10.0},{"not_picked":["Indignation","Pray"],"picked":"FearNoEvil","floor":12.0},{"not_picked":["Consecrate","Swivel"],"picked":"ThirdEye","floor":13.0},{"not_picked":["CrushJoints","Swivel"],"picked":"EmptyFist","floor":14.0},{"not_picked":["ConjureBlade","DevaForm"],"picked":"Establishment","floor":16.0},{"not_picked":["SignatureMove","BowlingBash"],"picked":"Crescendo","floor":18.0},{"not_picked":["Evaluate+1","CrushJoints"],"picked":"FlyingSleeves","floor":19.0},{"not_picked":["Halt","DeusExMachina"],"picked":"CutThroughFate","floor":20.0},{"not_picked":["InnerPeace","WheelKick+1"],"picked":"WindmillStrike+1","floor":23.0}],"player_experience":193824,"relics_obtained":[{"floor":6.0,"key":"DemoMod:WhiteGuonStone"},{"floor":9.0,"key":"Oddly Smooth Stone"},{"floor":14.0,"key":"DemoMod:ClearGuonStone"},{"floor":26.0,"key":"Mercury Hourglass"}],"event_choices":[{"damage_healed":0.0,"max_hp_gain":0.0,"max_hp_loss":0.0,"gold_gain":0.0,"event_name":"Scrap Ooze","player_choice":"Success","floor":7.0,"gold_loss":0.0,"damage_taken":7.0,"relics_obtained":["Potion Belt"]},{"damage_healed":0.0,"max_hp_gain":0.0,"max_hp_loss":0.0,"gold_gain":0.0,"event_name":"Lab","player_choice":"Got Potions","floor":11.0,"gold_loss":0.0,"damage_taken":0.0},{"damage_healed":0.0,"max_hp_gain":0.0,"max_hp_loss":0.0,"gold_gain":30.0,"event_name":"Dead Adventurer","player_choice":"Searched \u00273\u0027 times","floor":14.0,"gold_loss":0.0,"damage_taken":0.0},{"damage_healed":0.0,"max_hp_gain":5.0,"max_hp_loss":0.0,"gold_gain":0.0,"event_name":"Forgotten Altar","player_choice":"Shed Blood","floor":21.0,"gold_loss":0.0,"damage_taken":18.0},{"damage_healed":0.0,"max_hp_gain":0.0,"max_hp_loss":0.0,"gold_gain":0.0,"event_name":"Ghosts","player_choice":"Ignored","floor":22.0,"gold_loss":0.0,"damage_taken":0.0}],"is_beta":false,"boss_relics":[{"not_picked":["Sozu","Ectoplasm"],"picked":"Astrolabe"}],"items_purged_floors":[2,24,27],"is_endless":false,"potions_floor_spawned":[1,5,6,12,19,20],"killed_by":"Snake Plant","ascension_level":0}}