{"host":"Moondoggy","time":1607528931,"event":{"gold_per_floor":[115,180,194,194,194,229,244,254,254,254,267,285,310,87,87,183,183,194,307,324,334,384,416,416,428,459,459,476,476,401,446,446,541,541,557,557,577,592,208,208,208,225,225,225,255,272,284,78,78,175],"floor_reached":51,"playtime":9801,"items_purged":["Koishi:BasicStrike","Koishi:BasicStrike"],"score":733,"play_id":"53f4df3c-0239-436e-a07a-a6e026fc763e","local_time":"20201209104851","is_ascension_mode":false,"campfire_choices":[{"floor":10.0,"key":"REST"},{"floor":15.0,"key":"REST"},{"floor":24,"key":"REST"},{"floor":29,"key":"RECALL"},{"data":"Koishi:PerfectMindControl","floor":32,"key":"SMITH"},{"floor":40,"key":"REST"},{"data":"Koishi:ReleaseOfTheId","floor":44,"key":"SMITH"},{"floor":49,"key":"REST"}],"neow_cost":"","seed_source_timestamp":0,"circlet_count":0,"master_deck":["Koishi:BasicStrike","Koishi:BasicStrike","Koishi:BasicDefend","Koishi:BasicDefend+1","Koishi:BasicDefend","Koishi:BasicDefend","Koishi:Provoke","Koishi:HauntingSlash","Koishi:SubconsciousSweep","Koishi:BloodcurdlingScream","Koishi:BloodcurdlingScream","Koishi:JumpScare","Koishi:PhantomStrike","Koishi:PhantomStrike","Koishi:FidgetySnatcher","Koishi:TremblingHands","Koishi:JumpScare","Koishi:StingingMind","Koishi:LastRemote","Koishi:VengefulSpirit+1","Koishi:PerfectMindControl+1","Koishi:RorschachInDanmaku","Koishi:Catatonia","Koishi:SprinkleStarAndHeart","Koishi:DreadfulBlow","Koishi:DreadfulBlow","Koishi:PhantomStrike","Koishi:ApparitionsStalkTheNight","Koishi:SprinkleStarAndHeart+1","Koishi:EmbryosDream+1","Koishi:Prune","Koishi:PredatoryInstincts","Koishi:SubconsciousSweep+1","Koishi:ConditionedTeleport","Koishi:FreudianInstinct+1","Koishi:ReleaseOfTheId+1","Koishi:GrowingPain","Koishi:SpiritedAway+1","Koishi:SubterraneanRose+1","theForsaken:PlagueCurse","Koishi:IdleWhim","Koishi:RorschachInDanmaku","Koishi:UnconsciousUrges","Koishi:HeartAttack+1","Koishi:ParalyzingFear+1","Koishi:Heartbroken","Koishi:ReleaseOfTheId","Koishi:PerfectMindControl","Koishi:SubconsciousSweep+1","Koishi:BramblyRoseGarden+1","Koishi:MindStellarRelief"],"special_seed":0,"relics":["Koishi:ImaginaryFriend","LagranYue:RandomDrawCardRelic","aspiration:HatOfInfinitePower","DemoMod:Orange","LetterFromLob","Hallownest:DreamNailRelic","HollowMod:StagPassRelic","Prayer Wheel","hubris:HerbalPaste","Golden_Hairpin","Smiling Mask","Tiny Chest","DemoMod:Bottle","aspiration:RitualDagger","theForsaken:PlagueMask","DemoMod:PinkGuonStone","hubris:TinFlute","halation:QuantumPhysicsTextbook","BargainBundle"],"potions_floor_usage":[50,50,50,50],"damage_taken":[{"damage":2.0,"enemies":"Hallownest:2_MossCreeps","floor":1.0,"turns":3.0},{"damage":2.0,"enemies":"Hallownest:monsterHuskGuard","floor":3.0,"turns":3.0},{"damage":9.0,"enemies":"Hallownest:eliteMossKnight","floor":6.0,"turns":4.0},{"damage":0.0,"enemies":"2_ Uuma","floor":7.0,"turns":2.0},{"damage":2.0,"enemies":"Hallownest:Wandering_and_Horned","floor":8.0,"turns":2.0},{"damage":11.0,"enemies":"Hallownest:1_Ooma_and_2_Uuma","floor":11.0,"turns":3.0},{"damage":13.0,"enemies":"Hallownest:MossCreep_and_Mosskin","floor":12.0,"turns":5.0},{"damage":54.0,"enemies":"Hallownest:eliteCrystalGuardian","floor":13.0,"turns":4.0},{"damage":14.0,"enemies":"Hallownest:BossBrokenVessel","floor":16.0,"turns":8.0},{"damage":1,"enemies":"Hallownest:Flukemon_and_Top","floor":18,"turns":4},{"damage":11,"enemies":"Hallownest:2_Mistakes","floor":20,"turns":5},{"damage":29,"enemies":"Hallownest:3_Mistakes","floor":21,"turns":7},{"damage":28,"enemies":"Hallownest:Glutton_and_Coward","floor":22,"turns":5},{"damage":13,"enemies":"Hallownest:Nosk","floor":23,"turns":8},{"damage":1,"enemies":"Hallownest:2_Husk_Sentries","floor":25,"turns":5},{"damage":2,"enemies":"Hallownest:Master_and_Novice","floor":26,"turns":7},{"damage":4,"enemies":"Hallownest:Master_and_Novice","floor":28,"turns":3},{"damage":19,"enemies":"Hallownest:Glutton_and_Coward","floor":31,"turns":3},{"damage":54,"enemies":"Hallownest:BossGrimm","floor":33,"turns":13},{"damage":40,"enemies":"Hallownest:2_Littles","floor":35,"turns":5},{"damage":24,"enemies":"Hallownest:Shield_Heavy","floor":37,"turns":6},{"damage":105,"enemies":"Hallownest:Xero_Hu_Marmu","floor":38,"turns":9},{"damage":29,"enemies":"Hallownest:2_Great","floor":42,"turns":7},{"damage":35,"enemies":"Hallownest:2_Wandering_and_1_Horned","floor":45,"turns":8},{"damage":32,"enemies":"Hallownest:2_Wandering_and_1_Horned","floor":46,"turns":5},{"damage":47,"enemies":"Hallownest:2_Wing_and_1_Kings","floor":47,"turns":5},{"damage":69,"enemies":"Hallownest:Radiance","floor":50,"turns":13},{"damage":107,"enemies":"Malkuth","floor":51,"turns":13}],"seed_played":"-6514562926152242229","potions_obtained":[{"floor":7.0,"key":"Venom Potion"},{"floor":11.0,"key":"EssenceOfSteel"},{"floor":16.0,"key":"Elixir"},{"floor":20,"key":"Energy Potion"},{"floor":25,"key":"SkillPotion"},{"floor":28,"key":"Explosive Potion"},{"floor":38,"key":"Death Potion"}],"is_trial":false,"path_per_floor":["M","?","M","?","?","E","M","M","T","R","M","M","E","$","R","B",null,"M","?","M","M","M","E","R","M","MIM","?","M","R","?","M","R_BF","B",null,"M","?","M","M","$","R","E","M","T","R","MIM","M","M","$","R","B",null],"character_chosen":"KOISHI","items_purchased":["Koishi:SubconsciousSweep","aspiration:HatOfInfinitePower","Koishi:BloodcurdlingScream","Koishi:VengefulSpirit","hubris:HerbalPaste","Koishi:HeartAttack","DemoMod:PinkGuonStone","BargainBundle","Koishi:SubconsciousSweep","Koishi:BramblyRoseGarden"],"campfire_rested":5,"item_purchase_floors":[0,0,0,14,14,39,39,48,48,48],"current_hp_per_floor":[58,58,59,59,59,53,56,57,57,72,64,56,11,11,32,34,72,72,49,53,37,24,28,49,59,72,75,75,75,75,60,60,40,75,41,41,36,52,59,82,82,74,74,74,72,77,77,77,82,74],"gold":175,"neow_bonus":"","is_prod":false,"is_daily":false,"chose_seed":false,"campfire_upgraded":2,"win_rate":0.0,"timestamp":1607528931,"path_taken":["M","?","M","?","?","E","M","M","T","R","?","M","E","$","R","BOSS","M","?","M","?","M","E","R","M","MIM","?","M","R","?","M","R_BF","BOSS","M","?","M","M","$","R","E","M","T","R","?","M","M","$","R","BOSS"],"build_version":"2020-12-07","purchased_purges":2,"victory":true,"max_hp_per_floor":[72,72,72,72,72,72,72,72,72,72,72,72,72,72,72,72,72,72,72,72,72,72,72,72,72,72,75,75,75,75,75,75,75,75,75,75,75,75,82,82,82,82,82,82,82,82,82,82,82,82],"card_choices":[{"not_picked":["Koishi:SpiritedAway","Koishi:FleetingPhantom"],"picked":"Koishi:JumpScare","floor":1.0},{"not_picked":["Koishi:StingingMind","Koishi:RacingHeart"],"picked":"Koishi:PhantomStrike","floor":3.0},{"not_picked":["Koishi:Whimsy","Koishi:GrowingPain"],"picked":"Koishi:PhantomStrike","floor":6.0},{"not_picked":["Koishi:CatchAndRose","Koishi:Jaunt"],"picked":"Koishi:FidgetySnatcher","floor":7.0},{"not_picked":["Koishi:HeartfeltFancy","Koishi:PhantomStrike"],"picked":"Koishi:TremblingHands","floor":8.0},{"not_picked":["Koishi:EmbersOfLove","Koishi:GhostParty"],"picked":"Koishi:JumpScare","floor":11.0},{"not_picked":["Koishi:BloodcurdlingScream","Koishi:JumpScare"],"picked":"Koishi:StingingMind","floor":12.0},{"not_picked":["Koishi:EmbryosDream","Koishi:JumpScare"],"picked":"Koishi:LastRemote","floor":13.0},{"not_picked":["Koishi:MentalBreakdown","Koishi:ConditionedTeleport"],"picked":"Koishi:PerfectMindControl","floor":16.0},{"not_picked":["Koishi:StrangeCloudFist","Koishi:Jaunt"],"picked":"Koishi:RorschachInDanmaku","floor":18},{"not_picked":["Koishi:RacingHeart","Koishi:PhantomBarrier+1"],"picked":"Koishi:Catatonia","floor":18},{"not_picked":["Koishi:UnconsciousUprising","Koishi:PredatoryInstincts+1"],"picked":"Koishi:SprinkleStarAndHeart","floor":20},{"not_picked":["Koishi:ParalyzingFear+1","Koishi:RoseHell"],"picked":"Koishi:DreadfulBlow","floor":20},{"not_picked":["Koishi:StingingMind","Koishi:UnansweredLove+1"],"picked":"Koishi:DreadfulBlow","floor":21},{"not_picked":["Koishi:BloodcurdlingScream+1","Koishi:FleetingPhantom"],"picked":"Koishi:PhantomStrike","floor":21},{"not_picked":["Koishi:DreadfulBlow+1","Koishi:GhostParty"],"picked":"Koishi:ApparitionsStalkTheNight","floor":22},{"not_picked":["Koishi:FleetingPhantom","Koishi:FourthEye+1"],"picked":"Koishi:SprinkleStarAndHeart+1","floor":22},{"not_picked":["Koishi:PhantomStrike","Koishi:PhantomBarrier"],"picked":"Koishi:EmbryosDream+1","floor":23},{"not_picked":["Koishi:TremblingHands","Koishi:RacingHeart"],"picked":"Koishi:Prune","floor":25},{"not_picked":["Koishi:CatchAndRose","Koishi:YoukaiPolygraph"],"picked":"Koishi:PredatoryInstincts","floor":25},{"not_picked":["Koishi:PhantomBarrier+1","Koishi:EmbersOfLove"],"picked":"Koishi:SubconsciousSweep+1","floor":26},{"not_picked":["Koishi:PredatoryInstincts","Koishi:PhantomStrike"],"picked":"Koishi:ConditionedTeleport","floor":28},{"not_picked":["Koishi:StingingMind+1","Koishi:RacingHeart","Koishi:EmbryosDream"],"picked":"SKIP","floor":28},{"not_picked":["Koishi:RacingHeart","Koishi:TraumaticStroke"],"picked":"Koishi:FreudianInstinct+1","floor":31},{"not_picked":["Koishi:ReflexRadar","Koishi:StingingMind"],"picked":"Koishi:ReleaseOfTheId","floor":31},{"not_picked":["Koishi:RollingInRichesHeart","Koishi:Heartbroken"],"picked":"Koishi:GrowingPain","floor":33},{"not_picked":["Koishi:PhantomBarrier","Koishi:TraumaticStroke"],"picked":"Koishi:SpiritedAway+1","floor":35},{"not_picked":["Koishi:ReflexRadar","Koishi:UnconsciousUprising+1"],"picked":"Koishi:SubterraneanRose+1","floor":35},{"not_picked":["Koishi:HeartfeltFancy","Koishi:BloodcurdlingScream"],"picked":"Koishi:IdleWhim","floor":37},{"not_picked":["Koishi:BloodcurdlingScream+1","Koishi:FourthEye"],"picked":"Koishi:RorschachInDanmaku","floor":37},{"not_picked":["Koishi:RacingHeart+1","Koishi:Prune+1"],"picked":"Koishi:UnconsciousUrges","floor":38},{"not_picked":["Koishi:ParalyzingFear","Koishi:HeartfeltFancy+1","Koishi:FourthEye"],"picked":"SKIP","floor":38},{"not_picked":["Koishi:RacingHeart","Koishi:Bloodlust"],"picked":"Koishi:ParalyzingFear+1","floor":42},{"not_picked":["Koishi:VengefulSpirit","Koishi:DanmakuParanoia","Koishi:StingingMind"],"picked":"SKIP","floor":42},{"not_picked":["Koishi:PhantomStrike","Koishi:BloodcurdlingScream"],"picked":"Koishi:Heartbroken","floor":45},{"not_picked":["Koishi:MindNumbingTerror","Koishi:PredatoryInstincts+1","Koishi:EmbryosDream"],"picked":"SKIP","floor":46},{"not_picked":["Koishi:CatchAndRose+1","Koishi:FleetingPhantom","Koishi:StingingMind"],"picked":"SKIP","floor":46},{"not_picked":["Koishi:RorschachInDanmaku","Koishi:StingingMind"],"picked":"Koishi:ReleaseOfTheId","floor":47},{"not_picked":["Koishi:JumpScare+1","Koishi:BloodcurdlingScream+1"],"picked":"Koishi:PerfectMindControl","floor":47},{"not_picked":["Koishi:PerfectMindControl","Koishi:FadingMemory"],"picked":"Koishi:MindStellarRelief","floor":50}],"player_experience":218616,"relics_obtained":[{"floor":1.0,"key":"LetterFromLob"},{"floor":6.0,"key":"HollowMod:StagPassRelic"},{"floor":13.0,"key":"Prayer Wheel"},{"floor":23,"key":"Tiny Chest"},{"floor":26,"key":"DemoMod:Bottle"},{"floor":43,"key":"hubris:TinFlute"},{"floor":45,"key":"halation:QuantumPhysicsTextbook"}],"event_choices":[{"damage_healed":0,"gold_gain":113,"player_choice":"RE GO ","damage_taken":26,"relics_obtained":["Smiling Mask"],"max_hp_gain":0,"max_hp_loss":0,"event_name":"betterSkull:BetterSkull","floor":19,"gold_loss":0,"cards_upgraded":[]},{"damage_healed":0,"gold_gain":0,"player_choice":"2","damage_taken":0,"max_hp_gain":0,"max_hp_loss":0,"event_name":"betterMatch:BetterMatch","floor":30,"gold_loss":0,"cards_obtained":[]},{"damage_healed":0,"gold_gain":0,"player_choice":"Obtain Plague Curse","damage_taken":0,"max_hp_gain":0,"max_hp_loss":0,"event_name":"Plague Doctor","floor":36,"gold_loss":0,"cards_obtained":["theForsaken:PlagueCurse"]}],"is_beta":true,"boss_relics":[{"not_picked":["hubris:ScarierMask","construct:WeddingRing"],"picked":"Golden_Hairpin"},{"not_picked":["aspiration:SilentSkillbook","hubris:RunicObelisk"],"picked":"aspiration:RitualDagger"}],"items_purged_floors":[39,48],"is_endless":false,"potions_floor_spawned":[7,11,16,20,25,28,38,42],"ascension_level":0}}