{"host":"cxvb37eaaiijvrl4","time":1607530449,"event":{"gold_per_floor":[110,35,52,63,78,78,78,103,103,134,209,209,236,247,247,326,326,338,388,398,398,318,348,348,377,377,387,416,816,827,839,839,916,916,935,560,574,590,245,275,19,19,19,19,48,67,67,96,96,96,96,96,96,20,48,48],"floor_reached":57,"playtime":1917,"items_purged":["Strike_R","Strike_R","MostiFishMod:NewArrival+1","Second Wind+1","Bash","Strike_R","Defend_R","Strike_R"],"score":3711,"play_id":"c15914de-6586-49cd-8f9f-a0c19b3e4da2","local_time":"20201209081409","is_ascension_mode":true,"campfire_choices":[{"data":"MostiFishMod:FrostNova","floor":6.0,"key":"SMITH"},{"data":"Offering","floor":15.0,"key":"SMITH"},{"data":"MostiFishMod:NewArrival","floor":24.0,"key":"SMITH"},{"data":"MostiFishMod:RacingGame","floor":32.0,"key":"SMITH"},{"data":"MostiFishMod:WinterMarkForm","floor":44.0,"key":"SMITH"},{"data":"Feel No Pain","floor":47.0,"key":"SMITH"},{"floor":49.0,"key":"RECALL"},{"data":"Burning Pact","floor":53.0,"key":"SMITH"}],"neow_cost":"NONE","seed_source_timestamp":121300104325400,"circlet_count":0,"master_deck":["AscendersBane","Strike_R","Defend_R+1","Defend_R+1","Defend_R","MostiFishMod:FrostNova+1","MostiFishMod:WinterMarkForm+1","Burning Pact+1","Bloodletting","Offering+1","MostiFishMod:RacingGame+1","Feel No Pain","MostiFishMod:RacingGame+1","Feel No Pain","True Grit+1","Barricade+1","Feel No Pain+1","Shockwave+1","Berserk+1"],"special_seed":0,"relics":["Burning Blood","FrostBlade","testmod-CasingShield","Art of War","Kunai","testmod-BlackFramedGlasses","DaveBox","Membership Card","Self Forming Clay","ImportantClient","testmod-TimeTraveler","Toxic Egg 2","SlaversCollar","BrkXgEgg","MerchantsRug","Toy Ornithopter","Medical Kit","StrikeDummy"],"potions_floor_usage":[56,56],"damage_taken":[{"damage":8.0,"enemies":"2 Louse","floor":1.0,"turns":2.0},{"damage":0.0,"enemies":"Small Slimes","floor":3.0,"turns":1.0},{"damage":1.0,"enemies":"Jaw Worm","floor":4.0,"turns":3.0},{"damage":7.0,"enemies":"Large Slime","floor":5.0,"turns":3.0},{"damage":0.0,"enemies":"Lagavulin","floor":8.0,"turns":3.0},{"damage":3.0,"enemies":"Gremlin Nob","floor":10.0,"turns":3.0},{"damage":0.0,"enemies":"Lagavulin","floor":13.0,"turns":3.0},{"damage":0.0,"enemies":"3 Louse","floor":14.0,"turns":2.0},{"damage":6.0,"enemies":"Slime Boss","floor":16.0,"turns":3.0},{"damage":5.0,"enemies":"Spheric Guardian","floor":18.0,"turns":3.0},{"damage":0.0,"enemies":"3 Byrds","floor":20.0,"turns":2.0},{"damage":0.0,"enemies":"Gremlin Leader","floor":23.0,"turns":3.0},{"damage":9.0,"enemies":"Slavers","floor":25.0,"turns":2.0},{"damage":25.0,"enemies":"Snake Plant","floor":27.0,"turns":2.0},{"damage":6.0,"enemies":"Gremlin Leader","floor":28.0,"turns":3.0},{"damage":9.0,"enemies":"Cultist and Chosen","floor":30.0,"turns":4.0},{"damage":14.0,"enemies":"Chosen and Byrds","floor":31.0,"turns":4.0},{"damage":12.0,"enemies":"Automaton","floor":33.0,"turns":3.0},{"damage":9.0,"enemies":"3 Shapes","floor":35.0,"turns":2.0},{"damage":0.0,"enemies":"Orb Walker","floor":37.0,"turns":2.0},{"damage":11.0,"enemies":"Writhing Mass","floor":38.0,"turns":4.0},{"damage":0.0,"enemies":"Nemesis","floor":40.0,"turns":4.0},{"damage":6.0,"enemies":"Giant Head","floor":45.0,"turns":3.0},{"damage":0.0,"enemies":"Sphere and 2 Shapes","floor":46.0,"turns":4.0},{"damage":7.0,"enemies":"Reptomancer","floor":48.0,"turns":3.0},{"damage":6.0,"enemies":"Donu and Deca","floor":50.0,"turns":3.0},{"damage":20.0,"enemies":"Time Eater","floor":51.0,"turns":11.0},{"damage":6.0,"enemies":"Shield and Spear","floor":55.0,"turns":7.0},{"damage":8,"enemies":"The Heart","floor":56,"turns":8}],"seed_played":"-5512232423647787167","potions_obtained":[{"floor":0.0,"key":"LiquidBronze"},{"floor":0.0,"key":"LiquidMemories"},{"floor":1.0,"key":"DuplicationPotion"},{"floor":25.0,"key":"AttackPotion"},{"floor":30.0,"key":"testmod-TestPotion"}],"is_trial":false,"path_per_floor":["M","$","M","M","M","R","$","E","T","E","?","?","E","M","R","B",null,"M","?","M","?","$","E","R","E","T","M","E","?","M","M","R","B",null,"M","$","M","M","$","E","$","?","T","R","E","M","R","E","R","B","B",null,"R","$","E","B",null],"character_chosen":"IRONCLAD","items_purchased":["Omamori","BrkXgEgg","MerchantsRug","Barricade+1","Medical Kit","Feel No Pain"],"campfire_rested":0,"item_purchase_floors":[36,36,36,39,41,41],"current_hp_per_floor":[66,66,72,75,74,74,74,75,75,75,64,64,73,75,75,75,75,75,75,75,75,75,75,75,73,73,56,59,59,60,56,56,53,70,69,69,75,73,73,75,75,75,75,75,75,75,75,75,75,75,70,74,74,74,75,75],"gold":48,"neow_bonus":"THREE_SMALL_POTIONS","is_prod":false,"is_daily":false,"chose_seed":false,"campfire_upgraded":7,"win_rate":0,"timestamp":1607530449,"path_taken":["M","$","M","M","M","R","$","E","T","E","?","?","E","M","R","BOSS","M","?","M","?","$","E","R","E","T","M","E","?","M","M","R","BOSS","M","$","M","M","$","E","$","?","T","R","E","M","R","E","R","BOSS","BOSS","R","$","E","BOSS"],"build_version":"2020-11-30","purchased_purges":8,"victory":true,"max_hp_per_floor":[75,75,75,75,75,75,75,75,75,75,75,75,75,75,75,75,75,75,75,75,75,75,75,75,75,75,75,75,75,75,75,75,75,75,75,75,75,75,75,75,75,75,75,75,75,75,75,75,75,75,75,75,75,75,75,75],"card_choices":[{"not_picked":["Dropkick","Iron Wave","Thunderclap"],"picked":"SKIP","floor":1.0},{"not_picked":["Carnage","Sword Boomerang","Disarm"],"picked":"Burning Pact","floor":3.0},{"not_picked":["Sever Soul","Dual Wield","Whirlwind","Sword Boomerang"],"picked":"SKIP","floor":4.0},{"not_picked":["Whirlwind","Carnage","Pommel Strike","Wild Strike"],"picked":"SKIP","floor":5.0},{"not_picked":["Spot Weakness","Sword Boomerang","Havoc"],"picked":"Bloodletting","floor":8.0},{"not_picked":["Infernal Blade","Warcry","True Grit","Thunderclap"],"picked":"SKIP","floor":10.0},{"not_picked":["Anger","Pommel Strike","Cleave"],"picked":"Offering","floor":13.0},{"not_picked":["Infernal Blade","Twin Strike","Clothesline","Pommel Strike"],"picked":"SKIP","floor":14.0},{"not_picked":["MostiFishMod:FlyOverUtopia","Barricade","Brutality"],"picked":"MostiFishMod:RacingGame","floor":16.0},{"not_picked":["Havoc","Pommel Strike","Combust","Searing Blow"],"picked":"SKIP","floor":18.0},{"not_picked":["Sword Boomerang","Rage","Thunderclap","Iron Wave"],"picked":"SKIP","floor":20.0},{"not_picked":["Twin Strike","Bloodletting","Reckless Charge"],"picked":"MostiFishMod:NewArrival","floor":23.0},{"not_picked":["Carnage","Impervious","Cleave"],"picked":"Feel No Pain","floor":25.0},{"not_picked":["Armaments+1","Pummel","Entrench+1","Reckless Charge"],"picked":"SKIP","floor":27.0},{"not_picked":["Armaments+1","Anger","Infernal Blade+1"],"picked":"Second Wind+1","floor":28.0},{"not_picked":["Cleave","Uppercut","Perfected Strike","Wild Strike"],"picked":"SKIP","floor":30.0},{"not_picked":["Clash","Twin Strike","Perfected Strike+1","Seeing Red+1"],"picked":"SKIP","floor":31.0},{"not_picked":["MostiFishMod:UniRed","MostiFishMod:OrdinaryWorld","MostiFishMod:PerfectStrikeMKII"],"picked":"MostiFishMod:RacingGame+1","floor":33.0},{"not_picked":["Cleave","MostiFishMod:BrandingRite+1","Clothesline+1"],"picked":"Feel No Pain","floor":35.0},{"not_picked":["Thunderclap","Shrug It Off+1","Warcry+1"],"picked":"True Grit+1","floor":37.0},{"not_picked":["Thunderclap+1","Headbutt+1","Sword Boomerang","Iron Wave"],"picked":"SKIP","floor":38.0},{"not_picked":["MostiFishMod:#F4004+1","Twin Strike","Perfected Strike+1","Spot Weakness+1"],"picked":"SKIP","floor":40.0},{"not_picked":["Thunderclap","Pommel Strike","Havoc+1"],"picked":"Shockwave+1","floor":45.0},{"not_picked":["Perfected Strike+1","Wild Strike+1","Reckless Charge","Cleave"],"picked":"SKIP","floor":46.0},{"not_picked":["Fiend Fire+1","Clash","Headbutt+1","Cleave+1"],"picked":"SKIP","floor":48.0},{"not_picked":["Cleave","Headbutt+1"],"picked":"Berserk+1","floor":55.0}],"player_experience":619648,"relics_obtained":[{"floor":1.0,"key":"Question Card"},{"floor":8.0,"key":"Art of War"},{"floor":9.0,"key":"Kunai"},{"floor":10.0,"key":"testmod-BlackFramedGlasses"},{"floor":13.0,"key":"Self Forming Clay"},{"floor":16.0,"key":"ImportantClient"},{"floor":23.0,"key":"Bronze Scales"},{"floor":25.0,"key":"Bag of Marbles"},{"floor":26.0,"key":"Toxic Egg 2"},{"floor":28.0,"key":"Darkstone Periapt"},{"floor":40.0,"key":"Toy Ornithopter"},{"floor":45.0,"key":"Orichalcum"},{"floor":48.0,"key":"War Paint"},{"floor":55.0,"key":"StrikeDummy"}],"event_choices":[{"damage_healed":0.0,"max_hp_gain":0.0,"max_hp_loss":0.0,"gold_gain":75.0,"event_name":"betterThird:BetterGoop","player_choice":"Gold","floor":11.0,"gold_loss":0.0,"damage_taken":11.0},{"damage_healed":0.0,"max_hp_gain":0.0,"max_hp_loss":0.0,"gold_gain":0.0,"event_name":"Box For Yourself","player_choice":"Swap Relic","floor":12.0,"relics_lost":["DaveBox"],"gold_loss":0.0,"damage_taken":0.0,"relics_obtained":["DaveBox"]},{"damage_healed":0.0,"max_hp_gain":0.0,"max_hp_loss":0.0,"gold_gain":50.0,"event_name":"betterThird:BetterNest","player_choice":"Steal","floor":19.0,"gold_loss":0.0,"damage_taken":0.0},{"damage_healed":0.0,"max_hp_gain":0.0,"max_hp_loss":0.0,"gold_gain":0.0,"event_name":"Vampires","player_choice":"Ignored","floor":21.0,"gold_loss":0.0,"damage_taken":0.0},{"damage_healed":0.0,"max_hp_gain":0.0,"max_hp_loss":0.0,"gold_gain":400.0,"event_name":"Plate Of N\u0027loth","player_choice":"Sell","floor":29.0,"relics_lost":["testmod-TestBox"],"gold_loss":0.0,"damage_taken":0.0},{"damage_healed":0.0,"max_hp_gain":0.0,"max_hp_loss":0.0,"gold_gain":0.0,"event_name":"Lab","player_choice":"Got Potions","floor":42.0,"gold_loss":0.0,"damage_taken":0.0}],"is_beta":false,"boss_relics":[{"not_picked":["FixedStarFall","Fusion Hammer"],"picked":"testmod-TimeTraveler"},{"not_picked":["testmod-StringDisintegrator","testmod-EnergyCheck"],"picked":"SlaversCollar"}],"items_purged_floors":[2,22,36,36,39,41,54,54],"is_endless":false,"potions_floor_spawned":[1,5,10,13,14,16,25,28,30,35,46,48],"ascension_level":20}}