{"host":"ul103bh19qas5vs8","time":1607509620,"event":{"gold_per_floor":[109,121,135,152,162,195,195,222,248,266,266,277,277,295,295,295,295],"floor_reached":16,"playtime":560,"items_purged":[],"score":128,"play_id":"ecf3e7dd-8086-4aae-a6a2-79f7079205be","local_time":"20201209182700","is_ascension_mode":true,"campfire_choices":[{"data":"Recycle","floor":7.0,"key":"SMITH"},{"data":"Dualcast","floor":11.0,"key":"SMITH"},{"data":"Zap","floor":13.0,"key":"SMITH"},{"data":"Streamline","floor":15.0,"key":"SMITH"}],"neow_cost":"NONE","seed_source_timestamp":6757047992400,"circlet_count":0,"master_deck":["Strike_B","Strike_B","Strike_B","Strike_B","Defend_B","Defend_B","Defend_B","Defend_B","Zap+1","Dualcast+1","Streamline+1","Coolheaded","Recycle+1","All For One","ReplayTheSpireMod:GoodbyeWorld","Self Repair"],"special_seed":0,"relics":["Cracked Core","NeowsBlessing","Toy Ornithopter","Peace Pipe"],"potions_floor_usage":[16,16],"damage_taken":[{"damage":0.0,"enemies":"Cultist","floor":1.0,"turns":1.0},{"damage":0.0,"enemies":"2 Louse","floor":2.0,"turns":1.0},{"damage":0.0,"enemies":"Jaw Worm","floor":3.0,"turns":1.0},{"damage":13.0,"enemies":"Exordium Thugs","floor":4.0,"turns":5.0},{"damage":12.0,"enemies":"Looter","floor":5.0,"turns":3.0},{"damage":5.0,"enemies":"Replay:BlueRogue","floor":6.0,"turns":6.0},{"damage":40.0,"enemies":"Gremlin Nob","floor":8.0,"turns":5.0},{"damage":13.0,"enemies":"Blue Slaver","floor":10.0,"turns":4.0},{"damage":1.0,"enemies":"2 Fungi Beasts","floor":12.0,"turns":3.0},{"damage":0.0,"enemies":"Large Slime","floor":14.0,"turns":4.0},{"damage":38,"enemies":"Hexaghost","floor":16,"turns":9}],"seed_played":"-1731135061104051710","potions_obtained":[{"floor":1.0,"key":"Adrenaline Potion"},{"floor":3.0,"key":"FairyPotion"},{"floor":10.0,"key":"DuplicationPotion"},{"floor":12.0,"key":"Dexterity Potion"},{"floor":14.0,"key":"PowerPotion"}],"is_trial":false,"path_per_floor":["M","M","M","M","M","E","R","E","T","M","R","M","R","M","R","B"],"character_chosen":"DEFECT","items_purchased":[],"campfire_rested":0,"item_purchase_floors":[],"current_hp_per_floor":[75,75,75,62,50,45,45,5,5,21,21,20,20,27,27,0,0],"gold":295,"neow_bonus":"THREE_ENEMY_KILL","is_prod":false,"is_daily":false,"chose_seed":false,"campfire_upgraded":4,"win_rate":0,"timestamp":1607509620,"path_taken":["M","M","M","M","M","E","R","E","T","M","R","?","R","M","R","BOSS"],"build_version":"2020-11-30","purchased_purges":0,"victory":false,"max_hp_per_floor":[75,75,75,75,75,75,75,75,75,75,75,75,75,75,75,75,75],"card_choices":[{"not_picked":["Auto Shields","Stack"],"picked":"Streamline","floor":1.0},{"not_picked":["Gash","Cold Snap"],"picked":"Coolheaded","floor":2.0},{"not_picked":["Rebound","Gash","BasicCrystalCard"],"picked":"SKIP","floor":3.0},{"not_picked":["Coolheaded","Compile Driver"],"picked":"Recycle","floor":4.0},{"not_picked":["Redo","Barrage","Stack"],"picked":"SKIP","floor":5.0},{"not_picked":["Conserve Battery","Leap"],"picked":"All For One","floor":6.0},{"not_picked":["Stack","ReplayTheSpireMod:Reroute Power","Go for the Eyes"],"picked":"SKIP","floor":8.0},{"not_picked":["Leap","Sweeping Beam"],"picked":"ReplayTheSpireMod:GoodbyeWorld","floor":10.0},{"not_picked":["Barrage","Hologram"],"picked":"Self Repair","floor":12.0},{"not_picked":["Steam","Stack","ReplaySolidLightProjector"],"picked":"SKIP","floor":14.0}],"player_experience":76597,"relics_obtained":[{"floor":6.0,"key":"Toy Ornithopter"},{"floor":8.0,"key":"Peace Pipe"}],"event_choices":[],"is_beta":false,"boss_relics":[],"items_purged_floors":[],"is_endless":false,"potions_floor_spawned":[1,3,10,12,14],"killed_by":"Hexaghost","ascension_level":2}}