{"host":"6csbbk4539itd1k2","time":1607506677,"event":{"gold_per_floor":[109,209,20,32,46,46,73,73,73,104,70,82,82,99,99,99,99],"floor_reached":16,"playtime":1679,"items_purged":[],"score":102,"play_id":"236dca8d-72a0-490b-a6db-98e7c5122f22","local_time":"20201209103757","is_ascension_mode":false,"campfire_choices":[{"data":"hermit:GoldenBullet","floor":6,"key":"SMITH"},{"data":"hermit:Dissolve","floor":8,"key":"SMITH"},{"data":"hermit:Dive","floor":15,"key":"SMITH"}],"neow_cost":"NONE","seed_source_timestamp":344836670121100,"circlet_count":0,"master_deck":["hermit:Strike_Hermit","hermit:Strike_Hermit","hermit:Strike_Hermit+1","hermit:Strike_Hermit","hermit:Defend_Hermit","hermit:Defend_Hermit+1","hermit:Defend_Hermit","hermit:Defend_Hermit+1","hermit:Snapshot+1","hermit:Covet","hermit:GhostlyPresence","hermit:Dissolve+1","hermit:Dive+1","hermit:Coalescence","hermit:GoldenBullet+1","hermit:LuckOfTheDraw","hermit:FlashPowder"],"relics":["hermit:Momento","Blood Vial","Frozen Egg 2","Whetstone"],"potions_floor_usage":[10,16],"damage_taken":[{"damage":1,"enemies":"Jaw Worm","floor":1,"turns":4},{"damage":3,"enemies":"Cultist","floor":4,"turns":4},{"damage":0,"enemies":"Small Slimes","floor":5,"turns":4},{"damage":12,"enemies":"Lagavulin","floor":10,"turns":12},{"damage":0,"enemies":"Exordium Thugs","floor":11,"turns":5},{"damage":13,"enemies":"3 Louse","floor":12,"turns":6},{"damage":0,"enemies":"Exordium Wildlife","floor":14,"turns":1},{"damage":61,"enemies":"Slime Boss","floor":16,"turns":15}],"seed_played":"-4380425287190657884","potions_obtained":[{"floor":4,"key":"PowerPotion"},{"floor":11,"key":"Strength Potion"}],"is_trial":false,"path_per_floor":["M","?","$","M","M","R","T","R","T","E","M","M","?","M","R","B"],"character_chosen":"HERMIT","items_purchased":["hermit:Dissolve","hermit:Dive"],"campfire_rested":0,"item_purchase_floors":[3,3],"current_hp_per_floor":[81,81,81,78,78,78,78,78,78,68,70,59,43,45,45,0,0],"gold":99,"neow_bonus":"TEN_PERCENT_HP_BONUS","is_prod":false,"is_daily":false,"chose_seed":false,"campfire_upgraded":3,"win_rate":0.0,"timestamp":1607506677,"path_taken":["M","?","?","M","M","R","?","R","T","E","M","?","?","M","R","BOSS"],"build_version":"2020-11-30","purchased_purges":0,"victory":false,"max_hp_per_floor":[82,82,82,82,82,82,82,82,82,82,82,82,82,82,82,82,82],"card_choices":[{"not_picked":["hermit:HighCaliber","hermit:Coalescence"],"picked":"hermit:GhostlyPresence","floor":1},{"not_picked":["hermit:Desperado","hermit:Snipe"],"picked":"hermit:Coalescence","floor":4},{"not_picked":["hermit:Headshot","hermit:Coalescence"],"picked":"hermit:GoldenBullet","floor":5},{"not_picked":["hermit:FullyLoaded","hermit:Dive","hermit:Brawl+1"],"picked":"SKIP","floor":10},{"not_picked":["hermit:Gestalt","hermit:HoleUp"],"picked":"hermit:LuckOfTheDraw","floor":11},{"not_picked":["hermit:Reprieve","hermit:Midnight"],"picked":"hermit:FlashPowder","floor":12},{"not_picked":["hermit:Grudge","hermit:LowProfile","hermit:Misfire"],"picked":"SKIP","floor":14}],"player_experience":98173,"relics_obtained":[{"floor":7,"key":"Blood Vial"},{"floor":9,"key":"Frozen Egg 2"},{"floor":10,"key":"Whetstone"}],"event_choices":[{"damage_healed":0,"gold_gain":100,"player_choice":"Pray","damage_taken":0,"max_hp_gain":0,"max_hp_loss":0,"event_name":"Golden Shrine","floor":2,"gold_loss":0},{"damage_healed":0,"gold_gain":0,"player_choice":"Entered Light","damage_taken":16,"max_hp_gain":0,"max_hp_loss":0,"event_name":"Shining Light","floor":13,"gold_loss":0,"cards_upgraded":["hermit:Defend_Hermit","hermit:Defend_Hermit"]}],"is_beta":false,"boss_relics":[],"items_purged_floors":[],"is_endless":false,"potions_floor_spawned":[4,11],"killed_by":"Slime Boss","ascension_level":0}}