{"host":"ueef25wtkg2eer3h","time":1607506184,"event":{"gold_per_floor":[119,119,119,140,215,250,264,289,316,316,347,312,347,43,43,168,168,184,202,202,202,202,242,258,258,258,293,15,114,153,4,4,4,4],"floor_reached":33,"playtime":1378,"items_purged":["Strike_B"],"score":464,"play_id":"86780f19-c2ea-40a6-9b1f-40e62a855b3c","local_time":"20201209102944","is_ascension_mode":true,"campfire_choices":[{"floor":15,"key":"REST"},{"floor":25,"key":"REST"},{"floor":32,"key":"REST"}],"neow_cost":"NONE","seed_source_timestamp":75592585325500,"circlet_count":0,"master_deck":["Strike_B","Strike_B+1","Strike_B","Defend_B","Defend_B","Defend_B","Defend_B","Zap","Dualcast","Undo+1","Injury","Sweeping Beam","Leap","Streamline","Chill","Electrodynamics","White Noise","Core Surge","Cold Snap","Aggregate+1","J.A.X.","Necronomicurse","Force Field","Stack","Chaos","Mind Blast","Defragment","Hologram","Thunder Strike","Ball Lightning"],"relics":["Cracked Core","NeowsBlessing","Golden Idol","Boot","Strawberry","Bronze Scales","Letter Opener","PreservedInsect","Sling","Happy Flower","Nuclear Battery","Necronomicon","Peace Pipe","Matryoshka","Bag of Preparation","Dream Catcher","Runic Capacitor"],"potions_floor_usage":[8,11,27,27,30,33],"damage_taken":[{"damage":0,"enemies":"Cultist","floor":1,"turns":1},{"damage":0,"enemies":"Jaw Worm","floor":4,"turns":1},{"damage":0,"enemies":"Lagavulin","floor":6,"turns":1},{"damage":3,"enemies":"2 Louse","floor":7,"turns":2},{"damage":6,"enemies":"Gremlin Gang","floor":8,"turns":5},{"damage":1,"enemies":"3 Sentries","floor":11,"turns":8},{"damage":36,"enemies":"Gremlin Nob","floor":13,"turns":5},{"damage":29,"enemies":"Hexaghost","floor":16,"turns":9},{"damage":0,"enemies":"3 Byrds","floor":18,"turns":1},{"damage":7,"enemies":"Shell Parasite","floor":19,"turns":5},{"damage":9,"enemies":"Slavers","floor":23,"turns":3},{"damage":16,"enemies":"Centurion and Healer","floor":24,"turns":5},{"damage":23,"enemies":"Book of Stabbing","floor":27,"turns":5},{"damage":2,"enemies":"Gremlin Leader","floor":30,"turns":5},{"damage":48,"enemies":"Automaton","floor":33,"turns":6}],"seed_played":"-8003442283572752055","potions_obtained":[{"floor":1,"key":"PowerPotion"},{"floor":4,"key":"Block Potion"},{"floor":16,"key":"FearPotion"},{"floor":23,"key":"SpeedPotion"},{"floor":27,"key":"FocusPotion"},{"floor":30,"key":"Dexterity Potion"}],"is_trial":false,"path_per_floor":["M","?","?","M","?","E","M","M","T","?","E","?","E","$","R","B",null,"M","M","?","?","?","E","M","R","T","E","$","?","E","$","R","B"],"character_chosen":"DEFECT","items_purchased":["Sling","Happy Flower","Mind Blast","Defragment","Hologram","Runic Capacitor"],"campfire_rested":3,"item_purchase_floors":[14,14,28,28,28,31],"current_hp_per_floor":[68,68,53,53,46,46,43,37,44,41,40,60,24,24,48,19,66,66,59,59,43,43,34,18,42,42,19,19,19,17,17,41,0,0],"gold":4,"neow_bonus":"THREE_ENEMY_KILL","is_prod":false,"is_daily":false,"chose_seed":false,"campfire_upgraded":0,"win_rate":0,"timestamp":1607506184,"path_taken":["M","?","?","M","?","E","?","M","T","?","E","?","E","$","R","BOSS","M","M","?","?","?","E","?","R","T","E","$","?","E","?","R","BOSS"],"build_version":"2020-11-30","purchased_purges":1,"victory":false,"max_hp_per_floor":[75,75,75,75,75,75,75,75,82,82,82,82,82,82,82,82,82,82,82,82,82,82,82,82,82,82,82,82,82,82,82,82,82,82],"card_choices":[{"not_picked":["Genetic Algorithm","Coolheaded"],"picked":"Undo","floor":1},{"not_picked":["Double Energy","Coolheaded"],"picked":"Sweeping Beam","floor":4},{"not_picked":["Steam Power","Genetic Algorithm"],"picked":"Leap","floor":6},{"not_picked":["Cold Snap","Barrage"],"picked":"Streamline","floor":7},{"not_picked":["Stack","Sweeping Beam"],"picked":"Chill","floor":8},{"not_picked":["Steam","Double Energy"],"picked":"Electrodynamics","floor":11},{"not_picked":["Force Field","Rainbow"],"picked":"White Noise","floor":13},{"not_picked":["Rainbow","Electrodynamics"],"picked":"Core Surge","floor":16},{"not_picked":["Skim","Steam"],"picked":"Cold Snap","floor":18},{"not_picked":["FTL","Hello World"],"picked":"Aggregate+1","floor":19},{"not_picked":["Go for the Eyes","Skim"],"picked":"Force Field","floor":23},{"not_picked":["Auto Shields+1","Leap"],"picked":"Stack","floor":24},{"not_picked":["Rebound","BootSequence"],"picked":"Chaos","floor":27},{"not_picked":["Compile Driver","BootSequence+1"],"picked":"Thunder Strike","floor":30},{"not_picked":["Hello World","Steam"],"picked":"Ball Lightning","floor":32}],"player_experience":205002,"relics_obtained":[{"floor":6,"key":"Boot"},{"floor":9,"key":"Strawberry"},{"floor":11,"key":"Letter Opener"},{"floor":13,"key":"PreservedInsect"},{"floor":23,"key":"Peace Pipe"},{"floor":26,"key":"Matryoshka"},{"floor":27,"key":"Bag of Preparation"},{"floor":30,"key":"Dream Catcher"}],"event_choices":[{"damage_healed":0,"gold_gain":0,"player_choice":"Take Wound","damage_taken":0,"relics_obtained":["Golden Idol"],"max_hp_gain":0,"max_hp_loss":0,"event_name":"Golden Idol","floor":2,"gold_loss":0,"cards_obtained":["Injury"]},{"damage_healed":0,"gold_gain":0,"player_choice":"Entered Light","damage_taken":15,"max_hp_gain":0,"max_hp_loss":0,"event_name":"Shining Light","floor":3,"gold_loss":0,"cards_upgraded":["Undo","Strike_B"]},{"damage_healed":0,"gold_gain":75,"player_choice":"Touch","damage_taken":7,"max_hp_gain":0,"max_hp_loss":0,"event_name":"FaceTrader","floor":5,"gold_loss":0},{"damage_healed":0,"gold_gain":0,"player_choice":"Success","damage_taken":3,"relics_obtained":["Bronze Scales"],"max_hp_gain":0,"max_hp_loss":0,"event_name":"Scrap Ooze","floor":10,"gold_loss":0},{"damage_healed":20,"gold_gain":0,"player_choice":"Healed","damage_taken":0,"max_hp_gain":0,"max_hp_loss":0,"event_name":"The Cleric","floor":12,"gold_loss":35},{"damage_healed":0,"gold_gain":0,"player_choice":"Obtain J.A.X.","damage_taken":0,"max_hp_gain":0,"max_hp_loss":0,"event_name":"Drug Dealer","floor":20,"gold_loss":0,"cards_obtained":["J.A.X."]},{"damage_healed":0,"gold_gain":0,"player_choice":"Obtained Book","damage_taken":16,"max_hp_gain":0,"max_hp_loss":0,"event_name":"Cursed Tome","floor":21,"gold_loss":0},{"damage_healed":0,"gold_gain":0,"player_choice":"Ignored","damage_taken":0,"max_hp_gain":0,"max_hp_loss":0,"event_name":"Vampires","floor":22,"gold_loss":0},{"damage_healed":0,"gold_gain":99,"player_choice":"Stole From Cult","damage_taken":0,"max_hp_gain":0,"max_hp_loss":0,"event_name":"Nest","floor":29,"gold_loss":0}],"is_beta":false,"boss_relics":[{"not_picked":["Snecko Eye","Runic Dome"],"picked":"Nuclear Battery"}],"items_purged_floors":[28],"is_endless":false,"potions_floor_spawned":[1,4,16,23,27,30],"killed_by":"Automaton","ascension_level":7}}