{"host":"34dziau2azxd7ce3","time":1607527803,"event":{"gold_per_floor":[86,86,32,51,67,98,98,98,124,124,162,162,237,253,253,374,374,387,411,411,97,97,97,111,111,111,130,170,191,226,246,246,377,377,392,392,412,436,457,498,498,514,514,549,568,568,568,612,612,612,612,612,49,82,67],"floor_reached":56,"playtime":3654,"items_purged":["Strike_HD"],"score":1285,"play_id":"905b18f5-b86e-48de-847b-7bf791540bba","local_time":"20201209233003","is_ascension_mode":false,"campfire_choices":[{"data":"GetToilet","floor":7.0,"key":"SMITH"},{"data":"BreakDrink","floor":12.0,"key":"SMITH"},{"data":"GasterBlaster","floor":15.0,"key":"SMITH"},{"data":"JohnCena","floor":23.0,"key":"SMITH"},{"data":"BraveAlcohol","floor":25.0,"key":"SMITH"},{"data":"DoNotDrink","floor":32.0,"key":"SMITH"},{"floor":41,"key":"RECALL"},{"floor":46,"key":"DIG"},{"floor":49,"key":"DIG"},{"floor":52,"key":"DIG"}],"neow_cost":"NONE","seed_source_timestamp":0,"circlet_count":0,"master_deck":["DrunkenFist","AlcoholBarrier","BreakDrink+1","GetToilet+1","BraveAlcohol+1","Caffeine+1","Noodle+1","Margarita","GasterBlaster+1","JohnCena+1","Oolong+1","Beer+1","CardReborn+1","BloodyMary","Injury","LuckyCoin","DoNotDrink+1","PointCard0+1","Conch","PointCard0+1","GetAll+1","Ahahah+1","Melancholia","AlcoholAttack+1","BottleAttack+1","Vodka+1","FearFace+1","BraveAlcohol+1","IceTea+1","Scp261+1"],"special_seed":0,"relics":["WineBottle","testmod-TestBox","REME_ComplimentaryCards","NeowsBlessing","testmod-CrystalShield","Golden Idol","Tiny Chest","Replay:Wax Seal","Replay:Grab Bag","Coffee Dripper","Philosopher\u0027s Stone","Astrolabe","Empty Cage","Dream Catcher","Golden Egg","testmod-IndustrialRevolution","Pen Nib","Juzu Bracelet","Pet Ghost","Painkiller Herb","Nunchaku","ReplayTheSpireMod:Lightbulb","Orichalcum","Shovel","ReplayTheSpireMod:TigerMarble","ReplayTheSpireMod:Shallot","testmod-Nyarlathotep","Lantern","Bag of Marbles","GodSword6","SumBook","Snack Pack","Kunai","Oddly Smooth Stone","Vajra","Sundial","testmod-AssaultLearning","TheAbacus","Replay:Mystery Machine","testmod-LifeArmor"],"potions_floor_usage":[39,55],"damage_taken":[{"damage":0.0,"enemies":"Small Slimes","floor":1.0,"turns":1.0},{"damage":0.0,"enemies":"Jaw Worm","floor":4.0,"turns":1.0},{"damage":0.0,"enemies":"2 Louse","floor":5.0,"turns":2.0},{"damage":15.0,"enemies":"3 Sentries","floor":6.0,"turns":11.0},{"damage":6.0,"enemies":"Replay:BlueRogue","floor":11.0,"turns":16.0},{"damage":0.0,"enemies":"Blue Slaver","floor":14.0,"turns":5.0},{"damage":3.0,"enemies":"The Guardian","floor":16.0,"turns":16.0},{"damage":0.0,"enemies":"2 Thieves","floor":18.0,"turns":2.0},{"damage":0.0,"enemies":"Spheric Guardian","floor":24.0,"turns":3.0},{"damage":0.0,"enemies":"Chosen and Byrds","floor":27.0,"turns":4.0},{"damage":0.0,"enemies":"REME_1_Revenger","floor":28.0,"turns":11.0},{"damage":0.0,"enemies":"Centurion and Healer","floor":29.0,"turns":4.0},{"damage":0.0,"enemies":"Gremlin Leader","floor":30.0,"turns":7.0},{"damage":0.0,"enemies":"Shelled Parasite and Fungi","floor":31.0,"turns":4.0},{"damage":0.0,"enemies":"Automaton","floor":33.0,"turns":8.0},{"damage":0.0,"enemies":"Orb Walker","floor":35.0,"turns":5.0},{"damage":12.0,"enemies":"3 Darklings","floor":37.0,"turns":11.0},{"damage":12.0,"enemies":"Spire Growth","floor":38.0,"turns":7.0},{"damage":0,"enemies":"Writhing Mass","floor":39,"turns":4},{"damage":0,"enemies":"Giant Head","floor":40,"turns":12},{"damage":0,"enemies":"Transient","floor":42,"turns":5},{"damage":0,"enemies":"R_Hoarder","floor":44,"turns":11},{"damage":0,"enemies":"Sphere and 2 Shapes","floor":45,"turns":4},{"damage":0,"enemies":"Reptomancer","floor":48,"turns":2},{"damage":16,"enemies":"Replay:Hell Engine","floor":50,"turns":12},{"damage":0,"enemies":"Shield and Spear","floor":54,"turns":4},{"damage":4,"enemies":"The Heart","floor":55,"turns":9}],"seed_played":"8525143715481135410","potions_obtained":[{"floor":4.0,"key":"BlessingOfTheForge"},{"floor":6.0,"key":"Swift Potion"},{"floor":18.0,"key":"Explosive Potion"},{"floor":39,"key":"Ancient Potion"}],"is_trial":false,"path_per_floor":["M","?","$","M","M","E","R","?","T","?","E","R","?","M","R","B",null,"M","T","?","$","?","R","M","R","T","M","E","M","E","M","R","B",null,"?","?","?","?","?","E","T","?","T","E","?","T","T","E","T","B",null,"T","T","E","B",null],"character_chosen":"HORNYDRAGON","items_purchased":["Caffeine+1","Golden Egg","testmod-AssaultLearning","TheAbacus","BraveAlcohol","IceTea","AlcoholPotion"],"campfire_rested":0,"item_purchase_floors":[3,21,53,53,53,53,53],"current_hp_per_floor":[87,66,66,66,66,51,51,51,51,51,45,45,34,34,34,31,87,87,87,87,87,87,87,87,87,87,87,87,87,87,87,87,87,87,87,87,79,71,75,83,83,87,87,87,87,87,87,87,87,87,87,87,87,87,87],"gold":67,"neow_bonus":"THREE_ENEMY_KILL","is_prod":false,"is_daily":false,"chose_seed":false,"campfire_upgraded":6,"win_rate":0.0,"timestamp":1607527803,"path_taken":["M","?","$","M","M","E","R","?","T","?","E","R","?","M","R","BOSS","M","?","?","$","?","R","M","R","T","M","E","M","E","M","R","BOSS","?","?","?","?","?","E","T","?","T","E","?","T","?","E","T","BOSS","T","T","E","BOSS"],"build_version":"2020-11-30","purchased_purges":1,"victory":true,"max_hp_per_floor":[87,87,87,87,87,87,87,87,87,87,87,87,87,87,87,87,87,87,87,87,87,87,87,87,87,87,87,87,87,87,87,87,87,87,87,87,87,87,87,87,87,87,87,87,87,87,87,87,87,87,87,87,87,87,87],"card_choices":[{"not_picked":["AlcoholAttack","GetToilet"],"picked":"BraveAlcohol","floor":1.0},{"not_picked":["Alcoholic","Timmie"],"picked":"Noodle","floor":4.0},{"not_picked":["DrunkardWalk","PowerGlove","ChickenAttack"],"picked":"SKIP","floor":5.0},{"not_picked":["Fury","BraveAlcohol"],"picked":"Margarita","floor":6.0},{"not_picked":["Caffeine","DrumStick","DrunkenFist"],"picked":"SKIP","floor":11.0},{"not_picked":["RainbowAttack","Fury"],"picked":"GasterBlaster","floor":14.0},{"not_picked":["Scp500","Ie6"],"picked":"JohnCena","floor":16.0},{"not_picked":["PowerGlove+1","Trumpet"],"picked":"BloodyMary","floor":18.0},{"not_picked":["RainbowAttack+1","GetAll","Noodle"],"picked":"SKIP","floor":24.0},{"not_picked":["Trumpet","Hammer"],"picked":"LuckyCoin","floor":27.0},{"not_picked":["BlackJackAttack","BirdAttack","AlcoholHeal"],"picked":"SKIP","floor":28.0},{"not_picked":["Guppy+1","Conch"],"picked":"DoNotDrink","floor":29.0},{"not_picked":["AlcoholAttack","ChickenAttack","Vomiting"],"picked":"SKIP","floor":30.0},{"not_picked":["BirdAttack","Fly","BunnyJump+1"],"picked":"SKIP","floor":31.0},{"not_picked":["Oolong","UnoWild4"],"picked":"PointCard0","floor":33.0},{"not_picked":["BirdAttack+1","DrunkenFist+1"],"picked":"Conch","floor":35.0},{"not_picked":["Icecream","BunnyJump"],"picked":"GetAll+1","floor":37.0},{"not_picked":["Wtf","RainbowAttack"],"picked":"Ahahah+1","floor":38},{"not_picked":["DrunkardWalk+1","Fly+1"],"picked":"Melancholia","floor":39},{"not_picked":["Fbi+1","PointCard0"],"picked":"AlcoholAttack+1","floor":40},{"not_picked":["CrazyDrinking+1","AlcoholFlame","PowerGlove+1"],"picked":"SKIP","floor":42},{"not_picked":["CardDestruct+1","AlcoholBarrier+1","AlcoholHeal"],"picked":"SKIP","floor":44},{"not_picked":["Weed+1","CardDestruct+1"],"picked":"BottleAttack+1","floor":45},{"not_picked":["Guppy","Icecream+1"],"picked":"FearFace","floor":48},{"not_picked":["LuckyCoin","KingRound+1"],"picked":"Scp261+1","floor":54}],"player_experience":647317,"relics_obtained":[{"floor":6.0,"key":"Tiny Chest"},{"floor":11.0,"key":"Replay:Wax Seal"},{"floor":19.0,"key":"Dream Catcher"},{"floor":26.0,"key":"Pen Nib"},{"floor":28.0,"key":"Juzu Bracelet"},{"floor":30.0,"key":"Pet Ghost"},{"floor":40,"key":"ReplayTheSpireMod:TigerMarble"},{"floor":43,"key":"testmod-Nyarlathotep"},{"floor":44,"key":"Bag of Marbles"},{"floor":46,"key":"SumBook"},{"floor":47,"key":"Snack Pack"},{"floor":48,"key":"Kunai"},{"floor":49,"key":"Oddly Smooth Stone"},{"floor":52,"key":"Sundial"},{"floor":54,"key":"Replay:Mystery Machine"}],"event_choices":[{"damage_healed":0.0,"max_hp_gain":0.0,"max_hp_loss":0.0,"gold_gain":0.0,"event_name":"Golden Idol","player_choice":"Take Damage","floor":2.0,"gold_loss":0.0,"damage_taken":21.0,"relics_obtained":["Golden Idol"]},{"damage_healed":0.0,"max_hp_gain":0.0,"max_hp_loss":0.0,"gold_gain":0.0,"event_name":"Liars Game","player_choice":"Ignored","floor":8.0,"gold_loss":0.0,"damage_taken":0.0},{"damage_healed":0.0,"max_hp_gain":0.0,"max_hp_loss":0.0,"gold_gain":75.0,"event_name":"World of Goop","player_choice":"Gather Gold","floor":13.0,"gold_loss":0.0,"damage_taken":11.0},{"cards_removed":["Defend_HD"],"damage_healed":0.0,"max_hp_gain":0.0,"max_hp_loss":0.0,"gold_gain":0.0,"event_name":"Back to Basics","player_choice":"Elegance","floor":20.0,"gold_loss":0.0,"damage_taken":0.0},{"damage_healed":0.0,"max_hp_gain":0.0,"max_hp_loss":0.0,"gold_gain":0.0,"event_name":"Duplicator","player_choice":"Copied","floor":36.0,"gold_loss":0.0,"damage_taken":0.0,"cards_obtained":["PointCard0"]}],"is_beta":false,"boss_relics":[{"not_picked":["SacredBark","Ring of Chaos"],"picked":"Replay:Grab Bag"},{"not_picked":["Sozu","ChewingGum"],"picked":"Coffee Dripper"},{"not_picked":["Fusion Hammer","Runic Dome"],"picked":"Philosopher\u0027s Stone"},{"not_picked":["testmod-KeyOfTheVoid","Tiny House"],"picked":"Astrolabe"},{"not_picked":["REME_DemonsWealth","testmod-PortableAltar"],"picked":"Empty Cage"},{"not_picked":["Abe\u0027s Treasure","Replay:Ancient Bell"],"picked":"Painkiller Herb"}],"items_purged_floors":[21],"is_endless":false,"potions_floor_spawned":[4,6,18,27,30,31,37,39,40,42],"ascension_level":0}}