{"host":"e4wnmsyty9uvvtwf","time":1607523227,"event":{"gold_per_floor":[114,114,132,149,161,161,176,196,196,271,5,31,31,45,45,142,142,154,154,154],"floor_reached":19,"playtime":722,"items_purged":[],"score":221,"play_id":"ea14f9b1-ec41-4b7e-b63a-c46c9d405853","local_time":"20201209221347","is_ascension_mode":false,"campfire_choices":[{"data":"TheCursedMod:CircleOfFlame","floor":6.0,"key":"SMITH"},{"data":"TheCursedMod:BloodBarrier","floor":13.0,"key":"SMITH"},{"data":"TheCursedMod:Grudge","floor":15,"key":"SMITH"}],"neow_cost":"NONE","seed_source_timestamp":945128224719100,"circlet_count":0,"master_deck":["TheCursedMod:Strike_TheCursed","TheCursedMod:Strike_TheCursed","TheCursedMod:Strike_TheCursed","TheCursedMod:Strike_TheCursed","TheCursedMod:Defend_TheCursed","TheCursedMod:Defend_TheCursed","TheCursedMod:Defend_TheCursed","TheCursedMod:Defend_TheCursed","TheCursedMod:CursedWand+1","TheCursedMod:CleanUpWorkshop","TheCursedMod:Dregs","TheCursedMod:WearCloak","TheCursedMod:SurpriseAttack","TheCursedMod:CircleOfFlame+1","TheCursedMod:HellsGateOpen","TheCursedMod:Stigma","TheCursedMod:LuckyCharm","TheCursedMod:BloodBarrier+1","TheCursedMod:Grudge+1","TheCursedMod:VoidForm","TheCursedMod:CircleOfFocus"],"special_seed":0,"relics":["TheCursedMod:BlackMagic101","InkBottle","Membership Card","Tiny Chest","Gambling Chip","SlaversCollar"],"potions_floor_usage":[],"damage_taken":[{"damage":0.0,"enemies":"Small Slimes","floor":1.0,"turns":4.0},{"damage":0.0,"enemies":"Cultist","floor":3.0,"turns":4.0},{"damage":1.0,"enemies":"Jaw Worm","floor":4.0,"turns":3.0},{"damage":0.0,"enemies":"Looter","floor":5.0,"turns":4.0},{"damage":5.0,"enemies":"Large Slime","floor":7.0,"turns":5.0},{"damage":0.0,"enemies":"3 Louse","floor":8.0,"turns":1.0},{"damage":30.0,"enemies":"Lagavulin","floor":12.0,"turns":7.0},{"damage":3,"enemies":"Gremlin Gang","floor":14,"turns":3},{"damage":1,"enemies":"Slime Boss","floor":16,"turns":9},{"damage":35,"enemies":"Shell Parasite","floor":18,"turns":8}],"seed_played":"7515160096577344359","potions_obtained":[{"floor":3.0,"key":"SpeedPotion"},{"floor":4.0,"key":"Block Potion"},{"floor":7.0,"key":"Ancient Potion"}],"is_trial":false,"path_per_floor":["M","?","M","M","M","R","M","M","T","?","$","E","R","M","R","B",null,"M","$"],"character_chosen":"THE_CURSED","items_purchased":["Membership Card","TheCursedMod:LuckyCharm","Tiny Chest"],"campfire_rested":0,"item_purchase_floors":[11,11,11],"current_hp_per_floor":[82,82,82,81,81,81,76,76,76,65,65,35,35,32,32,31,82,47,47,47],"gold":154,"neow_bonus":"TEN_PERCENT_HP_BONUS","is_prod":false,"is_daily":false,"chose_seed":false,"campfire_upgraded":3,"win_rate":0.0,"timestamp":1607523227,"path_taken":["M","?","M","M","M","R","M","?","T","?","$","E","R","M","R","BOSS","M","$"],"build_version":"2020-11-30","purchased_purges":0,"victory":false,"max_hp_per_floor":[82,82,82,82,82,82,82,82,82,82,82,82,82,82,82,82,82,82,82,82],"card_choices":[{"not_picked":["TheCursedMod:PrepareRite","TheCursedMod:SmokeScreen"],"picked":"TheCursedMod:WearCloak","floor":1.0},{"not_picked":["TheCursedMod:SpitefulStrike","TheCursedMod:Wield"],"picked":"TheCursedMod:SurpriseAttack","floor":3.0},{"not_picked":["TheCursedMod:Obscuration","TheCursedMod:ParallelWorld","TheCursedMod:WearCloak"],"picked":"SKIP","floor":4.0},{"not_picked":["TheCursedMod:RavingStaff","TheCursedMod:WearCloak"],"picked":"TheCursedMod:CircleOfFlame","floor":5.0},{"not_picked":["TheCursedMod:SmokeScreen","TheCursedMod:RavingStaff"],"picked":"TheCursedMod:HellsGateOpen","floor":7.0},{"not_picked":["TheCursedMod:SpitefulStrike","TheCursedMod:CursedMace"],"picked":"TheCursedMod:Stigma","floor":8.0},{"not_picked":["TheCursedMod:HellsGateOpen","TheCursedMod:SpitefulStrike"],"picked":"TheCursedMod:BloodBarrier","floor":12.0},{"not_picked":["TheCursedMod:Wield","TheCursedMod:SpitefulPlan"],"picked":"TheCursedMod:Grudge","floor":14},{"not_picked":["TheCursedMod:AntiAging","TheCursedMod:DarkBarrier"],"picked":"TheCursedMod:VoidForm","floor":16},{"not_picked":["TheCursedMod:SpitefulPlan+1","TheCursedMod:SurpriseAttack"],"picked":"TheCursedMod:CircleOfFocus","floor":18}],"player_experience":469534,"relics_obtained":[{"floor":9.0,"key":"InkBottle"},{"floor":12.0,"key":"Gambling Chip"}],"event_choices":[{"damage_healed":0.0,"max_hp_gain":0.0,"max_hp_loss":0.0,"gold_gain":0.0,"event_name":"Upgrade Shrine","player_choice":"Upgraded","floor":2.0,"gold_loss":0.0,"damage_taken":0.0,"cards_upgraded":["TheCursedMod:CursedWand"]},{"damage_healed":0.0,"max_hp_gain":0.0,"max_hp_loss":0.0,"gold_gain":75.0,"event_name":"World of Goop","player_choice":"Gather Gold","floor":10.0,"gold_loss":0.0,"damage_taken":11.0}],"is_beta":false,"boss_relics":[{"not_picked":["Sozu","Black Star"],"picked":"SlaversCollar"}],"items_purged_floors":[],"is_endless":false,"potions_floor_spawned":[3,4,7,8,14],"ascension_level":0}}