{"host":"dz1qwalix8eproj8","time":1607526010,"event":{"gold_per_floor":[113,131,142,162,162,195,195,11,38,72,89,139,174,194,194,298,298,266,283,283,79,89,89,129,129,129,129,161,0,45,72,72,72,72],"floor_reached":33,"playtime":2440,"items_purged":["Strike_G","Strike_G"],"score":422,"play_id":"ff870cc1-9ad2-4141-b62d-2c10eec6fc1e","local_time":"20201209160010","is_ascension_mode":true,"campfire_choices":[{"floor":7,"key":"REST"},{"floor":15,"key":"REST"},{"floor":23,"key":"REST"},{"floor":25,"key":"REST"},{"floor":32,"key":"REST"}],"neow_cost":"NONE","seed_source_timestamp":3524183022000,"circlet_count":0,"master_deck":["Defend_G","Defend_G","Defend_G","Defend_G","Defend_G","Survivor","Neutralize","Blade Dance","Dash","Terror","Caltrops","Sucker Punch","Poisoned Stab","Leg Sweep","Blur","All Out Attack","After Image","Predator+1","Endless Agony","Flying Knee","Poisoned Stab","Ghostly","Ghostly","Ghostly","Ghostly","Ghostly","Quick Slash"],"relics":["Ring of the Snake","Nunchaku","Bag of Preparation","Membership Card","Pen Nib","PreservedInsect","Ornamental Fan","Empty Cage","HandDrill","Snake Skull","CeramicFish","Strawberry","Enchiridion","Blue Candle"],"potions_floor_usage":[16,18,24,31,31],"damage_taken":[{"damage":7,"enemies":"Jaw Worm","floor":1,"turns":7},{"damage":3,"enemies":"2 Louse","floor":2,"turns":4},{"damage":0,"enemies":"Cultist","floor":3,"turns":3},{"damage":1,"enemies":"3 Louse","floor":4,"turns":6},{"damage":19,"enemies":"3 Sentries","floor":6,"turns":10},{"damage":12,"enemies":"Gremlin Nob","floor":10,"turns":3},{"damage":3,"enemies":"Large Slime","floor":11,"turns":5},{"damage":19,"enemies":"Lagavulin","floor":13,"turns":6},{"damage":0,"enemies":"2 Fungi Beasts","floor":14,"turns":3},{"damage":8,"enemies":"Slime Boss","floor":16,"turns":11},{"damage":14,"enemies":"2 Thieves","floor":18,"turns":5},{"damage":19,"enemies":"Spheric Guardian","floor":19,"turns":6},{"damage":7,"enemies":"Chosen and Byrds","floor":22,"turns":5},{"damage":17,"enemies":"Gremlin Leader","floor":24,"turns":5},{"damage":10,"enemies":"Slavers","floor":28,"turns":4},{"damage":6,"enemies":"Snake Plant","floor":31,"turns":3},{"damage":57,"enemies":"Champ","floor":33,"turns":11}],"seed_played":"6716639605778325620","potions_obtained":[{"floor":2,"key":"Weak Potion"},{"floor":4,"key":"Swift Potion"},{"floor":10,"key":"SteroidPotion"},{"floor":11,"key":"Strength Potion"},{"floor":16,"key":"Strength Potion"},{"floor":18,"key":"Energy Potion"},{"floor":22,"key":"Energy Potion"}],"is_trial":false,"path_per_floor":["M","M","M","M","?","E","R","$","T","E","M","?","E","M","R","B",null,"M","M","?","$","M","R","E","R","T","?","E","?","?","M","R","B"],"character_chosen":"THE_SILENT","items_purchased":["Membership Card","HandDrill","Snake Skull"],"campfire_rested":5,"item_purchase_floors":[8,21,21],"current_hp_per_floor":[56,53,53,52,52,33,54,54,54,42,39,39,20,20,41,33,61,47,28,28,28,21,42,25,46,53,37,27,27,27,21,32,0,0],"gold":72,"neow_bonus":"RANDOM_COMMON_RELIC","is_prod":false,"is_daily":false,"chose_seed":false,"campfire_upgraded":0,"win_rate":0,"timestamp":1607526010,"path_taken":["M","M","M","M","?","E","R","$","T","E","M","?","E","M","R","BOSS","M","M","?","$","?","R","E","R","T","?","E","?","?","M","R","BOSS"],"build_version":"2020-11-30","purchased_purges":2,"victory":false,"max_hp_per_floor":[70,70,70,70,70,70,70,70,70,70,70,70,70,70,70,70,70,70,70,70,70,70,70,70,70,77,77,77,77,38,38,38,38,38],"relic_stats":{"Nunchaku":[22],"counters":[17,97],"Ornamental Fan":[120],"CeramicFish":63,"Blue Candle":[0],"Pen Nib":[17],"PreservedInsect":110,"Snake Skull":[12],"Bag of Preparation":[24],"HandDrill":[12],"obtain_stats":[{"CeramicFish":24,"Blue Candle":28,"Enchiridion":27,"Pen Nib":9,"PreservedInsect":10,"Snake Skull":21,"Bag of Preparation":6,"Empty Cage":17,"Nunchaku":0,"Ornamental Fan":13,"Strawberry":26,"HandDrill":21,"Membership Card":8,"Ring of the Snake":0},{"CeramicFish":14,"Blue Candle":15,"Enchiridion":14,"Pen Nib":5,"PreservedInsect":6,"Snake Skull":12,"Bag of Preparation":5,"Empty Cage":10,"Nunchaku":0,"Ornamental Fan":8,"Strawberry":14,"HandDrill":12,"Membership Card":5,"Ring of the Snake":0},{"CeramicFish":79,"Blue Candle":83,"Enchiridion":79,"Pen Nib":30,"PreservedInsect":33,"Snake Skull":69,"Bag of Preparation":30,"Empty Cage":58,"Nunchaku":0,"Ornamental Fan":44,"Strawberry":79,"HandDrill":69,"Membership Card":30,"Ring of the Snake":0}],"Ring of the Snake":[34]},"card_choices":[{"not_picked":["Outmaneuver","Riddle With Holes"],"picked":"Blade Dance","floor":1},{"not_picked":["Deflect","Acrobatics"],"picked":"Dash","floor":2},{"not_picked":["Dagger Spray","Choke"],"picked":"Terror","floor":3},{"not_picked":["Outmaneuver","Malaise"],"picked":"Caltrops","floor":4},{"not_picked":["Blade Dance","Predator"],"picked":"Sucker Punch","floor":6},{"not_picked":["Choke","Slice"],"picked":"Poisoned Stab","floor":10},{"not_picked":["Setup","Eviscerate"],"picked":"Leg Sweep","floor":11},{"not_picked":["Bullet Time","Distraction"],"picked":"Blur","floor":13},{"not_picked":["Leg Sweep","Blur"],"picked":"All Out Attack","floor":14},{"not_picked":["Malaise","Storm of Steel"],"picked":"After Image","floor":16},{"not_picked":["Slice+1","Outmaneuver"],"picked":"Predator+1","floor":18},{"not_picked":["Cloak And Dagger","Slice"],"picked":"Endless Agony","floor":19},{"not_picked":["Distraction","Riddle With Holes"],"picked":"Flying Knee","floor":22},{"not_picked":["Corpse Explosion","Caltrops+1"],"picked":"Poisoned Stab","floor":24},{"not_picked":["Escape Plan","Eviscerate","Underhanded Strike+1"],"picked":"SKIP","floor":28},{"not_picked":["Prepared","Deflect"],"picked":"Quick Slash","floor":31}],"player_experience":524637,"relics_obtained":[{"floor":6,"key":"Bag of Preparation"},{"floor":9,"key":"Pen Nib"},{"floor":10,"key":"PreservedInsect"},{"floor":13,"key":"Ornamental Fan"},{"floor":24,"key":"CeramicFish"},{"floor":26,"key":"Strawberry"},{"floor":27,"key":"Enchiridion"},{"floor":28,"key":"Blue Candle"}],"event_choices":[{"damage_healed":0,"gold_gain":0,"player_choice":"Ignored","damage_taken":0,"max_hp_gain":0,"max_hp_loss":0,"event_name":"Liars Game","floor":5,"gold_loss":0},{"damage_healed":0,"gold_gain":50,"player_choice":"Gained Gold","damage_taken":0,"max_hp_gain":0,"max_hp_loss":0,"event_name":"Golden Wing","floor":12,"gold_loss":0},{"cards_removed":["Strike_G"],"damage_healed":0,"gold_gain":0,"player_choice":"Purged","damage_taken":0,"max_hp_gain":0,"max_hp_loss":0,"event_name":"Purifier","floor":20,"gold_loss":0},{"damage_healed":0,"gold_gain":0,"player_choice":"Obtained Book","damage_taken":16,"max_hp_gain":0,"max_hp_loss":0,"event_name":"Cursed Tome","floor":27,"gold_loss":0},{"damage_healed":0,"gold_gain":0,"player_choice":"Paid Fearfully","damage_taken":0,"max_hp_gain":0,"max_hp_loss":0,"event_name":"Masked Bandits","floor":29,"gold_loss":161},{"damage_healed":0,"gold_gain":0,"player_choice":"Became a Ghost","damage_taken":0,"max_hp_gain":0,"max_hp_loss":39,"event_name":"Ghosts","floor":30,"gold_loss":0,"cards_obtained":["Ghostly","Ghostly","Ghostly","Ghostly","Ghostly"]}],"is_beta":false,"boss_relics":[{"not_picked":["Sozu","Cursed Key"],"picked":"Empty Cage"}],"items_purged_floors":[8,21],"is_endless":false,"potions_floor_spawned":[2,4,10,11,14,16,18,22],"killed_by":"Champ","ascension_level":6}}