{"host":"jm9833yuloeli2yd","time":1607534433,"event":{"gold_per_floor":[214,227,69,69,83,83,117,137,137,137,163,163,163,174,174,245,245,256,256,256,270,105,105,136,136,136,171,182,182,197,216,216,216,216],"floor_reached":33,"playtime":1042,"items_purged":[],"score":550,"play_id":"01057ea5-208e-4bda-a009-f12f147326a5","local_time":"20201209122033","is_ascension_mode":true,"campfire_choices":[{"data":"Streamline","floor":6,"key":"SMITH"},{"floor":10,"key":"REST"},{"data":"Zap","floor":12,"key":"SMITH"},{"data":"Defragment","floor":15,"key":"SMITH"},{"data":"Electrodynamics","floor":23,"key":"SMITH"},{"data":"Streamline","floor":25,"key":"SMITH"},{"data":"Beam Cell","floor":29,"key":"SMITH"},{"data":"Genetic Algorithm","floor":32,"key":"SMITH"}],"neow_cost":"NONE","seed_source_timestamp":759899523315100,"circlet_count":0,"master_deck":["AscendersBane","Strike_B+1","Strike_B+1","Strike_B+1","Strike_B+1","Defend_B+1","Defend_B+1","Defend_B+1","Defend_B+1","Zap+1","Dualcast","Streamline+1","Cold Snap","Glacier","Self Repair","Turbo","Beam Cell+1","Coolheaded","Compile Driver","Steam+1","Defragment+1","Electrodynamics+1","Genetic Algorithm+1","Necronomicurse","Sunder+1","Streamline+1","Conserve Battery","Genetic Algorithm"],"special_seed":0,"relics":["Cracked Core","Orrery","Anchor","Meat on the Bone","Lizard Tail","Runic Pyramid","Necronomicon","Juzu Bracelet","Centennial Puzzle","Shovel","Red Mask"],"potions_floor_usage":[11,16,16,27,33],"damage_taken":[{"damage":1,"enemies":"Cultist","floor":1,"turns":3},{"damage":5,"enemies":"Small Slimes","floor":2,"turns":4},{"damage":0,"enemies":"2 Louse","floor":5,"turns":2},{"damage":58,"enemies":"Gremlin Nob","floor":7,"turns":7},{"damage":6,"enemies":"Exordium Wildlife","floor":8,"turns":4},{"damage":28,"enemies":"Lagavulin","floor":11,"turns":6},{"damage":0,"enemies":"Exordium Thugs","floor":14,"turns":3},{"damage":20,"enemies":"The Guardian","floor":16,"turns":11},{"damage":0,"enemies":"Chosen","floor":18,"turns":3},{"damage":12,"enemies":"Shell Parasite","floor":21,"turns":6},{"damage":40,"enemies":"Gremlin Leader","floor":24,"turns":7},{"damage":0,"enemies":"Masked Bandits","floor":27,"turns":2},{"damage":1,"enemies":"Shelled Parasite and Fungi","floor":28,"turns":2},{"damage":0,"enemies":"Chosen and Byrds","floor":30,"turns":2},{"damage":0,"enemies":"Snecko","floor":31,"turns":2},{"damage":94,"enemies":"Champ","floor":33,"turns":9}],"seed_played":"6034667356587173043","potions_obtained":[{"floor":2,"key":"Strength Potion"},{"floor":8,"key":"Regen Potion"},{"floor":11,"key":"Regen Potion"},{"floor":14,"key":"PowerPotion"},{"floor":16,"key":"SneckoOil"},{"floor":30,"key":"EssenceOfSteel"},{"floor":31,"key":"Block Potion"}],"is_trial":false,"path_per_floor":["M","M","$","?","M","R","E","M","T","R","E","R","?","M","R","B",null,"M","?","?","M","$","R","E","R","T","?","M","R","M","M","R","B"],"character_chosen":"DEFECT","items_purchased":["Orrery","Juzu Bracelet"],"campfire_rested":1,"item_purchase_floors":[3,22],"current_hp_per_floor":[63,58,58,63,63,63,12,13,13,35,33,33,10,22,22,36,66,73,73,52,47,47,47,26,26,26,45,44,44,44,44,44,0,0],"gold":216,"neow_bonus":"HUNDRED_GOLD","is_prod":false,"is_daily":false,"chose_seed":false,"campfire_upgraded":7,"win_rate":0,"timestamp":1607534433,"path_taken":["M","M","$","?","M","R","E","M","T","R","E","R","?","M","R","BOSS","M","?","?","M","$","R","E","R","T","?","M","R","M","M","R","BOSS"],"build_version":"2020-11-30","purchased_purges":0,"victory":false,"max_hp_per_floor":[71,71,71,76,76,76,76,76,76,76,76,76,76,76,76,76,76,76,76,76,76,76,76,76,76,76,76,76,76,76,76,76,76,76],"card_choices":[{"not_picked":["Go for the Eyes","White Noise"],"picked":"Streamline","floor":1},{"not_picked":["Blizzard","Aggregate"],"picked":"Cold Snap","floor":2},{"not_picked":["Gash","Darkness"],"picked":"Glacier","floor":3},{"not_picked":["Rainbow","Redo"],"picked":"Self Repair","floor":3},{"not_picked":["Conserve Battery","Reprogram"],"picked":"Turbo","floor":3},{"not_picked":["White Noise","Reprogram"],"picked":"Beam Cell","floor":3},{"not_picked":["Gash","Meteor Strike"],"picked":"Coolheaded","floor":3},{"not_picked":["Sweeping Beam","Coolheaded"],"picked":"Compile Driver","floor":5},{"not_picked":["Steam","Leap","Stack"],"picked":"SKIP","floor":7},{"not_picked":["Leap","Conserve Battery","Storm"],"picked":"SKIP","floor":8},{"not_picked":["Redo","Creative AI"],"picked":"Steam","floor":11},{"not_picked":["Glacier","Streamline"],"picked":"Defragment","floor":14},{"not_picked":["Meteor Strike","Reboot"],"picked":"Electrodynamics","floor":16},{"not_picked":["Force Field","Redo"],"picked":"Genetic Algorithm","floor":18},{"not_picked":["Ball Lightning","Undo"],"picked":"Sunder+1","floor":21},{"not_picked":["Conserve Battery","Steam"],"picked":"Streamline","floor":24},{"not_picked":["Redo","Meteor Strike","Gash"],"picked":"SKIP","floor":28},{"not_picked":["Barrage","Compile Driver"],"picked":"Conserve Battery","floor":30},{"not_picked":["Consume+1","Aggregate"],"picked":"Genetic Algorithm","floor":31}],"player_experience":979067,"relics_obtained":[{"floor":7,"key":"Anchor"},{"floor":9,"key":"Meat on the Bone"},{"floor":11,"key":"Lizard Tail"},{"floor":20,"key":"Necronomicon"},{"floor":24,"key":"Centennial Puzzle"},{"floor":26,"key":"Shovel"},{"floor":27,"key":"Red Mask"}],"event_choices":[{"damage_healed":0,"gold_gain":0,"player_choice":"Donut","damage_taken":0,"max_hp_gain":5,"max_hp_loss":0,"event_name":"Big Fish","floor":4,"gold_loss":0},{"damage_healed":0,"gold_gain":0,"player_choice":"Entered Light","damage_taken":23,"max_hp_gain":0,"max_hp_loss":0,"event_name":"Shining Light","floor":13,"gold_loss":0,"cards_upgraded":["Steam","Strike_B"]},{"damage_healed":0,"gold_gain":0,"player_choice":"Simplicity","damage_taken":0,"max_hp_gain":0,"max_hp_loss":0,"event_name":"Back to Basics","floor":19,"gold_loss":0,"cards_upgraded":["Strike_B","Strike_B","Strike_B","Defend_B","Defend_B","Defend_B","Defend_B"]},{"damage_healed":0,"gold_gain":0,"player_choice":"Obtained Book","damage_taken":21,"max_hp_gain":0,"max_hp_loss":0,"event_name":"Cursed Tome","floor":20,"gold_loss":0},{"damage_healed":0,"gold_gain":0,"player_choice":"Fought Bandits","damage_taken":0,"max_hp_gain":0,"max_hp_loss":0,"event_name":"Masked Bandits","floor":27,"gold_loss":0}],"is_beta":false,"boss_relics":[{"not_picked":["Fusion Hammer","Tiny House"],"picked":"Runic Pyramid"}],"items_purged_floors":[],"is_endless":false,"potions_floor_spawned":[2,8,11,14,16,30,31],"killed_by":"Champ","ascension_level":20}}