{"host":"17xjy7b7ubl548g2","time":1607493111,"event":{"gold_per_floor":[115,115,134,134,5,5,36,50,50,90,90,23,23,23,23,113,113,138,161,175,191,212,212,260,260,260],"floor_reached":25,"playtime":1968,"items_purged":["Strike_G","Strike_G"],"score":359,"play_id":"fa037316-6416-4633-bca9-eaeae932dd0f","local_time":"20201209005151","is_ascension_mode":true,"campfire_choices":[{"data":"Footwork","floor":6,"key":"SMITH"},{"data":"Infinite Blades","floor":11,"key":"SMITH"},{"floor":15,"key":"REST"},{"data":"Corpse Explosion","floor":23,"key":"SMITH"}],"neow_cost":"NONE","seed_source_timestamp":55634660619625,"circlet_count":0,"master_deck":["AscendersBane","Strike_G","Strike_G","Strike_G","Defend_G","Defend_G","Defend_G","Defend_G","Defend_G","Survivor","Neutralize","infinitespire:Neurotoxin+1","StuffTheSpire:BrimstoneBlast","Footwork+1","Deflect","Dagger Spray","jedi:pocketpoison","Infinite Blades+1","Dodge and Roll","Poisoned Stab","Corpse Explosion+1","ReplayTheSpireMod:Tripwire","Elementarium:StickyTar","Bane+1","Backflip","Caltrops+1","Deadly Poison"],"relics":["Ring of the Snake","Golden Idol","hubris:BundleOfHerbs","hubris:Reverence","hubris:AncientText","halation:EternalFortune","Byrd Skull","hubris:VirtuousBlindfold","TungstenRod"],"potions_floor_usage":[7,7,25],"damage_taken":[{"damage":2,"enemies":"2 Louse","floor":1,"turns":3},{"damage":3,"enemies":"Cultist","floor":3,"turns":5},{"damage":16,"enemies":"3 Sentries","floor":7,"turns":10},{"damage":6,"enemies":"Small Slimes","floor":8,"turns":3},{"damage":9,"enemies":"Gremlin Nob","floor":10,"turns":4},{"damage":13,"enemies":"Slime Boss","floor":16,"turns":9},{"damage":3,"enemies":"Elementarium:2_ELEMENTALS","floor":18,"turns":2},{"damage":3,"enemies":"Elementarium:MUD_AND_TAR_GOLEMS","floor":19,"turns":3},{"damage":3,"enemies":"Elementarium:STONE_GOLEMS","floor":20,"turns":2},{"damage":5,"enemies":"Elementarium:3_ELEMENTALS","floor":21,"turns":3},{"damage":0,"enemies":"Elementarium:CYCLONE_AND_LIVING_STORMCLOUD","floor":22,"turns":4},{"damage":0,"enemies":"Elementarium:ElementalPortal","floor":25,"turns":1}],"seed_played":"6339323911162883349","potions_obtained":[{"floor":1,"key":"Weak Potion"},{"floor":3,"key":"Death Potion"},{"floor":8,"key":"blueLaboratory:AbyssPotion"},{"floor":21,"key":"jedi:StrikingPotion"},{"floor":22,"key":"Flashbang"}],"is_trial":false,"path_per_floor":["M","?","M","?","$","R","E","M","T","E","R","$","?","$","R","B",null,"M","M","M","M","M","R","?","E"],"character_chosen":"THE_SILENT","items_purchased":["Deflect","Dodge and Roll","Poisoned Stab","Byrd Skull"],"campfire_rested":1,"item_purchase_floors":[5,12,12,14],"current_hp_per_floor":[57,57,54,54,54,54,38,32,32,23,23,23,26,1,20,13,51,48,45,42,37,37,37,37,37,37],"gold":260,"neow_bonus":"ONE_RANDOM_RARE_CARD","is_prod":false,"is_daily":false,"chose_seed":false,"campfire_upgraded":3,"win_rate":0,"timestamp":1607493111,"path_taken":["M","?","?","?","$","R","E","M","T","E","R","?","?","?","R","BOSS","M","M","M","?","M","R","?","E"],"build_version":"2020-11-30","purchased_purges":2,"victory":false,"max_hp_per_floor":[66,66,66,61,61,61,61,61,61,61,61,61,64,64,64,64,64,64,64,64,64,64,64,64,64,64],"card_choices":[{"not_picked":["hubris:TrickCloak","Dagger Spray"],"picked":"StuffTheSpire:BrimstoneBlast","floor":1},{"not_picked":["Masterful Stab","Catalyst"],"picked":"Footwork","floor":3},{"not_picked":["Prepared","Sucker Punch"],"picked":"Dagger Spray","floor":7},{"not_picked":["Quick Slash","PiercingWail"],"picked":"jedi:pocketpoison","floor":8},{"not_picked":["StuffTheSpire:BumpUp","StuffTheSpire:ClusterCrunch"],"picked":"Infinite Blades","floor":10},{"not_picked":["Storm of Steel","Bullet Time"],"picked":"Corpse Explosion","floor":16},{"not_picked":["hubris:SlightOfHand+1","Quick Slash"],"picked":"ReplayTheSpireMod:Tripwire","floor":18},{"not_picked":["Outmaneuver","Acrobatics"],"picked":"Bane+1","floor":19},{"not_picked":["Reflex","StuffTheSpire:Injection"],"picked":"Backflip","floor":20},{"not_picked":["Predator","ReplayTheSpireMod:Exploit Weakness","Prepared"],"picked":"SKIP","floor":21},{"not_picked":["Flechettes","Escape Plan"],"picked":"Caltrops+1","floor":22},{"not_picked":["hubris:Counter","Slice"],"picked":"Deadly Poison","floor":24}],"player_experience":1495653,"relics_obtained":[{"floor":7,"key":"hubris:BundleOfHerbs"},{"floor":9,"key":"hubris:Reverence"},{"floor":10,"key":"hubris:AncientText"},{"floor":24,"key":"TungstenRod"}],"event_choices":[{"damage_healed":0,"gold_gain":0,"player_choice":"Upgraded","damage_taken":0,"max_hp_gain":0,"max_hp_loss":0,"event_name":"Upgrade Shrine","floor":2,"gold_loss":0,"cards_upgraded":["infinitespire:Neurotoxin"]},{"damage_healed":0,"gold_gain":0,"player_choice":"Lose Max HP","damage_taken":0,"relics_obtained":["Golden Idol"],"max_hp_gain":0,"max_hp_loss":5,"event_name":"Golden Idol","floor":4,"gold_loss":0}],"is_beta":false,"boss_relics":[{"not_picked":["Black Star","HoveringKite"],"picked":"hubris:VirtuousBlindfold"}],"items_purged_floors":[5,14],"is_endless":false,"potions_floor_spawned":[1,3,8,21,22],"killed_by":"Elementarium:ElementalPortal","ascension_level":14}}