{"host":"1bqbj1s4pyvm9utn","time":1607485296,"event":{"gold_per_floor":[116,30,49,24,38,70,83,83,83,83,101,115,115,115,115,234,900,919,919,919,919,943,974,987,1006,1030,990,990],"floor_reached":27,"playtime":3726,"items_purged":[],"score":335,"play_id":"a85c3e30-9963-4278-afb3-1a5ba9bba70b","local_time":"20201208194136","is_ascension_mode":false,"campfire_choices":[{"floor":8,"key":"REST"},{"floor":10,"key":"REST"},{"data":"beaked:BraceForImpact","floor":15,"key":"SMITH"}],"neow_cost":"NONE","seed_source_timestamp":1654471477100,"circlet_count":0,"master_deck":["beaked:Strike_Y","beaked:Strike_Y","beaked:Strike_Y","beaked:Strike_Y","beaked:Strike_Y","beaked:Strike_Y","beaked:Defend_Y","beaked:Defend_Y","beaked:Defend_Y","beaked:Defend_Y","beaked:Ceremony","beaked:Ceremony","beaked:Ceremony","EpicFetus","Pain","Amnesia","BasicCrystalCard","expansioncontent:DecasProtection","Storm","beaked:BraceForImpact+1","StuffTheSpire:Synthwave","conspire:SharedLibrary","Redo","jedi:overflow","Capacitor","beaked:Foresight+1","beaked:CrazyRituals","Coolheaded","Static Discharge","beaked:MimicHuntress+1"],"relics":["beaked:MendingPlumage","HushsDoor","HowToJump","aspiration:DefectSkillbook","infinitespire:BottledMercury","jedi:bottledfury","halation:EternalFortune","Golden Idol","vexMod:RockOfEvil","GuppysHairball","Prayer Wheel","jedi:gremlinknob","halation:AfternoonTea"],"potions_floor_usage":[6,12,25],"damage_taken":[{"damage":6,"enemies":"Small Slimes","floor":1,"turns":3},{"damage":3,"enemies":"2 Louse","floor":3,"turns":3},{"damage":0,"enemies":"Cultist","floor":5,"turns":2},{"damage":60,"enemies":"3 Sentries","floor":6,"turns":13},{"damage":10,"enemies":"Blue Slaver","floor":7,"turns":4},{"damage":13,"enemies":"conspire:2 RoseBushes","floor":11,"turns":6},{"damage":12,"enemies":"2 Fungi Beasts","floor":12,"turns":5},{"damage":13,"enemies":"Fading Forest","floor":16,"turns":11},{"damage":19,"enemies":"conspire:FuzzyDice","floor":18,"turns":15},{"damage":21,"enemies":"3 Byrds","floor":22,"turns":7},{"damage":9,"enemies":"HollowMod:Nosk","floor":23,"turns":7},{"damage":26,"enemies":"Cultist and Chosen","floor":24,"turns":5},{"damage":8,"enemies":"Snake Plant","floor":25,"turns":7},{"damage":53,"enemies":"Gremlin Leader","floor":27,"turns":2}],"seed_played":"-6403373800248360671","potions_obtained":[{"floor":3,"key":"Block Potion"},{"floor":11,"key":"GamblersBrew"},{"floor":12,"key":"jedi:wingpotion"},{"floor":23,"key":"Regen Potion"}],"is_trial":false,"path_per_floor":["M","$","M","?","M","E","M","R","T","R","M","M","?","?","R","B",null,"M","?","?","T","M","E","M","M","T","E"],"character_chosen":"BEAKED_THE_CULTIST","items_purchased":["expansioncontent:DecasProtection","GuppysHairball"],"campfire_rested":2,"item_purchase_floors":[2,17],"current_hp_per_floor":[47,47,48,48,50,13,14,29,29,44,48,46,49,36,36,53,43,43,43,43,43,39,42,31,46,46,0,0],"gold":990,"neow_bonus":"CURSED_BOSS_RELIC","is_prod":false,"is_daily":false,"chose_seed":false,"campfire_upgraded":1,"win_rate":0.0,"timestamp":1607485296,"path_taken":["M","$","M","?","M","E","M","R","T","R","M","?","?","?","R","BOSS","M","?","?","?","M","E","?","M","T","E"],"build_version":"2020-11-30","purchased_purges":0,"victory":false,"max_hp_per_floor":[50,50,50,50,50,50,50,50,50,50,50,50,53,53,53,53,43,43,43,43,43,43,43,43,46,46,46,46],"card_choices":[{"not_picked":[],"picked":"EpicFetus","floor":0},{"not_picked":["beaked:Replenish","beaked:DigDeep","Clawfect:ClawingBeam"],"picked":"BasicCrystalCard","floor":1},{"not_picked":["Steam Power","Clawfect:ScrapingClaw","beaked:Poke"],"picked":"Storm","floor":3},{"not_picked":["beaked:Flinch","beaked:FeelMyPain","ReplayTheSpireMod:GoodbyeWorld"],"picked":"beaked:BraceForImpact","floor":5},{"not_picked":["Clawfect:Clawter","beaked:WarriorEssence","Meteor Strike"],"picked":"StuffTheSpire:Synthwave","floor":6},{"not_picked":["beaked:FeelMyPain","beaked:Resilience","aspiration:Polymerization"],"picked":"conspire:SharedLibrary","floor":7},{"not_picked":["beaked:Molting","beaked:Daydream","beaked:DesperateSwing"],"picked":"Redo","floor":11},{"not_picked":["Clawfect:ClawSnap","StuffTheSpire:ShieldGenerator","Clawfect:ClawCell"],"picked":"jedi:overflow","floor":12},{"not_picked":["ReplayTheSpireMod:Owlgaze","Machine Learning","beaked:SacrificialScars"],"picked":"ReplayTheSpireMod:Fabricate Wheel","floor":16},{"not_picked":["Clawfect:ClawAndGloom+1","Clawfect:ClawCell","StuffTheSpire:Synthwave"],"picked":"Capacitor","floor":18},{"not_picked":["FTL+1","Hologram","Clawfect:Clawline"],"picked":"beaked:Foresight+1","floor":18},{"not_picked":["beaked:Resilience+1","beaked:Overpower","StuffTheSpire:Rend"],"picked":"beaked:CrazyRituals","floor":22},{"not_picked":["Force Field","hubris:Ukulele","beaked:Tradeoff","Clawfect:ScrapingClaw"],"picked":"SKIP","floor":22},{"not_picked":["Reprogram","Darkness","BasicCrystalCard"],"picked":"Coolheaded","floor":23},{"not_picked":["beaked:Resilience","Machine Learning","beaked:Evade"],"picked":"Static Discharge","floor":24},{"not_picked":["beaked:Redirect","beaked:SacrificialAttack","StuffTheSpire:CleanHardDrive+1"],"picked":"beaked:MimicHuntress+1","floor":24},{"not_picked":["Conserve Battery+1","beaked:StunningBlow","Clawfect:ClawpileDriver+1","jedi:BurstLightning"],"picked":"SKIP","floor":25},{"not_picked":["beaked:Windmill","BasicCrystalCard","jedi:BurstLightning","Conserve Battery+1"],"picked":"SKIP","floor":25}],"player_experience":735593,"relics_obtained":[{"floor":6,"key":"infinitespire:BottledMercury"},{"floor":9,"key":"jedi:bottledfury"},{"floor":23,"key":"jedi:gremlinknob"},{"floor":25,"key":"halation:EternalFortune"},{"floor":26,"key":"halation:AfternoonTea"}],"event_choices":[{"damage_healed":0,"gold_gain":0,"player_choice":"Take Damage","damage_taken":13,"relics_obtained":["Golden Idol"],"max_hp_gain":0,"max_hp_loss":0,"event_name":"Golden Idol","floor":14,"gold_loss":0},{"damage_healed":0,"gold_gain":0,"player_choice":"Ignored","damage_taken":0,"max_hp_gain":0,"max_hp_loss":0,"event_name":"betterNote:BetterNote","floor":19,"gold_loss":0,"cards_obtained":["DoctorFetus"]}],"is_beta":false,"boss_relics":[{"not_picked":["hubris:GrandSneckoEye","Calling Bell"],"picked":"vexMod:RockOfEvil"},{"not_picked":[]}],"items_purged_floors":[],"is_endless":false,"potions_floor_spawned":[3,11,12,23],"killed_by":"Gremlin Leader","ascension_level":0}}