{"host":"0xoib765171ofkym","time":1607516461,"event":{"gold_per_floor":[50019,50019,50032,50052,48898,48923,48923,48950,48950,48950,48900,48923,48953,48978,48990,49103,49165,49190,45013,45013,45025,45038,45064,45064,45083,45083,44591,44616,43958,43958,43991,43991,44094,44094,44113,44113,43855,43867,43867,43893,43893,43904,43904,42517,42517,42517,42517,42026,42026,42026],"floor_reached":51,"playtime":3401,"items_purged":["Strike_B","Defend_B","Defend_B","Capacitor","Defend_B","Strike_B+1"],"score":1251,"play_id":"42a9840f-06ba-4670-b557-83f81527dbbb","local_time":"20201209212101","is_ascension_mode":true,"campfire_choices":[{"data":"Ball Lightning","floor":7,"key":"SMITH"},{"data":"Capacitor","floor":10,"key":"SMITH"},{"data":"Coolheaded","floor":15,"key":"SMITH"},{"data":"Storm","floor":30,"key":"SMITH"},{"data":"Seek","floor":32,"key":"SMITH"},{"data":"Amplify","floor":41,"key":"SMITH"},{"floor":46,"key":"DIG"},{"data":"1","floor":47,"key":"LIFT"},{"data":"2","floor":49,"key":"LIFT"}],"neow_cost":"NONE","seed_source_timestamp":115165822741100,"circlet_count":0,"master_deck":["Zap+1","Dualcast+1","Capacitor+1","Ball Lightning+1","Coolheaded+1","Seek+1","Loop+1","Storm+1","Loop+1","Amplify+1","Defragment+1","Rainbow+1"],"relics":["Cracked Core","The Courier","PreservedInsect","Eternal Feather","Lizard Tail","Sundial","HornCleat","War Paint","Matryoshka","Question Card","Singing Bowl","Whetstone","MawBank","Tiny House","DataDisk","Runic Capacitor","Meat on the Bone","White Beast Statue","Bottled Tornado","InkBottle","Toy Ornithopter","Oddly Smooth Stone","Anchor","Blood Vial","Bronze Scales","Lantern","Bag of Marbles","Gremlin Horn","Bag of Preparation","Art of War","Tiny Chest","Dream Catcher","Mercury Hourglass","Darkstone Periapt","Juzu Bracelet","Ginger","Omamori","Vajra","Akabeko","Molten Egg 2","Shovel","Strawberry","Pen Nib","Necronomicon","Happy Flower","CaptainsWheel","Mummified Hand","Frozen Egg 2","Pear","Centennial Puzzle","Mango","Ancient Tea Set","Shuriken","Sozu","Boot","WingedGreaves","Pantograph","Ornamental Fan","Bottled Flame","Letter Opener","Cables","FossilizedHelix","Kunai","Toxic Egg 2","Girya","Thread and Needle","Turnip"],"potions_floor_usage":[8,8,16],"damage_taken":[{"damage":5,"enemies":"Small Slimes","floor":1,"turns":3},{"damage":2,"enemies":"Jaw Worm","floor":3,"turns":3},{"damage":1,"enemies":"Cultist","floor":4,"turns":3},{"damage":15,"enemies":"3 Sentries","floor":6,"turns":7},{"damage":0,"enemies":"Gremlin Nob","floor":8,"turns":2},{"damage":6,"enemies":"3 Louse","floor":13,"turns":3},{"damage":6,"enemies":"Blue Slaver","floor":14,"turns":4},{"damage":15,"enemies":"The Guardian","floor":16,"turns":7},{"damage":36,"enemies":"3 Byrds","floor":18,"turns":5},{"damage":0,"enemies":"Spheric Guardian","floor":21,"turns":3},{"damage":0,"enemies":"Snake Plant","floor":22,"turns":2},{"damage":0,"enemies":"Gremlin Leader","floor":23,"turns":3},{"damage":5,"enemies":"Shelled Parasite and Fungi","floor":25,"turns":3},{"damage":0,"enemies":"Book of Stabbing","floor":28,"turns":2},{"damage":0,"enemies":"Slavers","floor":31,"turns":2},{"damage":0,"enemies":"Automaton","floor":33,"turns":5},{"damage":0,"enemies":"3 Shapes","floor":35,"turns":2},{"damage":0,"enemies":"3 Darklings","floor":38,"turns":2},{"damage":0,"enemies":"Reptomancer","floor":40,"turns":2},{"damage":0,"enemies":"Maw","floor":42,"turns":2},{"damage":0,"enemies":"Donu and Deca","floor":50,"turns":3}],"seed_played":"833409491403737001","potions_obtained":[{"floor":3,"key":"GamblersBrew"},{"floor":4,"key":"ColorlessPotion"},{"floor":8,"key":"BlessingOfTheForge"},{"floor":13,"key":"PotionOfCapacity"},{"floor":17,"key":"Strength Potion"}],"is_trial":false,"path_per_floor":["M","?","M","M","$","E","R","E","T","R","?","T","M","M","R","B",null,"M","$","?","M","M","E","?","M","T","$","E","$","R","E","R","B",null,"M","?","$","M","T","E","R","M","T","$","?","R","R","$","R","B",null],"character_chosen":"DEFECT","items_purchased":["PreservedInsect","Eternal Feather","Lizard Tail","Sundial","HornCleat","PowerPotion","FocusPotion","PowerPotion","Meat on the Bone","White Beast Statue","Bottled Tornado","InkBottle","Toy Ornithopter","Oddly Smooth Stone","Anchor","Blood Vial","Bronze Scales","Lantern","Bag of Marbles","Gremlin Horn","Bag of Preparation","Art of War","Tiny Chest","Dream Catcher","Mercury Hourglass","Darkstone Periapt","Juzu Bracelet","Ginger","Omamori","Vajra","Akabeko","Molten Egg 2","Shovel","Strawberry","Pen Nib","Mummified Hand","Frozen Egg 2","Loop+1","Centennial Puzzle","Mango","Ancient Tea Set","Boot","Bottled Flame","Letter Opener","Cables","FossilizedHelix","Kunai","Toxic Egg 2","Thread and Needle","Turnip"],"campfire_rested":0,"item_purchase_floors":[5,5,5,5,5,5,5,5,19,19,19,19,19,19,19,19,19,19,19,19,19,19,19,19,19,19,19,19,19,19,19,19,19,19,19,27,27,29,29,29,29,37,44,44,44,44,44,44,48,48],"current_hp_per_floor":[70,63,61,60,60,45,51,51,51,57,57,57,51,47,53,38,84,84,91,75,77,81,85,66,65,65,65,79,93,99,103,109,111,130,132,132,132,134,134,134,134,136,136,136,136,136,136,136,136,136],"gold":42026,"neow_bonus":"THREE_CARDS","is_prod":false,"is_daily":false,"chose_seed":false,"campfire_upgraded":6,"win_rate":0,"timestamp":1607516461,"path_taken":["M","?","M","M","$","E","R","E","T","R","?","?","?","M","R","BOSS","M","$","?","M","M","E","?","M","T","$","E","$","R","E","R","BOSS","M","?","$","M","?","E","R","M","T","$","?","R","R","$","R","BOSS"],"build_version":"2020-11-30","purchased_purges":6,"victory":true,"max_hp_per_floor":[75,75,75,75,75,75,75,75,75,75,75,75,75,77,77,77,84,84,91,91,91,93,95,100,102,102,102,114,128,128,130,130,130,130,132,132,132,134,134,134,134,136,136,136,136,136,136,136,136,136],"card_choices":[{"not_picked":["Leap","Go for the Eyes"],"picked":"Capacitor","floor":0},{"not_picked":["Barrage","Sunder"],"picked":"Ball Lightning","floor":1},{"not_picked":["Barrage","Sweeping Beam"],"picked":"Capacitor","floor":3},{"not_picked":["Conserve Battery","Go for the Eyes","Compile Driver"],"picked":"SKIP","floor":4},{"not_picked":["Reinforced Body","Coolheaded"],"picked":"Capacitor","floor":6},{"not_picked":["Self Repair","Core Surge","Turbo"],"picked":"SKIP","floor":8},{"not_picked":["White Noise","Capacitor","Gash"],"picked":"Coolheaded","floor":13},{"not_picked":["Compile Driver","Sweeping Beam","Doom and Gloom","Rebound"],"picked":"Singing Bowl","floor":14},{"not_picked":["Fission","Core Surge","Thunder Strike"],"picked":"Seek","floor":16},{"not_picked":["Stack","Cold Snap","Auto Shields","Double Energy"],"picked":"Singing Bowl","floor":17},{"not_picked":["Doom and Gloom+1","Redo","Compile Driver+1"],"picked":"Loop+1","floor":18},{"not_picked":["Redo","Rip and Tear+1","Compile Driver+1"],"picked":"Storm","floor":21},{"not_picked":["Turbo","Rebound+1","Hello World","Core Surge+1"],"picked":"Singing Bowl","floor":22},{"not_picked":["Beam Cell+1","Recycle","Stack","Rebound+1"],"picked":"Singing Bowl","floor":23},{"not_picked":["Blizzard+1","Core Surge+1","Ball Lightning+1","Stack+1"],"picked":"Singing Bowl","floor":25},{"not_picked":["Go for the Eyes+1","Leap","FTL+1","Lockon+1"],"picked":"Singing Bowl","floor":28},{"not_picked":["Conserve Battery","Stack","Fission","Leap+1"],"picked":"Singing Bowl","floor":31},{"not_picked":["Biased Cognition+1","Core Surge+1","Thunder Strike+1"],"picked":"Amplify","floor":33},{"not_picked":["Beam Cell+1","Go for the Eyes+1","Coolheaded+1","Compile Driver+1"],"picked":"Singing Bowl","floor":35},{"not_picked":["Capacitor+1","Genetic Algorithm+1","Sweeping Beam+1","Barrage+1"],"picked":"Singing Bowl","floor":38},{"not_picked":["Steam","Storm+1","Force Field"],"picked":"Defragment+1","floor":40},{"not_picked":["Ball Lightning+1","Go for the Eyes+1","Rebound+1","Streamline+1"],"picked":"Singing Bowl","floor":42}],"player_experience":251643,"relics_obtained":[{"floor":6,"key":"War Paint"},{"floor":8,"key":"Matryoshka"},{"floor":9,"key":"Question Card"},{"floor":9,"key":"Singing Bowl"},{"floor":12,"key":"Whetstone"},{"floor":12,"key":"MawBank"},{"floor":20,"key":"Necronomicon"},{"floor":23,"key":"Happy Flower"},{"floor":26,"key":"CaptainsWheel"},{"floor":28,"key":"Pear"},{"floor":31,"key":"Shuriken"},{"floor":39,"key":"WingedGreaves"},{"floor":40,"key":"Pantograph"},{"floor":43,"key":"Ornamental Fan"},{"floor":46,"key":"Girya"}],"event_choices":[{"cards_removed":["Strike_B"],"damage_healed":0,"gold_gain":0,"player_choice":"Card Removal","damage_taken":7,"max_hp_gain":0,"max_hp_loss":0,"event_name":"Golden Wing","floor":2,"gold_loss":0},{"cards_removed":["Strike_B"],"damage_healed":0,"gold_gain":0,"player_choice":"Card Removal","damage_taken":0,"max_hp_gain":0,"max_hp_loss":0,"event_name":"The Cleric","floor":11,"gold_loss":50},{"damage_healed":0,"gold_gain":0,"player_choice":"Obtained Book","damage_taken":16,"max_hp_gain":0,"max_hp_loss":0,"event_name":"Cursed Tome","floor":20,"gold_loss":0},{"damage_healed":0,"gold_gain":0,"player_choice":"Shed Blood","damage_taken":24,"max_hp_gain":5,"max_hp_loss":0,"event_name":"Forgotten Altar","floor":24,"gold_loss":0},{"cards_removed":["Capacitor"],"damage_healed":0,"gold_gain":0,"player_choice":"Removed Power","damage_taken":0,"max_hp_gain":0,"max_hp_loss":0,"event_name":"Falling","floor":36,"gold_loss":0},{"damage_healed":0,"gold_gain":0,"cards_transformed":["Defend_B"],"player_choice":"Transformed","damage_taken":0,"max_hp_gain":0,"max_hp_loss":0,"event_name":"Transmorgrifier","floor":45,"gold_loss":0,"cards_obtained":["Rainbow"]}],"is_beta":false,"boss_relics":[{"not_picked":["Runic Pyramid","Snecko Eye"],"picked":"Tiny House"},{"not_picked":["Inserter","Runic Dome"],"picked":"Sozu"}],"items_purged_floors":[5,19,27,29,37,44],"is_endless":false,"potions_floor_spawned":[3,4,8,13,18,21,22,23,25,28,31,33,35,38,40,42],"ascension_level":3}}