{"host":"hgac5i0moakv3ytj","time":1607491777,"event":{"gold_per_floor":[118,136,63,73,92,123,134,134,134,166,166,166,182,192,210,210,275,376,376,387,407,264,278,278,278,312,312,363,402,431,468,505,505,505,631,631,680,731,731,424,724,724,751,751],"floor_reached":43,"playtime":5557,"items_purged":[],"score":557,"play_id":"a33577e8-e60f-41ec-94f0-25096e8922c6","local_time":"20201209132937","is_ascension_mode":false,"campfire_choices":[{"floor":8,"key":"REST"},{"floor":25,"key":"REST"},{"floor":34,"key":"REST"},{"floor":42,"key":"REST"}],"neow_cost":"NONE","seed_source_timestamp":12657130756000,"circlet_count":0,"master_deck":["hermit:Defend_Hermit+1","hermit:Defend_Hermit+1","hermit:Defend_Hermit+1","hermit:Defend_Hermit+1","hermit:Snapshot+1","hermit:Covet+1","hermit:GhostlyPresence+1","hermit:GhostlyPresence+1","hermit:Snipe+1","hermit:BlackWind+1","hermit:WideOpen+1","hermit:Brawl+1","hermit:Ricochet+1","hermit:BigShot+1","hermit:Ricochet+1","hermit:Ricochet+1","hermit:Ricochet+1","hermit:Ricochet+1","hermit:Quickdraw+1","hermit:FinalCanter+1","hermit:TakeAim+1","hermit:HeroicBravado+1","hermit:Scavenge+1","infinitespire:FutureSight+1","infinitespire:FutureSight+1"],"relics":["hermit:Momento","Hammer of Thor","Seething Fire","Anvil of the Gods","Gremlin Food","hermit:Horseshoe","infinitespire:Joker Card","Blue Doll","halation:TwoAmDonut","Replay:Bottled Snecko","infinitespire:PuzzleCube","Replay:Bandana","Replay:Towering Pillar of Hats","Juzu Bracelet","Busted Crown","Bag of Marbles","halation:AfternoonTea"],"potions_floor_usage":[10,38],"damage_taken":[{"damage":1,"enemies":"Jaw Worm","floor":1,"turns":4},{"damage":0,"enemies":"Cultist","floor":2,"turns":4},{"damage":7,"enemies":"infinitespire:Voidling","floor":4,"turns":4},{"damage":0,"enemies":"Blue Slaver","floor":5,"turns":4},{"damage":17,"enemies":"HollowMod:MossKnight","floor":6,"turns":10},{"damage":0,"enemies":"2 Fungi Beasts","floor":7,"turns":2},{"damage":26,"enemies":"3 Sentries","floor":10,"turns":11},{"damage":0,"enemies":"Lots of Slimes","floor":13,"turns":3},{"damage":0,"enemies":"3 Louse","floor":14,"turns":2},{"damage":0,"enemies":"Red Slaver","floor":15,"turns":2},{"damage":0,"enemies":"Slime Boss","floor":18,"turns":4},{"damage":0,"enemies":"Chosen","floor":20,"turns":3},{"damage":3,"enemies":"2 Thieves","floor":21,"turns":4},{"damage":8,"enemies":"Shelled Parasite and Fungi","floor":23,"turns":3},{"damage":25,"enemies":"Gremlin Leader","floor":26,"turns":7},{"damage":5,"enemies":"Replay:Snechameleon","floor":29,"turns":4},{"damage":2,"enemies":"Cultist and Chosen","floor":30,"turns":5},{"damage":0,"enemies":"3 Cultists","floor":31,"turns":4},{"damage":8,"enemies":"Centurion and Healer","floor":32,"turns":3},{"damage":44,"enemies":"Champ","floor":35,"turns":9},{"damage":61,"enemies":"3 Shapes","floor":37,"turns":2},{"damage":2,"enemies":"3 Darklings","floor":38,"turns":7},{"damage":64,"enemies":"Nightmare","floor":43,"turns":5}],"seed_played":"1153144055130961829","potions_obtained":[{"floor":4,"key":"AttackPotion"},{"floor":10,"key":"infinitespire:BlackPotion"},{"floor":13,"key":"Venom Potion"},{"floor":14,"key":"PowerPotion"},{"floor":21,"key":"Dexterity Potion"},{"floor":31,"key":"Block Potion"}],"is_trial":false,"path_per_floor":["M","M","$","M","M","E","M","R","T","E","PTL","PTL","M","M","M","?","R","B",null,"M","M","$","M","?","R","E","?","T","E","M","M","M","AVR","R","B",null,"M","M","?","$","?","R","NM"],"character_chosen":"HERMIT","items_purchased":["hermit:Combo","Blue Doll","Bag of Marbles","halation:AfternoonTea"],"campfire_rested":4,"item_purchase_floors":[3,22,40,40],"current_hp_per_floor":[81,81,81,81,81,64,64,82,82,56,56,56,56,56,56,82,82,82,82,82,79,79,71,71,82,57,57,57,52,50,50,42,42,66,22,82,21,19,19,19,19,43,0,0],"gold":751,"neow_bonus":"TEN_PERCENT_HP_BONUS","is_prod":false,"is_daily":false,"chose_seed":false,"campfire_upgraded":0,"win_rate":0.0,"timestamp":1607491777,"path_taken":["M","M","$","M","M","E","M","R","T","E","PTL","PTL","M","M","M","?","R","BOSS","M","M","$","M","?","R","E","?","T","E","M","?","?","AVR","R","BOSS","M","M","?","$","?","R","NM"],"build_version":"2020-11-30","purchased_purges":0,"victory":false,"max_hp_per_floor":[82,82,82,82,82,82,82,82,82,82,82,82,82,82,82,82,82,82,82,82,82,82,82,82,82,82,82,82,82,82,82,82,82,82,82,82,82,82,82,82,82,82,82,82],"card_choices":[{"not_picked":["hermit:Misfire","hermit:TakeCover"],"picked":"hermit:GhostlyPresence","floor":1},{"not_picked":["hermit:Scavenge","hermit:Quickdraw"],"picked":"hermit:GhostlyPresence","floor":2},{"not_picked":["hermit:CalledShot","hermit:Dive"],"picked":"hermit:Snipe","floor":4},{"not_picked":["hermit:Maintenance","hermit:Desperado"],"picked":"hermit:BlackWind","floor":5},{"not_picked":["hermit:SprayPray","hermit:Coalescence"],"picked":"hermit:WideOpen","floor":6},{"not_picked":["hermit:Misfire","hermit:LowProfile","hermit:ItchyTrigger"],"picked":"SKIP","floor":7},{"not_picked":["hermit:Ricochet","hermit:GhostlyPresence"],"picked":"hermit:Brawl","floor":10},{"not_picked":["hermit:WideOpen","hermit:LowProfile"],"picked":"hermit:Ricochet","floor":13},{"not_picked":["hermit:Deadeye","hermit:Gestalt"],"picked":"hermit:BigShot","floor":14},{"not_picked":["hermit:Roughhouse","hermit:SprayPray"],"picked":"hermit:Quickdraw","floor":15},{"not_picked":["hermit:BlackWind","hermit:Roughhouse"],"picked":"hermit:FinalCanter","floor":18},{"not_picked":["hermit:Feint","hermit:Coalescence","hermit:SprayPray"],"picked":"SKIP","floor":20},{"not_picked":["hermit:Horror","hermit:DeadMansHand+1"],"picked":"hermit:TakeAim+1","floor":21},{"not_picked":["hermit:ItchyTrigger","hermit:Manifest","hermit:Coalescence"],"picked":"SKIP","floor":23},{"not_picked":["hermit:ItchyTrigger","hermit:Manifest","hermit:Coalescence"],"picked":"SKIP","floor":23},{"not_picked":["hermit:Feint","hermit:LowProfile"],"picked":"hermit:HeroicBravado","floor":26},{"not_picked":["hermit:Showdown","hermit:Desperado","hermit:Feint"],"picked":"SKIP","floor":29},{"not_picked":["hermit:BigShot","hermit:LowProfile","hermit:Desperado"],"picked":"SKIP","floor":30},{"not_picked":["hermit:Desperado","hermit:Manifest"],"picked":"hermit:Scavenge","floor":31},{"not_picked":["hermit:Showdown","hermit:Desperado","hermit:HighCaliber"],"picked":"SKIP","floor":32},{"not_picked":["hermit:Magnum","hermit:FatalDesire"],"picked":"hermit:Purgatory","floor":35},{"not_picked":["hermit:Roulette+1"],"picked":"SKIP","floor":37},{"not_picked":["hermit:Grudge+1"],"picked":"SKIP","floor":38}],"player_experience":68730,"relics_obtained":[{"floor":6,"key":"Gremlin Food"},{"floor":9,"key":"hermit:Horseshoe"},{"floor":10,"key":"infinitespire:Joker Card"},{"floor":26,"key":"Replay:Bottled Snecko"},{"floor":28,"key":"Replay:Bandana"},{"floor":29,"key":"Replay:Towering Pillar of Hats"}],"event_choices":[{"damage_healed":0,"gold_gain":0,"player_choice":"Stole Relic","damage_taken":0,"relics_obtained":["halation:TwoAmDonut"],"max_hp_gain":0,"max_hp_loss":0,"event_name":"Addict","floor":24,"gold_loss":0,"cards_obtained":["Shame"]},{"damage_healed":0,"gold_gain":0,"player_choice":"Gave Potion","damage_taken":0,"relics_obtained":["infinitespire:PuzzleCube"],"max_hp_gain":0,"max_hp_loss":0,"event_name":"WeMeetAgain","floor":27,"gold_loss":0},{"damage_healed":0,"gold_gain":0,"player_choice":"Ignored","damage_taken":0,"max_hp_gain":0,"max_hp_loss":0,"event_name":"OrinTheCat","floor":39,"gold_loss":0},{"damage_healed":0,"gold_gain":300,"player_choice":"Gold","damage_taken":0,"max_hp_gain":0,"max_hp_loss":0,"event_name":"Wheel of Change","floor":41,"gold_loss":0}],"is_beta":false,"boss_relics":[{"not_picked":["halation:CatFaceCupcake","Replay:Drink Me","Runic Pyramid"]},{"not_picked":["ReplayTheSpireMod:SealedPack","hermit:BartenderGlass"],"picked":"Busted Crown"}],"items_purged_floors":[],"is_endless":false,"potions_floor_spawned":[4,10,13,14,20,21,23,31,35],"killed_by":"Nightmare","ascension_level":0}}