{"host":"d7qmn60fs48wu5y6","time":1607547064,"event":{"gold_per_floor":[109,119,67,67,67,96,96,55,78,78,106,106,106,138,138,239,239,254,271,282,119,119,119,148,148,199,213,224,224,258,277,277,373,373,391,401,110,129,129,129,145,155,155,155,255,273,273,287,287,287,287,287,15,46,46,46],"floor_reached":55,"playtime":2796,"items_purged":["Strike_B","Zap"],"score":759,"play_id":"efd4669c-3ed4-4878-a662-c9d7c86bd359","local_time":"20201209125104","is_ascension_mode":true,"campfire_choices":[{"floor":7,"key":"REST"},{"data":"Redo","floor":10,"key":"SMITH"},{"floor":12,"key":"REST"},{"floor":15,"key":"REST"},{"data":"Zap","floor":23,"key":"SMITH"},{"floor":25,"key":"RECALL"},{"data":"Consume","floor":32,"key":"SMITH"},{"floor":40,"key":"REST"},{"data":"Conserve Battery","floor":44,"key":"SMITH"},{"data":"Conserve Battery","floor":47,"key":"SMITH"},{"data":"Conserve Battery","floor":49,"key":"SMITH"},{"data":"Recycle","floor":52,"key":"SMITH"}],"neow_cost":"NONE","seed_source_timestamp":445586120871200,"circlet_count":0,"master_deck":["Defend_B","Defend_B","Defend_B","Zap+1","Dualcast","Heatsinks","Tempest","Redo+1","Leap","Melter","Buffer+1","Conserve Battery+1","Creative AI+1","Ball Lightning","Static Discharge+1","Self Repair+1","Conserve Battery+1","Coolheaded+1","Capacitor+1","Consume+1","Biased Cognition+1","Hologram+1","Redo+1","Streamline+1","Blizzard+1","Coolheaded","expansioncontent:Chronoboost+1","Recycle+1","Cold Snap+1","Conserve Battery+1","Madness","Coolheaded+1","Parasite","Defragment+1","Self Repair+1","The Bomb"],"relics":["FrozenCore","Shuriken","Frozen Egg 2","Oddly Smooth Stone","Bird Faced Urn","Bag of Marbles","FaceOfCleric","Whetstone","Molten Egg 2","Unceasing Top","Astrolabe","The Courier","Vajra"],"potions_floor_usage":[6,14,19,30,41,50,54,55],"damage_taken":[{"damage":0,"enemies":"2 Louse","floor":1,"turns":3},{"damage":0,"enemies":"Small Slimes","floor":2,"turns":2},{"damage":38,"enemies":"Lagavulin","floor":6,"turns":6},{"damage":32,"enemies":"Gremlin Nob","floor":11,"turns":4},{"damage":18,"enemies":"Lagavulin","floor":14,"turns":5},{"damage":34,"enemies":"Hexaghost","floor":16,"turns":12},{"damage":0,"enemies":"Spheric Guardian","floor":18,"turns":1},{"damage":2,"enemies":"Chosen","floor":19,"turns":5},{"damage":21,"enemies":"Centurion and Healer","floor":20,"turns":10},{"damage":43,"enemies":"Book of Stabbing","floor":24,"turns":6},{"damage":53,"enemies":"Cultist and Chosen","floor":27,"turns":9},{"damage":41,"enemies":"Snake Plant","floor":28,"turns":11},{"damage":32,"enemies":"Slavers","floor":30,"turns":4},{"damage":17,"enemies":"Centurion and Healer","floor":31,"turns":8},{"damage":38,"enemies":"Champ","floor":33,"turns":10},{"damage":0,"enemies":"Orb Walker","floor":35,"turns":6},{"damage":57,"enemies":"3 Darklings","floor":36,"turns":6},{"damage":35,"enemies":"Writhing Mass","floor":38,"turns":7},{"damage":35,"enemies":"Transient","floor":41,"turns":5},{"damage":31,"enemies":"Spire Growth","floor":42,"turns":8},{"damage":11,"enemies":"4 Shapes","floor":46,"turns":12},{"damage":19,"enemies":"Writhing Mass","floor":48,"turns":11},{"damage":39,"enemies":"Time Eater","floor":50,"turns":14},{"damage":136,"enemies":"Shield and Spear","floor":54,"turns":7},{"damage":23,"enemies":"The Heart","floor":55,"turns":2}],"seed_played":"4746504939370855291","potions_obtained":[{"floor":2,"key":"BlessingOfTheForge"},{"floor":11,"key":"FearPotion"},{"floor":16,"key":"DistilledChaos"},{"floor":20,"key":"PowerPotion"},{"floor":27,"key":"PowerPotion"},{"floor":28,"key":"SmokeBomb"},{"floor":38,"key":"Fire Potion"},{"floor":41,"key":"PowerPotion"},{"floor":42,"key":"FairyPotion"},{"floor":54,"key":"AttackPotion"}],"is_trial":false,"path_per_floor":["M","M","$","?","?","E","R","?","T","R","E","R","?","E","R","B",null,"M","M","M","$","?","R","E","R","T","M","M","T","E","M","R","B",null,"M","M","$","M","?","R","M","M","T","R","?","M","R","M","R","B",null,"R","$","E","B"],"character_chosen":"DEFECT","items_purchased":["Redo","Self Repair+1","Conserve Battery","expansioncontent:Chronoboost+1","Recycle","Cold Snap+1","Defragment+1","Self Repair+1","The Bomb"],"campfire_rested":4,"item_purchase_floors":[3,21,21,37,37,37,53,53,53],"current_hp_per_floor":[75,75,75,75,63,25,47,47,47,47,15,37,37,23,45,15,75,75,75,72,72,72,72,59,59,59,49,71,71,64,80,80,81,81,82,54,54,42,42,67,59,65,65,65,65,87,87,88,88,89,89,89,89,19,0,0],"gold":46,"neow_bonus":"REMOVE_CARD","is_prod":false,"is_daily":false,"chose_seed":false,"campfire_upgraded":7,"win_rate":0,"timestamp":1607547064,"path_taken":["M","M","$","?","?","E","R","?","T","R","E","R","?","E","R","BOSS","M","?","?","$","?","R","E","R","T","?","M","?","E","M","R","BOSS","M","M","$","M","?","R","M","M","T","R","?","M","R","?","R","BOSS","R","$","E","BOSS"],"build_version":"2020-11-30","purchased_purges":2,"victory":false,"max_hp_per_floor":[75,75,75,75,75,75,75,75,75,75,75,75,75,75,75,75,75,75,75,75,75,75,75,76,76,76,77,78,78,79,80,80,81,81,82,83,83,84,84,84,85,86,86,86,86,87,87,88,88,89,89,89,89,90,90,90],"card_choices":[{"not_picked":["Stack","Streamline"],"picked":"Heatsinks","floor":1},{"not_picked":["Double Energy","Genetic Algorithm"],"picked":"Tempest","floor":2},{"not_picked":["Steam","Go for the Eyes"],"picked":"Leap","floor":6},{"not_picked":["Fission","Sunder"],"picked":"Melter","floor":11},{"not_picked":["Compile Driver","Beam Cell"],"picked":"Conserve Battery","floor":14},{"not_picked":["Echo Form+1","Amplify"],"picked":"Creative AI+1","floor":16},{"not_picked":["Leap","Undo+1"],"picked":"Ball Lightning","floor":18},{"not_picked":["Turbo+1","Sweeping Beam","Barrage+1"],"picked":"SKIP","floor":19},{"not_picked":["Stack+1","Streamline"],"picked":"Static Discharge+1","floor":20},{"not_picked":["Leap","Cold Snap+1"],"picked":"Coolheaded+1","floor":24},{"not_picked":["Sweeping Beam+1","Steam Power","Gash+1"],"picked":"SKIP","floor":27},{"not_picked":["Rip and Tear","Loop+1"],"picked":"Capacitor+1","floor":28},{"not_picked":["White Noise+1","Hologram"],"picked":"Consume","floor":30},{"not_picked":["Sweeping Beam+1","Auto Shields","Gash+1"],"picked":"SKIP","floor":31},{"not_picked":["All For One+1","Seek"],"picked":"Biased Cognition+1","floor":33},{"not_picked":["Heatsinks+1","Compile Driver+1"],"picked":"Blizzard+1","floor":35},{"not_picked":["Cold Snap+1","Stack"],"picked":"Coolheaded","floor":36},{"not_picked":["Static Discharge+1","Redo+1"],"picked":"Conserve Battery","floor":38},{"not_picked":["expansioncontent:QuickStudy","expansioncontent:DarkVoid+1"],"picked":"Madness","floor":39},{"not_picked":["Redo+1","Genetic Algorithm+1","Hologram+1"],"picked":"SKIP","floor":41},{"not_picked":["Lockon+1","Conserve Battery"],"picked":"Coolheaded+1","floor":42},{"not_picked":["Beam Cell+1","Compile Driver+1","Steam"],"picked":"SKIP","floor":46},{"not_picked":["Melter+1","Storm+1","Compile Driver+1"],"picked":"SKIP","floor":48},{"not_picked":["Melter+1","Redo","Barrage+1"],"picked":"SKIP","floor":54}],"player_experience":814268,"relics_obtained":[{"floor":6,"key":"Frozen Egg 2"},{"floor":9,"key":"Oddly Smooth Stone"},{"floor":11,"key":"Bird Faced Urn"},{"floor":14,"key":"Bag of Marbles"},{"floor":24,"key":"Whetstone"},{"floor":29,"key":"Molten Egg 2"},{"floor":30,"key":"Unceasing Top"},{"floor":43,"key":"The Courier"},{"floor":54,"key":"Vajra"}],"event_choices":[{"damage_healed":0,"gold_gain":0,"player_choice":"Ignored","damage_taken":0,"max_hp_gain":0,"max_hp_loss":0,"event_name":"Liars Game","floor":4,"gold_loss":0},{"damage_healed":0,"gold_gain":0,"player_choice":"Success","damage_taken":12,"relics_obtained":["Shuriken"],"max_hp_gain":0,"max_hp_loss":0,"event_name":"Scrap Ooze","floor":5,"gold_loss":0},{"damage_healed":0,"gold_gain":0,"player_choice":"Left Gold","damage_taken":0,"max_hp_gain":0,"max_hp_loss":0,"event_name":"World of Goop","floor":8,"gold_loss":41},{"damage_healed":0,"gold_gain":0,"player_choice":"2 cards matched","damage_taken":0,"max_hp_gain":0,"max_hp_loss":0,"event_name":"Match and Keep!","floor":13,"gold_loss":0,"cards_obtained":["Buffer","Zap"]},{"damage_healed":0,"gold_gain":0,"player_choice":"Trade","damage_taken":0,"relics_obtained":["FaceOfCleric"],"max_hp_gain":0,"max_hp_loss":0,"event_name":"FaceTrader","floor":22,"gold_loss":0},{"damage_healed":0,"gold_gain":0,"player_choice":"Memory 1","damage_taken":0,"max_hp_gain":0,"max_hp_loss":0,"event_name":"SensoryStone","floor":39,"gold_loss":0},{"damage_healed":0,"gold_gain":100,"player_choice":"Pray","damage_taken":0,"max_hp_gain":0,"max_hp_loss":0,"event_name":"Golden Shrine","floor":45,"gold_loss":0}],"is_beta":false,"boss_relics":[{"not_picked":["Cursed Key","Coffee Dripper"],"picked":"FrozenCore"},{"not_picked":["Black Star","Philosopher\u0027s Stone"],"picked":"Astrolabe"}],"items_purged_floors":[21,37],"is_endless":false,"potions_floor_spawned":[2,11,16,20,27,28,38,41,42,54],"killed_by":"The Heart","ascension_level":1}}