{"host":"v0byp44r5syn346h","time":1607541786,"event":{"gold_per_floor":[110,110,124,137,212,242,323,323,323],"floor_reached":8,"playtime":4594,"items_purged":[],"score":73,"play_id":"7142bbf6-7046-4814-ac39-6c91331e12a2","local_time":"20201209202306","is_ascension_mode":true,"campfire_choices":[],"neow_cost":"NONE","seed_source_timestamp":761430152854700,"circlet_count":0,"master_deck":["Strike_P","Strike_P","Strike_P+1","Defend_P+1","Defend_P","Defend_P+1","Defend_P","Eruption","Vigilance+1","FlurryOfBlows+1","LessonLearned","Swivel","DevaForm"],"special_seed":0,"relics":["PureWater","NeowsBlessing","Simple Rune","Blood Vial"],"potions_floor_usage":[],"damage_taken":[{"damage":0,"enemies":"2 Louse","floor":1,"turns":1},{"damage":0,"enemies":"Cultist","floor":3,"turns":1},{"damage":0,"enemies":"Jaw Worm","floor":4,"turns":3},{"damage":12,"enemies":"Gremlin Nob","floor":6,"turns":3},{"damage":26,"enemies":"Lagavulin","floor":8,"turns":11}],"seed_played":"1328892938492029172","potions_obtained":[{"floor":3,"key":"blueLaboratory:Moonshine"},{"floor":6,"key":"SteroidPotion"},{"floor":7,"key":"StancePotion"}],"is_trial":false,"path_per_floor":["M","?","M","M","?","E","?","E"],"character_chosen":"WATCHER","items_purchased":[],"campfire_rested":0,"item_purchase_floors":[],"current_hp_per_floor":[65,65,65,65,54,42,24,0,0],"gold":323,"neow_bonus":"THREE_ENEMY_KILL","is_prod":false,"is_daily":false,"chose_seed":false,"campfire_upgraded":0,"win_rate":0,"timestamp":1607541786,"path_taken":["M","?","M","?","?","E","?","E"],"build_version":"2020-11-30","purchased_purges":0,"victory":false,"max_hp_per_floor":[72,72,72,72,72,72,72,72,72],"relic_stats":{"Blood Vial":2,"counters":[5,19],"obtain_stats":[{"Blood Vial":7,"NeowsBlessing":0,"Simple Rune":6,"PureWater":0},{"Blood Vial":4,"NeowsBlessing":0,"Simple Rune":4,"PureWater":0},{"Blood Vial":8,"NeowsBlessing":0,"Simple Rune":8,"PureWater":0}]},"card_choices":[{"not_picked":["Replay:Cycle","Replay:ManipulateFuture"],"picked":"FlurryOfBlows","floor":1},{"not_picked":["Replay:ManipulateFuture","Protect"],"picked":"Swivel","floor":3},{"not_picked":["Replay:AtTheReady","WheelKick","InnerPeace"],"picked":"SKIP","floor":4},{"not_picked":["Replay:BluntJabs","Study","Fasting2"],"picked":"SKIP","floor":6},{"not_picked":["Prostrate","CutThroughFate"],"picked":"DevaForm","floor":7}],"player_experience":808749,"relics_obtained":[{"floor":6,"key":"Simple Rune"},{"floor":7,"key":"Blood Vial"}],"event_choices":[{"damage_healed":0,"gold_gain":0,"cards_transformed":["Strike_P"],"player_choice":"Transformed","damage_taken":0,"max_hp_gain":0,"max_hp_loss":0,"event_name":"Transmorgrifier","floor":2,"gold_loss":0,"cards_obtained":["LessonLearned"]},{"damage_healed":0,"gold_gain":75,"player_choice":"Gold","damage_taken":11,"max_hp_gain":0,"max_hp_loss":0,"event_name":"betterThird:BetterGoop","floor":5,"gold_loss":0}],"is_beta":false,"boss_relics":[],"items_purged_floors":[],"is_endless":false,"potions_floor_spawned":[3,6],"killed_by":"Lagavulin","ascension_level":6}}