{"host":"igj4vwc42ivwqexo","time":1607555652,"event":{"gold_per_floor":[109,124,124,199,211,211,211,225,225,500,500,514,514,526,526,628,628,644,644,644,644,655,655,686,42,42,60,75,75,75,93,93,192,192,204,215,227,237,253,288,305,305,305,305,305,305],"floor_reached":45,"playtime":6137,"items_purged":["Regret","Strike_B"],"score":509,"play_id":"52be7500-270c-4436-8277-8ee4318fb3fe","local_time":"20201210001412","is_ascension_mode":false,"campfire_choices":[{"data":"Chaos","floor":6,"key":"SMITH"},{"data":"Multi-Cast","floor":11,"key":"SMITH"},{"data":"Zap","floor":13,"key":"SMITH"},{"data":"Multi-Cast","floor":15,"key":"SMITH"},{"data":"infinitespire:Starlight","floor":23,"key":"SMITH"},{"data":"Loop","floor":29,"key":"SMITH"},{"data":"Rainbow","floor":32,"key":"SMITH"},{"data":"Creative AI","floor":42,"key":"SMITH"}],"neow_cost":"NONE","seed_source_timestamp":19994322045100,"circlet_count":0,"master_deck":["Strike_B","Strike_B","Defend_B","Defend_B","Defend_B","Defend_B+1","Zap+1","Dualcast+1","Compile Driver","Cold Snap","Chaos+1","Multi-Cast+1","Cold Snap","Hologram","Multi-Cast+1","Fission+1","Loop+1","infinitespire:Starlight+1","Cold Snap","Stack","Loop+1","Rainbow+1","Secret Technique","Aggregate","Cold Snap+1","Skim","Skim","Biased Cognition","CurseOfTheBell","Compile Driver+1","Tempest","Blizzard","Doom and Gloom+1","Aggregate","Fusion+1","Creative AI+1"],"relics":["Cracked Core","Matryoshka","Philosopher\u0027s Stone","TheAbacus","Ornamental Fan","infinitespire:WardingShard","Du-Vu Doll","HandDrill","Nunchaku","Dream Catcher","Calling Bell","Akabeko","TungstenRod","infinitespire:SolderingIron","infinitespire:Eraser","infinitespire:Beetle Shell"],"potions_floor_usage":[16,16,33,33,45],"damage_taken":[{"damage":1,"enemies":"2 Louse","floor":1,"turns":2},{"damage":1,"enemies":"Jaw Worm","floor":2,"turns":3},{"damage":0,"enemies":"Cultist","floor":5,"turns":2},{"damage":0,"enemies":"Blue Slaver","floor":8,"turns":3},{"damage":16,"enemies":"Exordium Thugs","floor":12,"turns":4},{"damage":5,"enemies":"3 Louse","floor":14,"turns":3},{"damage":30,"enemies":"Slime Boss","floor":16,"turns":9},{"damage":18,"enemies":"Shell Parasite","floor":18,"turns":9},{"damage":4,"enemies":"Chosen","floor":22,"turns":3},{"damage":30,"enemies":"Slavers","floor":24,"turns":5},{"damage":9,"enemies":"Centurion and Healer","floor":27,"turns":14},{"damage":4,"enemies":"Snake Plant","floor":28,"turns":3},{"damage":0,"enemies":"Snecko","floor":31,"turns":5},{"damage":27,"enemies":"Automaton","floor":33,"turns":10},{"damage":0,"enemies":"Orb Walker","floor":35,"turns":2},{"damage":0,"enemies":"3 Shapes","floor":36,"turns":4},{"damage":12,"enemies":"3 Darklings","floor":37,"turns":7},{"damage":33,"enemies":"Transient","floor":38,"turns":5},{"damage":0,"enemies":"Maw","floor":39,"turns":4},{"damage":39,"enemies":"Nemesis","floor":40,"turns":5},{"damage":15,"enemies":"3 Darklings","floor":41,"turns":7},{"damage":53,"enemies":"Time Eater","floor":45,"turns":4}],"seed_played":"3721048003004095912","potions_obtained":[{"floor":5,"key":"BlessingOfTheForge"},{"floor":8,"key":"EssenceOfDarkness"},{"floor":16,"key":"Block Potion"},{"floor":22,"key":"DuplicationPotion"},{"floor":31,"key":"GamblersBrew"},{"floor":37,"key":"LiquidBronze"},{"floor":39,"key":"SmokeBomb"}],"is_trial":false,"path_per_floor":["M","M","?","?","M","R","?","M","T","?","R","M","R","M","R","B",null,"M","AVR","T","?","M","R","E","$","T","M","M","R","?","M","R","B",null,"M","M","M","M","M","E","M","R","T","?","B"],"character_chosen":"DEFECT","items_purchased":["HandDrill","Loop","Rainbow","Secret Technique","Aggregate"],"campfire_rested":0,"item_purchase_floors":[25,25,25,25,25],"current_hp_per_floor":[81,80,64,53,53,53,53,53,53,53,53,37,37,32,32,2,82,64,64,64,64,70,70,55,55,55,61,72,72,56,71,71,59,87,87,87,75,54,69,45,45,45,45,45,0,0],"gold":305,"neow_bonus":"TEN_PERCENT_HP_BONUS","is_prod":false,"is_daily":false,"chose_seed":false,"campfire_upgraded":8,"win_rate":0.0,"timestamp":1607555652,"path_taken":["M","M","?","?","M","R","?","M","T","?","R","M","R","M","R","BOSS","M","AVR","?","?","M","R","E","$","T","?","M","R","?","M","R","BOSS","M","M","M","M","M","E","M","R","T","?","BOSS"],"build_version":"2020-11-30","purchased_purges":2,"victory":false,"max_hp_per_floor":[82,82,82,82,82,82,82,82,82,82,82,82,82,82,82,82,82,82,82,82,82,82,82,82,82,82,82,82,82,87,87,87,87,87,87,87,87,87,87,87,87,87,87,87,87,87],"card_choices":[{"not_picked":["Leap","Barrage"],"picked":"Compile Driver","floor":1},{"not_picked":["BootSequence","Barrage"],"picked":"Cold Snap","floor":2},{"not_picked":["Streamline","White Noise"],"picked":"Chaos","floor":5},{"not_picked":["Beam Cell","Ball Lightning"],"picked":"Cold Snap","floor":8},{"not_picked":["Sweeping Beam","Barrage"],"picked":"Hologram","floor":12},{"not_picked":["Conserve Battery","Leap"],"picked":"Multi-Cast","floor":14},{"not_picked":["Buffer","Amplify"],"picked":"Fission","floor":16},{"not_picked":["Barrage","Streamline+1"],"picked":"Loop+1","floor":18},{"not_picked":["Redo","Stack"],"picked":"Cold Snap","floor":22},{"not_picked":["Steam","Leap"],"picked":"Stack","floor":24},{"not_picked":["Streamline+1","Heatsinks"],"picked":"Cold Snap+1","floor":27},{"not_picked":["Stack+1","Sweeping Beam"],"picked":"Skim","floor":28},{"not_picked":["Redo","Barrage+1"],"picked":"Skim","floor":31},{"not_picked":["Electrodynamics","Buffer"],"picked":"Biased Cognition","floor":33},{"not_picked":["Ball Lightning","Sweeping Beam+1"],"picked":"Compile Driver+1","floor":35},{"not_picked":["Stack","Redo"],"picked":"Tempest","floor":36},{"not_picked":["Loop","Barrage+1"],"picked":"Blizzard","floor":37},{"not_picked":["Leap","Steam"],"picked":"Doom and Gloom+1","floor":38},{"not_picked":["Self Repair+1","Sweeping Beam+1"],"picked":"Aggregate","floor":39},{"not_picked":["Sweeping Beam+1","Chill+1"],"picked":"Fusion+1","floor":40},{"not_picked":["Storm","Redo"],"picked":"Creative AI","floor":41}],"player_experience":191371,"relics_obtained":[{"floor":9,"key":"Matryoshka"},{"floor":20,"key":"Ornamental Fan"},{"floor":20,"key":"infinitespire:WardingShard"},{"floor":24,"key":"Du-Vu Doll"},{"floor":26,"key":"Nunchaku"},{"floor":26,"key":"Dream Catcher"},{"floor":34,"key":"Akabeko"},{"floor":34,"key":"TungstenRod"},{"floor":34,"key":"infinitespire:SolderingIron"},{"floor":40,"key":"infinitespire:Eraser"},{"floor":43,"key":"infinitespire:Beetle Shell"}],"event_choices":[{"damage_healed":0,"gold_gain":0,"player_choice":"Entered Light","damage_taken":16,"max_hp_gain":0,"max_hp_loss":0,"event_name":"Shining Light","floor":3,"gold_loss":0,"cards_upgraded":["Dualcast","Defend_B"]},{"damage_healed":0,"gold_gain":75,"player_choice":"Gather Gold","damage_taken":11,"max_hp_gain":0,"max_hp_loss":0,"event_name":"World of Goop","floor":4,"gold_loss":0},{"damage_healed":0,"gold_gain":0,"cards_transformed":["Strike_B"],"player_choice":"Change","damage_taken":0,"max_hp_gain":0,"max_hp_loss":0,"event_name":"Living Wall","floor":7,"gold_loss":0,"cards_obtained":["Multi-Cast"]},{"damage_healed":0,"gold_gain":275,"player_choice":"Desecrate","damage_taken":0,"max_hp_gain":0,"max_hp_loss":0,"event_name":"Golden Shrine","floor":10,"gold_loss":0,"cards_obtained":["Regret"]},{"damage_healed":0,"gold_gain":0,"player_choice":"Upgraded","damage_taken":0,"max_hp_gain":0,"max_hp_loss":0,"event_name":"Upgrade Shrine","floor":21,"gold_loss":0,"cards_upgraded":["Fission"]},{"damage_healed":0,"gold_gain":0,"player_choice":"Shed Blood","damage_taken":21,"max_hp_gain":5,"max_hp_loss":0,"event_name":"Forgotten Altar","floor":30,"gold_loss":0},{"damage_healed":0,"gold_gain":0,"player_choice":"Took Portal","damage_taken":0,"max_hp_gain":0,"max_hp_loss":0,"event_name":"SecretPortal","floor":44,"gold_loss":0}],"is_beta":false,"boss_relics":[{"not_picked":["Busted Crown","Ectoplasm"],"picked":"Philosopher\u0027s Stone"},{"not_picked":["Runic Dome","Empty Cage"],"picked":"Calling Bell"}],"items_purged_floors":[19,25],"is_endless":false,"potions_floor_spawned":[5,8,16,22,31,37,39],"killed_by":"Time Eater","ascension_level":0}}