{"host":"i344ixtilokuekwt","time":1607477683,"event":{"gold_per_floor":[15,15,25,41,41,68,79,79,130,157,107,120,153,170,170,249,249,269,47,47,74,24,24,59,78,78,78,3,22,34,68,68,68,68],"floor_reached":33,"playtime":1496,"items_purged":["Strike_P","Strike_P+1","SignatureMove"],"score":760,"play_id":"b88980ce-a00f-461c-bceb-6ec510e3cd35","local_time":"20201208203443","is_ascension_mode":true,"campfire_choices":[{"data":"BattleHymn","floor":8,"key":"SMITH"},{"data":"WindmillStrike","floor":15,"key":"SMITH"},{"data":"Conclude","floor":23,"key":"SMITH"},{"data":"ReachHeaven","floor":27,"key":"SMITH"},{"floor":32,"key":"REST"}],"neow_cost":"NO_GOLD","seed_source_timestamp":60297592314100,"circlet_count":0,"master_deck":["AscendersBane","Defend_P+1","Defend_P+1","Defend_P+1","Eruption+1","Vigilance+1","LessonLearned+1","Wallop+1","BattleHymn+1","FollowUp+1","Protect+1","ReachHeaven+1","Crescendo+1","WindmillStrike+1","CutThroughFate","Conclude+1","Evaluate+1","Judgement"],"relics":["PureWater","Hammer of Thor","Seething Fire","Anvil of the Gods","Kunai","Ancient Tea Set","Smiling Mask","Blood Vial","Cursed Key","Medical Kit","Red Mask","Bag of Marbles","Happy Flower"],"potions_floor_usage":[21,31,31,33],"damage_taken":[{"damage":4,"enemies":"Small Slimes","floor":1,"turns":4},{"damage":1,"enemies":"2 Louse","floor":3,"turns":2},{"damage":0,"enemies":"Cultist","floor":4,"turns":2},{"damage":0,"enemies":"Gremlin Nob","floor":6,"turns":3},{"damage":1,"enemies":"Looter","floor":7,"turns":4},{"damage":11,"enemies":"3 Sentries","floor":10,"turns":5},{"damage":2,"enemies":"3 Louse","floor":12,"turns":3},{"damage":0,"enemies":"Gremlin Nob","floor":13,"turns":3},{"damage":3,"enemies":"Blue Slaver","floor":14,"turns":4},{"damage":30,"enemies":"The Guardian","floor":16,"turns":8},{"damage":0,"enemies":"Spheric Guardian","floor":18,"turns":2},{"damage":13,"enemies":"Masked Bandits","floor":21,"turns":3},{"damage":0,"enemies":"Gremlin Leader","floor":24,"turns":5},{"damage":0,"enemies":"2 Thieves","floor":25,"turns":3},{"damage":30,"enemies":"Snake Plant","floor":29,"turns":5},{"damage":0,"enemies":"Sentry and Sphere","floor":30,"turns":2},{"damage":30,"enemies":"Book of Stabbing","floor":31,"turns":4},{"damage":41,"enemies":"Collector","floor":33,"turns":8}],"seed_played":"-8486473501376060611","potions_obtained":[{"floor":3,"key":"DuplicationPotion"},{"floor":7,"key":"BlessingOfTheForge"},{"floor":12,"key":"Swift Potion"},{"floor":21,"key":"LiquidBronze"},{"floor":29,"key":"Strength Potion"},{"floor":30,"key":"Regen Potion"},{"floor":31,"key":"Dexterity Potion"}],"is_trial":false,"path_per_floor":["M","?","M","M","?","E","M","R","T","E","$","M","E","M","R","B",null,"M","$","?","?","$","R","E","M","T","R","?","M","M","E","R","B"],"character_chosen":"WATCHER","items_purchased":["Medical Kit"],"campfire_rested":1,"item_purchase_floors":[19],"current_hp_per_floor":[57,57,56,56,56,56,55,55,55,44,44,42,42,41,41,13,54,56,56,56,45,45,45,47,49,49,49,49,21,23,7,27,0,0],"gold":68,"neow_bonus":"THREE_RARE_CARDS","is_prod":false,"is_daily":false,"chose_seed":false,"campfire_upgraded":4,"win_rate":0,"timestamp":1607477683,"path_taken":["M","?","M","M","?","E","M","R","T","E","$","M","E","?","R","BOSS","M","$","?","?","$","R","E","M","T","R","?","M","M","E","R","BOSS"],"build_version":"2020-11-30","purchased_purges":3,"victory":false,"max_hp_per_floor":[68,68,68,68,68,68,68,68,68,68,68,68,68,68,68,68,68,68,68,68,68,68,68,68,68,68,68,68,68,68,68,68,68,68],"relic_stats":{"Blood Vial":20,"Happy Flower":[2],"counters":[18,70],"Kunai":[20],"Smiling Mask":150,"Cursed Key":0,"Medical Kit":[0],"obtain_stats":[{"Happy Flower":31,"Hammer of Thor":0,"Seething Fire":0,"Ancient Tea Set":9,"Smiling Mask":10,"Cursed Key":17,"Medical Kit":19,"Blood Vial":13,"Anvil of the Gods":0,"Red Mask":21,"Bag of Marbles":24,"Kunai":6,"PureWater":0},{"Happy Flower":17,"Hammer of Thor":0,"Seething Fire":0,"Ancient Tea Set":5,"Smiling Mask":6,"Cursed Key":10,"Medical Kit":11,"Blood Vial":8,"Anvil of the Gods":0,"Red Mask":12,"Bag of Marbles":13,"Kunai":4,"PureWater":0},{"Happy Flower":62,"Hammer of Thor":0,"Seething Fire":0,"Ancient Tea Set":15,"Smiling Mask":20,"Cursed Key":38,"Medical Kit":40,"Blood Vial":26,"Anvil of the Gods":0,"Red Mask":43,"Bag of Marbles":48,"Kunai":11,"PureWater":0}]},"card_choices":[{"not_picked":["Establishment","Blasphemy"],"picked":"LessonLearned","floor":0},{"not_picked":["FlyingSleeves","ClearTheMind"],"picked":"Consecrate","floor":1},{"not_picked":["Halt","JustLucky","ClearTheMind"],"picked":"SKIP","floor":3},{"not_picked":["FollowUp","FlyingSleeves"],"picked":"Wallop","floor":4},{"not_picked":["ClearTheMind","Adaptation"],"picked":"FollowUp","floor":6},{"not_picked":["Consecrate","PathToVictory"],"picked":"Protect","floor":7},{"not_picked":["SignatureMove","Alpha","Adaptation"],"picked":"SKIP","floor":10},{"not_picked":["BowlingBash","JustLucky"],"picked":"ReachHeaven","floor":12},{"not_picked":["PathToVictory","Consecrate"],"picked":"Crescendo","floor":13},{"not_picked":["ClearTheMind","JustLucky"],"picked":"WindmillStrike","floor":14},{"not_picked":["JustLucky","FollowUp","PathToVictory"],"picked":"SKIP","floor":18},{"not_picked":["Protect","Weave"],"picked":"Conclude","floor":21},{"not_picked":["Halt","Worship","FollowUp"],"picked":"SKIP","floor":24},{"not_picked":["Prostrate","ReachHeaven","EmptyFist"],"picked":"SKIP","floor":25},{"not_picked":["FlurryOfBlows","JustLucky"],"picked":"Evaluate","floor":29},{"not_picked":["Crescendo+1","Prostrate","Halt"],"picked":"SKIP","floor":30},{"not_picked":["Sanctity","EmptyFist+1"],"picked":"Judgement","floor":31}],"player_experience":640982,"relics_obtained":[{"floor":6,"key":"Kunai"},{"floor":9,"key":"Ancient Tea Set"},{"floor":10,"key":"Smiling Mask"},{"floor":13,"key":"Blood Vial"},{"floor":21,"key":"Red Mask"},{"floor":24,"key":"Bag of Marbles"},{"floor":31,"key":"Happy Flower"}],"event_choices":[{"damage_healed":0,"gold_gain":0,"player_choice":"Grow","damage_taken":0,"max_hp_gain":0,"max_hp_loss":0,"event_name":"Living Wall","floor":2,"gold_loss":0,"cards_upgraded":["LessonLearned"]},{"damage_healed":0,"gold_gain":0,"cards_transformed":["Strike_P"],"player_choice":"Transformed","damage_taken":0,"max_hp_gain":0,"max_hp_loss":0,"event_name":"Transmorgrifier","floor":5,"gold_loss":0,"cards_obtained":["BattleHymn"]},{"damage_healed":0,"gold_gain":0,"cards_transformed":["Strike_P","Defend_P"],"player_choice":"Became Test Subject","damage_taken":0,"max_hp_gain":0,"max_hp_loss":0,"event_name":"Drug Dealer","floor":20,"gold_loss":0,"cards_obtained":["SignatureMove","CutThroughFate"]},{"damage_healed":0,"gold_gain":0,"player_choice":"Fought Bandits","damage_taken":0,"max_hp_gain":0,"max_hp_loss":0,"event_name":"Masked Bandits","floor":21,"gold_loss":0},{"cards_removed":["Consecrate"],"damage_healed":0,"gold_gain":0,"player_choice":"Gave Gold","damage_taken":0,"max_hp_gain":0,"max_hp_loss":0,"event_name":"Beggar","floor":28,"gold_loss":75}],"is_beta":false,"boss_relics":[{"not_picked":["Pandora\u0027s Box","Calling Bell"],"picked":"Cursed Key"}],"items_purged_floors":[11,19,22],"is_endless":false,"potions_floor_spawned":[3,7,12,14,16,21,29,30,31],"killed_by":"Collector","ascension_level":20}}