{"host":"zxkjcgzis4pm3za5","time":1607524829,"event":{"gold_per_floor":[214,234,234,254,172,172,200,214,214,49,49,67,92,107,107,107,107],"floor_reached":16,"playtime":350,"items_purged":[],"score":157,"play_id":"4b710e86-dc35-4245-9ee5-c545081f23fa","local_time":"20201209201029","is_ascension_mode":true,"campfire_choices":[{"data":"Cloak And Dagger","floor":6.0,"key":"SMITH"},{"floor":11.0,"key":"REST"},{"data":"Dagger Spray","floor":15,"key":"SMITH"}],"neow_cost":"NONE","seed_source_timestamp":1464478115500,"circlet_count":0,"master_deck":["Strike_G","Strike_G","Strike_G","Strike_G","Strike_G","Defend_G","Defend_G","Defend_G","Defend_G","Defend_G","Survivor","Neutralize","Cloak And Dagger+1","Dagger Spray+1","Endless Agony","Malaise","Die Die Die","Blade Dance","Flash of Steel","Backstab","Dodge and Roll","A Thousand Cuts","Dash"],"special_seed":0,"relics":["Ring of the Snake","InkBottle","Calipers","Blood Vial","Dead Branch"],"potions_floor_usage":[],"damage_taken":[{"damage":2.0,"enemies":"Cultist","floor":1.0,"turns":4.0},{"damage":7.0,"enemies":"Small Slimes","floor":2.0,"turns":5.0},{"damage":0.0,"enemies":"2 Louse","floor":4.0,"turns":3.0},{"damage":29.0,"enemies":"Lagavulin","floor":7.0,"turns":7.0},{"damage":6.0,"enemies":"Exordium Wildlife","floor":8.0,"turns":4.0},{"damage":3.0,"enemies":"Large Slime","floor":12.0,"turns":5.0},{"damage":10,"enemies":"3 Sentries","floor":13,"turns":3},{"damage":1,"enemies":"2 Fungi Beasts","floor":14,"turns":2},{"damage":0,"enemies":"The Guardian","floor":16,"turns":1}],"seed_played":"-86824492192545764","potions_obtained":[{"floor":4.0,"key":"Explosive Potion"},{"floor":13,"key":"Swift Potion"}],"is_trial":false,"path_per_floor":["M","M","?","M","$","R","E","M","T","$","R","M","E","M","R","B"],"character_chosen":"THE_SILENT","items_purchased":["Malaise","Flash of Steel","Backstab"],"campfire_rested":1,"item_purchase_floors":[5,10,10],"current_hp_per_floor":[61,54,51,51,51,51,22,16,16,16,37,36,28,29,29,31,31],"gold":107,"neow_bonus":"HUNDRED_GOLD","is_prod":false,"is_daily":false,"chose_seed":false,"campfire_upgraded":2,"win_rate":0,"timestamp":1607524829,"path_taken":["M","?","?","M","$","R","E","M","T","$","R","?","E","?","R","BOSS"],"build_version":"2020-11-30","purchased_purges":0,"victory":false,"max_hp_per_floor":[70,70,70,70,70,70,70,70,70,70,70,70,70,70,70,70,70],"card_choices":[{"not_picked":["Outmaneuver","Flechettes"],"picked":"Cloak And Dagger","floor":1.0},{"not_picked":["Prepared","Escape Plan"],"picked":"Dagger Spray","floor":2.0},{"not_picked":["Distraction","Outmaneuver"],"picked":"Endless Agony","floor":4.0},{"not_picked":["Quick Slash","Reflex"],"picked":"Die Die Die","floor":7.0},{"not_picked":["Deflect","Dodge and Roll"],"picked":"Blade Dance","floor":8.0},{"not_picked":["Backflip","Outmaneuver"],"picked":"Dodge and Roll","floor":12.0},{"not_picked":["Bouncing Flask","Endless Agony"],"picked":"A Thousand Cuts","floor":13},{"not_picked":["Poisoned Stab","Dagger Spray"],"picked":"Dash","floor":14}],"player_experience":114160,"relics_obtained":[{"floor":7.0,"key":"Calipers"},{"floor":9.0,"key":"Blood Vial"},{"floor":13,"key":"Dead Branch"}],"event_choices":[{"damage_healed":0.0,"max_hp_gain":0.0,"max_hp_loss":0.0,"gold_gain":0.0,"event_name":"Scrap Ooze","player_choice":"Success","floor":3.0,"gold_loss":0.0,"damage_taken":3.0,"relics_obtained":["InkBottle"]}],"is_beta":false,"boss_relics":[],"items_purged_floors":[],"is_endless":false,"potions_floor_spawned":[4,13],"killed_by":"The Guardian","ascension_level":8}}