{"host":"z9x5nldzhmx4jdfi","time":1607482658,"event":{"gold_per_floor":[125,145,145,195,213,263,263,263,263,263,287,287,287],"floor_reached":12,"playtime":529,"items_purged":[],"score":156,"play_id":"1179fc59-a2fa-4af8-93ba-f7e0626dcf6e","local_time":"20201208205738","is_ascension_mode":true,"campfire_choices":[{"data":"animator:Caster","floor":7.0,"key":"SMITH"},{"data":"animator:Alexander","floor":10.0,"key":"SMITH"}],"neow_cost":"NONE","seed_source_timestamp":1056515414137300,"circlet_count":0,"master_deck":["AscendersBane","animator:Strike_Fate","animator:Defend_Fate","animator:Strike","animator:Strike","animator:Strike","animator:Defend","animator:Defend","animator:Defend","animator:Alexander+1","animator:Rider","animator:Caster+1","animator:Archer","animator:Lancer","animator:KrulTepes"],"special_seed":0,"relics":["animator:LivingPicture","animator:TheMissingPiece","NeowsBlessing","Golden Idol","Gambling Chip","Blood Vial"],"potions_floor_usage":[12,12],"damage_taken":[{"damage":0.0,"enemies":"Cultist","floor":1.0,"turns":1.0},{"damage":0.0,"enemies":"2 Louse","floor":2.0,"turns":1.0},{"damage":0.0,"enemies":"Small Slimes","floor":5.0,"turns":1.0},{"damage":23.0,"enemies":"Lagavulin","floor":6.0,"turns":8.0},{"damage":22.0,"enemies":"Gremlin Gang","floor":11.0,"turns":4.0},{"damage":14,"enemies":"3 Sentries","floor":12,"turns":8}],"seed_played":"4989782630298718465","potions_obtained":[{"floor":2.0,"key":"SpeedPotion"},{"floor":5.0,"key":"Weak Potion"},{"floor":11.0,"key":"Explosive Potion"}],"is_trial":false,"path_per_floor":["M","M","?","?","M","E","R","?","T","R","M","E"],"character_chosen":"THE_ANIMATOR","items_purchased":[],"campfire_rested":0,"item_purchase_floors":[],"current_hp_per_floor":[54,55,34,34,34,11,11,31,31,31,11,0,0],"gold":287,"neow_bonus":"THREE_ENEMY_KILL","is_prod":false,"is_daily":false,"chose_seed":false,"campfire_upgraded":2,"win_rate":0,"timestamp":1607482658,"path_taken":["M","?","?","?","?","E","R","?","T","R","M","E"],"build_version":"2020-11-30","purchased_purges":0,"victory":false,"max_hp_per_floor":[60,61,61,61,61,61,61,61,61,61,61,61,61],"card_choices":[{"not_picked":["animator:SilverFang","animator:DwarfShaman"],"picked":"animator:Caster","floor":1.0},{"not_picked":["animator:Tatsumaki","animator:Viivi"],"picked":"animator:Archer","floor":2.0},{"not_picked":["animator:LizardPriest","animator:Shigure","animator:Sebas"],"picked":"SKIP","floor":5.0},{"not_picked":["animator:Rider","animator:Illya"],"picked":"animator:Lancer","floor":6.0},{"not_picked":["animator:PandorasActor","animator:HighElfArcher"],"picked":"animator:KrulTepes","floor":11.0}],"player_experience":1461897,"relics_obtained":[{"floor":6.0,"key":"Gambling Chip"},{"floor":9.0,"key":"Blood Vial"}],"event_choices":[{"damage_healed":0.0,"max_hp_gain":0.0,"max_hp_loss":0.0,"gold_gain":0.0,"event_name":"Golden Idol","player_choice":"Take Damage","floor":3.0,"gold_loss":0.0,"damage_taken":21.0,"relics_obtained":["Golden Idol"]},{"damage_healed":0.0,"max_hp_gain":0.0,"max_hp_loss":0.0,"gold_gain":50.0,"event_name":"Golden Shrine","player_choice":"Pray","floor":4.0,"gold_loss":0.0,"damage_taken":0.0},{"damage_healed":20.0,"max_hp_gain":0.0,"max_hp_loss":0.0,"gold_gain":0.0,"event_name":"Big Fish","player_choice":"Banana","floor":8.0,"gold_loss":0.0,"damage_taken":0.0}],"is_beta":false,"boss_relics":[],"items_purged_floors":[],"is_endless":false,"potions_floor_spawned":[2,5,11],"killed_by":"3 Sentries","ascension_level":20}}