{"host":"f5n4tidiz2n5sooh","time":1607540922,"event":{"gold_per_floor":[116,135,155,15,15,15,41,53,53,53,18,18,18,18,18,95,95,110,0,17,17,29,29,29,29,29,29,47,61,61,76,76,76,76],"floor_reached":33,"playtime":1012,"items_purged":[],"score":540,"play_id":"681eda2f-1737-4dde-8bdc-df34301758b4","local_time":"20201209130842","is_ascension_mode":true,"campfire_choices":[{"data":"FlyingSleeves","floor":6.0,"key":"SMITH"},{"data":"Wallop","floor":10,"key":"SMITH"},{"data":"Wallop","floor":12,"key":"SMITH"},{"data":"Halt","floor":15,"key":"SMITH"},{"data":"RitualDagger","floor":23,"key":"SMITH"},{"data":"Ragnarok","floor":25,"key":"SMITH"},{"data":"Eruption","floor":30,"key":"SMITH"},{"floor":32,"key":"REST"}],"neow_cost":"NONE","seed_source_timestamp":2422239355200,"circlet_count":0,"master_deck":["AscendersBane","Defend_P+1","Defend_P+1","Defend_P+1","Eruption+1","Vigilance","Wallop+1","FlyingSleeves+1","Wallop+1","Halt+1","Conclude+1","Ragnarok+1","FlurryOfBlows+1","Crescendo+1","Meditate+1","RitualDagger+1","Vault"],"special_seed":0,"relics":["Philosopher\u0027s Stone","Omamori","Singing Bowl","Astrolabe","Gremlin Horn"],"potions_floor_usage":[7,16,20,28],"damage_taken":[{"damage":0.0,"enemies":"2 Louse","floor":1.0,"turns":2.0},{"damage":14.0,"enemies":"Small Slimes","floor":2.0,"turns":2.0},{"damage":8.0,"enemies":"Jaw Worm","floor":3.0,"turns":3.0},{"damage":0,"enemies":"3 Sentries","floor":7,"turns":4},{"damage":6,"enemies":"Looter","floor":8,"turns":3},{"damage":44,"enemies":"Hexaghost","floor":16,"turns":9},{"damage":48,"enemies":"Chosen","floor":18,"turns":4},{"damage":0,"enemies":"2 Thieves","floor":20,"turns":5},{"damage":0,"enemies":"Snake Plant","floor":22,"turns":2},{"damage":9,"enemies":"Shelled Parasite and Fungi","floor":28,"turns":3},{"damage":0,"enemies":"Sentry and Sphere","floor":29,"turns":3},{"damage":0,"enemies":"Snecko","floor":31,"turns":3},{"damage":47,"enemies":"Automaton","floor":33,"turns":7}],"seed_played":"6247728529110956265","potions_obtained":[{"floor":1.0,"key":"Weak Potion"},{"floor":2.0,"key":"PowerPotion"},{"floor":18,"key":"Regen Potion"},{"floor":22,"key":"AttackPotion"},{"floor":28,"key":"BottledMiracle"}],"is_trial":false,"path_per_floor":["M","M","M","$","?","R","E","M","T","R","?","R","?","$","R","B",null,"M","?","M","?","M","R","?","R","T","?","M","M","R","M","R","B"],"character_chosen":"WATCHER","items_purchased":["Wallop","Halt"],"campfire_rested":1,"item_purchase_floors":[4,4],"current_hp_per_floor":[61,47,39,39,32,32,32,26,26,26,43,43,48,48,48,4,56,10,10,26,20,22,22,22,22,22,22,13,15,15,17,41,0,0],"gold":76,"neow_bonus":"BOSS_RELIC","is_prod":false,"is_daily":false,"chose_seed":false,"campfire_upgraded":7,"win_rate":0,"timestamp":1607540922,"path_taken":["M","M","M","$","?","R","E","M","T","R","?","R","?","?","R","BOSS","M","?","?","?","M","R","?","R","T","?","M","M","R","M","R","BOSS"],"build_version":"2020-11-30","purchased_purges":0,"victory":false,"max_hp_per_floor":[68,68,68,68,68,68,68,68,68,68,68,68,73,73,73,73,73,75,75,77,77,79,79,79,79,79,79,79,81,81,83,83,83,83],"relic_stats":{"Singing Bowl":10,"Gremlin Horn":[4,4],"counters":[13,50],"Astrolabe":["FlurryOfBlows","Crescendo","Meditate"],"obtain_stats":[{"Singing Bowl":9,"Gremlin Horn":26,"Astrolabe":17,"Philosopher\u0027s Stone":0,"Omamori":7,"PureWater":0},{"Singing Bowl":5,"Gremlin Horn":9,"Astrolabe":6,"Philosopher\u0027s Stone":0,"Omamori":4,"PureWater":0},{"Singing Bowl":14,"Gremlin Horn":34,"Astrolabe":23,"Philosopher\u0027s Stone":0,"Omamori":11,"PureWater":0}]},"card_choices":[{"not_picked":["Crescendo","ClearTheMind"],"picked":"Wallop","floor":1.0},{"not_picked":["Consecrate","SashWhip"],"picked":"FlyingSleeves","floor":2.0},{"not_picked":["Worship","FlyingSleeves","WindmillStrike"],"picked":"SKIP","floor":3.0},{"not_picked":["InnerPeace","Study","DeceiveReality"],"picked":"SKIP","floor":7},{"not_picked":["Evaluate","BattleHymn"],"picked":"Conclude","floor":8},{"not_picked":["Judgement","ConjureBlade"],"picked":"Ragnarok","floor":16},{"not_picked":["CrushJoints","WheelKick","BattleHymn"],"picked":"Singing Bowl","floor":18},{"not_picked":["SashWhip","FlurryOfBlows","ForeignInfluence"],"picked":"Singing Bowl","floor":20},{"not_picked":["PathToVictory","EmptyBody+1","CutThroughFate"],"picked":"Singing Bowl","floor":22},{"not_picked":["Prostrate","CutThroughFate"],"picked":"Vault","floor":28},{"not_picked":["ClearTheMind","Consecrate","Protect"],"picked":"Singing Bowl","floor":29},{"not_picked":["FollowUp","EmptyFist","ClearTheMind+1"],"picked":"Singing Bowl","floor":31}],"player_experience":1863796,"relics_obtained":[{"floor":7,"key":"Omamori"},{"floor":9,"key":"Singing Bowl"},{"floor":26,"key":"Gremlin Horn"}],"event_choices":[{"cards_removed":["Strike_P"],"damage_healed":0.0,"max_hp_gain":0.0,"max_hp_loss":0.0,"gold_gain":0.0,"event_name":"Golden Wing","player_choice":"Card Removal","floor":5.0,"gold_loss":0.0,"damage_taken":7.0},{"damage_healed":17,"gold_gain":0,"player_choice":"Healed","damage_taken":0,"max_hp_gain":0,"max_hp_loss":0,"event_name":"The Cleric","floor":11,"gold_loss":35},{"damage_healed":0,"gold_gain":0,"player_choice":"Donut","damage_taken":0,"max_hp_gain":5,"max_hp_loss":0,"event_name":"Big Fish","floor":13,"gold_loss":0},{"cards_removed":["Defend_P"],"damage_healed":0,"gold_gain":0,"player_choice":"Upgrade and Remove","damage_taken":0,"max_hp_gain":0,"max_hp_loss":0,"event_name":"Designer","floor":19,"gold_loss":110,"cards_upgraded":["Conclude"]},{"damage_healed":0,"gold_gain":0,"player_choice":"Joined the Cult","damage_taken":6,"max_hp_gain":0,"max_hp_loss":0,"event_name":"Nest","floor":21,"gold_loss":0,"cards_obtained":["RitualDagger"]},{"damage_healed":0,"gold_gain":0,"player_choice":"Ignored","damage_taken":0,"max_hp_gain":0,"max_hp_loss":0,"event_name":"Vampires","floor":24,"gold_loss":0},{"damage_healed":0,"gold_gain":0,"player_choice":"Simplicity","damage_taken":0,"max_hp_gain":0,"max_hp_loss":0,"event_name":"Back to Basics","floor":27,"gold_loss":0,"cards_upgraded":["Defend_P","Defend_P","Defend_P"]}],"is_beta":false,"boss_relics":[{"not_picked":["Runic Dome","Pandora\u0027s Box"],"picked":"Astrolabe"}],"items_purged_floors":[],"is_endless":false,"potions_floor_spawned":[1,2,18,22,28],"killed_by":"Automaton","ascension_level":20}}