{"host":"usn420qyc3tqn20x","time":1607511432,"event":{"gold_per_floor":[115,130,147,158,175,210,210,244,244,256,256,256,273,290,290,392,392,403,416,17,31,31],"floor_reached":21,"playtime":1438,"items_purged":[],"score":297,"play_id":"154eeea8-5bdc-474d-a38e-d26575930929","local_time":"20201209215712","is_ascension_mode":false,"campfire_choices":[{"floor":7,"key":"DIG"},{"floor":15,"key":"REST"}],"neow_cost":"","seed_source_timestamp":282627512483600,"circlet_count":0,"master_deck":["Strike_R","Strike_R","Strike_R","Strike_R","Strike_R","Defend_R","Defend_R","Defend_R","Defend_R","Bash","Inflame","Pummel","Pummel","Shrug It Off","Anger","Armaments","Rupture","Armaments","Body Slam","Heavy Blade+1","Flex","Heavy Blade","Run Through","Limit Break","Cleave+1","Armaments+1"],"relics":["Black Blood","Shovel","Replay:Mystery Machine","Replay:Accelerometer","ReplayTheSpireMod:Spearhead","aspiration:DSix","King of Hearts","hubris:Icosahedron","Omamori","MerchantsRug","Blue Doll"],"potions_floor_usage":[0,8,16,16],"damage_taken":[{"damage":6,"enemies":"Jaw Worm","floor":1,"turns":2},{"damage":1,"enemies":"Cultist","floor":2,"turns":3},{"damage":0,"enemies":"Small Slimes","floor":3,"turns":3},{"damage":2,"enemies":"2 Fungi Beasts","floor":4,"turns":4},{"damage":0,"enemies":"Exordium Wildlife","floor":5,"turns":4},{"damage":21,"enemies":"Lagavulin","floor":6,"turns":7},{"damage":39,"enemies":"3 Sentries","floor":8,"turns":11},{"damage":7,"enemies":"3 Louse","floor":10,"turns":4},{"damage":0,"enemies":"Red Slaver","floor":13,"turns":2},{"damage":0,"enemies":"Large Slime","floor":14,"turns":4},{"damage":16,"enemies":"Slime Boss","floor":16,"turns":4},{"damage":4,"enemies":"Spheric Guardian","floor":18,"turns":3},{"damage":12,"enemies":"Shell Parasite","floor":19,"turns":4},{"damage":42,"enemies":"Snecko","floor":21,"turns":6}],"seed_played":"-4526444971564465346","potions_obtained":[{"floor":5,"key":"SpeedPotion"},{"floor":8,"key":"PowerPotion"},{"floor":13,"key":"SteroidPotion"}],"is_trial":false,"path_per_floor":["M","M","M","M","M","E","R","E","T","M","?","?","M","M","R","B",null,"M","M","$","M"],"character_chosen":"IRONCLAD","items_purchased":["Fruit Juice","Replay:Mystery Machine","Inflame","Adrenaline Potion","Pummel","Omamori","Energy Potion","MerchantsRug","Blue Doll"],"campfire_rested":1,"item_purchase_floors":[0,0,0,0,0,20,20,20,20],"current_hp_per_floor":[53,58,64,68,74,59,59,26,26,25,25,25,31,37,62,52,85,85,85,85,55,55],"gold":31,"neow_bonus":"","is_prod":false,"is_daily":false,"chose_seed":false,"campfire_upgraded":0,"win_rate":0,"timestamp":1607511432,"path_taken":["M","M","M","M","M","E","R","E","T","M","?","?","?","?","R","BOSS","M","M","$","M"],"build_version":"2020-11-30","purchased_purges":0,"victory":false,"max_hp_per_floor":[85,85,85,85,85,85,85,85,85,85,85,85,85,85,85,85,85,85,85,85,85,85],"card_choices":[{"not_picked":["Sword Boomerang","hubris:CleavingFinish"],"picked":"Shrug It Off","floor":1},{"not_picked":["Perfected Strike","Massacre"],"picked":"Anger","floor":2},{"not_picked":["hubris:CleavingFinish","Power Through"],"picked":"Armaments","floor":3},{"not_picked":["Defy Death","Pommel Strike"],"picked":"Rupture","floor":4},{"not_picked":["Thunderclap","Whirlwind"],"picked":"Armaments","floor":5},{"not_picked":["Warcry","Headbutt"],"picked":"Body Slam","floor":6},{"not_picked":["Bludgeon","Shrug It Off"],"picked":"Heavy Blade","floor":8},{"not_picked":["Evolve","Clothesline"],"picked":"Flex","floor":10},{"not_picked":["Cleave","Juggernaut"],"picked":"Heavy Blade","floor":13},{"not_picked":["Wild Strike","Clothesline"],"picked":"Run Through","floor":14},{"not_picked":["Berserk","Brutality"],"picked":"Limit Break","floor":16},{"not_picked":["ReplayTheSpireMod:Strike From Hell","Burning Pact"],"picked":"Cleave+1","floor":18},{"not_picked":["Clash+1","Pommel Strike"],"picked":"Armaments+1","floor":19}],"player_experience":364491,"relics_obtained":[{"floor":6,"key":"Replay:Accelerometer"},{"floor":7,"key":"ReplayTheSpireMod:Spearhead"},{"floor":8,"key":"aspiration:DSix"},{"floor":9,"key":"King of Hearts"}],"event_choices":[{"damage_healed":0,"gold_gain":0,"player_choice":"Grow","damage_taken":0,"max_hp_gain":0,"max_hp_loss":0,"event_name":"Living Wall","floor":12,"gold_loss":0,"cards_upgraded":["Heavy Blade"]}],"is_beta":false,"boss_relics":[{"not_picked":["aspiration:SecretTechniqueScroll","Cursed Key"],"picked":"Black Blood"}],"items_purged_floors":[],"is_endless":false,"potions_floor_spawned":[5,8,13,14],"killed_by":"Snecko","ascension_level":0}}