{"host":"l4zsyynf3knc4g5z","time":1607532426,"event":{"gold_per_floor":[111,121,121,121,140,156,189,65,65,65,65,83,83,258,258,362,362,349,362,302,313,167,192,192,210,260,107,119,119,146,146,146],"floor_reached":31,"playtime":921,"items_purged":["Strike_G","Doubt"],"score":280,"play_id":"b2dbb34d-dcf1-4472-bcb7-2d53713fdf0c","local_time":"20201209084706","is_ascension_mode":false,"campfire_choices":[{"floor":10,"key":"REST"},{"data":"Noxious Fumes","floor":13,"key":"SMITH"},{"data":"Neutralize","floor":15,"key":"SMITH"},{"floor":24,"key":"REST"},{"floor":29,"key":"REST"}],"neow_cost":"NONE","seed_source_timestamp":1576405927248600,"circlet_count":0,"master_deck":["Strike_G","Strike_G","Strike_G","Strike_G","Defend_G","Defend_G","Defend_G","Defend_G","Defend_G+1","Survivor","Neutralize+1","Poisoned Stab","Poisoned Stab","Noxious Fumes+1","Flying Knee","Poisoned Stab","Burst","Deadly Poison+1","Catalyst+1","PiercingWail","Bouncing Flask","Noxious Fumes","Poisoned Stab"],"relics":["Ring of the Snake","NeowsBlessing","hubris:Towel","SuspiciousGoo","TungstenRod","hubris:Backtick","The Specimen","War Paint","Toy Ornithopter","Red Mask"],"potions_floor_usage":[6,16,18,21,21,21,23,23,23,28],"damage_taken":[{"damage":0,"enemies":"Jaw Worm","floor":1,"turns":1},{"damage":0,"enemies":"2 Louse","floor":2,"turns":1},{"damage":0,"enemies":"Small Slimes","floor":5,"turns":1},{"damage":10,"enemies":"Exordium Thugs","floor":6,"turns":4},{"damage":24,"enemies":"Gremlin Nob","floor":7,"turns":4},{"damage":7,"enemies":"Red Slaver","floor":12,"turns":4},{"damage":21,"enemies":"Slime Boss","floor":16,"turns":9},{"damage":19,"enemies":"2 Thieves","floor":18,"turns":5},{"damage":5,"enemies":"Spheric Guardian","floor":19,"turns":4},{"damage":19,"enemies":"Centurion and Healer","floor":21,"turns":5},{"damage":13,"enemies":"Slavers","floor":23,"turns":4},{"damage":15,"enemies":"Cultist and Chosen","floor":25,"turns":5},{"damage":21,"enemies":"Sentry and Sphere","floor":28,"turns":5},{"damage":26,"enemies":"Masked Bandits","floor":30,"turns":4},{"damage":15,"enemies":"Centurion and Healer","floor":31,"turns":2}],"seed_played":"-5226698022921332893","potions_obtained":[{"floor":5,"key":"Fire Potion"},{"floor":12,"key":"SmokeBomb"},{"floor":16,"key":"Flashbang"},{"floor":18,"key":"ColorlessPotion"},{"floor":21,"key":"DistilledChaos"}],"is_trial":false,"path_per_floor":["M","M","?","?","M","M","E","$","T","R","$","M","R","?","R","B",null,"M","M","?","M","$","E","R","M","T","$","M","R","?","M"],"character_chosen":"THE_SILENT","items_purchased":["SkillPotion","PiercingWail","Noxious Fumes","Poisoned Stab","PowerPotion"],"campfire_rested":3,"item_purchase_floors":[8,22,27,27,27],"current_hp_per_floor":[70,70,70,70,70,60,36,36,36,57,57,50,50,50,50,29,70,51,46,46,41,41,28,49,34,34,34,18,39,13,0,0],"gold":146,"neow_bonus":"THREE_ENEMY_KILL","is_prod":false,"is_daily":false,"chose_seed":false,"campfire_upgraded":2,"win_rate":0.0,"timestamp":1607532426,"path_taken":["M","M","?","?","M","M","E","?","T","R","$","M","R","?","R","BOSS","M","M","?","M","$","E","R","M","T","$","M","R","?","?"],"build_version":"2020-11-30","purchased_purges":2,"victory":false,"max_hp_per_floor":[70,70,70,70,70,70,70,70,70,70,70,70,70,70,70,70,70,70,70,70,70,70,70,70,70,70,70,70,70,70,70,70],"card_choices":[{"not_picked":["Pace","Concentrate"],"picked":"Poisoned Stab","floor":1},{"not_picked":["Acrobatics","Slice"],"picked":"Poisoned Stab","floor":2},{"not_picked":["Blade Dance","Outmaneuver","Underhanded Strike"],"picked":"SKIP","floor":5},{"not_picked":["Sucker Punch","Reflex","Cloak And Dagger"],"picked":"SKIP","floor":6},{"not_picked":["Dagger Spray","ReplayTheSpireMod:Exploit Weakness"],"picked":"Flying Knee","floor":7},{"not_picked":["Draining Mist","Outmaneuver"],"picked":"Poisoned Stab","floor":12},{"not_picked":["Atom Bomb","Night Terror"],"picked":"Burst","floor":16},{"not_picked":["Outmaneuver","Hidden Blade"],"picked":"Deadly Poison+1","floor":18},{"not_picked":["Hidden Blade","Die Die Die"],"picked":"Catalyst","floor":19},{"not_picked":["Dagger Spray","Heel Hook+1","Slice"],"picked":"SKIP","floor":21},{"not_picked":["hubris:SlightOfHand","Accuracy"],"picked":"Bouncing Flask","floor":23},{"not_picked":["Leg Sweep","ReplayTheSpireMod:Exploit Weakness","Slice"],"picked":"SKIP","floor":25},{"not_picked":["ReplayTheSpireMod:Tripwire","Sucker Punch","Quick Slash"],"picked":"SKIP","floor":28}],"player_experience":79282,"relics_obtained":[{"floor":7,"key":"SuspiciousGoo"},{"floor":9,"key":"TungstenRod"},{"floor":23,"key":"War Paint"},{"floor":26,"key":"Toy Ornithopter"},{"floor":30,"key":"Red Mask"}],"event_choices":[{"damage_healed":0,"gold_gain":175,"player_choice":"AGREE","damage_taken":0,"max_hp_gain":0,"max_hp_loss":0,"event_name":"Liars Game","floor":14,"gold_loss":0,"cards_obtained":["Doubt"]},{"damage_healed":0,"gold_gain":0,"player_choice":"Fought Bandits","damage_taken":0,"max_hp_gain":0,"max_hp_loss":0,"event_name":"Masked Bandits","floor":30,"gold_loss":0}],"is_beta":false,"boss_relics":[{"not_picked":["SacredBark","Calling Bell"],"picked":"hubris:Backtick"}],"items_purged_floors":[8,22],"is_endless":false,"potions_floor_spawned":[5,12,16,18,21],"killed_by":"Centurion and Healer","ascension_level":0}}