{"host":"phsrkq937nngn5vu","time":1607535543,"event":{"gold_per_floor":[113,123,133,144,66,98,115,128,128,144,144,173,173,173,173,273,273,286,61,160,178,207,241,255,255,334,344,344,372,383,41,41,41,41],"floor_reached":33,"playtime":2723,"items_purged":["Regret","Defend_R"],"score":324,"play_id":"2379fbc9-60ae-4f7e-871c-33614cfc8290","local_time":"20201209103903","is_ascension_mode":false,"campfire_choices":[{"data":"Double Tap","floor":13,"key":"SMITH"},{"data":"Spot Weakness","floor":15,"key":"SMITH"},{"data":"Whirlwind","floor":25,"key":"SMITH"},{"data":"Armaments","floor":28,"key":"SMITH"},{"data":"Armaments","floor":32,"key":"SMITH"}],"neow_cost":"TEN_PERCENT_HP_LOSS","seed_source_timestamp":26194590527700,"circlet_count":0,"master_deck":["Strike_R","Strike_R","Strike_R","Strike_R","Strike_R","Defend_R","Defend_R","Defend_R","Bash","Infernal Blade","Spot Weakness+1","Metallicize","Cleave","Immolate","Shrug It Off","Cleave","Double Tap+1","Heavy Blade","Inflame","Double Tap","Heavy Blade+1","Metallicize","Whirlwind+1","Double Tap","Armaments+1","Ghostly Armor","Armaments+1"],"relics":["Burning Blood","TungstenRod","Question Card","Letter Opener","Omamori","White Beast Statue","Sundial","Philosopher\u0027s Stone","PreservedInsect","Red Mask","Red Skull","Matryoshka","Potion Belt","Membership Card","StrikeDummy"],"potions_floor_usage":[6,12,16,21,22,23,23,23,29,30,33,33,33],"damage_taken":[{"damage":2,"enemies":"Jaw Worm","floor":1,"turns":4},{"damage":4,"enemies":"2 Louse","floor":2,"turns":3},{"damage":2,"enemies":"Small Slimes","floor":3,"turns":2},{"damage":0,"enemies":"Exordium Wildlife","floor":4,"turns":3},{"damage":19,"enemies":"Lagavulin","floor":6,"turns":8},{"damage":1,"enemies":"Exordium Thugs","floor":7,"turns":3},{"damage":5,"enemies":"3 Louse","floor":8,"turns":3},{"damage":4,"enemies":"Large Slime","floor":10,"turns":4},{"damage":1,"enemies":"3 Sentries","floor":12,"turns":2},{"damage":13,"enemies":"Slime Boss","floor":16,"turns":5},{"damage":13,"enemies":"Spheric Guardian","floor":18,"turns":4},{"damage":20,"enemies":"Shell Parasite","floor":21,"turns":3},{"damage":14,"enemies":"Masked Bandits","floor":22,"turns":3},{"damage":20,"enemies":"Book of Stabbing","floor":23,"turns":3},{"damage":6,"enemies":"Cultist and Chosen","floor":24,"turns":5},{"damage":0,"enemies":"3 Cultists","floor":27,"turns":1},{"damage":19,"enemies":"Gremlin Leader","floor":29,"turns":4},{"damage":7,"enemies":"Snake Plant","floor":30,"turns":3},{"damage":59,"enemies":"Collector","floor":33,"turns":7}],"seed_played":"-5737298948622430891","potions_obtained":[{"floor":1,"key":"BloodPotion"},{"floor":2,"key":"BlessingOfTheForge"},{"floor":3,"key":"SkillPotion"},{"floor":4,"key":"PowerPotion"},{"floor":10,"key":"DuplicationPotion"},{"floor":16,"key":"SkillPotion"},{"floor":18,"key":"BloodPotion"},{"floor":21,"key":"Strength Potion"},{"floor":22,"key":"Fire Potion"},{"floor":23,"key":"GamblersBrew"},{"floor":24,"key":"Energy Potion"},{"floor":27,"key":"Fire Potion"},{"floor":29,"key":"SteroidPotion"},{"floor":30,"key":"DuplicationPotion"}],"is_trial":false,"path_per_floor":["M","M","M","M","$","E","M","M","T","M","?","E","R","?","R","B",null,"M","$","?","M","?","E","M","R","T","M","R","E","M","$","R","B"],"character_chosen":"IRONCLAD","items_purchased":["Immolate","PreservedInsect","Membership Card","StrikeDummy","Armaments"],"campfire_rested":0,"item_purchase_floors":[5,19,31,31,31],"current_hp_per_floor":[72,72,72,72,72,59,64,65,65,67,67,72,72,67,67,60,72,65,65,65,65,57,57,57,57,57,63,63,50,49,49,49,0,0],"gold":41,"neow_bonus":"ONE_RARE_RELIC","is_prod":false,"is_daily":false,"chose_seed":false,"campfire_upgraded":5,"win_rate":0,"timestamp":1607535543,"path_taken":["M","M","M","M","$","E","M","M","T","M","?","E","R","?","R","BOSS","M","$","?","M","?","E","M","R","T","M","R","E","M","$","R","BOSS"],"build_version":"2020-11-30","purchased_purges":2,"victory":false,"max_hp_per_floor":[72,72,72,72,72,72,72,72,72,72,72,72,72,72,72,72,72,72,72,72,72,72,72,72,72,72,72,72,72,72,72,72,72,72],"card_choices":[{"not_picked":["Clash","Anger"],"picked":"Infernal Blade","floor":1},{"not_picked":["Sentinel","Reckless Charge"],"picked":"Spot Weakness","floor":2},{"not_picked":["Body Slam","Second Wind"],"picked":"Metallicize","floor":3},{"not_picked":["Flex","Intimidate"],"picked":"Cleave","floor":4},{"not_picked":["Fire Breathing","Dual Wield"],"picked":"Shrug It Off","floor":6},{"not_picked":["Wild Strike","Evolve","Entrench"],"picked":"Cleave","floor":7},{"not_picked":["Headbutt","Flex","Shrug It Off"],"picked":"Double Tap","floor":8},{"not_picked":["Battle Trance","True Grit","Reckless Charge"],"picked":"Heavy Blade","floor":10},{"not_picked":["Pummel","Armaments","Second Wind"],"picked":"Inflame","floor":12},{"not_picked":["Fiend Fire","Immolate","Exhume"],"picked":"Double Tap","floor":16},{"not_picked":["True Grit+1","Sword Boomerang","Cleave"],"picked":"Heavy Blade+1","floor":18},{"not_picked":["Combust+1","Clothesline","Iron Wave","Cleave"],"picked":"SKIP","floor":21},{"not_picked":["Reckless Charge","Power Through","True Grit+1"],"picked":"Metallicize","floor":22},{"not_picked":["Seeing Red+1","Wild Strike+1","Havoc"],"picked":"Whirlwind","floor":23},{"not_picked":["Iron Wave","Wild Strike","Pommel Strike"],"picked":"Double Tap","floor":24},{"not_picked":["Havoc","Pommel Strike","Headbutt"],"picked":"Armaments","floor":27},{"not_picked":["Uppercut","Reckless Charge","Burning Pact","Warcry+1"],"picked":"SKIP","floor":29},{"not_picked":["Rupture","Infernal Blade","Heavy Blade"],"picked":"Ghostly Armor","floor":30}],"player_experience":403897,"relics_obtained":[{"floor":6,"key":"Question Card"},{"floor":9,"key":"Letter Opener"},{"floor":12,"key":"White Beast Statue"},{"floor":22,"key":"Red Mask"},{"floor":23,"key":"Red Skull"},{"floor":26,"key":"Matryoshka"},{"floor":29,"key":"Potion Belt"}],"event_choices":[{"damage_healed":0,"gold_gain":0,"player_choice":"Box","damage_taken":0,"relics_obtained":["Omamori"],"max_hp_gain":0,"max_hp_loss":0,"event_name":"Big Fish","floor":11,"gold_loss":0,"cards_obtained":["Regret"]},{"damage_healed":0,"gold_gain":0,"player_choice":"Success","damage_taken":7,"relics_obtained":["Sundial"],"max_hp_gain":0,"max_hp_loss":0,"event_name":"Scrap Ooze","floor":14,"gold_loss":0},{"damage_healed":0,"gold_gain":99,"player_choice":"Stole From Cult","damage_taken":0,"max_hp_gain":0,"max_hp_loss":0,"event_name":"Nest","floor":20,"gold_loss":0},{"damage_healed":0,"gold_gain":0,"player_choice":"Fought Bandits","damage_taken":0,"max_hp_gain":0,"max_hp_loss":0,"event_name":"Masked Bandits","floor":22,"gold_loss":0}],"is_beta":false,"boss_relics":[{"not_picked":["Astrolabe","Fusion Hammer"],"picked":"Philosopher\u0027s Stone"}],"items_purged_floors":[19,31],"is_endless":false,"potions_floor_spawned":[1,2,3,4,10,16,18,21,22,23,24,27,29,30],"killed_by":"Collector","ascension_level":0}}