{"host":"ds28d883r3sz42zs","time":1607513657,"event":{"gold_per_floor":[361,361,436,453,51,84,84,113,113,128,128,128],"floor_reached":11,"playtime":270,"items_purged":[],"score":117,"play_id":"e1a013a8-c794-4d33-adb4-a810dee37fe6","local_time":"20201209063417","is_ascension_mode":true,"campfire_choices":[{"data":"Sweeping Beam","floor":7,"key":"SMITH"}],"neow_cost":"NONE","seed_source_timestamp":633673342869500,"circlet_count":0,"master_deck":["Strike_B+1","Strike_B","Strike_B","Strike_B","Defend_B","Defend_B","Defend_B","Defend_B","Zap","Dualcast","AbeCurse","Sweeping Beam+1","Gash","Headbutt","Auto Shields","Cold Snap","Conserve Battery"],"relics":["Iron Core","Tiny House","Abe\u0027s Treasure","infinitespire:Cubic Diamond","Magic Flower","Juzu Bracelet","The Courier","Shovel"],"potions_floor_usage":[6],"damage_taken":[{"damage":6,"enemies":"2 Louse","floor":1,"turns":2},{"damage":12,"enemies":"Small Slimes","floor":4,"turns":3},{"damage":16,"enemies":"Gremlin Nob","floor":6,"turns":3},{"damage":33,"enemies":"Lagavulin","floor":8,"turns":6},{"damage":0,"enemies":"Cultist","floor":10,"turns":2},{"damage":3,"enemies":"Replay:BlueRogue","floor":11,"turns":2}],"seed_played":"-6085250216157085870","potions_obtained":[{"floor":0,"key":"Cursed Concoction"},{"floor":1,"key":"Explosive Potion"},{"floor":8,"key":"Venom Potion"}],"is_trial":false,"path_per_floor":["M","?","?","M","$","E","R","E","T","M","E"],"character_chosen":"DEFECT","items_purchased":["Magic Flower","Fruit Juice"],"campfire_rested":0,"item_purchase_floors":[5,5],"current_hp_per_floor":[67,67,56,44,44,36,36,3,3,3,0,0],"gold":128,"neow_bonus":"DOUBLE_BOSS_RELIC","is_prod":false,"is_daily":false,"chose_seed":false,"campfire_upgraded":1,"win_rate":0,"timestamp":1607513657,"path_taken":["M","?","?","M","$","E","R","E","T","M","E"],"build_version":"2020-11-30","purchased_purges":0,"victory":false,"max_hp_per_floor":[80,80,80,80,80,85,85,85,85,85,85,85],"relic_stats":{"Shovel":0,"counters":[6,18],"Magic Flower":[3],"Juzu Bracelet":0,"obtain_stats":[{"Iron Core":2,"Tiny House":0,"Shovel":9,"Magic Flower":5,"infinitespire:Cubic Diamond":2,"The Courier":8,"Juzu Bracelet":6,"Cracked Core":0,"Abe\u0027s Treasure":0},{"Iron Core":1,"Tiny House":0,"Shovel":4,"Magic Flower":2,"infinitespire:Cubic Diamond":1,"The Courier":4,"Juzu Bracelet":3,"Cracked Core":0,"Abe\u0027s Treasure":0},{"Iron Core":2,"Tiny House":0,"Shovel":14,"Magic Flower":5,"infinitespire:Cubic Diamond":2,"The Courier":14,"Juzu Bracelet":8,"Cracked Core":0,"Abe\u0027s Treasure":0}]},"card_choices":[{"not_picked":["StuffTheSpire:Plugnplay","Tempest"],"picked":"Sweeping Beam","floor":0},{"not_picked":["Panic Button","Beam Cell"],"picked":"Gash","floor":1},{"not_picked":["WeaponsOverheat","Flex"],"picked":"Headbutt","floor":4},{"not_picked":["Hologram","Inflame"],"picked":"Auto Shields","floor":6},{"not_picked":["Steam","Auto Shields"],"picked":"Cold Snap","floor":8},{"not_picked":["WeaponsOverheat","ReplayTheSpireMod:Dual Polarity"],"picked":"Conserve Battery","floor":10}],"player_experience":714921,"relics_obtained":[{"floor":6,"key":"Juzu Bracelet"},{"floor":8,"key":"The Courier"},{"floor":9,"key":"Shovel"}],"event_choices":[{"damage_healed":0,"gold_gain":75,"player_choice":"Gold","damage_taken":11,"max_hp_gain":0,"max_hp_loss":0,"event_name":"betterThird:BetterGoop","floor":3,"gold_loss":0}],"is_beta":false,"boss_relics":[],"items_purged_floors":[],"is_endless":false,"potions_floor_spawned":[1,8],"killed_by":"Replay:BlueRogue","ascension_level":9}}