{"host":"fq1bpa5mgr3rtgnr","time":1607527029,"event":{"gold_per_floor":[111,111,128,53,68,103,103,132,132,132,143,143,165,197,197,298,298,308,338,253,253,267,267,192,217,241,241,25,102,112,211,211,310,310,323,373,391,126,126,156,156,156,210,228,255,255,283,299,299,299,299],"floor_reached":50,"playtime":2797,"items_purged":["Strike_P","Defend_P","Defend_P"],"score":854,"play_id":"45beea57-8774-49a5-a116-d3abfee352cb","local_time":"20201209101709","is_ascension_mode":true,"campfire_choices":[{"data":"Judgement","floor":7.0,"key":"SMITH"},{"data":"Vigilance","floor":10.0,"key":"SMITH"},{"data":"ForeignInfluence","floor":12.0,"key":"SMITH"},{"data":"Sanctity","floor":15.0,"key":"SMITH"},{"data":"Eruption","floor":23.0,"key":"SMITH"},{"data":"Scrawl","floor":27.0,"key":"SMITH"},{"data":"Evaluate","floor":32.0,"key":"SMITH"},{"data":"MasterReality","floor":42.0,"key":"SMITH"},{"floor":49.0,"key":"RECALL"}],"neow_cost":"PERCENT_DAMAGE","seed_source_timestamp":195650702877500,"circlet_count":0,"master_deck":["Strike_P+1","Strike_P","Defend_P","Eruption+1","Vigilance+1","Judgement+1","EmptyFist+1","InnerPeace","SandsOfTime","WheelKick","Sanctity+1","ForeignInfluence+1","Protect","Scrawl+1","SandsOfTime+1","Indignation+1","Evaluate+1","MasterReality+1","DeceiveReality","ClearTheMind+1","Madness","Madness","Forethought"],"special_seed":0,"relics":["PureWater","FossilizedHelix","StrikeDummy","Letter Opener","Odd Mushroom","PreservedInsect","Busted Crown","Red Mask","Question Card","Bag of Preparation","Bag of Marbles","Membership Card","Sozu","Pocketwatch","Bottled Flame","Bronze Scales","Akabeko","Art of War","MealTicket","Omamori"],"potions_floor_usage":[50,50],"damage_taken":[{"damage":0.0,"enemies":"Jaw Worm","floor":1.0,"turns":2.0},{"damage":0.0,"enemies":"2 Louse","floor":3.0,"turns":1.0},{"damage":6.0,"enemies":"Small Slimes","floor":5.0,"turns":2.0},{"damage":5.0,"enemies":"3 Sentries","floor":6.0,"turns":4.0},{"damage":0.0,"enemies":"Gremlin Nob","floor":8.0,"turns":2.0},{"damage":0.0,"enemies":"2 Fungi Beasts","floor":11.0,"turns":3.0},{"damage":0.0,"enemies":"The Mushroom Lair","floor":13.0,"turns":3.0},{"damage":0.0,"enemies":"3 Sentries","floor":14.0,"turns":4.0},{"damage":17.0,"enemies":"Hexaghost","floor":16.0,"turns":9.0},{"damage":14.0,"enemies":"3 Byrds","floor":18.0,"turns":5.0},{"damage":0.0,"enemies":"Masked Bandits","floor":19.0,"turns":2.0},{"damage":0.0,"enemies":"Chosen","floor":22.0,"turns":3.0},{"damage":0.0,"enemies":"Gremlin Leader","floor":25.0,"turns":3.0},{"damage":0.0,"enemies":"Sentry and Sphere","floor":30.0,"turns":2.0},{"damage":16.0,"enemies":"Collector","floor":33.0,"turns":6.0},{"damage":0.0,"enemies":"3 Darklings","floor":35.0,"turns":1.0},{"damage":7.0,"enemies":"Mind Bloom Boss Battle","floor":36.0,"turns":4.0},{"damage":0.0,"enemies":"Orb Walker","floor":37.0,"turns":1.0},{"damage":0.0,"enemies":"Giant Head","floor":40.0,"turns":4.0},{"damage":0.0,"enemies":"Sphere and 2 Shapes","floor":44.0,"turns":3.0},{"damage":0.0,"enemies":"Reptomancer","floor":45.0,"turns":3.0},{"damage":0.0,"enemies":"Nemesis","floor":47.0,"turns":3.0},{"damage":0.0,"enemies":"4 Shapes","floor":48.0,"turns":3.0},{"damage":63,"enemies":"Time Eater","floor":50,"turns":5}],"seed_played":"-5977970759104375045","potions_obtained":[{"floor":3.0,"key":"LiquidBronze"},{"floor":8.0,"key":"FearPotion"},{"floor":13.0,"key":"ColorlessPotion"},{"floor":14.0,"key":"SpeedPotion"},{"floor":19.0,"key":"Swift Potion"},{"floor":33.0,"key":"Dexterity Potion"}],"is_trial":false,"path_per_floor":["M","?","M","$","M","E","R","E","T","R","M","R","?","E","R","B",null,"M","?","?","?","M","R","?","E","T","R","$","T","M","?","R","B",null,"M","?","M","$","?","E","?","R","T","M","E","?","E","M","R","B"],"character_chosen":"WATCHER","items_purchased":["Membership Card","Evaluate","Bottled Flame","Bronze Scales"],"campfire_rested":0,"item_purchase_floors":[28,28,38,38],"current_hp_per_floor":[51,37,37,37,31,26,26,26,26,26,26,26,26,26,26,9,72,58,58,58,45,45,45,45,45,45,45,45,45,45,45,45,29,77,77,70,70,70,70,70,60,60,60,60,60,60,60,60,60,0,0],"gold":299,"neow_bonus":"THREE_RARE_CARDS","is_prod":false,"is_daily":false,"chose_seed":false,"campfire_upgraded":8,"win_rate":0,"timestamp":1607527029,"path_taken":["M","?","M","$","M","E","R","E","T","R","M","R","?","E","R","BOSS","M","?","?","?","?","R","?","E","T","R","$","?","?","?","R","BOSS","M","?","M","$","?","E","?","R","T","M","E","?","E","M","R","BOSS"],"build_version":"2020-11-30","purchased_purges":3,"victory":false,"max_hp_per_floor":[72,72,72,72,72,72,72,72,72,72,72,72,72,72,72,72,72,72,72,72,77,77,77,77,77,77,77,77,77,77,77,77,77,77,77,77,77,77,77,77,77,77,77,77,77,77,77,77,77,77,77],"relic_stats":{"Sozu":3,"Busted Crown":30,"counters":[24,78],"Bronze Scales":[54],"MealTicket":0,"PreservedInsect":291,"Bag of Preparation":[22],"Art of War":[0],"Letter Opener":[316],"Question Card":13,"obtain_stats":[{"PreservedInsect":14,"Bag of Preparation":25,"Omamori":47,"Letter Opener":9,"Odd Mushroom":13,"Question Card":20,"Akabeko":40,"Sozu":34,"Bottled Flame":38,"Busted Crown":17,"Bronze Scales":38,"MealTicket":45,"Red Mask":19,"Bag of Marbles":26,"Art of War":43,"Membership Card":28,"PureWater":0,"StrikeDummy":8,"FossilizedHelix":6,"Pocketwatch":36},{"PreservedInsect":8,"Bag of Preparation":13,"Omamori":22,"Letter Opener":5,"Odd Mushroom":7,"Question Card":11,"Akabeko":19,"Sozu":15,"Bottled Flame":18,"Busted Crown":9,"Bronze Scales":18,"MealTicket":21,"Red Mask":11,"Bag of Marbles":13,"Art of War":19,"Membership Card":13,"PureWater":0,"StrikeDummy":5,"FossilizedHelix":4,"Pocketwatch":17},{"PreservedInsect":21,"Bag of Preparation":43,"Omamori":70,"Letter Opener":11,"Odd Mushroom":17,"Question Card":37,"Akabeko":61,"Sozu":51,"Bottled Flame":57,"Busted Crown":30,"Bronze Scales":57,"MealTicket":67,"Red Mask":37,"Bag of Marbles":43,"Art of War":61,"Membership Card":43,"PureWater":0,"StrikeDummy":11,"FossilizedHelix":9,"Pocketwatch":56}],"Pocketwatch":[3]},"card_choices":[{"not_picked":["Blasphemy","DevaForm"],"picked":"Judgement","floor":0.0},{"not_picked":["Halt","Consecrate"],"picked":"EmptyFist","floor":1.0},{"not_picked":["Consecrate","Meditate"],"picked":"InnerPeace","floor":3.0},{"not_picked":["WaveOfTheHand","JustLucky"],"picked":"SandsOfTime","floor":5.0},{"not_picked":["FlurryOfBlows","Evaluate"],"picked":"WheelKick","floor":6.0},{"not_picked":["Alpha","BowlingBash"],"picked":"Sanctity","floor":8.0},{"not_picked":["InnerPeace","TalkToTheHand"],"picked":"ForeignInfluence","floor":11.0},{"not_picked":["FlurryOfBlows","Prostrate"],"picked":"Protect","floor":13.0},{"not_picked":["Halt","Conclude","EmptyFist"],"picked":"SKIP","floor":14.0},{"not_picked":["Vault","Brilliance"],"picked":"Scrawl","floor":16.0},{"not_picked":[],"picked":"SandsOfTime+1","floor":18.0},{"not_picked":["FlyingSleeves"],"picked":"Indignation+1","floor":22.0},{"not_picked":["Meditate","BowlingBash"],"picked":"SKIP","floor":25.0},{"not_picked":["JustLucky","Fasting2"],"picked":"SKIP","floor":30.0},{"not_picked":["ConjureBlade"],"picked":"MasterReality","floor":33.0},{"not_picked":["Consecrate"],"picked":"DeceiveReality","floor":35.0},{"not_picked":["WaveOfTheHand+1"],"picked":"ClearTheMind+1","floor":36.0},{"not_picked":["EmptyBody","TalkToTheHand"],"picked":"SKIP","floor":37.0},{"not_picked":["Consecrate","Collect"],"picked":"SKIP","floor":40.0},{"not_picked":["EmptyFist","BattleHymn+1"],"picked":"SKIP","floor":44.0},{"not_picked":["DeceiveReality","SashWhip+1"],"picked":"SKIP","floor":45.0},{"not_picked":["Panacea"],"picked":"Forethought","floor":46.0},{"not_picked":["EmptyFist+1","FollowUp+1"],"picked":"SKIP","floor":47.0},{"not_picked":["FlyingSleeves","JustLucky"],"picked":"SKIP","floor":48.0}],"player_experience":322105,"relics_obtained":[{"floor":6.0,"key":"FossilizedHelix"},{"floor":8.0,"key":"StrikeDummy"},{"floor":9.0,"key":"Letter Opener"},{"floor":13.0,"key":"Odd Mushroom"},{"floor":14.0,"key":"PreservedInsect"},{"floor":19.0,"key":"Red Mask"},{"floor":25.0,"key":"Bag of Preparation"},{"floor":26.0,"key":"Bag of Marbles"},{"floor":36.0,"key":"Pocketwatch"},{"floor":40.0,"key":"Akabeko"},{"floor":43.0,"key":"Art of War"},{"floor":45.0,"key":"MealTicket"},{"floor":47.0,"key":"Omamori"}],"event_choices":[{"damage_healed":0.0,"max_hp_gain":0.0,"max_hp_loss":0.0,"gold_gain":0.0,"event_name":"Shining Light","player_choice":"Entered Light","floor":2.0,"gold_loss":0.0,"damage_taken":14.0,"cards_upgraded":["EmptyFist","Strike_P"]},{"damage_healed":0.0,"max_hp_gain":0.0,"max_hp_loss":0.0,"gold_gain":0.0,"event_name":"Mushrooms","player_choice":"Fought Mushrooms","floor":13.0,"gold_loss":0.0,"damage_taken":0.0},{"damage_healed":0.0,"max_hp_gain":0.0,"max_hp_loss":0.0,"gold_gain":0.0,"event_name":"Masked Bandits","player_choice":"Fought Bandits","floor":19.0,"gold_loss":0.0,"damage_taken":0.0},{"damage_healed":0.0,"max_hp_gain":0.0,"max_hp_loss":0.0,"gold_gain":0.0,"event_name":"Addict","player_choice":"Obtained Relic","floor":20.0,"gold_loss":85.0,"damage_taken":0.0,"relics_obtained":["Question Card"]},{"damage_healed":0.0,"max_hp_gain":5.0,"max_hp_loss":0.0,"gold_gain":0.0,"event_name":"Forgotten Altar","player_choice":"Shed Blood","floor":21.0,"gold_loss":0.0,"damage_taken":18.0},{"cards_removed":["Strike_P"],"damage_healed":0.0,"max_hp_gain":0.0,"max_hp_loss":0.0,"gold_gain":0.0,"event_name":"Beggar","player_choice":"Gave Gold","floor":24.0,"gold_loss":75.0,"damage_taken":0.0},{"damage_healed":0.0,"max_hp_gain":0.0,"max_hp_loss":0.0,"gold_gain":99.0,"event_name":"Nest","player_choice":"Stole From Cult","floor":31.0,"gold_loss":0.0,"damage_taken":0.0},{"damage_healed":0.0,"max_hp_gain":0.0,"max_hp_loss":0.0,"gold_gain":0.0,"event_name":"MindBloom","player_choice":"Fight","floor":36.0,"gold_loss":0.0,"damage_taken":0.0},{"cards_removed":["Defend_P"],"damage_healed":0.0,"max_hp_gain":0.0,"max_hp_loss":0.0,"gold_gain":0.0,"event_name":"Falling","player_choice":"Removed Skill","floor":39.0,"gold_loss":0.0,"damage_taken":0.0},{"damage_healed":0.0,"max_hp_gain":0.0,"max_hp_loss":0.0,"gold_gain":0.0,"event_name":"Winding Halls","player_choice":"Embrace Madness","floor":41.0,"gold_loss":0.0,"damage_taken":10.0,"cards_obtained":["Madness","Madness"]},{"damage_healed":0.0,"max_hp_gain":0.0,"max_hp_loss":0.0,"gold_gain":0.0,"event_name":"SensoryStone","player_choice":"Memory 1","floor":46.0,"gold_loss":0.0,"damage_taken":0.0}],"is_beta":false,"boss_relics":[{"not_picked":["Ectoplasm","Tiny House"],"picked":"Busted Crown"},{"not_picked":["Calling Bell","Fusion Hammer"],"picked":"Sozu"}],"items_purged_floors":[4,28,38],"is_endless":false,"potions_floor_spawned":[3,8,13,14,19,33,35,36,37],"killed_by":"Time Eater","ascension_level":4}}