{"host":"Moondoggy","time":1607477285,"event":{"gold_per_floor":[117,129,145,145,157,157,82,82,113,131,157,175,175,175,175,280,280,292,305,317,335,335,360,360,270,270,270,270,284,294,310,320,320,320,420,420,430,53,71,91,156,184,184,184,184],"floor_reached":44,"playtime":6663,"items_purged":[],"score":414,"play_id":"d6f4a13f-36bd-4e47-ba67-2563cc71ecfe","local_time":"20201208202805","is_ascension_mode":false,"campfire_choices":[{"floor":6,"key":"RECALL"},{"data":"Toxic_Smoke_Screen","floor":8,"key":"SMITH"},{"data":"Life_Drain","floor":15,"key":"SMITH"},{"data":"Summon_Lich","floor":24,"key":"SMITH"},{"data":"Blood_Magic","floor":27,"key":"SMITH"},{"floor":33,"key":"REST"},{"data":"DemoMod:Elimentaler","floor":43,"key":"SMITH"},{"data":"Summon_Vampire_Lady","floor":43,"key":"SMITH"}],"neow_cost":"","seed_source_timestamp":268043095997700,"circlet_count":0,"master_deck":["Strike_W","Strike_W","Strike_W","Strike_W","Defend_W","Defend_W","Defend_W","Negative_Energy_Arrows","Bone_Wall","Vampiric_Strike+1","Bone_Armory+1","Bone_Spikes","Toxic_Smoke_Screen+1","Life_Drain+1","Necrotic_Claws","Spectral_Armor","Skeleton_Dragon+1","Death_March_Dance+1","Finger_Of_Death+1","Blood_Whip","Bone_Bullets+1","expansioncontent:DarkVoid","Blood_Magic+1","Vampiric_Strike+1","Life_Drain+1","Death_Knell+1","Summon_Lich+1","Negative_Energy_Shield+1","Stop_Heart","Summon_Vampire_Lady+1","Bone_Armor+1","Negative_Energy_Javelin+1","DemoMod:Elimentaler+1","Summon_Death_Knight","Chill_Blood","Shackles_Of_Pain","Plague_Bolt","expansioncontent:AwakenDeath","Finger_Of_Death+1","Summon_Death_Knight","Blood_Shield"],"relics":["Vampire_Amulet","LagranYue:RandomDrawCardRelic","DemoMod:Antibody","Guide Book","LetterFromLob","Hallownest:DreamNailRelic","LagranYue:MagicReflectiveArmorRelic","halation:StarCompass","Replay:Bronze Core","DemoMod:MemoryAlloy","Hallownest:StagBellRelic1","LaetitiaHeart","ShedSkin_r","DemoMod:RatBoots","DemoMod:ResourcefulSack","DemoMod:PartiallyEatenCheese","Coffee Dripper","halation:Risk","aspiration:SeaSaltIceCream","ResearcherNote","Replay:Arrowhead","RuthlessExorcism:ReiMu"],"potions_floor_usage":[16,35,35],"damage_taken":[{"damage":3,"enemies":"Hallownest:monsterHuskWarrior","floor":1,"turns":4},{"damage":0,"enemies":"Hallownest:2_Baldur","floor":2,"turns":5},{"damage":7,"enemies":"Hallownest:monsterHuskGuard","floor":3,"turns":5},{"damage":0,"enemies":"Hallownest:monsterAspidMother","floor":5,"turns":7},{"damage":0,"enemies":"Hallownest:2_Tiktiks_1_Baldur_1_Crawlid","floor":9,"turns":7},{"damage":15,"enemies":"Hallownest:2_Tiktiks_1_Baldur_1_Crawlid","floor":10,"turns":6},{"damage":9,"enemies":"Hallownest:eliteMossKnight","floor":11,"turns":9},{"damage":17,"enemies":"Hallownest:1_Ooma_and_2_Uuma","floor":12,"turns":7},{"damage":20,"enemies":"Hallownest:BossHornet","floor":16,"turns":10},{"damage":29,"enemies":"Hallownest:2_Mistakes","floor":18,"turns":8},{"damage":16,"enemies":"Hallownest:Guard_and_Sentry","floor":19,"turns":3},{"damage":39,"enemies":"Hallownest:2_Husk_Sentries","floor":20,"turns":4},{"damage":33,"enemies":"Hallownest:Warrior_and_Youth","floor":21,"turns":5},{"damage":2,"enemies":"Hallownest:Nosk","floor":23,"turns":9},{"damage":0,"enemies":"DemoMod:4_Bullet_Kins_with_one_veteran","floor":28,"turns":2},{"damage":4,"enemies":"DemoMod:4_Bullet_Kins_with_one_veteran","floor":28,"turns":2},{"damage":0,"enemies":"DemoMod:4_Bullet_Kins_with_one_veteran","floor":28,"turns":2},{"damage":0,"enemies":"DemoMod:4_Bullet_Kins_with_one_veteran","floor":29,"turns":5},{"damage":12,"enemies":"DemoMod:Red_and_blue_shotgun_kin","floor":30,"turns":2},{"damage":36,"enemies":"DemoMod:Veteran_shot_gun_kin_and_blue_shotgun_kin","floor":31,"turns":4},{"damage":35,"enemies":"DemoMod:Veteran_shot_gun_kin_and_blue_shotgun_kin_with_gunsinger","floor":32,"turns":5},{"damage":47,"enemies":"DemoMod:ResourcefulRat","floor":35,"turns":10},{"damage":37,"enemies":"Hallownest:2_Littles","floor":37,"turns":7},{"damage":9,"enemies":"Hallownest:3_Siblings","floor":39,"turns":8},{"damage":23,"enemies":"Hallownest:2_Great","floor":40,"turns":7},{"damage":0,"enemies":"Hallownest:2_Primals","floor":41,"turns":2},{"damage":9,"enemies":"Hallownest:StalkingDevout","floor":42,"turns":6},{"damage":37,"enemies":"Hallownest:2_Wing_and_1_Kings","floor":44,"turns":8}],"seed_played":"-1101348857304675209","potions_obtained":[{"floor":1,"key":"PowerPotion"},{"floor":11,"key":"SpeedPotion"},{"floor":16,"key":"Weak Potion"},{"floor":18,"key":"Toxic Potion"},{"floor":23,"key":"LifebloodPotion"},{"floor":29,"key":"Energy Potion"},{"floor":32,"key":"ColorlessPotion"},{"floor":40,"key":"SkillPotion"},{"floor":41,"key":"Swift Potion"},{"floor":42,"key":"MagicPotion:ReiMu"}],"is_trial":false,"path_per_floor":["M","M","M","?","M","R","?","R","MIM","M","E","M","?","?","R","B",null,"M","M","M","M","?","E","R","?","T","R","M","M","M","M","M","R","B","B",null,"M","$","M","M","?","E","R","M"],"character_chosen":"NECROMANCER","items_purchased":["Vampiric_Strike","Bone_Armory","DemoMod:GnawedKey","Guide Book","aspiration:SeaSaltIceCream","Plague_Bolt","expansioncontent:AwakenDeath"],"campfire_rested":1,"item_purchase_floors":[0,0,0,0,38,38,38],"current_hp_per_floor":[52,56,57,57,75,75,75,75,75,70,72,75,75,75,75,69,75,69,66,55,68,68,75,75,75,75,75,75,75,71,46,32,75,43,75,75,73,73,75,69,75,75,75,75,75],"gold":184,"neow_bonus":"","is_prod":false,"is_daily":false,"chose_seed":false,"campfire_upgraded":6,"win_rate":0.0,"timestamp":1607477285,"path_taken":["M","M","?","?","M","R","?","R","MIM","?","E","M","?","?","R","BOSS","M","M","M","M","?","E","R","?","T","R","M","M","M","M","M","R","BOSS","BOSS","M","$","M","M","?","E","R","M"],"build_version":"2020-12-07","purchased_purges":0,"victory":false,"max_hp_per_floor":[75,75,75,75,75,75,75,75,75,75,75,75,75,75,75,75,75,75,75,75,75,75,75,75,75,75,75,75,75,75,75,75,75,75,75,75,75,75,75,75,75,75,75,75,75],"card_choices":[{"not_picked":["Plague_Bolt","Life_Tap"],"picked":"Toxic_Smoke_Screen","floor":1},{"not_picked":["Blood_for_Blood","Scare"],"picked":"Life_Drain","floor":2},{"not_picked":["Chill_Blood","Blood_Whip"],"picked":"Necrotic_Claws","floor":3},{"not_picked":["Reap_The_Weak","Negative_Energy_Burst"],"picked":"Spectral_Armor","floor":5},{"not_picked":["Detonate_Bones+1","Blood_Magic+1"],"picked":"Skeleton_Dragon+1","floor":7},{"not_picked":["Epidemic","Pandemic"],"picked":"Death_March_Dance","floor":9},{"not_picked":["Negative_Energy_Bomb","Pandemic"],"picked":"Finger_Of_Death","floor":10},{"not_picked":["Slay_Living","Epidemic"],"picked":"Blood_Whip","floor":11},{"not_picked":["Death_Coil","Chill_Blood"],"picked":"Bone_Bullets","floor":12},{"not_picked":["Blind","expansioncontent:GuardianWhirl"],"picked":"expansioncontent:DarkVoid","floor":13},{"not_picked":["Detonate_Bones","Requiem"],"picked":"Blood_Magic","floor":16},{"not_picked":["Slay_Living+1","Negative_Energy_Sphere"],"picked":"Vampiric_Strike","floor":18},{"not_picked":["Deaths_Shadow","Death_March_Dance"],"picked":"Life_Drain","floor":19},{"not_picked":["Consume_Illness","Scare"],"picked":"Death_Knell+1","floor":20},{"not_picked":["Bone_Armory","Death_Coil"],"picked":"Summon_Lich","floor":21},{"not_picked":["Bone_Armor","Death_March_Dance"],"picked":"Negative_Energy_Shield+1","floor":23},{"not_picked":["Scare","Finger_Of_Death+1"],"picked":"Stop_Heart","floor":29},{"not_picked":["Shackles_Of_Pain","Finger_Of_Death"],"picked":"Summon_Vampire_Lady","floor":30},{"not_picked":["Deaths_Shadow+1","Negative_Energy_Sphere+1"],"picked":"Bone_Armor+1","floor":31},{"not_picked":["Chill_Blood+1","Negative_Energy_Mist+1"],"picked":"Negative_Energy_Javelin+1","floor":32},{"not_picked":[],"picked":"DemoMod:Elimentaler","floor":35},{"not_picked":["Hellfire","Grasp_Heart"],"picked":"Summon_Death_Knight","floor":35},{"not_picked":["Strike_from_Beyond+1","Blood_Whip"],"picked":"Chill_Blood","floor":36},{"not_picked":["Bone_Shift","Negative_Energy_Sphere+1"],"picked":"Shackles_Of_Pain","floor":37},{"not_picked":["Negative_Energy_Shield","Bone_Spikes+1"],"picked":"Finger_Of_Death+1","floor":39},{"not_picked":["Finger_Of_Death+1","Shackles_Of_Pain+1"],"picked":"Summon_Death_Knight","floor":40},{"not_picked":["Summon_Lich+1","Hellfire"],"picked":"Blood_Shield","floor":42}],"player_experience":211248,"relics_obtained":[{"floor":1,"key":"LetterFromLob"},{"floor":11,"key":"LagranYue:MagicReflectiveArmorRelic"},{"floor":23,"key":"DemoMod:MemoryAlloy"},{"floor":36,"key":"DemoMod:RatBoots"},{"floor":36,"key":"DemoMod:ResourcefulSack"},{"floor":36,"key":"DemoMod:PartiallyEatenCheese"},{"floor":36,"key":"Coffee Dripper"},{"floor":36,"key":"halation:Risk"},{"floor":41,"key":"Replay:Arrowhead"},{"floor":42,"key":"RuthlessExorcism:ReiMu"}],"event_choices":[{"damage_healed":0,"gold_gain":0,"player_choice":"2","damage_taken":0,"max_hp_gain":0,"max_hp_loss":0,"event_name":"betterMatch:BetterMatch","floor":7,"gold_loss":0,"cards_obtained":["betterMatch:RareCard"]},{"damage_healed":0,"gold_gain":1,"player_choice":"1","damage_taken":0,"max_hp_gain":0,"max_hp_loss":0,"event_name":"betterStone:BetterStone","floor":13,"gold_loss":0}],"is_beta":true,"boss_relics":[{"not_picked":["hubris:GrandSneckoEye","SlaversCollar"],"picked":"Replay:Bronze Core"},{"not_picked":[]}],"items_purged_floors":[],"is_endless":false,"potions_floor_spawned":[1,11,16,18,23,29,31,32,40,41,42],"killed_by":"Hallownest:2_Wing_and_1_Kings","ascension_level":0}}