{"host":"ormi09wwzv7sq47a","time":1607516480,"event":{"gold_per_floor":[115,115,131,131,146,146,46,46,46,61,61,84,84,97,97,188,188,201,201,214,239,239,239],"floor_reached":22,"playtime":671,"items_purged":["Strike_B"],"score":303,"play_id":"e7c3464f-6995-4ddd-9995-103e70b12557","local_time":"20201209092120","is_ascension_mode":true,"campfire_choices":[{"data":"Zap","floor":6.0,"key":"SMITH"},{"data":"Steam Power","floor":8.0,"key":"SMITH"},{"data":"Reinforced Body","floor":11.0,"key":"SMITH"},{"data":"Dualcast","floor":13.0,"key":"SMITH"},{"data":"Go for the Eyes","floor":15.0,"key":"SMITH"}],"neow_cost":"NONE","seed_source_timestamp":2127298396854800,"circlet_count":0,"master_deck":["AscendersBane","Strike_B","Strike_B","Defend_B","Defend_B","Defend_B","Defend_B","Zap+1","Dualcast+1","Streamline+1","Steam Power+1","Reinforced Body+1","Beam Cell","Go for the Eyes+1","Auto Shields","Seek","Leap","Melter+1","Hologram+1"],"special_seed":0,"relics":["FrozenCore","Golden Idol","Ornamental Fan","NlothsMask"],"potions_floor_usage":[],"damage_taken":[{"damage":1.0,"enemies":"Cultist","floor":1.0,"turns":3.0},{"damage":0.0,"enemies":"2 Louse","floor":3.0,"turns":2.0},{"damage":0.0,"enemies":"Jaw Worm","floor":5.0,"turns":2.0},{"damage":15.0,"enemies":"Gremlin Gang","floor":10.0,"turns":4.0},{"damage":4.0,"enemies":"3 Louse","floor":12.0,"turns":2.0},{"damage":3.0,"enemies":"Blue Slaver","floor":14.0,"turns":3.0},{"damage":5.0,"enemies":"The Guardian","floor":16.0,"turns":11.0},{"damage":9,"enemies":"Chosen","floor":18,"turns":7},{"damage":6,"enemies":"Shell Parasite","floor":20,"turns":7},{"damage":35,"enemies":"Snecko","floor":21,"turns":9}],"seed_played":"-3119503361954668924","potions_obtained":[{"floor":1.0,"key":"Guardian:BlockOnCardUsePotion"},{"floor":3.0,"key":"Guardian:BlockOnCardUsePotion"},{"floor":10.0,"key":"Fire Potion"},{"floor":18,"key":"Energy Potion"},{"floor":20,"key":"Weak Potion"}],"is_trial":false,"path_per_floor":["M","?","M","?","M","R","$","R","T","M","R","M","R","M","R","B",null,"M","?","M","M","?"],"character_chosen":"DEFECT","items_purchased":["Beam Cell"],"campfire_rested":0,"item_purchase_floors":[7],"current_hp_per_floor":[63,46,46,46,46,46,46,46,46,31,31,27,27,24,24,19,58,49,49,43,8,8,8],"gold":239,"neow_bonus":"REMOVE_CARD","is_prod":false,"is_daily":false,"chose_seed":false,"campfire_upgraded":5,"win_rate":0,"timestamp":1607516480,"path_taken":["M","?","M","?","?","R","?","R","T","M","R","M","R","M","R","BOSS","M","?","M","M","?"],"build_version":"2020-11-30","purchased_purges":1,"victory":false,"max_hp_per_floor":[71,71,71,71,71,71,71,71,71,71,71,71,71,71,71,71,71,71,71,71,71,71,71],"relic_stats":{"counters":[10,50],"Golden Idol":46,"Ornamental Fan":[24],"obtain_stats":[{"Golden Idol":2,"Ornamental Fan":9,"Cracked Core":0,"FrozenCore":17,"NlothsMask":22},{"Golden Idol":1,"Ornamental Fan":3,"Cracked Core":0,"FrozenCore":7,"NlothsMask":10},{"Golden Idol":3,"Ornamental Fan":7,"Cracked Core":0,"FrozenCore":27,"NlothsMask":50}],"FrozenCore":[10]},"card_choices":[{"not_picked":["Fusion","Steam"],"picked":"Streamline","floor":1.0},{"not_picked":["Turbo","Redo"],"picked":"Steam Power","floor":3.0},{"not_picked":["Rip and Tear","Doom and Gloom"],"picked":"Reinforced Body","floor":5.0},{"not_picked":["Aggregate","Barrage","Blizzard"],"picked":"SKIP","floor":10.0},{"not_picked":["Leap","Coolheaded"],"picked":"Go for the Eyes","floor":12.0},{"not_picked":["Redo","Defragment"],"picked":"Auto Shields","floor":14.0},{"not_picked":["Buffer","Amplify"],"picked":"Seek","floor":16.0},{"not_picked":["Rebound","Beam Cell"],"picked":"Leap","floor":18},{"not_picked":["Stack","Coolheaded"],"picked":"Melter+1","floor":20},{"not_picked":["Cold Snap","Double Energy+1"],"picked":"Hologram+1","floor":21}],"player_experience":712381,"relics_obtained":[{"floor":9.0,"key":"Ornamental Fan"}],"event_choices":[{"damage_healed":0.0,"max_hp_gain":0.0,"max_hp_loss":0.0,"gold_gain":0.0,"event_name":"Golden Idol","player_choice":"Take Damage","floor":2.0,"gold_loss":0.0,"damage_taken":17.0,"relics_obtained":["Golden Idol"]},{"damage_healed":0.0,"max_hp_gain":0.0,"max_hp_loss":0.0,"gold_gain":0.0,"event_name":"Upgrade Shrine","player_choice":"Upgraded","floor":4.0,"gold_loss":0.0,"damage_taken":0.0,"cards_upgraded":["Streamline"]},{"damage_healed":0,"gold_gain":0,"player_choice":"Ignored","damage_taken":0,"max_hp_gain":0,"max_hp_loss":0,"event_name":"Vampires","floor":19,"gold_loss":0},{"damage_healed":0,"gold_gain":0,"player_choice":"Trade","damage_taken":0,"relics_obtained":["NlothsMask"],"max_hp_gain":0,"max_hp_loss":0,"event_name":"FaceTrader","floor":22,"gold_loss":0}],"is_beta":false,"boss_relics":[{"not_picked":["Tiny House","Runic Pyramid"],"picked":"FrozenCore"}],"items_purged_floors":[7],"is_endless":false,"potions_floor_spawned":[1,3,10,18,20],"ascension_level":14}}