{"host":"zk71suw73lg2r165","time":1607544186,"event":{"gold_per_floor":[117,117,129,149,70,105,124,124,149,191,215,215,215,253,253,253,253],"floor_reached":16,"playtime":393,"items_purged":[],"score":290,"play_id":"9de3807b-eb86-4c22-94a4-9ec866c631f1","local_time":"20201209150306","is_ascension_mode":true,"campfire_choices":[{"floor":8,"key":"REST"},{"floor":12,"key":"REST"},{"data":"Crippling Poison","floor":15,"key":"SMITH"}],"neow_cost":"NONE","seed_source_timestamp":28220573661890,"circlet_count":0,"master_deck":["AscendersBane","Strike_G","Strike_G","Strike_G","Strike_G","Strike_G","Defend_G","Defend_G","Defend_G","Defend_G","Defend_G","Survivor+1","Neutralize","Corpse Explosion","Flying Knee+1","Deadly Poison","Crippling Poison+1","PiercingWail","Sucker Punch","Predator","Deadly Poison","Slice"],"relics":["Ring of the Snake","CeramicFish","Anchor","Boot","Ancient Tea Set","HornCleat","Blood Vial"],"potions_floor_usage":[6,10,14],"damage_taken":[{"damage":1,"enemies":"Jaw Worm","floor":1,"turns":4},{"damage":1,"enemies":"Cultist","floor":3,"turns":4},{"damage":0,"enemies":"2 Louse","floor":4,"turns":2},{"damage":24,"enemies":"Gremlin Nob","floor":6,"turns":4},{"damage":6,"enemies":"Blue Slaver","floor":7,"turns":4},{"damage":14,"enemies":"Lagavulin","floor":10,"turns":6},{"damage":1,"enemies":"3 Louse","floor":11,"turns":3},{"damage":0,"enemies":"3 Sentries","floor":14,"turns":3},{"damage":36,"enemies":"Slime Boss","floor":16,"turns":6}],"seed_played":"-7145818294821550585","potions_obtained":[{"floor":4,"key":"Poison Potion"},{"floor":6,"key":"Energy Potion"},{"floor":7,"key":"Ancient Potion"},{"floor":14,"key":"Weak Potion"}],"is_trial":false,"path_per_floor":["M","?","M","M","?","E","M","R","T","E","M","R","T","E","R","B"],"character_chosen":"THE_SILENT","items_purchased":[],"campfire_rested":2,"item_purchase_floors":[],"current_hp_per_floor":[58,38,37,37,37,13,7,26,26,12,11,30,30,30,30,0,0],"gold":253,"neow_bonus":"ONE_RANDOM_RARE_CARD","is_prod":false,"is_daily":false,"chose_seed":false,"campfire_upgraded":1,"win_rate":0,"timestamp":1607544186,"path_taken":["M","?","M","M","?","E","?","R","T","E","?","R","?","E","R","BOSS"],"build_version":"2020-11-30","purchased_purges":0,"victory":false,"max_hp_per_floor":[66,66,66,66,66,66,66,66,66,66,66,66,66,66,66,66,66],"relic_stats":{"Blood Vial":2,"counters":[9,36],"CeramicFish":45,"Boot":[15],"obtain_stats":[{"Blood Vial":14,"Anchor":6,"HornCleat":13,"CeramicFish":5,"Boot":9,"Ancient Tea Set":10,"Ring of the Snake":0},{"Blood Vial":8,"Anchor":4,"HornCleat":7,"CeramicFish":3,"Boot":5,"Ancient Tea Set":6,"Ring of the Snake":0},{"Blood Vial":30,"Anchor":14,"HornCleat":27,"CeramicFish":10,"Boot":18,"Ancient Tea Set":24,"Ring of the Snake":0}],"Ring of the Snake":[18]},"card_choices":[{"not_picked":["Acrobatics","Setup"],"picked":"Flying Knee","floor":1},{"not_picked":["Quick Slash","Slice"],"picked":"Deadly Poison","floor":3},{"not_picked":["Quick Slash","Riddle With Holes"],"picked":"Crippling Poison","floor":4},{"not_picked":["Outmaneuver","Poisoned Stab"],"picked":"PiercingWail","floor":6},{"not_picked":["Dodge and Roll","Slice"],"picked":"Sucker Punch","floor":7},{"not_picked":["Underhanded Strike","Doppelganger"],"picked":"Predator","floor":10},{"not_picked":["Poisoned Stab","Finisher"],"picked":"Deadly Poison","floor":11},{"not_picked":["All Out Attack","Finisher"],"picked":"Slice","floor":14}],"player_experience":1303983,"relics_obtained":[{"floor":6,"key":"Anchor"},{"floor":9,"key":"Boot"},{"floor":10,"key":"Ancient Tea Set"},{"floor":13,"key":"HornCleat"},{"floor":14,"key":"Blood Vial"}],"event_choices":[{"damage_healed":0,"gold_gain":0,"player_choice":"Entered Light","damage_taken":20,"max_hp_gain":0,"max_hp_loss":0,"event_name":"Shining Light","floor":2,"gold_loss":0,"cards_upgraded":["Survivor","Flying Knee"]},{"damage_healed":0,"gold_gain":0,"player_choice":"Paid Gold","damage_taken":0,"relics_obtained":["CeramicFish"],"max_hp_gain":0,"max_hp_loss":0,"event_name":"WeMeetAgain","floor":5,"gold_loss":79}],"is_beta":false,"boss_relics":[],"items_purged_floors":[],"is_endless":false,"potions_floor_spawned":[4,6,7,14],"killed_by":"Slime Boss","ascension_level":20}}