{"host":"plbsiuh3vwan8ocg","time":1607479076,"event":{"gold_per_floor":[118,118,137,137,137,112,112,143,143,168,343,386,386,721,721,814,814,838,838,838,492,0,0,20,59,59,74,74,27,27,27],"floor_reached":30,"playtime":1546,"items_purged":[],"score":499,"play_id":"63613af7-f899-4f5c-817c-8a236f4dadbe","local_time":"20201208205756","is_ascension_mode":true,"campfire_choices":[{"floor":7.0,"key":"REST"},{"floor":13.0,"key":"REST"},{"data":"Defragment","floor":15.0,"key":"SMITH"},{"floor":23,"key":"REST"}],"neow_cost":"TEN_PERCENT_HP_LOSS","seed_source_timestamp":503744322356200,"circlet_count":0,"master_deck":["AscendersBane","Defend_B","Defend_B+1","Defend_B","Defend_B","Zap","Dualcast","Beam Cell","Auto Shields","Streamline","Skim","Ball Lightning","Defragment+1","Barrage","Echo Form","BootSequence","Bite","Bite","Bite","Bite","Bite","Panache","Sunder","Cold Snap+1","Conserve Battery","Heatsinks","Leap+1"],"special_seed":0,"relics":["Cracked Core","Torii","Golden Idol","Bronze Scales","Question Card","FossilizedHelix","Regal Pillow","Old Coin","Empty Cage","Medical Kit","Singing Bowl","Ornamental Fan","Toxic Egg 2"],"potions_floor_usage":[27,30],"damage_taken":[{"damage":9.0,"enemies":"2 Louse","floor":1.0,"turns":2.0},{"damage":0.0,"enemies":"Small Slimes","floor":3.0,"turns":2.0},{"damage":26.0,"enemies":"Gremlin Nob","floor":8.0,"turns":4.0},{"damage":0.0,"enemies":"Jaw Worm","floor":10.0,"turns":1.0},{"damage":0.0,"enemies":"3 Sentries","floor":12.0,"turns":5.0},{"damage":1.0,"enemies":"Lagavulin","floor":14.0,"turns":6.0},{"damage":13.0,"enemies":"The Guardian","floor":16.0,"turns":9.0},{"damage":23.0,"enemies":"Shell Parasite","floor":18.0,"turns":6.0},{"damage":0,"enemies":"3 Byrds","floor":24,"turns":3},{"damage":43,"enemies":"Slavers","floor":25,"turns":6},{"damage":17,"enemies":"Snake Plant","floor":27,"turns":4},{"damage":11,"enemies":"Sentry and Sphere","floor":30,"turns":3}],"seed_played":"-1065195062783066407","potions_obtained":[{"floor":3.0,"key":"SpeedPotion"},{"floor":8.0,"key":"AttackPotion"},{"floor":14.0,"key":"GamblersBrew"},{"floor":25,"key":"Weak Potion"},{"floor":27,"key":"Block Potion"}],"is_trial":false,"path_per_floor":["M","?","M","?","?","$","R","E","T","M","?","E","R","E","R","B",null,"M","?","?","$","?","R","M","E","T","M","T","$","M"],"character_chosen":"DEFECT","items_purchased":["Streamline","Medical Kit","Panache","Sunder","Leap+1"],"campfire_rested":3,"item_purchase_floors":[6,21,21,21,29],"current_hp_per_floor":[59,42,42,39,25,25,45,19,19,19,19,19,54,53,53,40,61,38,38,29,29,29,47,47,10,10,1,1,1,0,0],"gold":27,"neow_bonus":"ONE_RARE_RELIC","is_prod":false,"is_daily":false,"chose_seed":false,"campfire_upgraded":1,"win_rate":0,"timestamp":1607479076,"path_taken":["M","?","M","?","?","$","R","E","T","M","?","E","R","E","R","BOSS","M","?","?","$","?","R","M","E","T","M","?","?","?"],"build_version":"2020-11-30","purchased_purges":0,"victory":false,"max_hp_per_floor":[68,68,68,68,68,68,68,68,68,68,68,68,68,68,68,68,68,68,47,47,47,47,47,47,47,47,47,47,47,47,47],"card_choices":[{"not_picked":["Rebound","Hologram"],"picked":"Beam Cell","floor":1.0},{"not_picked":["Turbo","Sweeping Beam"],"picked":"Auto Shields","floor":3.0},{"not_picked":["Consume","Compile Driver"],"picked":"Skim","floor":8.0},{"not_picked":["Turbo","Chaos","Redo"],"picked":"Ball Lightning","floor":10.0},{"not_picked":["Stack","Seek","Turbo"],"picked":"Defragment","floor":12.0},{"not_picked":["Turbo","Rainbow","Go for the Eyes"],"picked":"Barrage","floor":14.0},{"not_picked":["Buffer","Rainbow","Biased Cognition"],"picked":"Echo Form","floor":16.0},{"not_picked":["Streamline","Cold Snap","FTL"],"picked":"BootSequence","floor":18.0},{"not_picked":["Streamline","Conserve Battery","Steam"],"picked":"Cold Snap+1","floor":24},{"not_picked":["Blizzard","Go for the Eyes","Redo"],"picked":"Conserve Battery","floor":25},{"not_picked":["Gash","Skim","Hyperbeam"],"picked":"Heatsinks","floor":27}],"player_experience":373016,"relics_obtained":[{"floor":8.0,"key":"Question Card"},{"floor":9.0,"key":"FossilizedHelix"},{"floor":12.0,"key":"Regal Pillow"},{"floor":14.0,"key":"Old Coin"},{"floor":25,"key":"Singing Bowl"},{"floor":26,"key":"Ornamental Fan"},{"floor":28,"key":"Toxic Egg 2"}],"event_choices":[{"damage_healed":0.0,"max_hp_gain":0.0,"max_hp_loss":0.0,"gold_gain":0.0,"event_name":"Golden Idol","player_choice":"Take Damage","floor":2.0,"gold_loss":0.0,"damage_taken":17.0,"relics_obtained":["Golden Idol"]},{"damage_healed":0.0,"max_hp_gain":0.0,"max_hp_loss":0.0,"gold_gain":0.0,"event_name":"Scrap Ooze","player_choice":"Success","floor":4.0,"gold_loss":0.0,"damage_taken":3.0,"relics_obtained":["Bronze Scales"]},{"damage_healed":0.0,"max_hp_gain":0.0,"max_hp_loss":0.0,"gold_gain":0.0,"event_name":"Shining Light","player_choice":"Entered Light","floor":5.0,"gold_loss":0.0,"damage_taken":14.0,"cards_upgraded":["Strike_B","Defend_B"]},{"damage_healed":0.0,"max_hp_gain":0.0,"max_hp_loss":0.0,"gold_gain":175.0,"event_name":"Liars Game","player_choice":"AGREE","floor":11.0,"gold_loss":0.0,"damage_taken":0.0,"cards_obtained":["Doubt"]},{"damage_healed":0.0,"max_hp_gain":0.0,"max_hp_loss":21.0,"gold_gain":0.0,"event_name":"Vampires","player_choice":"Became a vampire","floor":19.0,"gold_loss":0.0,"damage_taken":0.0,"cards_obtained":["Bite","Bite","Bite","Bite","Bite"]},{"damage_healed":0.0,"max_hp_gain":0.0,"max_hp_loss":0.0,"gold_gain":0.0,"event_name":"Cursed Tome","player_choice":"Stopped","floor":20.0,"gold_loss":0.0,"damage_taken":9.0},{"damage_healed":0,"gold_gain":0,"player_choice":"Paid Fearfully","damage_taken":0,"max_hp_gain":0,"max_hp_loss":0,"event_name":"Masked Bandits","floor":22,"gold_loss":492}],"is_beta":false,"boss_relics":[{"not_picked":["Runic Dome","Runic Pyramid"],"picked":"Empty Cage"}],"items_purged_floors":[],"is_endless":false,"potions_floor_spawned":[3,8,14,25,27],"killed_by":"Sentry and Sphere","ascension_level":13}}