{"host":"lhth1efayex2023z","time":1607545040,"event":{"gold_per_floor":[118,118,118,136,149,149,164,197,248,248,94,94,94,111,111,111,111],"floor_reached":16,"playtime":319,"items_purged":["Regret"],"score":150,"play_id":"eb35ca45-a326-444d-8f85-806d94b536ba","local_time":"20201209131720","is_ascension_mode":true,"campfire_choices":[{"data":"Dualcast","floor":6.0,"key":"SMITH"},{"floor":10.0,"key":"REST"},{"data":"Defragment","floor":13.0,"key":"SMITH"},{"data":"Glacier","floor":15.0,"key":"SMITH"}],"neow_cost":"PERCENT_DAMAGE","seed_source_timestamp":1386975733350200,"circlet_count":0,"master_deck":["AscendersBane","Strike_B","Strike_B","Strike_B","Defend_B","Defend_B","Defend_B","Defend_B","Zap+1","Dualcast+1","Ball Lightning","Glacier+1","Thunder Strike","Defragment+1","Storm"],"special_seed":0,"relics":["Cracked Core","Letter Opener","Vajra","Orichalcum"],"potions_floor_usage":[16],"damage_taken":[{"damage":15.0,"enemies":"2 Louse","floor":1.0,"turns":3.0},{"damage":5.0,"enemies":"Jaw Worm","floor":4.0,"turns":3.0},{"damage":1.0,"enemies":"Cultist","floor":5.0,"turns":3.0},{"damage":16.0,"enemies":"Red Slaver","floor":7.0,"turns":3.0},{"damage":26.0,"enemies":"Gremlin Nob","floor":8.0,"turns":4.0},{"damage":3.0,"enemies":"3 Louse","floor":14.0,"turns":2.0},{"damage":23,"enemies":"The Guardian","floor":16,"turns":5}],"seed_played":"-6789863727176359145","potions_obtained":[{"floor":8.0,"key":"Weak Potion"}],"is_trial":false,"path_per_floor":["M","?","?","M","M","R","M","E","T","R","$","?","R","M","R","B"],"character_chosen":"DEFECT","items_purchased":["Defragment"],"campfire_rested":1,"item_purchase_floors":[11],"current_hp_per_floor":[49,49,49,44,43,43,27,1,1,27,27,20,20,17,17,0,0],"gold":111,"neow_bonus":"TWENTY_PERCENT_HP_BONUS","is_prod":false,"is_daily":false,"chose_seed":false,"campfire_upgraded":3,"win_rate":0,"timestamp":1607545040,"path_taken":["M","?","?","?","M","R","M","E","T","R","?","?","R","M","R","BOSS"],"build_version":"2020-11-30","purchased_purges":1,"victory":false,"max_hp_per_floor":[89,89,89,89,89,89,89,89,89,89,89,89,89,89,89,89,89],"card_choices":[{"not_picked":["Hologram","Rebound","Double Energy"],"picked":"SKIP","floor":1.0},{"not_picked":["Turbo","Hologram"],"picked":"Ball Lightning","floor":4.0},{"not_picked":["Recycle","Rebound","Sweeping Beam"],"picked":"SKIP","floor":5.0},{"not_picked":["Barrage","Leap"],"picked":"Glacier","floor":7.0},{"not_picked":["Compile Driver","Hologram"],"picked":"Thunder Strike","floor":8.0},{"not_picked":["Sweeping Beam","Stack"],"picked":"Storm","floor":14.0}],"player_experience":343555,"relics_obtained":[{"floor":8.0,"key":"Vajra"},{"floor":9.0,"key":"Orichalcum"}],"event_choices":[{"damage_healed":0.0,"max_hp_gain":0.0,"max_hp_loss":0.0,"gold_gain":0.0,"event_name":"Big Fish","player_choice":"Box","floor":2.0,"gold_loss":0.0,"damage_taken":0.0,"relics_obtained":["Letter Opener"],"cards_obtained":["Regret"]},{"damage_healed":0.0,"max_hp_gain":0.0,"max_hp_loss":0.0,"gold_gain":0.0,"event_name":"Upgrade Shrine","player_choice":"Upgraded","floor":3.0,"gold_loss":0.0,"damage_taken":0.0,"cards_upgraded":["Zap"]},{"cards_removed":["Strike_B"],"damage_healed":0.0,"max_hp_gain":0.0,"max_hp_loss":0.0,"gold_gain":0.0,"event_name":"Golden Wing","player_choice":"Card Removal","floor":12.0,"gold_loss":0.0,"damage_taken":7.0}],"is_beta":false,"boss_relics":[],"items_purged_floors":[11],"is_endless":false,"potions_floor_spawned":[8],"killed_by":"The Guardian","ascension_level":10}}