{"host":"ek0z0lqzh47k8ua6","time":1607493429,"event":{"gold_per_floor":[119,119,136,147,23,55,74,104,129,129,129,146,162,180,180,283,283,299,299,317,119,119,119,135,169,218,218,232,244,244,268,268,268,268],"floor_reached":33,"playtime":1653,"items_purged":[],"score":279,"play_id":"865ac7b9-76c7-4f6c-aa91-df33bb66ed99","local_time":"20201209005709","is_ascension_mode":false,"campfire_choices":[{"data":"PrismaMod:IllyaCarnivalOrbs","floor":11,"key":"SMITH"},{"floor":15,"key":"REST"},{"floor":23,"key":"REST"},{"floor":30,"key":"REST"},{"floor":32,"key":"REST"}],"neow_cost":"NONE","seed_source_timestamp":955857679500900,"circlet_count":0,"master_deck":["PrismaMod:IllyaCommonAttack","PrismaMod:IllyaCommonDefend","PrismaMod:IllyaCommonAttack","PrismaMod:IllyaCommonDefend","PrismaMod:IllyaCommonAttack","PrismaMod:IllyaCommonDefend","PrismaMod:IllyaCommonAttack","PrismaMod:IllyaCommonDefend","PrismaMod:IllyaCommonAttack","PrismaMod:IllyaUncommonAttack","PrismaMod:IllyaUncommonDefend","PrismaMod:IllyaUncommonAOEAttack","PrismaMod:IllyaPoisoningPhantasm","PrismaMod:IllyaCarnivalAttack","PrismaMod:IllyaCheapChannelDefend","PrismaMod:IllyaRussianRoulette","PrismaMod:IllyaPoisonTippedWeapons","PrismaMod:IllyaCheapAttack","PrismaMod:IllyaCarnivalOrbs+1","PrismaMod:IllyaRubysPotion","PrismaMod:IllyaAssassinRevenge","PrismaMod:IllyaFriendMaker","PrismaMod:IllyaUberPoisonBlock","PrismaMod:IllyaPoisonBomb","PrismaMod:IllyaInstallArcher","PrismaMod:IllyaBoysLove","PrismaMod:IllyaCheapChannelPoison","PrismaMod:IllyaBlindPoisonToss","Writhe","PrismaMod:IllyaRubysPotion","PrismaMod:IllyaMinorReinForce","PrismaMod:IllyaRussianRoulette","PrismaMod:IllyaInstallMoonCancer"],"relics":["PrismaMod:PrismaRuby","NeowsBlessing","hubris:SlimyHat","hubris:Potato","Happy Flower","Fusion Hammer","Tiny Chest","Tea:ReiMu","PreservedInsect","hubris:ToyBattleship","MealTicket"],"potions_floor_usage":[28,28,33,33],"damage_taken":[{"damage":0,"enemies":"Cultist","floor":1,"turns":1},{"damage":0,"enemies":"Small Slimes","floor":3,"turns":1},{"damage":0,"enemies":"infinitespire:Voidling","floor":4,"turns":1},{"damage":2,"enemies":"Gremlin Nob","floor":6,"turns":5},{"damage":2,"enemies":"3 Louse","floor":7,"turns":3},{"damage":16,"enemies":"Lagavulin","floor":8,"turns":7},{"damage":0,"enemies":"Exordium Wildlife","floor":12,"turns":3},{"damage":6,"enemies":"Looter","floor":13,"turns":3},{"damage":13,"enemies":"Red Slaver","floor":14,"turns":3},{"damage":37,"enemies":"Hexaghost","floor":16,"turns":11},{"damage":16,"enemies":"Spheric Guardian","floor":18,"turns":4},{"damage":12,"enemies":"Chosen","floor":20,"turns":5},{"damage":6,"enemies":"Centurion and Healer","floor":24,"turns":7},{"damage":79,"enemies":"Slavers","floor":25,"turns":5},{"damage":4,"enemies":"Cultist and Chosen","floor":28,"turns":5},{"damage":12,"enemies":"Snecko","floor":29,"turns":5},{"damage":65,"enemies":"Automaton","floor":33,"turns":6}],"seed_played":"4820969735812932567","potions_obtained":[{"floor":3,"key":"GamblersBrew"},{"floor":4,"key":"Energy Potion"},{"floor":6,"key":"Fire Potion"},{"floor":12,"key":"Weak Potion"},{"floor":18,"key":"GrandPatriotsElixir:ReiMu"},{"floor":28,"key":"DuplicationPotion"}],"is_trial":false,"path_per_floor":["M","?","M","M","$","E","M","E","T","?","R","M","M","M","R","B",null,"M","?","M","$","?","R","M","E","T","?","M","M","R","T","R","B"],"character_chosen":"ILLYA","items_purchased":["PrismaMod:IllyaPoisonTippedWeapons","PrismaMod:IllyaCheapAttack","PrismaMod:IllyaBlindPoisonToss","Tiny Chest"],"campfire_rested":4,"item_purchase_floors":[5,5,21,21],"current_hp_per_floor":[75,75,75,75,75,73,71,60,60,60,60,65,64,51,73,41,75,59,59,52,52,52,74,75,1,1,1,15,11,33,33,55,0,0],"gold":268,"neow_bonus":"THREE_ENEMY_KILL","is_prod":false,"is_daily":false,"chose_seed":false,"campfire_upgraded":1,"win_rate":0,"timestamp":1607493429,"path_taken":["M","?","?","M","$","E","M","E","T","?","R","?","M","M","R","BOSS","M","?","M","$","?","R","M","E","T","?","M","?","R","?","R","BOSS"],"build_version":"2020-11-30","purchased_purges":0,"victory":false,"max_hp_per_floor":[75,75,75,75,75,75,75,75,75,75,75,75,75,75,75,75,75,75,75,75,75,75,75,75,75,75,75,75,75,75,75,75,75,75],"card_choices":[{"not_picked":["PrismaMod:IllyaRubysPotion","PrismaMod:IllyaCheapChannelAttack"],"picked":"PrismaMod:IllyaUncommonAOEAttack","floor":1},{"not_picked":["PrismaMod:IllyaUberPoisonBlock","PrismaMod:IllyaAssassinRevenge"],"picked":"PrismaMod:IllyaCheapChannelDefend","floor":3},{"not_picked":["PrismaMod:IllyaCheapChannelAttack","PrismaMod:IllyaBoysLove"],"picked":"PrismaMod:IllyaRussianRoulette","floor":4},{"not_picked":["PrismaMod:IllyaPoisoningPhantasm","PrismaMod:IllyaMaid"],"picked":"PrismaMod:IllyaCarnivalOrbs","floor":6},{"not_picked":["PrismaMod:IllyaPartialInstallAssassin","PrismaMod:IllyaTestament"],"picked":"PrismaMod:IllyaRubysPotion","floor":7},{"not_picked":["PrismaMod:IllyaMinorRapidFire","PrismaMod:IllyaGun"],"picked":"PrismaMod:IllyaAssassinRevenge","floor":8},{"not_picked":["PrismaMod:IllyaReinForce","PrismaMod:IllyaCheapDefend"],"picked":"PrismaMod:IllyaFriendMaker","floor":12},{"not_picked":["PrismaMod:IllyaRussianRoulette","PrismaMod:IllyaPoisonBomb"],"picked":"PrismaMod:IllyaUberPoisonBlock","floor":13},{"not_picked":["PrismaMod:IllyaUberPoisonBlock","PrismaMod:IllyaSaphire"],"picked":"PrismaMod:IllyaPoisonBomb","floor":14},{"not_picked":["PrismaMod:IllyaInstallLancer","PrismaMod:IllyaUberAttackChannel"],"picked":"PrismaMod:IllyaInstallArcher","floor":16},{"not_picked":["PrismaMod:IllyaBerserCAR","PrismaMod:IllyaCheapChannelAttack"],"picked":"PrismaMod:IllyaBoysLove","floor":18},{"not_picked":["PrismaMod:IllyaMinorRapidFire","PrismaMod:IllyaUncommonDefend"],"picked":"PrismaMod:IllyaCheapChannelPoison","floor":20},{"not_picked":["PrismaMod:IllyaUberPoisonBlock","PrismaMod:IllyaUncommonAOEAttack"],"picked":"PrismaMod:IllyaRubysPotion","floor":24},{"not_picked":["PrismaMod:IllyaBerserCAR","PrismaMod:IllyaCarnivalOrbs"],"picked":"PrismaMod:IllyaMinorReinForce","floor":25},{"not_picked":["PrismaMod:IllyaCheapDefend","PrismaMod:IllyaTestament"],"picked":"PrismaMod:IllyaRussianRoulette","floor":28},{"not_picked":["PrismaMod:IllyaAOECommonAttack","PrismaMod:IllyaMaid"],"picked":"PrismaMod:IllyaInstallMoonCancer","floor":29}],"player_experience":156955,"relics_obtained":[{"floor":6,"key":"hubris:SlimyHat"},{"floor":8,"key":"hubris:Potato"},{"floor":9,"key":"Happy Flower"},{"floor":25,"key":"PreservedInsect"},{"floor":26,"key":"hubris:ToyBattleship"},{"floor":31,"key":"MealTicket"}],"event_choices":[{"damage_healed":0,"gold_gain":0,"player_choice":"2 cards matched","damage_taken":0,"max_hp_gain":0,"max_hp_loss":0,"event_name":"Match and Keep!","floor":2,"gold_loss":0,"cards_obtained":["PrismaMod:IllyaPoisoningPhantasm","PrismaMod:IllyaCarnivalAttack"]},{"damage_healed":0,"gold_gain":0,"player_choice":"2 cards matched","damage_taken":0,"max_hp_gain":0,"max_hp_loss":0,"event_name":"Match and Keep!","floor":2,"gold_loss":0,"cards_obtained":["PrismaMod:IllyaPoisoningPhantasm","PrismaMod:IllyaCarnivalAttack"]},{"cards_removed":["PrismaMod:IllyaCommonDefend"],"damage_healed":0,"gold_gain":0,"player_choice":"Purged","damage_taken":0,"max_hp_gain":0,"max_hp_loss":0,"event_name":"Purifier","floor":10,"gold_loss":0},{"damage_healed":0,"gold_gain":0,"player_choice":"Ignored","damage_taken":0,"max_hp_gain":0,"max_hp_loss":0,"event_name":"Cursed Tome","floor":19,"gold_loss":0},{"damage_healed":0,"gold_gain":0,"player_choice":"Opened","damage_taken":0,"relics_obtained":["Tea:ReiMu"],"max_hp_gain":0,"max_hp_loss":0,"event_name":"The Mausoleum","floor":22,"gold_loss":0,"cards_obtained":["Writhe"]},{"damage_healed":0,"gold_gain":0,"player_choice":"Bought 0 Potions","damage_taken":0,"max_hp_gain":0,"max_hp_loss":0,"event_name":"The Woman in Blue","floor":27,"gold_loss":0}],"is_beta":false,"boss_relics":[{"not_picked":["Astrolabe","hubris:TerracottaHorce"],"picked":"Fusion Hammer"}],"items_purged_floors":[],"is_endless":false,"potions_floor_spawned":[3,4,6,8,12,18,24,28],"killed_by":"Automaton","ascension_level":0}}