{"host":"6z6y4ky8uzsz1dpj","time":1607517769,"event":{"gold_per_floor":[529,285,397,514,631,631,424,304,304,304],"floor_reached":9,"playtime":715,"items_purged":["Strike_W","Strike_W","Strike_W","Strike_W"],"score":226,"play_id":"ec7b118c-28b6-4eb1-b32d-4a3dcb3fa4ad","local_time":"20201209074249","daily_mods":["challengethespire:Bronze Difficulty","challengethespire:Boss Rush","Uncertain Future"],"is_ascension_mode":false,"campfire_choices":[],"neow_cost":"","seed_source_timestamp":0,"circlet_count":0,"master_deck":["Defend_W","Defend_W","Defend_W","Defend_W","Negative_Energy_Arrows","Bone_Wall","Summon_Undead_Army+1","Bone_Armory+1","Summon_Lich+1","Summon_Undead_Army+1","Summon_Lich+1","Bone_Armory+1","Bone_Armory+1","Summon_Lich+1","Bone_Bullets+1","Bone_Armory+1","Whirlwind_of_Bones+1","Bone_Armor+1","Bone_Shift+1","Whirlwind_of_Bones+1","Finesse+1"],"relics":["Vampire_Amulet","The Courier","Molten Egg 2","Toxic Egg 2","Frozen Egg 2","StrikeDummy","Potion Belt","Onion Ring","Cursed Key"],"potions_floor_usage":[],"damage_taken":[{"damage":27,"enemies":"Slime Boss","floor":3,"turns":7},{"damage":31,"enemies":"The Guardian","floor":4,"turns":8},{"damage":1,"enemies":"Hexaghost","floor":5,"turns":8},{"damage":42,"enemies":"Champ","floor":9,"turns":8}],"seed_played":"5482327511937553378","potions_obtained":[{"floor":3,"key":"LiquidBronze"}],"is_trial":true,"path_per_floor":["$","$","M","M","M","T","$","$","M"],"character_chosen":"NECROMANCER","items_purchased":["Summon_Undead_Army+1","Bone_Armory+1","Summon_Lich+1","Summon_Undead_Army+1","Summon_Lich+1","Bone_Armory+1","Bone_Armory+1","Summon_Lich+1","Bone_Bullets+1","Bone_Armory+1","Whirlwind_of_Bones+1","Finesse+1"],"campfire_rested":0,"item_purchase_floors":[1,1,1,1,1,1,1,2,2,2,7,7],"current_hp_per_floor":[75,75,56,27,28,28,28,28,0,0],"gold":304,"neow_bonus":"","is_prod":false,"is_daily":false,"chose_seed":false,"campfire_upgraded":0,"win_rate":0,"timestamp":1607517769,"path_taken":["$","$","M","M","M","T","$","$","M"],"build_version":"2020-11-30","purchased_purges":4,"victory":false,"max_hp_per_floor":[75,75,75,75,75,75,75,75,75,75],"card_choices":[],"player_experience":151806,"relics_obtained":[{"floor":3,"key":"StrikeDummy"},{"floor":4,"key":"Potion Belt"},{"floor":5,"key":"Onion Ring"}],"event_choices":[],"is_beta":false,"boss_relics":[{"not_picked":["Snecko Eye","Runic Pyramid"],"picked":"Cursed Key"}],"items_purged_floors":[1,2,7,8],"is_endless":false,"potions_floor_spawned":[3],"killed_by":"Champ","ascension_level":0}}