{"host":"3q9keoo8j4hzgybw","time":1607550915,"event":{"gold_per_floor":[109,122,197,147,157,187,187,212,261,261,261,261],"floor_reached":11,"playtime":750,"items_purged":[],"score":85,"play_id":"29e89d0e-0940-48be-9125-039ea0e620ec","local_time":"20201209225515","is_ascension_mode":true,"campfire_choices":[{"floor":7,"key":"REST"}],"neow_cost":"PERCENT_DAMAGE","seed_source_timestamp":27380878180800,"circlet_count":0,"master_deck":["Strike_RM","Strike_RM","Strike_RM","Strike_RM","Defend_RM","Defend_RM","Defend_RM","RedMoon","ScarletShoot+1","UnstableMagic","AfternoonTea"],"relics":["ScarletHat","TypeBBloodRedTea","Molten Egg 2","Lantern","Strawberry"],"potions_floor_usage":[],"damage_taken":[{"damage":0,"enemies":"Jaw Worm","floor":1,"turns":5},{"damage":0,"enemies":"2 Louse","floor":2,"turns":5},{"damage":0,"enemies":"Cultist","floor":5,"turns":4},{"damage":72,"enemies":"Gremlin Nob","floor":6,"turns":8},{"damage":20,"enemies":"Lagavulin","floor":8,"turns":10},{"damage":30,"enemies":"Gremlin Nob","floor":11,"turns":4}],"seed_played":"8674100641962342879","potions_obtained":[{"floor":6,"key":"AttackPotion"},{"floor":8,"key":"PowerPotion"}],"is_trial":false,"path_per_floor":["M","M","?","?","M","E","R","E","T","?","E"],"character_chosen":"REMILIA","items_purchased":[],"campfire_rested":1,"item_purchase_floors":[],"current_hp_per_floor":[60,63,52,52,55,4,26,14,21,21,0,0],"gold":261,"neow_bonus":"ONE_RARE_RELIC","is_prod":false,"is_daily":false,"chose_seed":false,"campfire_upgraded":0,"win_rate":0,"timestamp":1607550915,"path_taken":["M","M","?","?","M","E","R","E","T","?","E"],"build_version":"2020-11-30","purchased_purges":0,"victory":false,"max_hp_per_floor":[75,75,75,75,75,75,75,75,82,82,82,82],"card_choices":[{"not_picked":["BombardNight","EndlessAdversity"],"picked":"UnstableMagic","floor":1},{"not_picked":["MastersStateliness","CharismaGuard"],"picked":"AfternoonTea","floor":2},{"not_picked":["EndlessAdversity","ScarletImprint","BlasphemousPunishment"],"picked":"SKIP","floor":5},{"not_picked":["ForbiddenFruit","BatForm","DiffusionOfMisfortune+1"],"picked":"SKIP","floor":6},{"not_picked":["UnderTheZenith","ScarletImprint+1","BatForm"],"picked":"SKIP","floor":8}],"player_experience":54979,"relics_obtained":[{"floor":6,"key":"Molten Egg 2"},{"floor":8,"key":"Lantern"},{"floor":9,"key":"Strawberry"}],"event_choices":[{"damage_healed":0,"gold_gain":75,"player_choice":"Gather Gold","damage_taken":11,"max_hp_gain":0,"max_hp_loss":0,"event_name":"World of Goop","floor":3,"gold_loss":0},{"cards_removed":["Defend_RM"],"damage_healed":0,"gold_gain":0,"player_choice":"Card Removal","damage_taken":0,"max_hp_gain":0,"max_hp_loss":0,"event_name":"The Cleric","floor":4,"gold_loss":50},{"damage_healed":0,"gold_gain":0,"player_choice":"Forge","damage_taken":0,"max_hp_gain":0,"max_hp_loss":0,"event_name":"Accursed Blacksmith","floor":10,"gold_loss":0,"cards_upgraded":["ScarletShoot"]}],"is_beta":false,"boss_relics":[],"items_purged_floors":[],"is_endless":false,"potions_floor_spawned":[6,8],"killed_by":"Gremlin Nob","ascension_level":1}}