{"host":"e4wnmsyty9uvvtwf","time":1607525057,"event":{"gold_per_floor":[362,362,362,362,44,44,71,87,87,362,362,379,379,407,407,505,505,523,536,536,536,118,118,128,128,173,206,225,243,67,86,86,181,181,194,74,125,138,138,188,188,188,259,69,83,83,32,50,50,50],"floor_reached":51,"playtime":1786,"items_purged":["Regret","Shame"],"score":846,"play_id":"3703e8a4-f7b8-4b1f-96b2-738fc4d86782","local_time":"20201209224417","is_ascension_mode":false,"campfire_choices":[{"data":"TheCursedMod:CircleOfAmplification","floor":6,"key":"SMITH"},{"data":"TheCursedMod:ReleasedKnowledge","floor":11,"key":"SMITH"},{"data":"TheCursedMod:EmpowerCircles","floor":13,"key":"SMITH"},{"data":"TheCursedMod:CursedMace","floor":15,"key":"SMITH"},{"data":"TheCursedMod:AntiAging","floor":23,"key":"SMITH"},{"data":"TheCursedMod:CursedBoomerang","floor":25,"key":"SMITH"},{"floor":32,"key":"REST"},{"data":"TheCursedMod:DarkBarrier","floor":42,"key":"SMITH"},{"data":"TheCursedMod:EmpowerCircles","floor":46,"key":"SMITH"},{"data":"TheCursedMod:CircleOfFocus","floor":49,"key":"SMITH"}],"neow_cost":"CURSE","seed_source_timestamp":945935142754600,"circlet_count":0,"master_deck":["TheCursedMod:Strike_TheCursed","TheCursedMod:CleanUpWorkshop+1","TheCursedMod:SpitefulStrike","TheCursedMod:TacticalStrike+1","TheCursedMod:VitalStrike+1","TheCursedMod:FuryStrike","TheCursedMod:FuryStrike","TheCursedMod:CircleOfWindfury+1","TheCursedMod:CursedSpellbook+1","TheCursedMod:StunningStrike","TheCursedMod:SpitefulPlan","TheCursedMod:EmpowerCircles+1","TheCursedMod:CircleOfAmplification+1","Bandage Up","TheCursedMod:CircleOfCorruption","TheCursedMod:ReleasedKnowledge+1","Regret","TheCursedMod:CursedMace+1","TheCursedMod:AntiAging+1","TheCursedMod:CursedBoomerang+1","TheCursedMod:SurpriseAttack","TheCursedMod:LuckyCharm","TheCursedMod:FleshFromBone","TheCursedMod:SurpriseAttack","TheCursedMod:SpitefulStrike+1","TheCursedMod:CursedAmulet","TheCursedMod:CircleOfFocus+1","TheCursedMod:SurpriseAttack","TheCursedMod:CursedArmor","TheCursedMod:DarkBarrier+1","TheCursedMod:EmpowerCircles+1","Madness","TheCursedMod:FuryStrike","Madness","Madness","TheCursedMod:StingEye+1","TheCursedMod:CircleOfFlame","TheCursedMod:Hemoplague","TheCursedMod:CircleOfFlame","TheCursedMod:CursedShiv","TheCursedMod:CircleOfCorruption+1"],"relics":["TheCursedMod:FourLeafCloverCharm","War Paint","TungstenRod","Blue Candle","Whetstone","Busted Crown","Omamori","MutagenicStrength","Membership Card","StrikeDummy","Akabeko","Pantograph","Shuriken","Philosopher\u0027s Stone","Calipers","Ginger","WarpedTongs","HornCleat","Pear"],"potions_floor_usage":[50],"damage_taken":[{"damage":0,"enemies":"Small Slimes","floor":1,"turns":1},{"damage":18,"enemies":"3 Sentries","floor":7,"turns":4},{"damage":0,"enemies":"2 Louse","floor":8,"turns":1},{"damage":0,"enemies":"Cultist","floor":12,"turns":2},{"damage":0,"enemies":"Gremlin Nob","floor":14,"turns":2},{"damage":0,"enemies":"Slime Boss","floor":16,"turns":4},{"damage":9,"enemies":"Spheric Guardian","floor":18,"turns":3},{"damage":8,"enemies":"Chosen","floor":19,"turns":4},{"damage":27,"enemies":"Shelled Parasite and Fungi","floor":24,"turns":4},{"damage":0,"enemies":"Gremlin Leader","floor":27,"turns":5},{"damage":13,"enemies":"3 Cultists","floor":28,"turns":4},{"damage":16,"enemies":"Centurion and Healer","floor":29,"turns":4},{"damage":8,"enemies":"Chosen and Byrds","floor":31,"turns":4},{"damage":23,"enemies":"Champ","floor":33,"turns":6},{"damage":7,"enemies":"3 Shapes","floor":35,"turns":4},{"damage":1,"enemies":"2 Orb Walkers","floor":37,"turns":2},{"damage":4,"enemies":"Orb Walker","floor":38,"turns":2},{"damage":24,"enemies":"Mind Bloom Boss Battle","floor":40,"turns":6},{"damage":23,"enemies":"3 Darklings","floor":45,"turns":5},{"damage":6,"enemies":"4 Shapes","floor":48,"turns":6},{"damage":49,"enemies":"Awakened One","floor":50,"turns":6}],"seed_played":"-5780025835055239363","potions_obtained":[{"floor":7,"key":"SteroidPotion"},{"floor":12,"key":"Strength Potion"},{"floor":18,"key":"LiquidMemories"}],"is_trial":false,"path_per_floor":["M","?","?","?","$","R","E","M","T","?","R","M","R","E","R","B",null,"M","M","?","?","$","R","M","R","T","E","M","M","$","M","R","B",null,"M","$","?","M","?","?","?","R","T","$","M","R","$","M","R","B",null],"character_chosen":"THE_CURSED","items_purchased":["TheCursedMod:EmpowerCircles","TheCursedMod:CircleOfAmplification","Bandage Up","Membership Card","TheCursedMod:SurpriseAttack","TheCursedMod:LuckyCharm","StrikeDummy","TheCursedMod:FleshFromBone","TheCursedMod:SurpriseAttack","TheCursedMod:CursedArmor","Shuriken","TheCursedMod:EmpowerCircles","Madness","TheCursedMod:FuryStrike","TheCursedMod:CircleOfFlame","TheCursedMod:Hemoplague","Pear","TheCursedMod:CircleOfFlame","TheCursedMod:CursedShiv"],"campfire_rested":1,"item_purchase_floors":[5,5,5,22,22,22,22,22,30,30,30,36,36,36,44,44,44,47,47],"current_hp_per_floor":[75,68,68,68,68,68,54,58,58,58,58,62,62,66,66,70,72,63,61,61,61,61,61,38,38,38,45,39,30,30,26,50,59,86,83,83,85,81,71,66,66,66,66,76,62,62,62,60,60,43],"gold":50,"neow_bonus":"TWO_FIFTY_GOLD","is_prod":false,"is_daily":false,"chose_seed":false,"campfire_upgraded":9,"win_rate":0,"timestamp":1607525057,"path_taken":["M","?","?","?","$","R","E","M","T","?","R","M","R","E","R","BOSS","M","?","?","?","$","R","M","R","T","E","M","M","$","?","R","BOSS","M","$","?","M","?","?","?","R","T","$","?","R","?","M","R","BOSS"],"build_version":"2020-11-30","purchased_purges":2,"victory":true,"max_hp_per_floor":[75,72,72,72,72,72,72,72,72,72,72,72,72,72,72,72,72,72,74,74,74,74,74,74,74,74,77,80,83,83,83,83,86,86,86,86,86,86,86,86,86,86,86,96,99,99,99,99,99,102],"card_choices":[{"not_picked":["TheCursedMod:CursedAmulet","TheCursedMod:SurpriseAttack"],"picked":"TheCursedMod:SpitefulPlan","floor":1},{"not_picked":["TheCursedMod:Stigma","TheCursedMod:FleshFromBone"],"picked":"TheCursedMod:CircleOfCorruption","floor":7},{"not_picked":["TheCursedMod:SpitefulPray","TheCursedMod:ManaBullet"],"picked":"TheCursedMod:ReleasedKnowledge","floor":8},{"not_picked":["TheCursedMod:WearCloak","TheCursedMod:CursedBlade","TheCursedMod:RapidMovement"],"picked":"SKIP","floor":12},{"not_picked":["TheCursedMod:RavingStaff","TheCursedMod:Stretching"],"picked":"TheCursedMod:CursedMace","floor":14},{"not_picked":["TheCursedMod:DemonSword","TheCursedMod:ManaCirculation"],"picked":"TheCursedMod:AntiAging","floor":16},{"not_picked":[],"picked":"TheCursedMod:CursedBoomerang","floor":18},{"not_picked":["TheCursedMod:Stretching"],"picked":"SKIP","floor":19},{"not_picked":[],"picked":"TheCursedMod:SurpriseAttack","floor":24},{"not_picked":[],"picked":"TheCursedMod:SpitefulStrike+1","floor":27},{"not_picked":[],"picked":"TheCursedMod:CursedAmulet","floor":28},{"not_picked":[],"picked":"TheCursedMod:CircleOfFocus","floor":29},{"not_picked":["TheCursedMod:LuckyCharm"],"picked":"SKIP","floor":31},{"not_picked":[],"picked":"TheCursedMod:DarkBarrier","floor":33},{"not_picked":["TheCursedMod:CursedBlade"],"picked":"SKIP","floor":35},{"not_picked":["TheCursedMod:Wield+1"],"picked":"SKIP","floor":38},{"not_picked":[],"picked":"TheCursedMod:StingEye+1","floor":40},{"not_picked":["TheCursedMod:HellsGateOpen"],"picked":"SKIP","floor":45},{"not_picked":[],"picked":"TheCursedMod:CircleOfCorruption+1","floor":48}],"player_experience":470256,"relics_obtained":[{"floor":7,"key":"TungstenRod"},{"floor":9,"key":"Blue Candle"},{"floor":14,"key":"Whetstone"},{"floor":26,"key":"Akabeko"},{"floor":27,"key":"Pantograph"},{"floor":37,"key":"Calipers"},{"floor":40,"key":"Ginger"},{"floor":43,"key":"HornCleat"}],"event_choices":[{"cards_removed":["Parasite"],"damage_healed":0,"gold_gain":0,"player_choice":"Card Removal","damage_taken":7,"max_hp_gain":0,"max_hp_loss":0,"event_name":"Golden Wing","floor":2,"gold_loss":0},{"damage_healed":0,"gold_gain":0,"player_choice":"Grow","damage_taken":0,"max_hp_gain":0,"max_hp_loss":0,"event_name":"Living Wall","floor":3,"gold_loss":0,"cards_upgraded":["TheCursedMod:CircleOfWindfury"]},{"damage_healed":0,"gold_gain":0,"player_choice":"Box","damage_taken":0,"relics_obtained":["War Paint"],"max_hp_gain":0,"max_hp_loss":0,"event_name":"Big Fish","floor":4,"gold_loss":0,"cards_obtained":["Regret"]},{"damage_healed":0,"gold_gain":275,"player_choice":"Desecrate","damage_taken":0,"max_hp_gain":0,"max_hp_loss":0,"event_name":"Golden Shrine","floor":10,"gold_loss":0,"cards_obtained":["Regret"]},{"damage_healed":0,"gold_gain":0,"player_choice":"Stole Relic","damage_taken":0,"relics_obtained":["Omamori"],"max_hp_gain":0,"max_hp_loss":0,"event_name":"Addict","floor":20,"gold_loss":0,"cards_obtained":["Shame"]},{"damage_healed":0,"gold_gain":0,"player_choice":"Inject Mutagens","damage_taken":0,"relics_obtained":["MutagenicStrength"],"max_hp_gain":0,"max_hp_loss":0,"event_name":"Drug Dealer","floor":21,"gold_loss":0},{"damage_healed":0,"gold_gain":0,"player_choice":"Fight","damage_taken":0,"max_hp_gain":0,"max_hp_loss":0,"event_name":"Mysterious Sphere","floor":37,"gold_loss":0},{"damage_healed":0,"gold_gain":0,"player_choice":"Embrace Madness","damage_taken":11,"max_hp_gain":0,"max_hp_loss":0,"event_name":"Winding Halls","floor":39,"gold_loss":0,"cards_obtained":["Madness","Madness"]},{"damage_healed":0,"gold_gain":0,"player_choice":"Fight","damage_taken":0,"max_hp_gain":0,"max_hp_loss":0,"event_name":"MindBloom","floor":40,"gold_loss":0},{"damage_healed":0,"gold_gain":0,"player_choice":"Rummage","damage_taken":0,"relics_obtained":["WarpedTongs"],"max_hp_gain":0,"max_hp_loss":0,"event_name":"Accursed Blacksmith","floor":41,"gold_loss":0,"cards_obtained":["Pain"]}],"is_beta":false,"boss_relics":[{"not_picked":["Empty Cage","Snecko Eye"],"picked":"Busted Crown"},{"not_picked":["Tiny House","Black Star"],"picked":"Philosopher\u0027s Stone"}],"items_purged_floors":[5,22],"is_endless":false,"potions_floor_spawned":[7,12,18,19,33,38,45],"ascension_level":0}}