{"host":"ci7ivtocgfxh0ueo","time":1607506883,"event":{"gold_per_floor":[109,109,20,35,53,53,73,87,113,93,107,118,118,40,40,116,116,129,139,139,149,166,166,166,179,179,179,179],"floor_reached":27,"playtime":709,"items_purged":[],"score":376,"play_id":"3a6efbd6-4f7d-424b-8733-d130caed52cd","local_time":"20201209174123","is_ascension_mode":true,"campfire_choices":[{"data":"White Noise","floor":6,"key":"SMITH"},{"data":"Dualcast","floor":13,"key":"SMITH"},{"floor":15,"key":"REST"},{"data":"Rainbow","floor":23,"key":"SMITH"}],"neow_cost":"NONE","seed_source_timestamp":82239627600900,"circlet_count":0,"master_deck":["AscendersBane","Strike_B+1","Defend_B","Defend_B","Defend_B","Defend_B","Zap","Dualcast+1","Enlightenment","Melter+1","White Noise+1","Auto Shields","Hologram","Ball Lightning","Melter","Rainbow+1","Steam Power+1","Consume+1","Core Surge+1","Streamline","Cold Snap","Chaos","Lockon+1"],"relics":["Cracked Core","Strawberry","Whetstone","Astrolabe","White Beast Statue"],"potions_floor_usage":[12,16,16,19,22,25,27,27],"damage_taken":[{"damage":4,"enemies":"Small Slimes","floor":1,"turns":3},{"damage":6,"enemies":"Cultist","floor":4,"turns":3},{"damage":7,"enemies":"Jaw Worm","floor":5,"turns":3},{"damage":9,"enemies":"Red Slaver","floor":7,"turns":3},{"damage":26,"enemies":"Gremlin Gang","floor":8,"turns":5},{"damage":0,"enemies":"Looter","floor":11,"turns":3},{"damage":0,"enemies":"3 Louse","floor":12,"turns":2},{"damage":22,"enemies":"The Guardian","floor":16,"turns":12},{"damage":0,"enemies":"Spheric Guardian","floor":18,"turns":1},{"damage":9,"enemies":"3 Byrds","floor":19,"turns":2},{"damage":23,"enemies":"Snecko","floor":21,"turns":5},{"damage":20,"enemies":"Snake Plant","floor":22,"turns":3},{"damage":16,"enemies":"Centurion and Healer","floor":25,"turns":6},{"damage":23,"enemies":"Book of Stabbing","floor":27,"turns":3}],"seed_played":"2536454726973238149","potions_obtained":[{"floor":4,"key":"Block Potion"},{"floor":10,"key":"PowerPotion"},{"floor":12,"key":"ColorlessPotion"},{"floor":16,"key":"PowerPotion"},{"floor":18,"key":"DistilledChaos"},{"floor":22,"key":"PowerPotion"},{"floor":24,"key":"Swift Potion"},{"floor":25,"key":"ColorlessPotion"}],"is_trial":false,"path_per_floor":["M","?","$","M","M","R","M","M","T","?","M","M","R","$","R","B",null,"M","M","?","M","M","R","?","M","T","E"],"character_chosen":"DEFECT","items_purchased":["Enlightenment","Melter"],"campfire_rested":1,"item_purchase_floors":[3,14],"current_hp_per_floor":[60,67,67,61,54,54,45,19,19,19,19,19,19,19,42,20,64,64,55,71,48,28,28,28,12,12,0,0],"gold":179,"neow_bonus":"ONE_RANDOM_RARE_CARD","is_prod":false,"is_daily":false,"chose_seed":false,"campfire_upgraded":3,"win_rate":0,"timestamp":1607506883,"path_taken":["M","?","?","?","M","R","M","M","T","?","?","M","R","$","R","BOSS","M","?","?","M","M","R","?","M","T","E"],"build_version":"2020-11-30","purchased_purges":0,"victory":false,"max_hp_per_floor":[71,78,78,78,78,78,78,78,78,78,78,78,78,78,78,78,78,78,78,78,78,78,78,78,78,78,78,78],"card_choices":[{"not_picked":["Coolheaded","Blizzard","Reinforced Body"],"picked":"SKIP","floor":1},{"not_picked":["Streamline","Go for the Eyes"],"picked":"Melter","floor":4},{"not_picked":["Go for the Eyes","Conserve Battery"],"picked":"White Noise","floor":5},{"not_picked":["Storm","Leap","Steam"],"picked":"SKIP","floor":7},{"not_picked":["FTL","BootSequence"],"picked":"Auto Shields","floor":8},{"not_picked":["Conserve Battery","Beam Cell"],"picked":"Hologram","floor":11},{"not_picked":["Compile Driver","Beam Cell"],"picked":"Ball Lightning","floor":12},{"not_picked":["Reboot","Seek"],"picked":"Rainbow","floor":16},{"not_picked":["Hello World","Compile Driver"],"picked":"Streamline","floor":18},{"not_picked":["Redo","Leap"],"picked":"Cold Snap","floor":19},{"not_picked":["Steam","Hologram","Conserve Battery"],"picked":"SKIP","floor":21},{"not_picked":["Turbo","Sunder"],"picked":"Chaos","floor":22},{"not_picked":["Conserve Battery","Leap"],"picked":"Lockon+1","floor":25}],"player_experience":1237568,"relics_obtained":[{"floor":9,"key":"Whetstone"},{"floor":26,"key":"White Beast Statue"}],"event_choices":[{"cards_removed":["Biased Cognition"],"damage_healed":0,"gold_gain":0,"player_choice":"Gave Card","damage_taken":0,"relics_obtained":["Strawberry"],"max_hp_gain":0,"max_hp_loss":0,"event_name":"WeMeetAgain","floor":2,"gold_loss":0},{"damage_healed":0,"gold_gain":0,"player_choice":"Bought 1 Potion","damage_taken":0,"max_hp_gain":0,"max_hp_loss":0,"event_name":"The Woman in Blue","floor":10,"gold_loss":0},{"damage_healed":16,"gold_gain":0,"player_choice":"Heal","damage_taken":0,"max_hp_gain":0,"max_hp_loss":0,"event_name":"The Library","floor":20,"gold_loss":0},{"damage_healed":0,"gold_gain":0,"player_choice":"Got Potions","damage_taken":0,"max_hp_gain":0,"max_hp_loss":0,"event_name":"Lab","floor":24,"gold_loss":0}],"is_beta":false,"boss_relics":[{"not_picked":["Black Star","Runic Dome"],"picked":"Astrolabe"}],"items_purged_floors":[],"is_endless":false,"potions_floor_spawned":[4,12,16,18,22,25],"killed_by":"Book of Stabbing","ascension_level":16}}