{"host":"bxdue9bkfm2khp2x","time":1607504567,"event":{"gold_per_floor":[116,695,377,392,392,392,417,417,417,430,430,46,46,64,64,159,159,174,174,185,202,82,82,95,95,95,95,123,123,135,145,145,243,243,261,11,25,69,85,85,100,127,127,127,147,195,195,214,214,214],"floor_reached":51,"playtime":4588,"items_purged":["alterego_mod:Strike","alterego_mod:Defend","alterego_mod:Impale","alterego_mod:Defend","alterego_mod:Strike"],"score":1167,"play_id":"64bd751c-df6f-4373-9525-3a11a082bd05","local_time":"20201209170247","is_ascension_mode":true,"campfire_choices":[{"data":"alterego_mod:IndependentAction","floor":6.0,"key":"SMITH"},{"data":"alterego_mod:Nekomimi","floor":8.0,"key":"SMITH"},{"data":"alterego_mod:BigMeatyClaws","floor":13.0,"key":"SMITH"},{"data":"alterego_mod:BigMeatyClaws","floor":15.0,"key":"SMITH"},{"data":"alterego_mod:BreastValley","floor":23.0,"key":"SMITH"},{"data":"alterego_mod:Belts","floor":25.0,"key":"SMITH"},{"data":"alterego_mod:BrynhildrsRune","floor":29.0,"key":"SMITH"},{"data":"alterego_mod:Undulate","floor":32.0,"key":"SMITH"},{"data":"alterego_mod:Collar","floor":40,"key":"SMITH"},{"data":"alterego_mod:Birthday","floor":44,"key":"SMITH"},{"data":"Replay:SS_hec_1","floor":47,"key":"SMITH"},{"data":"alterego_mod:DeftHands","floor":49,"key":"SMITH"}],"neow_cost":"NONE","seed_source_timestamp":0,"circlet_count":0,"master_deck":["alterego_mod:Strike","alterego_mod:Defend","alterego_mod:Defend","alterego_mod:BigMeatyClaws+1","alterego_mod:BrynhildrsRune+1","Replay:SS_hec_1+1","alterego_mod:Birthday+1","alterego_mod:BigMeatyClaws+1","alterego_mod:Nekomimi+1","alterego_mod:IndependentAction+1","alterego_mod:DeftHands+1","alterego_mod:BreastValley+1","alterego_mod:Belts+1","alterego_mod:Palingenesis+1","alterego_mod:Collar+1","alterego_mod:Undulate+1","alterego_mod:TrickOrTreatment+1","alterego_mod:Rake+1","alterego_mod:MagicResistance+1"],"special_seed":0,"relics":["alterego_mod:MasochisticConstitution","REME_ComplimentaryCards","DaveBox","ice","Chemical X","NeowsBlessing","Question Card","DollysMirror","Simple Rune","BrkXgEgg","Dota2Spire:AghanimScepter","Dota2Spire:CrimsonGuard","vexMod:MemoryStick","ImportantClient","Dota2Spire:MonkeyKingBar","Dota2Spire:MagicBottle","vexMod:TanglingVine","Blood Vial","Centennial Puzzle","conspire:GlowingRock","CatCart"],"potions_floor_usage":[35,41,41,41],"damage_taken":[{"damage":0.0,"enemies":"Cultist","floor":1.0,"turns":1.0},{"damage":0.0,"enemies":"Jaw Worm","floor":4.0,"turns":1.0},{"damage":0.0,"enemies":"Lagavulin","floor":7.0,"turns":4.0},{"damage":0.0,"enemies":"Small Slimes","floor":10.0,"turns":3.0},{"damage":20.0,"enemies":"Gremlin Gang","floor":14.0,"turns":5.0},{"damage":6.0,"enemies":"Slime Boss","floor":16.0,"turns":10.0},{"damage":4.0,"enemies":"3 Byrds","floor":18.0,"turns":5.0},{"damage":0.0,"enemies":"Chosen","floor":20.0,"turns":4.0},{"damage":4.0,"enemies":"Sentry and Sphere","floor":21.0,"turns":4.0},{"damage":3.0,"enemies":"conspire:HollyBat","floor":24.0,"turns":7.0},{"damage":3.0,"enemies":"REME_1_Revenger","floor":28.0,"turns":4.0},{"damage":13.0,"enemies":"Chosen and Byrds","floor":30.0,"turns":4.0},{"damage":0.0,"enemies":"Centurion and Healer","floor":31.0,"turns":4.0},{"damage":39.0,"enemies":"conspire:MysteriousRune","floor":33.0,"turns":14.0},{"damage":1,"enemies":"3 Shapes","floor":35,"turns":3},{"damage":5,"enemies":"Orb Walker","floor":37,"turns":2},{"damage":30,"enemies":"conspire:MimicChest","floor":38,"turns":7},{"damage":0,"enemies":"Spire Growth","floor":39,"turns":4},{"damage":3,"enemies":"Transient","floor":41,"turns":5},{"damage":1,"enemies":"R_Hoarder","floor":42,"turns":3},{"damage":2,"enemies":"Jaw Worm Horde","floor":45,"turns":2},{"damage":11,"enemies":"Orin","floor":46,"turns":6},{"damage":0,"enemies":"Spire Growth","floor":48,"turns":3},{"damage":1,"enemies":"Awakened One","floor":50,"turns":8}],"seed_played":"-2298726523350806266","potions_obtained":[{"floor":7.0,"key":"Dota2Spire:HealingSalve"},{"floor":16.0,"key":"Dota2Spire:HealingSalve"},{"floor":18.0,"key":"Regen Potion"},{"floor":24.0,"key":"Strength Potion"},{"floor":31.0,"key":"Fire Potion"},{"floor":37,"key":"EssenceOfSteel"},{"floor":38,"key":"EssenceOfSteel"},{"floor":39,"key":"Fire Potion"},{"floor":48,"key":"Block Potion"}],"is_trial":false,"path_per_floor":["M","$","$","M","?","R","E","R","T","M","?","$","R","M","R","B",null,"M","?","M","M","$","R","M","R","T","?","E","R","M","M","R","B",null,"M","$","M","?","M","R","M","E","T","R","M","?","R","M","R","B",null],"character_chosen":"The_Alterego","items_purchased":["DollysMirror","alterego_mod:Nekomimi","Simple Rune","Energy Potion","PowerPotion","Dota2Spire:Clarity","BrkXgEgg","alterego_mod:IndependentAction","vexMod:MemoryStick","alterego_mod:BreastValley","alterego_mod:Belts","alterego_mod:Rake+1"],"campfire_rested":0,"item_purchase_floors":[2,2,2,2,2,2,3,3,12,12,12,36],"current_hp_per_floor":[63,63,63,63,68,68,70,70,70,70,70,70,70,67,67,77,77,76,76,78,75,75,75,80,80,80,80,80,80,69,82,82,80,82,83,83,81,54,86,86,84,87,87,87,87,79,79,84,84,89],"gold":214,"neow_bonus":"THREE_ENEMY_KILL","is_prod":false,"is_daily":false,"chose_seed":false,"campfire_upgraded":12,"win_rate":0,"timestamp":1607504567,"path_taken":["M","?","$","M","?","R","E","R","T","M","?","$","R","?","R","BOSS","M","?","M","M","$","R","?","R","T","?","E","R","M","M","R","BOSS","M","$","M","?","M","R","?","E","T","R","M","?","R","M","R","BOSS"],"build_version":"2020-11-30","purchased_purges":5,"victory":true,"max_hp_per_floor":[70,70,70,70,75,75,75,75,75,75,75,75,75,76,76,77,77,78,78,78,79,79,79,80,80,80,80,81,81,82,82,82,83,83,84,84,85,86,86,86,87,88,88,88,89,90,90,90,90,91],"card_choices":[{"not_picked":["alterego_mod:Clap","alterego_mod:Schoolgirl"],"picked":"alterego_mod:Birthday","floor":1.0},{"not_picked":["alterego_mod:SakuraLabyrinth","alterego_mod:Punishment","alterego_mod:Cycle","alterego_mod:MagicResistance"],"picked":"SKIP","floor":4.0},{"not_picked":["alterego_mod:Exercise","alterego_mod:MagicResistance","alterego_mod:BiFurious","alterego_mod:1TonWallop"],"picked":"SKIP","floor":7.0},{"not_picked":["alterego_mod:Mirror","alterego_mod:RidiculouslyBig","alterego_mod:1TonWallop"],"picked":"alterego_mod:DeftHands","floor":10.0},{"not_picked":["alterego_mod:PurpleHair","alterego_mod:Clones","alterego_mod:PresenceConcealment","alterego_mod:AlterEgo+1"],"picked":"SKIP","floor":14.0},{"not_picked":["alterego_mod:BrynhildrRomantia+1","alterego_mod:Venus+1","alterego_mod:InsideBaseball+1"],"picked":"alterego_mod:Palingenesis+1","floor":16.0},{"not_picked":["alterego_mod:GoddessCore","alterego_mod:DustData","alterego_mod:Table","alterego_mod:BeGentle"],"picked":"SKIP","floor":18.0},{"not_picked":["alterego_mod:SakuraLabyrinth","alterego_mod:Valentines+1","alterego_mod:SakuraPetals","alterego_mod:Exercise"],"picked":"SKIP","floor":20.0},{"not_picked":["alterego_mod:Lingerie","alterego_mod:Schoolgirl","alterego_mod:HighServant","alterego_mod:GoddessCore"],"picked":"SKIP","floor":21.0},{"not_picked":["alterego_mod:DestructionOfProperty+1","alterego_mod:Jiggle+1","alterego_mod:TrashNCrash","alterego_mod:GoddessCore+1"],"picked":"SKIP","floor":24.0},{"not_picked":["alterego_mod:Lingerie","alterego_mod:BiFurious","alterego_mod:SideboobHour+1","alterego_mod:Bounce"],"picked":"SKIP","floor":28.0},{"not_picked":["alterego_mod:Birthday+1","alterego_mod:Pet","alterego_mod:1TonWallop+1"],"picked":"alterego_mod:Collar","floor":30.0},{"not_picked":["alterego_mod:SakuraFive","alterego_mod:Pet","alterego_mod:GachaTicket"],"picked":"alterego_mod:Undulate","floor":31.0},{"not_picked":["alterego_mod:Weigh+1","alterego_mod:BrynhildrRomantia+1","alterego_mod:RingBreak+1"],"picked":"alterego_mod:TrickOrTreatment+1","floor":33.0},{"not_picked":["alterego_mod:HighServant","alterego_mod:TrashNCrash+1","alterego_mod:PerceptionDisorder","alterego_mod:Lingerie"],"picked":"SKIP","floor":35},{"not_picked":["alterego_mod:Cycle+1","alterego_mod:Valentines+1","alterego_mod:PerceptionDisorder+1","alterego_mod:Cooking"],"picked":"SKIP","floor":37},{"not_picked":["alterego_mod:BreastValley","alterego_mod:Clap","alterego_mod:BiFurious+1","alterego_mod:1TonWallop+1"],"picked":"SKIP","floor":39},{"not_picked":["alterego_mod:Belle","alterego_mod:Smother","alterego_mod:HighServant","alterego_mod:Undulate"],"picked":"SKIP","floor":41},{"not_picked":["alterego_mod:DeftHands","alterego_mod:Valkyrie+1","alterego_mod:Bunnysuit+1"],"picked":"alterego_mod:MagicResistance+1","floor":42},{"not_picked":["alterego_mod:BiFurious","alterego_mod:Bounce","alterego_mod:HighServant+1","alterego_mod:Complex"],"picked":"SKIP","floor":45},{"not_picked":["alterego_mod:Undulate+1","alterego_mod:DeftHands","alterego_mod:Complex","alterego_mod:GoddessCore+1"],"picked":"SKIP","floor":48}],"player_experience":1341584,"relics_obtained":[{"floor":1.0,"key":"Question Card"},{"floor":7.0,"key":"Dota2Spire:AghanimScepter"},{"floor":9.0,"key":"Dota2Spire:CrimsonGuard"},{"floor":16.0,"key":"ImportantClient"},{"floor":26.0,"key":"Dota2Spire:MonkeyKingBar"},{"floor":28.0,"key":"Dota2Spire:MagicBottle"},{"floor":38,"key":"Blood Vial"},{"floor":42,"key":"Centennial Puzzle"},{"floor":43,"key":"conspire:GlowingRock"},{"floor":46,"key":"CatCart"}],"event_choices":[{"damage_healed":0.0,"max_hp_gain":5.0,"max_hp_loss":0.0,"gold_gain":0.0,"event_name":"Big Fish","player_choice":"Donut","floor":5.0,"gold_loss":0.0,"damage_taken":0.0},{"damage_healed":0.0,"max_hp_gain":0.0,"max_hp_loss":0.0,"gold_gain":0.0,"event_name":"Lab","player_choice":"Got Potions","floor":11.0,"gold_loss":0.0,"damage_taken":0.0},{"cards_removed":["alterego_mod:Strike"],"damage_healed":0.0,"max_hp_gain":0.0,"max_hp_loss":0.0,"gold_gain":0.0,"event_name":"Purifier","player_choice":"Purged","floor":19.0,"gold_loss":0.0,"damage_taken":0.0},{"damage_healed":0,"gold_gain":0,"player_choice":"Fight","damage_taken":0,"max_hp_gain":0,"max_hp_loss":0,"event_name":"OrinTheCat","floor":46,"gold_loss":0}],"is_beta":false,"boss_relics":[{"not_picked":["vexMod:MysteryBossChallenge","vexMod:RockOfEvil","aspiration:RunicSpoon"]},{"not_picked":["TakeMeEscape","conspire:SeveredTorchhead"],"picked":"vexMod:TanglingVine"}],"items_purged_floors":[2,3,12,22,36],"is_endless":false,"potions_floor_spawned":[7,10,16,18,24,31,37,38,39,48],"ascension_level":7}}