{"host":"erulnpr9qdnrfj6h","time":1607508400,"event":{"gold_per_floor":[118,118,134,134,44,70,95,126,198,210,224,224,224],"floor_reached":12,"playtime":791,"items_purged":[],"score":172,"play_id":"0be542cb-d4cc-4fbd-a6ee-aff270287003","local_time":"20201209190640","is_ascension_mode":true,"campfire_choices":[],"neow_cost":"NONE","seed_source_timestamp":2370105517681100,"circlet_count":0,"master_deck":["Strike_G","Strike_G","Strike_G","Strike_G","Defend_G","Defend_G","Defend_G","Defend_G","Defend_G","Survivor","Neutralize","Acrobatics","Crippling Poison","Infinite Blades","PiercingWail","Adrenaline","Distraction","Tools of the Trade","Cloak And Dagger"],"special_seed":0,"relics":["Ring of the Snake","NeowsBlessing","WingedGreaves","Oddly Smooth Stone","The Courier","Pantograph","Meat on the Bone"],"potions_floor_usage":[12],"damage_taken":[{"damage":0.0,"enemies":"Cultist","floor":1.0,"turns":1.0},{"damage":0.0,"enemies":"Small Slimes","floor":3.0,"turns":1.0},{"damage":0.0,"enemies":"Gremlin Nob","floor":6.0,"turns":1.0},{"damage":37.0,"enemies":"Lagavulin","floor":7.0,"turns":12.0},{"damage":6.0,"enemies":"3 Sentries","floor":8.0,"turns":11.0},{"damage":0.0,"enemies":"2 Louse","floor":10.0,"turns":4.0},{"damage":21.0,"enemies":"Gremlin Gang","floor":11.0,"turns":6.0},{"damage":12,"enemies":"Lagavulin","floor":12,"turns":11}],"seed_played":"-2472940988439535252","potions_obtained":[{"floor":6.0,"key":"EssenceOfSteel"},{"floor":7.0,"key":"Fire Potion"},{"floor":8.0,"key":"Ancient Potion"}],"is_trial":false,"path_per_floor":["M","?","M","?","$","E","E","E","T","M","M","E"],"character_chosen":"THE_SILENT","items_purchased":["Infinite Blades","PiercingWail"],"campfire_rested":0,"item_purchase_floors":[5,5],"current_hp_per_floor":[63,63,63,63,63,63,26,20,20,32,23,11,11],"gold":224,"neow_bonus":"THREE_ENEMY_KILL","is_prod":false,"is_daily":false,"chose_seed":false,"campfire_upgraded":0,"win_rate":0,"timestamp":1607508400,"path_taken":["M","?","M","?","$","E","E","E","T","?","M","E"],"build_version":"2020-11-30","purchased_purges":0,"victory":false,"max_hp_per_floor":[70,70,70,70,70,70,70,70,70,70,70,70,70],"card_choices":[{"not_picked":["Dagger Throw","Deflect"],"picked":"Acrobatics","floor":1.0},{"not_picked":["Calculated Gamble","Outmaneuver"],"picked":"Crippling Poison","floor":3.0},{"not_picked":["Cloak And Dagger","Setup"],"picked":"Adrenaline","floor":6.0},{"not_picked":["Backstab","Outmaneuver"],"picked":"Distraction","floor":7.0},{"not_picked":["Sucker Punch","Noxious Fumes"],"picked":"Tools of the Trade","floor":8.0},{"not_picked":["Calculated Gamble","Prepared"],"picked":"Cloak And Dagger","floor":10.0},{"not_picked":["Sucker Punch","Outmaneuver","Slice"],"picked":"SKIP","floor":11.0}],"player_experience":158381,"relics_obtained":[{"floor":6.0,"key":"Oddly Smooth Stone"},{"floor":7.0,"key":"The Courier"},{"floor":8.0,"key":"Pantograph"},{"floor":9.0,"key":"Meat on the Bone"}],"event_choices":[{"damage_healed":0.0,"max_hp_gain":0.0,"max_hp_loss":0.0,"gold_gain":0.0,"cards_transformed":["Strike_G"],"event_name":"Living Wall","player_choice":"Change","floor":2.0,"gold_loss":0.0,"damage_taken":0.0,"cards_obtained":["Dodge and Roll"]},{"cards_removed":["Dodge and Roll"],"damage_healed":0.0,"max_hp_gain":0.0,"max_hp_loss":0.0,"gold_gain":0.0,"event_name":"WeMeetAgain","player_choice":"Gave Card","floor":4.0,"gold_loss":0.0,"damage_taken":0.0,"relics_obtained":["WingedGreaves"]}],"is_beta":false,"boss_relics":[],"items_purged_floors":[],"is_endless":false,"potions_floor_spawned":[6,7,8],"killed_by":"Lagavulin","ascension_level":8}}