{"host":"pgqkv8mh62pnrbci","time":1607520462,"event":{"gold_per_floor":[115,129,189,200,200,200,231,245,270,270,270,295,313,323,323,400,400,420,780,142,161,187,213,213,3,3,18,46,46,46,66,66,142,142,159,169,196,0,16,41,52,52,52,52,52,102,130,148,148,148],"floor_reached":51,"playtime":1563,"items_purged":["Strike_R","Replay:Hysterical Blindness"],"score":1791,"play_id":"554f5d1d-8e6e-45f0-8cee-9e57c03ecff7","local_time":"20201209222742","is_ascension_mode":true,"campfire_choices":[{"data":"Dark Embrace","floor":6.0,"key":"SMITH"},{"data":"Terror","floor":10.0,"key":"SMITH"},{"data":"True Grit","floor":24,"key":"SMITH"},{"data":"ReplayTheSpireMod:LeadingStrike","floor":29,"key":"SMITH"},{"data":"REME_SingleHolding","floor":32,"key":"SMITH"},{"data":"REME_AllRoundStrike","floor":42,"key":"SMITH"},{"data":"Offering","floor":44,"key":"SMITH"},{"data":"Havoc","floor":49,"key":"SMITH"}],"neow_cost":"NONE","seed_source_timestamp":527314709259600,"circlet_count":0,"master_deck":["AscendersBane","Strike_R","Strike_R","Strike_R","Defend_R","Defend_R","Defend_R","Defend_R","Bash","Terror+1","Hemokinesis","Dark Embrace+1","Reckless Charge","REME_TheLastStrike","ReplayTheSpireMod:Strike From Hell","Feel No Pain+1","Feed","REME_CurseOfMatryoshka","Voices","Offering+1","True Grit+1","ReplayTheSpireMod:LeadingStrike+1","Havoc+1","REME_AllRoundStrike+1","Combust","REME_SingleHolding+1","Pot Of Greed","Pot Of Greed","Pot Of Greed","Replay:Undeath\u0027s Touch+1","Clumsy"],"special_seed":0,"relics":["Burning Blood","REME_ComplimentaryCards","Tiny Chest","Happy Flower","Akabeko","REME_PuzzleBoxRelic","Replay:Baseball","Replay:Ancient Bell","PreservedInsect","Eternal Feather","Du-Vu Doll","FossilizedHelix","MealTicket","Ancient Tea Set","Nunchaku","Onion Ring","Bag of Preparation","Painkiller Herb","Grinning Jar","Red Mask","Pet Ghost","Bottled Tornado","ReplayTheSpireMod:CursedCoin","CaptainsWheel"],"potions_floor_usage":[14,16,21,28,40],"damage_taken":[{"damage":5.0,"enemies":"2 Louse","floor":1.0,"turns":4.0},{"damage":4.0,"enemies":"Jaw Worm","floor":2.0,"turns":4.0},{"damage":4.0,"enemies":"Small Slimes","floor":4.0,"turns":2.0},{"damage":29.0,"enemies":"Gremlin Nob","floor":7.0,"turns":4.0},{"damage":8.0,"enemies":"Looter","floor":8.0,"turns":2.0},{"damage":7,"enemies":"3 Sentries","floor":12,"turns":4},{"damage":6,"enemies":"3 Louse","floor":13,"turns":2},{"damage":2,"enemies":"Lots of Slimes","floor":14,"turns":2},{"damage":46,"enemies":"Fading Forest","floor":16,"turns":13},{"damage":0,"enemies":"Chosen","floor":18,"turns":2},{"damage":17,"enemies":"2 Thieves","floor":21,"turns":2},{"damage":6,"enemies":"Gremlin Leader","floor":23,"turns":5},{"damage":0,"enemies":"Sentry and Sphere","floor":27,"turns":2},{"damage":0,"enemies":"Book of Stabbing","floor":28,"turns":1},{"damage":0,"enemies":"3 Cultists","floor":31,"turns":1},{"damage":0,"enemies":"Collector","floor":33,"turns":1},{"damage":0,"enemies":"Orb Walker","floor":35,"turns":1},{"damage":0,"enemies":"3 Darklings","floor":36,"turns":2},{"damage":0,"enemies":"Spire Growth","floor":39,"turns":2},{"damage":2,"enemies":"Nemesis","floor":40,"turns":2},{"damage":6,"enemies":"Transient","floor":41,"turns":6},{"damage":0,"enemies":"Giant Head","floor":47,"turns":2},{"damage":0,"enemies":"3 Darklings","floor":48,"turns":1},{"damage":0,"enemies":"Awakened One","floor":50,"turns":3}],"seed_played":"4549711273440309912","potions_obtained":[{"floor":2.0,"key":"Explosive Potion"},{"floor":4.0,"key":"Block Potion"},{"floor":8.0,"key":"Weak Potion"},{"floor":13,"key":"Adrenaline Potion"},{"floor":18,"key":"CultistPotion"},{"floor":23,"key":"FearPotion"},{"floor":35,"key":"Block Potion"},{"floor":47,"key":"AttackPotion"}],"is_trial":false,"path_per_floor":["M","M","?","M","?","R","E","M","T","R","?","E","M","M","R","B",null,"M","?","$","M","T","E","R","$","T","M","E","R","?","M","R","B",null,"?","?","T","?","?","E","?","T","T","T","?","T","E","?","T","B",null],"character_chosen":"IRONCLAD","items_purchased":["True Grit","FossilizedHelix","MealTicket","REME_AllRoundStrike","ReplayTheSpireMod:CursedCoin"],"campfire_rested":0,"item_purchase_floors":[20,20,20,25,46],"current_hp_per_floor":[76,78,51,53,48,48,25,23,23,23,23,22,22,26,50,34,70,76,34,34,23,23,23,38,53,53,59,65,80,80,82,82,82,82,82,82,82,82,82,85,85,85,85,85,85,85,85,85,85,88],"gold":148,"neow_bonus":"TEN_PERCENT_HP_BONUS","is_prod":false,"is_daily":false,"chose_seed":false,"campfire_upgraded":8,"win_rate":0,"timestamp":1607520462,"path_taken":["M","M","?","M","?","R","E","M","T","R","?","E","M","M","R","BOSS","M","?","$","M","?","E","R","?","T","M","E","R","?","M","R","BOSS","?","?","?","?","?","E","?","T","T","T","?","T","E","?","T","BOSS"],"build_version":"2020-11-30","purchased_purges":2,"victory":true,"max_hp_per_floor":[82,82,82,82,82,82,82,82,82,82,82,82,82,82,82,82,82,82,82,82,82,82,82,82,82,82,82,82,82,82,82,82,82,82,82,82,82,82,82,85,85,85,85,85,85,85,85,85,85,88],"card_choices":[{"not_picked":["Dropkick","Rampage"],"picked":"Hemokinesis","floor":1.0},{"not_picked":["Rampage","Thunderclap"],"picked":"Anger","floor":2.0},{"not_picked":["Havoc","Sword Boomerang"],"picked":"Dark Embrace","floor":3.0},{"not_picked":["Massacre","ReplayTheSpireMod:Strike From Hell"],"picked":"Reckless Charge","floor":3.0},{"not_picked":["Flex","Warcry"],"picked":"REME_TheLastStrike","floor":4.0},{"not_picked":["Anger","ReplayTheSpireMod:Muscle Training"],"picked":"ReplayTheSpireMod:Strike From Hell","floor":7.0},{"not_picked":["Headbutt","Massacre","Body Slam"],"picked":"SKIP","floor":8.0},{"not_picked":["Flex","Warcry","Pommel Strike"],"picked":"SKIP","floor":12},{"not_picked":["Perfected Strike","Pommel Strike"],"picked":"Feel No Pain","floor":13},{"not_picked":["Rampage","Replay:Undeath\u0027s Touch","Thunderclap"],"picked":"SKIP","floor":14},{"not_picked":["REME_TheLastStrike","Barricade"],"picked":"Feed","floor":16},{"not_picked":["ReplayTheSpireMod:IOU","Delirium"],"picked":"Replay:Hysterical Blindness","floor":17},{"not_picked":["Doubt","AbeCurse"],"picked":"REME_CurseOfMatryoshka","floor":17},{"not_picked":["ReplayTheSpireMod:Doomed","Pain"],"picked":"Voices","floor":17},{"not_picked":["Feel No Pain","Clothesline"],"picked":"Offering","floor":18},{"not_picked":["Warcry","Evolve"],"picked":"ReplayTheSpireMod:LeadingStrike","floor":21},{"not_picked":["Clash","Intimidate"],"picked":"Havoc","floor":23},{"not_picked":["Thunderclap+1","Metallicize","Havoc"],"picked":"SKIP","floor":27},{"not_picked":["Clothesline","Flex","Warcry"],"picked":"SKIP","floor":28},{"not_picked":["Flex+1","Infernal Blade"],"picked":"REME_SingleHolding","floor":31},{"not_picked":["Run Through","Massacre","Flex"],"picked":"SKIP","floor":35},{"not_picked":["Warcry","Pommel Strike","Clothesline"],"picked":"SKIP","floor":36},{"not_picked":["Sword Boomerang","Uppercut+1","Iron Wave+1"],"picked":"SKIP","floor":39},{"not_picked":["Clash","Rupture"],"picked":"Replay:Undeath\u0027s Touch+1","floor":40},{"not_picked":["Havoc","Pommel Strike","Anger"],"picked":"SKIP","floor":41},{"not_picked":["Inflame+1","Sword Boomerang+1","Spot Weakness"],"picked":"SKIP","floor":47},{"not_picked":["Armaments","Iron Wave+1","Replay:Undeath\u0027s Touch+1"],"picked":"SKIP","floor":48}],"player_experience":530341,"relics_obtained":[{"floor":3.0,"key":"Tiny Chest"},{"floor":7.0,"key":"Akabeko"},{"floor":9.0,"key":"REME_PuzzleBoxRelic"},{"floor":12,"key":"Replay:Baseball"},{"floor":22,"key":"Ancient Tea Set"},{"floor":23,"key":"Nunchaku"},{"floor":26,"key":"Onion Ring"},{"floor":28,"key":"Bag of Preparation"},{"floor":37,"key":"Grinning Jar"},{"floor":40,"key":"Pet Ghost"},{"floor":43,"key":"Bottled Tornado"},{"floor":47,"key":"CaptainsWheel"}],"event_choices":[{"damage_healed":0.0,"max_hp_gain":0.0,"max_hp_loss":0.0,"gold_gain":0.0,"event_name":"Scrap Ooze","player_choice":"Success","floor":5.0,"gold_loss":0.0,"damage_taken":5.0,"relics_obtained":["Happy Flower"]},{"damage_healed":0,"gold_gain":360,"player_choice":"GOLD GOLD POTION GOLD GOLD ","damage_taken":42,"max_hp_gain":0,"max_hp_loss":0,"event_name":"Knowing Skull","floor":19,"potions_obtained":["FairyPotion"],"gold_loss":0,"cards_obtained":[]},{"damage_healed":0,"gold_gain":0,"cards_transformed":["Strike_R"],"player_choice":"Transformed","damage_taken":0,"max_hp_gain":0,"max_hp_loss":0,"event_name":"Transmorgrifier","floor":30,"gold_loss":0,"cards_obtained":["Combust"]},{"damage_healed":0,"gold_gain":0,"player_choice":"Paid","damage_taken":0,"relics_obtained":["Red Mask"],"max_hp_gain":0,"max_hp_loss":0,"event_name":"Tomb of Lord Red Mask","floor":38,"gold_loss":196},{"cards_removed":["Anger"],"damage_healed":0,"gold_gain":0,"player_choice":"Removed Attack","damage_taken":0,"max_hp_gain":0,"max_hp_loss":0,"event_name":"Falling","floor":45,"gold_loss":0}],"is_beta":false,"boss_relics":[{"not_picked":["Ring of Chaos","Empty Cage"],"picked":"Replay:Ancient Bell"},{"not_picked":["Orichalcum","Potion Belt"],"picked":"PreservedInsect"},{"not_picked":["REME_ArchaeologicalTools","Singing Bowl"],"picked":"Eternal Feather"},{"not_picked":["Torii","Old Coin"],"picked":"Du-Vu Doll"},{"not_picked":["Snecko Eye","Replay:Drink Me"],"picked":"Painkiller Herb"}],"items_purged_floors":[20,46],"is_endless":false,"potions_floor_spawned":[2,4,8,13,18,23,27,35,47,48],"ascension_level":19}}