{"host":"omov159tyjzan9wn","time":1607524280,"event":{"gold_per_floor":[118,133,133,208,10,10,41,6,33,33,64,64,94,106,106,202,202,215,215,253,328,238,238,238,248,298,333,359,359,409,409,409,511,511,529,310,360,433,449,484,519,45,45,85,85,85,85,85,85,85],"floor_reached":51,"playtime":2808,"items_purged":["Delirium","Strike_RM"],"score":1242,"play_id":"e7451ee0-aedf-4796-887e-7a077c3cd424","local_time":"20201209143120","is_ascension_mode":false,"campfire_choices":[{"data":"QueenOfMidnight","floor":6,"key":"SMITH"},{"data":"BloodyMagicSquare","floor":10,"key":"SMITH"},{"data":"FavorOfDestiny","floor":12,"key":"SMITH"},{"data":"BlasphemousPunishment","floor":15,"key":"SMITH"},{"data":"BloodAndWine","floor":23,"key":"SMITH"},{"data":"UnstableMagic","floor":29,"key":"SMITH"},{"data":"BombardNight","floor":32,"key":"SMITH"},{"floor":45,"key":"RECALL"},{"data":"Madness","floor":47,"key":"SMITH"},{"data":"Madness","floor":49,"key":"SMITH"}],"neow_cost":"NONE","seed_source_timestamp":1187901605536600,"circlet_count":0,"master_deck":["Strike_RM","Strike_RM","Strike_RM","Defend_RM","Defend_RM","Defend_RM","RedMoon","ScarletShoot","CharismaGuard","LeisurelyOfLord","BlasphemousPunishment+1","QueenOfMidnight+1","BloodyMagicSquare+1","FavorOfDestiny+1","BloodAndWine+1","BlasphemousPunishment+1","BatForm+1","ScarletImprint+1","UnstableMagic+1","LeisurelyOfLord","BombardNight+1","BombardNight+1","MastersStateliness+1","ChaoticDestiny","BombardNight+1","HunterOfTheNight+1","MiserableFate+1","VampirishNight+1","FavorOfDestiny+1","BadLadyScramble+1","CeilingFear+1","MastersStateliness+1","Madness+1","Madness+1"],"relics":["ScarletHat","HornCleat","TungstenRod","Happy Flower","HollowMod:StagPassRelic","Odd Mushroom","SlaversCollar","Boot","Centennial Puzzle","Anchor","Ring of Searing","Honey Jar","MerchantsRug","Gungnir","CatCart","Mirror","RedBat"],"potions_floor_usage":[7,16,16,16,19,27,33,44,50],"damage_taken":[{"damage":0,"enemies":"Jaw Worm","floor":1,"turns":4},{"damage":0,"enemies":"Small Slimes","floor":2,"turns":5},{"damage":14,"enemies":"3 Sentries","floor":7,"turns":10},{"damage":49,"enemies":"Lagavulin","floor":11,"turns":4},{"damage":40,"enemies":"The Mushroom Lair","floor":13,"turns":4},{"damage":49,"enemies":"2 Louse","floor":14,"turns":3},{"damage":67,"enemies":"The Guardian","floor":16,"turns":5},{"damage":58,"enemies":"Spheric Guardian","floor":18,"turns":3},{"damage":61,"enemies":"Chosen","floor":20,"turns":3},{"damage":57,"enemies":"Centurion and Healer","floor":25,"turns":3},{"damage":50,"enemies":"Shelled Parasite and Fungi","floor":27,"turns":3},{"damage":59,"enemies":"HollowMod:Nosk","floor":28,"turns":4},{"damage":59,"enemies":"Slavers","floor":30,"turns":2},{"damage":59,"enemies":"Pondfish","floor":33,"turns":4},{"damage":43,"enemies":"3 Shapes","floor":35,"turns":1},{"damage":61,"enemies":"Mind Bloom Boss Battle","floor":37,"turns":2},{"damage":61,"enemies":"Orin","floor":38,"turns":3},{"damage":52,"enemies":"Orb Walker","floor":39,"turns":1},{"damage":52,"enemies":"Reptomancer","floor":40,"turns":1},{"damage":52,"enemies":"Writhing Mass","floor":41,"turns":1},{"damage":43,"enemies":"4 Shapes","floor":44,"turns":3},{"damage":38,"enemies":"Donu and Deca","floor":50,"turns":2}],"seed_played":"8193366551379085300","potions_obtained":[{"floor":2,"key":"Fire Potion"},{"floor":16,"key":"Explosive Potion"},{"floor":18,"key":"EssenceOfSteel"},{"floor":19,"key":"Adrenaline Potion"},{"floor":19,"key":"Fruit Juice"},{"floor":19,"key":"LiquidBronze"},{"floor":20,"key":"Swift Potion"},{"floor":35,"key":"PowerPotion"},{"floor":40,"key":"Toxic Potion"},{"floor":44,"key":"Block Potion"}],"is_trial":false,"path_per_floor":["M","M","?","?","$","R","E","?","T","R","E","R","?","M","R","B",null,"M","?","M","?","?","R","?","M","T","M","E","R","E","?","R","B",null,"M","$","?","?","M","E","M","$","T","M","R","?","R","?","R","B",null],"character_chosen":"REMILIA","items_purchased":["BlasphemousPunishment+1","QueenOfMidnight","MerchantsRug","RedBat","CeilingFear+1"],"campfire_rested":0,"item_purchase_floors":[5,5,36,42,42],"current_hp_per_floor":[82,82,79,68,68,68,68,82,82,82,82,82,82,82,82,82,82,82,87,87,80,80,80,80,83,83,83,84,84,84,84,84,87,87,87,87,87,87,87,87,87,87,87,87,87,77,77,77,77,84],"gold":85,"neow_bonus":"TEN_PERCENT_HP_BONUS","is_prod":false,"is_daily":false,"chose_seed":false,"campfire_upgraded":9,"win_rate":0.0,"timestamp":1607524280,"path_taken":["M","M","?","?","$","R","E","?","T","R","E","R","?","M","R","BOSS","M","?","M","?","?","R","?","M","T","M","E","R","E","?","R","BOSS","M","$","?","?","M","E","M","$","T","M","R","?","R","?","R","BOSS"],"build_version":"2020-11-30","purchased_purges":2,"victory":true,"max_hp_per_floor":[82,82,82,82,82,82,82,82,82,82,82,82,82,82,82,82,82,82,87,87,87,87,87,87,87,87,87,87,87,87,87,87,87,87,87,87,87,87,87,87,87,87,87,87,87,87,87,87,87,87],"card_choices":[{"not_picked":["ScarletDevilSign","ChainGang"],"picked":"CharismaGuard","floor":1},{"not_picked":["EndlessAdversity","Stigmanizer"],"picked":"LeisurelyOfLord","floor":2},{"not_picked":["ScarletImprint","Stigmanizer"],"picked":"BloodyMagicSquare","floor":7},{"not_picked":["CurseOfVladTepes","BloodAndWine"],"picked":"FavorOfDestiny","floor":11},{"not_picked":["BadLadyScramble","RedRainbow"],"picked":"BloodAndWine","floor":13},{"not_picked":["EternalNight","VampireFantasy"],"picked":"BlasphemousPunishment","floor":14},{"not_picked":["TransientEternity","CeilingFear"],"picked":"BatForm","floor":16},{"not_picked":["BombardNight","Stigmanizer"],"picked":"ScarletImprint+1","floor":18},{"not_picked":["BombardNight","TwelveNightmare"],"picked":"UnstableMagic","floor":20},{"not_picked":["BatForm","RedRainbow"],"picked":"LeisurelyOfLord","floor":25},{"not_picked":["VampireKiss","VampireFantasy+1"],"picked":"BombardNight","floor":27},{"not_picked":["BloodAndWine","FavorOfDestiny"],"picked":"BombardNight+1","floor":28},{"not_picked":["VampireSweep","Stigmanizer+1"],"picked":"MastersStateliness+1","floor":30},{"not_picked":["BloodyHallows","TransientEternity"],"picked":"ChaoticDestiny","floor":33},{"not_picked":["Ultimatum","ScarletImprint+1","MastersStateliness"],"picked":"BombardNight+1","floor":35},{"not_picked":["ChainGang","TwelveNightmare","UnstableMagic+1"],"picked":"HunterOfTheNight+1","floor":37},{"not_picked":["BombardNight","ScarletGensokyo+1","RedMagic+1"],"picked":"MiserableFate+1","floor":38},{"not_picked":["HunterOfTheNight","BloodyMagicSquare+1","BadLadyScramble"],"picked":"VampirishNight+1","floor":39},{"not_picked":["FitfulNightmare","NightDance","VampireKiss"],"picked":"FavorOfDestiny+1","floor":40},{"not_picked":["StarOfDavid+1","NightDance","ScarletImprint+1"],"picked":"BadLadyScramble+1","floor":41},{"not_picked":["CharismaGuard+1","ChainGang+1","NightDance"],"picked":"MastersStateliness+1","floor":44}],"player_experience":39126,"relics_obtained":[{"floor":7,"key":"TungstenRod"},{"floor":9,"key":"Happy Flower"},{"floor":11,"key":"HollowMod:StagPassRelic"},{"floor":13,"key":"Odd Mushroom"},{"floor":26,"key":"Boot"},{"floor":28,"key":"Centennial Puzzle"},{"floor":30,"key":"Anchor"},{"floor":31,"key":"Ring of Searing"},{"floor":37,"key":"Gungnir"},{"floor":38,"key":"CatCart"},{"floor":40,"key":"Mirror"}],"event_choices":[{"damage_healed":0,"gold_gain":0,"player_choice":"Success","damage_taken":3,"relics_obtained":["HornCleat"],"max_hp_gain":0,"max_hp_loss":0,"event_name":"Scrap Ooze","floor":3,"gold_loss":0},{"damage_healed":0,"gold_gain":75,"player_choice":"Gather Gold","damage_taken":11,"max_hp_gain":0,"max_hp_loss":0,"event_name":"World of Goop","floor":4,"gold_loss":0},{"damage_healed":20,"gold_gain":0,"player_choice":"Healed","damage_taken":0,"max_hp_gain":0,"max_hp_loss":0,"event_name":"The Cleric","floor":8,"gold_loss":35},{"damage_healed":0,"gold_gain":0,"player_choice":"Fought Mushrooms","damage_taken":0,"max_hp_gain":0,"max_hp_loss":0,"event_name":"Mushrooms","floor":13,"gold_loss":0},{"damage_healed":0,"gold_gain":0,"player_choice":"Got Potions","damage_taken":0,"max_hp_gain":0,"max_hp_loss":0,"event_name":"Lab","floor":19,"gold_loss":0},{"damage_healed":0,"gold_gain":75,"player_choice":"Touch","damage_taken":8,"max_hp_gain":0,"max_hp_loss":0,"event_name":"FaceTrader","floor":21,"gold_loss":0},{"cards_removed":["Defend_RM"],"damage_healed":0,"gold_gain":0,"player_choice":"Upgrade and Remove","damage_taken":0,"max_hp_gain":0,"max_hp_loss":0,"event_name":"Designer","floor":22,"gold_loss":90,"cards_upgraded":["BatForm"]},{"damage_healed":0,"gold_gain":0,"player_choice":"Fight","damage_taken":0,"max_hp_gain":0,"max_hp_loss":0,"event_name":"MindBloom","floor":37,"gold_loss":0},{"damage_healed":0,"gold_gain":0,"player_choice":"Fight","damage_taken":0,"max_hp_gain":0,"max_hp_loss":0,"event_name":"OrinTheCat","floor":38,"gold_loss":0},{"damage_healed":0,"gold_gain":0,"player_choice":"Embrace Madness","damage_taken":11,"max_hp_gain":0,"max_hp_loss":0,"event_name":"Winding Halls","floor":46,"gold_loss":0,"cards_obtained":["Madness","Madness"]},{"damage_healed":0,"gold_gain":0,"player_choice":"Ignored","damage_taken":0,"max_hp_gain":0,"max_hp_loss":0,"event_name":"SecretPortal","floor":48,"gold_loss":0}],"is_beta":false,"boss_relics":[{"not_picked":["Fusion Hammer","ReplayTheSpireMod:DimensionalGlitch"],"picked":"SlaversCollar"},{"not_picked":["Snecko Heart","Runic Pyramid"],"picked":"Honey Jar"}],"items_purged_floors":[36,42],"is_endless":false,"potions_floor_spawned":[2,16,18,20,25,35,40,44],"ascension_level":0}}