{"host":"z9x5nldzhmx4jdfi","time":1607492561,"event":{"gold_per_floor":[111,36,36,36,36,36,73,117,140,140,190,228,265,304,304,304,304],"floor_reached":16,"playtime":766,"items_purged":["animator:Strike"],"score":282,"play_id":"b39b78d1-3274-432f-a3b8-ccbaa7e41f0b","local_time":"20201208234241","is_ascension_mode":true,"campfire_choices":[{"data":"animator:YuiTsuruno","floor":6,"key":"SMITH"},{"data":"animator:IrohaTamaki","floor":15,"key":"SMITH"}],"neow_cost":"NONE","seed_source_timestamp":1066406123427399,"circlet_count":0,"master_deck":["AscendersBane","animator:Strike_MadokaMagica","animator:Defend_MadokaMagica","animator:Strike+1","animator:Strike","animator:Defend","animator:Defend","animator:Defend+1","animator:IrohaTamaki+1","animator:YuiTsuruno+1","animator:Shinoa","animator:NagisaMomoe","animator:KyokoSakura","animator:MadokaKaname"],"relics":["animator:LivingPicture","animator:TheMissingPiece","NeowsBlessing","Golden Idol","Paper Crane","Ancient Tea Set","infinitespire:Beetle Shell","Pear","Art of War"],"potions_floor_usage":[14,14],"damage_taken":[{"damage":0,"enemies":"Small Slimes","floor":1,"turns":1},{"damage":0,"enemies":"Jaw Worm","floor":7,"turns":1},{"damage":0,"enemies":"Lagavulin","floor":8,"turns":1},{"damage":5,"enemies":"Gremlin Nob","floor":12,"turns":3},{"damage":0,"enemies":"Cultist","floor":13,"turns":3},{"damage":15,"enemies":"Lagavulin","floor":14,"turns":6},{"damage":33,"enemies":"Hexaghost","floor":16,"turns":9}],"seed_played":"5089129079017488542","potions_obtained":[{"floor":1,"key":"Energy Potion"},{"floor":8,"key":"SkillPotion"}],"is_trial":false,"path_per_floor":["M","$","?","?","?","R","M","E","T","?","?","E","M","E","R","B"],"character_chosen":"THE_ANIMATOR","items_purchased":[],"campfire_rested":0,"item_purchase_floors":[],"current_hp_per_floor":[54,54,54,54,54,54,54,54,54,38,33,39,39,24,24,0,0],"gold":304,"neow_bonus":"THREE_ENEMY_KILL","is_prod":false,"is_daily":false,"chose_seed":false,"campfire_upgraded":2,"win_rate":0,"timestamp":1607492561,"path_taken":["M","$","?","?","?","R","M","E","T","?","?","E","?","E","R","BOSS"],"build_version":"2020-11-30","purchased_purges":1,"victory":false,"max_hp_per_floor":[60,60,54,54,54,54,54,54,54,54,54,65,65,65,65,65,65],"card_choices":[{"not_picked":["animator:UneriGinkaku","animator:CrowleyEusford"],"picked":"animator:Shinoa","floor":1},{"not_picked":["animator:Geryuganshoop","animator:Shalltear"],"picked":"animator:NagisaMomoe","floor":7},{"not_picked":["animator:SilverFang","animator:Gillette","animator:ChaikaBohdan"],"picked":"SKIP","floor":8},{"not_picked":["animator:SuzuneAmano","animator:IrohaTamaki"],"picked":"animator:KyokoSakura","floor":12},{"not_picked":["animator:TukaLunaMarceau","animator:SuzuneAmano"],"picked":"animator:MadokaKaname","floor":13},{"not_picked":["animator:Shinoa","animator:CrowleyEusford","animator:AcuraAkari"],"picked":"SKIP","floor":14}],"player_experience":1470312,"relics_obtained":[{"floor":5,"key":"Paper Crane"},{"floor":8,"key":"Ancient Tea Set"},{"floor":9,"key":"infinitespire:Beetle Shell"},{"floor":12,"key":"Pear"},{"floor":14,"key":"Art of War"}],"event_choices":[{"damage_healed":0,"gold_gain":0,"player_choice":"Lose Max HP","damage_taken":0,"relics_obtained":["Golden Idol"],"max_hp_gain":0,"max_hp_loss":6,"event_name":"Golden Idol","floor":3,"gold_loss":0},{"damage_healed":0,"gold_gain":0,"player_choice":"Ignored","damage_taken":36,"max_hp_gain":0,"max_hp_loss":0,"event_name":"betterThird:BetterSerpent","floor":4,"gold_loss":0},{"damage_healed":54,"gold_gain":0,"player_choice":"Upgrade","damage_taken":16,"max_hp_gain":0,"max_hp_loss":54,"event_name":"betterThird:BetterShining","floor":10,"gold_loss":0,"cards_upgraded":["animator:Strike","animator:Defend"]},{"damage_healed":0,"gold_gain":50,"player_choice":"Touch","damage_taken":5,"max_hp_gain":0,"max_hp_loss":0,"event_name":"FaceTrader","floor":11,"gold_loss":0}],"is_beta":false,"boss_relics":[],"items_purged_floors":[2],"is_endless":false,"potions_floor_spawned":[1,8,13],"killed_by":"Hexaghost","ascension_level":20}}