{"host":"97bfbul5vt0mksxl","time":1607542165,"event":{"gold_per_floor":[115,132,151,176,187,187,222,235,261,293,312,312,324,359,359,455,455,475,475,487,487,487,519,519,519,588,104,114,146,165,181,181,289,289,321,321,321,376,376,376,432,479,550,604,604,675,0,25,37,49,49],"floor_reached":50,"playtime":3800,"items_purged":[],"score":839,"play_id":"9816b524-5fe9-4814-bd5c-3e3569c15b1d","local_time":"20201209162925","is_ascension_mode":false,"campfire_choices":[{"data":"TalkToTheHand","floor":6,"key":"SMITH"},{"data":"Replay:ManipulateFuture","floor":12,"key":"SMITH"},{"data":"Replay:Hum","floor":15,"key":"SMITH"},{"floor":24,"key":"REST"},{"floor":32,"key":"REST"},{"floor":40,"key":"REST"},{"floor":45,"key":"REST"},{"floor":49,"key":"DIG"}],"neow_cost":"NONE","seed_source_timestamp":1082884663699,"circlet_count":0,"master_deck":["Defend_P","Defend_P","Eruption","Vigilance","FollowUp","BowlingBash","Consecrate","CrushJoints","TalkToTheHand+1","CutThroughFate","Replay:ManipulateFuture+1","Prostrate+1","Replay:Hum+1","WheelKick","LikeWater","DeusExMachina","FlurryOfBlows","WindmillStrike+1","BowlingBash","Bite","Bite","Bite","Bite+1","Bite","LessonLearned","Pot Of Greed+1","Pot Of Greed","Pot Of Greed","Magnetism+1","Nirvana","Replay:ManipulateFuture","Consecrate","SandsOfTime","LessonLearned","CutThroughFate+1","Forethought","Dramatic Entrance","Pot Of Greed","Swift Strike","Vengeance","TalkToTheHand","Prostrate+1","Swivel","Alpha","EmptyMind+1","EmptyBody+1","Replay:AtTheReady+1"],"relics":["PureWater","infinitespire:Golems Mask","Anchor","Pet Ghost","Strawberry","Boot","Runic Pyramid","Vajra","ReplayTheSpireMod:Shallot","Grinning Jar","Dream Catcher","ReplayTheSpireMod:Lightbulb","infinitespire:EvilPickle","VioletLotus","Bronze Scales","Bottled Flame","MawBank","Red Mask","Gremlin Food"],"potions_floor_usage":[7,16,31,33,42,44,46,50,50],"damage_taken":[{"damage":11,"enemies":"Jaw Worm","floor":1,"turns":5},{"damage":3,"enemies":"2 Louse","floor":2,"turns":2},{"damage":0,"enemies":"Small Slimes","floor":3,"turns":2},{"damage":0,"enemies":"3 Louse","floor":5,"turns":3},{"damage":0,"enemies":"Gremlin Nob","floor":7,"turns":3},{"damage":0,"enemies":"Large Slime","floor":8,"turns":4},{"damage":13,"enemies":"3 Sentries","floor":10,"turns":4},{"damage":0,"enemies":"Gremlin Gang","floor":11,"turns":2},{"damage":0,"enemies":"3 Louse","floor":13,"turns":2},{"damage":16,"enemies":"Gremlin Nob","floor":14,"turns":3},{"damage":38,"enemies":"The Guardian","floor":16,"turns":6},{"damage":2,"enemies":"Shell Parasite","floor":18,"turns":3},{"damage":10,"enemies":"2 Thieves","floor":20,"turns":3},{"damage":56,"enemies":"Slavers","floor":23,"turns":5},{"damage":0,"enemies":"Shelled Parasite and Fungi","floor":28,"turns":3},{"damage":25,"enemies":"Gremlin Leader","floor":29,"turns":5},{"damage":0,"enemies":"Centurion and Healer","floor":30,"turns":3},{"damage":7,"enemies":"Snake Plant","floor":31,"turns":4},{"damage":48,"enemies":"Pondfish","floor":33,"turns":9},{"damage":0,"enemies":"3 Darklings","floor":35,"turns":4},{"damage":8,"enemies":"Orb Walker","floor":38,"turns":4},{"damage":5,"enemies":"Nemesis","floor":41,"turns":7},{"damage":0,"enemies":"Transient","floor":42,"turns":5},{"damage":32,"enemies":"Sphere and 2 Shapes","floor":44,"turns":4},{"damage":53,"enemies":"Nightmare","floor":46,"turns":9},{"damage":3,"enemies":"3 Darklings","floor":48,"turns":4},{"damage":15,"enemies":"Awakened One","floor":50,"turns":3}],"seed_played":"-5240369619016098035","potions_obtained":[{"floor":2,"key":"Milkshake"},{"floor":3,"key":"ColorlessPotion"},{"floor":8,"key":"Elixir"},{"floor":14,"key":"Strength Potion"},{"floor":23,"key":"Ambrosia"},{"floor":29,"key":"Milkshake"},{"floor":30,"key":"Explosive Potion"},{"floor":42,"key":"Explosive Potion"},{"floor":44,"key":"EssenceOfSteel"},{"floor":46,"key":"Swift Potion"},{"floor":48,"key":"SkillPotion"}],"is_trial":false,"path_per_floor":["M","M","M","?","M","R","E","M","T","E","M","R","M","E","R","B",null,"M","?","M","?","?","E","R","?","T","$","M","E","M","M","R","B",null,"M","?","?","M","?","R","E","M","T","M","R","NM","?","M","R","B"],"character_chosen":"WATCHER","items_purchased":["Grinning Jar","Dream Catcher","Magnetism"],"campfire_rested":4,"item_purchase_floors":[27,27,27],"current_hp_per_floor":[68,65,65,65,65,65,65,65,65,59,59,59,59,43,43,5,86,84,84,74,60,60,14,32,32,32,32,38,23,31,34,52,23,60,60,60,50,44,44,60,60,60,60,30,48,8,8,12,12,0,0],"gold":49,"neow_bonus":"TEN_PERCENT_HP_BONUS","is_prod":false,"is_daily":false,"chose_seed":false,"campfire_upgraded":3,"win_rate":0.0,"timestamp":1607542165,"path_taken":["M","M","M","?","M","R","E","M","T","E","M","R","M","E","R","BOSS","M","?","M","?","?","E","R","?","T","?","?","E","M","M","R","BOSS","M","?","?","?","?","R","E","M","T","?","R","NM","?","M","R","BOSS"],"build_version":"2020-11-30","purchased_purges":0,"victory":false,"max_hp_per_floor":[79,79,79,79,79,79,79,79,79,86,86,86,86,86,86,86,86,86,86,86,60,60,60,60,60,60,60,60,60,60,60,60,60,60,60,60,60,60,60,60,60,60,60,60,60,60,60,60,60,60,60],"card_choices":[{"not_picked":["Replay:AtTheReady","WreathOfFlame"],"picked":"FollowUp","floor":1},{"not_picked":["FlyingSleeves","Indignation"],"picked":"BowlingBash","floor":2},{"not_picked":["Swivel","Judgement"],"picked":"Consecrate","floor":3},{"not_picked":["Replay:AtTheReady","Prostrate"],"picked":"CrushJoints","floor":4},{"not_picked":["FlyingSleeves","Replay:AtTheReady"],"picked":"TalkToTheHand","floor":5},{"not_picked":["Omniscience","ThirdEye"],"picked":"CutThroughFate","floor":7},{"not_picked":["ClearTheMind","Replay:BluntJabs"],"picked":"Replay:ManipulateFuture","floor":8},{"not_picked":["Replay:AllIn","DeusExMachina"],"picked":"Prostrate","floor":10},{"not_picked":["SashWhip","Prostrate"],"picked":"Replay:Hum","floor":11},{"not_picked":["Fasting2","ThirdEye"],"picked":"WheelKick","floor":13},{"not_picked":["Alpha","CrushJoints"],"picked":"LikeWater","floor":14},{"not_picked":["MasterReality","ConjureBlade"],"picked":"DeusExMachina","floor":16},{"not_picked":["SashWhip","CrushJoints"],"picked":"FlurryOfBlows","floor":18},{"not_picked":["ThirdEye","ClearTheMind"],"picked":"BowlingBash","floor":20},{"not_picked":["FlyingSleeves","Crescendo"],"picked":"LessonLearned","floor":23},{"not_picked":["Collect","ReachHeaven"],"picked":"Nirvana","floor":28},{"not_picked":["SashWhip","Prostrate"],"picked":"Replay:ManipulateFuture","floor":29},{"not_picked":["Replay:AtTheReady","Replay:Vibes"],"picked":"Consecrate","floor":30},{"not_picked":["Tantrum","FlyingSleeves"],"picked":"SandsOfTime","floor":31},{"not_picked":["SashWhip","Fasting2"],"picked":"LikeWater","floor":32},{"not_picked":["Blasphemy","Ragnarok"],"picked":"LessonLearned","floor":33},{"not_picked":["Tantrum","CarveReality"],"picked":"CutThroughFate+1","floor":35},{"not_picked":["Chrysalis","Violence"],"picked":"Forethought","floor":37},{"not_picked":["Replay:Sssssssssstrike","ReplayTheSpireMod:Private Reserves"],"picked":"Dramatic Entrance","floor":37},{"not_picked":["PanicButton","Panacea"],"picked":"Swift Strike","floor":37},{"not_picked":["Evaluate+1","Conclude+1"],"picked":"Vengeance","floor":38},{"not_picked":["FlyingSleeves+1","ReachHeaven"],"picked":"TalkToTheHand","floor":40},{"not_picked":["WaveOfTheHand","CrushJoints+1"],"picked":"Prostrate+1","floor":41},{"not_picked":["Worship","DeceiveReality+1"],"picked":"Swivel","floor":42},{"not_picked":["Prostrate","ClearTheMind"],"picked":"Alpha","floor":44},{"not_picked":["Nirvana+1","BowlingBash"],"picked":"EmptyMind+1","floor":45},{"not_picked":["SashWhip","InnerPeace+1"],"picked":"EmptyBody+1","floor":46},{"not_picked":["Replay:BluntJabs","Fasting2+1"],"picked":"Replay:AtTheReady+1","floor":48}],"player_experience":129616,"relics_obtained":[{"floor":4,"key":"infinitespire:Golems Mask"},{"floor":7,"key":"Anchor"},{"floor":9,"key":"Pet Ghost"},{"floor":10,"key":"Strawberry"},{"floor":14,"key":"Boot"},{"floor":23,"key":"Vajra"},{"floor":26,"key":"ReplayTheSpireMod:Shallot"},{"floor":29,"key":"ReplayTheSpireMod:Lightbulb"},{"floor":41,"key":"Bronze Scales"},{"floor":43,"key":"Bottled Flame"},{"floor":46,"key":"MawBank"},{"floor":49,"key":"Gremlin Food"}],"event_choices":[{"damage_healed":0,"gold_gain":0,"player_choice":"Read","damage_taken":0,"max_hp_gain":0,"max_hp_loss":0,"event_name":"The Library","floor":19,"gold_loss":0,"cards_obtained":["WindmillStrike"]},{"damage_healed":0,"gold_gain":0,"player_choice":"Became a vampire","damage_taken":0,"max_hp_gain":0,"max_hp_loss":26,"event_name":"Vampires","floor":21,"gold_loss":0,"cards_obtained":["Bite","Bite","Bite","Bite","Bite"]},{"cards_removed":["Defend_P"],"damage_healed":0,"gold_gain":0,"player_choice":"Elegance","damage_taken":0,"max_hp_gain":0,"max_hp_loss":0,"event_name":"Back to Basics","floor":22,"gold_loss":0},{"damage_healed":0,"gold_gain":0,"player_choice":"Ignored","damage_taken":0,"max_hp_gain":0,"max_hp_loss":0,"event_name":"Ghosts","floor":25,"gold_loss":0},{"cards_removed":["LikeWater"],"damage_healed":0,"gold_gain":0,"player_choice":"Removed Power","damage_taken":0,"max_hp_gain":0,"max_hp_loss":0,"event_name":"Falling","floor":36,"gold_loss":0},{"damage_healed":0,"gold_gain":0,"player_choice":"Memory 3","damage_taken":10,"max_hp_gain":0,"max_hp_loss":0,"event_name":"SensoryStone","floor":37,"gold_loss":0},{"cards_removed":["Defend_P"],"damage_healed":0,"gold_gain":0,"player_choice":"Purged","damage_taken":0,"max_hp_gain":0,"max_hp_loss":0,"event_name":"Purifier","floor":39,"gold_loss":0},{"damage_healed":0,"gold_gain":0,"player_choice":"Paid","damage_taken":0,"relics_obtained":["Red Mask"],"max_hp_gain":0,"max_hp_loss":0,"event_name":"Tomb of Lord Red Mask","floor":47,"gold_loss":687}],"is_beta":false,"boss_relics":[{"not_picked":["Abe\u0027s Treasure","Velvet Choker"],"picked":"Runic Pyramid"},{"not_picked":["Replay:Grab Bag","Snecko Eye"],"picked":"VioletLotus"}],"items_purged_floors":[],"is_endless":false,"potions_floor_spawned":[2,3,8,14,23,28,29,30,42,44,46,48],"killed_by":"Awakened One","ascension_level":0}}