{"host":"uclt3t1usqzz4m5p","time":1607492229,"event":{"gold_per_floor":[112,129,141,159,159,184,204,138,209,209,109,109],"floor_reached":11,"playtime":423,"items_purged":[],"score":110,"play_id":"a6f9e2b5-b64e-4a1a-ae83-2d66bb2762b7","local_time":"20201208213709","is_ascension_mode":false,"campfire_choices":[],"neow_cost":"NONE","seed_source_timestamp":361803002548400,"circlet_count":0,"master_deck":["Strike_R","Strike_R","Strike_R","Strike_R","Strike_R","Defend_R","Defend_R","Defend_R","Defend_R+1","Bash","Perfected Strike+1","Havoc","Pommel Strike","Feel No Pain","Sever Soul","Perfected Strike","Ghostly Armor"],"special_seed":0,"relics":["Burning Blood","Hammer of Thor","Seething Fire","Anvil of the Gods","wanderingMiniBosses:LockLocket","Darkstone Periapt","Mercury Hourglass","CCEMRelics:Sandal"],"potions_floor_usage":[],"damage_taken":[{"damage":6.0,"enemies":"Jaw Worm","floor":1.0,"turns":3.0},{"damage":0.0,"enemies":"Cultist","floor":2.0,"turns":2.0},{"damage":7.0,"enemies":"Small Slimes","floor":3.0,"turns":4.0},{"damage":12.0,"enemies":"Blue Slaver","floor":4.0,"turns":3.0},{"damage":27.0,"enemies":"Gremlin Nob","floor":6.0,"turns":4.0},{"damage":25.0,"enemies":"Exordium Wildlife","floor":7.0,"turns":4.0},{"damage":36.0,"enemies":"Lagavulin","floor":8.0,"turns":5.0},{"damage":7,"enemies":"3 Louse","floor":11,"turns":2}],"seed_played":"8814810714277696456","potions_obtained":[{"floor":3.0,"key":"BloodPotion"},{"floor":8.0,"key":"AttackPotion"},{"floor":10.0,"key":"CultistPotion"},{"floor":10.0,"key":"SpeedPotion"},{"floor":10.0,"key":"FearPotion"}],"is_trial":false,"path_per_floor":["M","M","M","M","?","E","M","E","T","?","M"],"character_chosen":"IRONCLAD","items_purchased":[],"campfire_rested":0,"item_purchase_floors":[],"current_hp_per_floor":[80,80,79,73,57,52,33,7,7,7,1,1],"gold":109,"neow_bonus":"THREE_CARDS","is_prod":false,"is_daily":false,"chose_seed":false,"campfire_upgraded":0,"win_rate":0,"timestamp":1607492229,"path_taken":["M","M","M","M","?","E","M","E","T","?","?"],"build_version":"2020-11-30","purchased_purges":0,"victory":false,"max_hp_per_floor":[80,80,80,80,80,80,80,80,80,80,80,80],"card_choices":[{"not_picked":["Flex","Ghostly Armor"],"picked":"Perfected Strike","floor":0.0},{"not_picked":["Flex","Heavy Blade"],"picked":"Havoc","floor":1.0},{"not_picked":["Sword Boomerang","Rupture"],"picked":"Pommel Strike","floor":2.0},{"not_picked":["Flex","Sword Boomerang"],"picked":"Feel No Pain","floor":3.0},{"not_picked":["Sword Boomerang","Body Slam"],"picked":"Sever Soul","floor":4.0},{"not_picked":["Wild Strike","Metallicize"],"picked":"Perfected Strike","floor":6.0},{"not_picked":["Sword Boomerang","Reckless Charge"],"picked":"Ghostly Armor","floor":7.0},{"not_picked":["Dropkick","Feel No Pain","Hemokinesis"],"picked":"SKIP","floor":8.0}],"player_experience":562287,"relics_obtained":[{"floor":3.0,"key":"wanderingMiniBosses:LockLocket"},{"floor":6.0,"key":"Darkstone Periapt"},{"floor":8.0,"key":"Mercury Hourglass"},{"floor":9.0,"key":"CCEMRelics:Sandal"}],"event_choices":[{"damage_healed":73.0,"max_hp_gain":0.0,"max_hp_loss":80.0,"gold_gain":0.0,"event_name":"betterThird:BetterShining","player_choice":"Upgrade","floor":5.0,"gold_loss":0.0,"damage_taken":16.0,"cards_upgraded":["Perfected Strike","Defend_R"]},{"damage_healed":0.0,"max_hp_gain":0.0,"max_hp_loss":0.0,"gold_gain":0.0,"event_name":"Lab","player_choice":"Got Potions","floor":10.0,"gold_loss":0.0,"damage_taken":0.0}],"is_beta":false,"boss_relics":[],"items_purged_floors":[],"is_endless":false,"potions_floor_spawned":[3,8],"killed_by":"3 Louse","ascension_level":0}}