{"host":"igj4vwc42ivwqexo","time":1607548085,"event":{"gold_per_floor":[116,136,147,163,163,163,197,212,236,58,58,58,71,89,89,217,217,236,256,256,276,297,337,337,371,441,464,483,483,502,502,502,626,626,650,227,227,560,580,580,613,631,631,631,646,674,674,699,699,803,803,807,810,858,864,700,700,705,705,705,704,722,717,729,395,395,462,462,464,272,722,483,483,483,476,476,499,503,515,515,244,245,245,322,322,323,323,323,328,327,327,313,313],"floor_reached":92,"playtime":10430,"items_purged":["Defend_P","Strike_P","Strike_P","Strike_P","Defend_P","Defend_P"],"score":1987,"play_id":"9e222dc1-6464-4037-bc4d-41a608e470f8","local_time":"20201209220805","is_ascension_mode":true,"campfire_choices":[{"data":"Eruption","floor":6.0,"key":"SMITH"},{"data":"Perseverance","floor":15.0,"key":"SMITH"},{"data":"Meditate","floor":24.0,"key":"SMITH"},{"data":"Crescendo","floor":29.0,"key":"SMITH"},{"data":"infinitespire:Menacing","floor":32.0,"key":"SMITH"},{"data":"Vault","floor":40.0,"key":"SMITH"},{"data":"infinitespire:Menacing","floor":47.0,"key":"SMITH"},{"data":"MentalFortress","floor":49.0,"key":"SMITH"},{"data":"Devotion","floor":57.0,"key":"SMITH"},{"data":"Wallop","floor":59.0,"key":"SMITH"},{"data":"ClearTheMind","floor":66.0,"key":"SMITH"},{"data":"1","floor":74.0,"key":"LIFT"},{"data":"2","floor":76.0,"key":"LIFT"},{"data":"3","floor":83.0,"key":"LIFT"},{"data":"Omniscience","floor":91.0,"key":"SMITH"}],"neow_cost":"PERCENT_DAMAGE","seed_source_timestamp":7992153117200,"circlet_count":0,"master_deck":["Defend_P","Eruption+1","Vigilance+1","Conclude","Meditate+1","EmptyFist","FlurryOfBlows","Perseverance+1","SashWhip+1","DeceiveReality","EmptyBody","MentalFortress+1","EmptyMind","Alpha","Brilliance+1","ReachHeaven+1","Crescendo+1","BattleHymn","EmptyFist+1","BattleHymn","Halt","Evaluate","Prostrate","TalkToTheHand+1","infinitespire:Menacing+1","Vault+1","SashWhip+1","DeceiveReality","Evaluate","Study","Sanctity+1","WindmillStrike+1","infinitespire:Menacing+1","Prostrate+1","Wallop+1","Devotion+1","MentalFortress","InnerPeace","Wallop+1","ClearTheMind+1","Adaptation","Tantrum","EmptyBody","Devotion","EmptyFist+1","Brilliance","CarveReality+1","InnerPeace","Tantrum","Vault","Omniscience+1","MentalFortress+1","EmptyFist+1","infinitespire:SealOfDarkness+"],"special_seed":0,"relics":["HolyWater","Thread and Needle","infinitespire:BottledMercury","Boot","Mango","VioletLotus","Damaru","Whetstone","infinitespire:WardingShard","Bronze Scales","Sozu","Membership Card","Nunchaku","infinitespire:Satchel","Girya","GoldenEye","Centennial Puzzle","Potion Belt","SlaversCollar","infinitespire:Beetle Shell","Pen Nib","Letter Opener","infinitespire:Eraser","Ice Cream","Orichalcum","HandDrill","Oddly Smooth Stone","InkBottle","Philosopher\u0027s Stone","Happy Flower","Bag of Marbles","Dream Catcher","infinitespire:PuzzleCube","PreservedInsect","Lantern","infinitespire:FocusingShard","Melange"],"potions_floor_usage":[],"damage_taken":[{"damage":0.0,"enemies":"Cultist","floor":1.0,"turns":3.0},{"damage":0.0,"enemies":"Small Slimes","floor":2.0,"turns":3.0},{"damage":1.0,"enemies":"2 Louse","floor":3.0,"turns":3.0},{"damage":0.0,"enemies":"Blue Slaver","floor":4.0,"turns":3.0},{"damage":12.0,"enemies":"3 Sentries","floor":7.0,"turns":4.0},{"damage":1.0,"enemies":"Gremlin Gang","floor":8.0,"turns":3.0},{"damage":0.0,"enemies":"Lots of Slimes","floor":13.0,"turns":1.0},{"damage":0.0,"enemies":"Blue Slaver","floor":14.0,"turns":4.0},{"damage":15.0,"enemies":"Slime Boss","floor":16.0,"turns":5.0},{"damage":9.0,"enemies":"2 Thieves","floor":18.0,"turns":3.0},{"damage":4.0,"enemies":"3 Byrds","floor":19.0,"turns":5.0},{"damage":0.0,"enemies":"Cultist and Chosen","floor":21.0,"turns":4.0},{"damage":0.0,"enemies":"Centurion and Healer","floor":22.0,"turns":5.0},{"damage":19.0,"enemies":"Gremlin Leader","floor":23.0,"turns":5.0},{"damage":16.0,"enemies":"Slavers","floor":25.0,"turns":6.0},{"damage":14.0,"enemies":"3 Cultists","floor":27.0,"turns":5.0},{"damage":0.0,"enemies":"Snecko","floor":28.0,"turns":6.0},{"damage":1.0,"enemies":"Snake Plant","floor":30.0,"turns":4.0},{"damage":25.0,"enemies":"Automaton","floor":33.0,"turns":7.0},{"damage":7.0,"enemies":"Orb Walker","floor":35.0,"turns":4.0},{"damage":10.0,"enemies":"3 Darklings","floor":39.0,"turns":5.0},{"damage":0.0,"enemies":"Giant Head","floor":41.0,"turns":8.0},{"damage":6.0,"enemies":"Spire Growth","floor":42.0,"turns":7.0},{"damage":0.0,"enemies":"Transient","floor":45.0,"turns":6.0},{"damage":17.0,"enemies":"Nightmare","floor":46.0,"turns":10.0},{"damage":27.0,"enemies":"Reptomancer","floor":48.0,"turns":6.0},{"damage":15.0,"enemies":"infinitespire:MassOfShapes","floor":50.0,"turns":10.0},{"damage":0.0,"enemies":"2 Louse","floor":52.0,"turns":2.0},{"damage":0.0,"enemies":"Cultist","floor":53.0,"turns":4.0},{"damage":0.0,"enemies":"Jaw Worm","floor":55.0,"turns":2.0},{"damage":0.0,"enemies":"Gremlin Nob","floor":58.0,"turns":4.0},{"damage":12.0,"enemies":"Gremlin Gang","floor":61.0,"turns":5.0},{"damage":0.0,"enemies":"Lagavulin","floor":62.0,"turns":4.0},{"damage":1.0,"enemies":"Blue Slaver","floor":63.0,"turns":4.0},{"damage":7.0,"enemies":"Gremlin Nob","floor":64.0,"turns":4.0},{"damage":0.0,"enemies":"Slime Boss","floor":67.0,"turns":4.0},{"damage":10.0,"enemies":"3 Byrds","floor":69.0,"turns":3.0},{"damage":0.0,"enemies":"Gremlin Leader","floor":75.0,"turns":4.0},{"damage":0.0,"enemies":"2 Thieves","floor":78.0,"turns":3.0},{"damage":0.0,"enemies":"Slavers","floor":79.0,"turns":3.0},{"damage":3.0,"enemies":"Snake Plant","floor":82.0,"turns":2.0},{"damage":5.0,"enemies":"Champ","floor":84.0,"turns":3.0},{"damage":0.0,"enemies":"3 Darklings","floor":86.0,"turns":3.0},{"damage":0.0,"enemies":"3 Shapes","floor":89.0,"turns":3.0},{"damage":1.0,"enemies":"Spire Growth","floor":90.0,"turns":2.0},{"damage":94,"enemies":"3 Darklings","floor":92,"turns":2}],"seed_played":"360466828380684598","potions_obtained":[{"floor":3.0,"key":"AttackPotion"},{"floor":7.0,"key":"SpeedPotion"},{"floor":13.0,"key":"Fruit Juice"},{"floor":18.0,"key":"LiquidBronze"},{"floor":23.0,"key":"StancePotion"},{"floor":27.0,"key":"GamblersBrew"},{"floor":28.0,"key":"FearPotion"}],"is_trial":false,"path_per_floor":["M","M","M","M","?","R","E","M","T","$","?","T","M","M","R","B",null,"M","M","$","M","M","E","R","E","T","M","M","R","M","AVR","R","B",null,"M","$","?","?","M","R","E","M","T","?","M","NM","R","E","R","B",null,"M","M","T","M","$","R","E","R","T","M","E","M","E","$","R","B",null,"M","$","?","$","?","R","E","R","T","M","E","?","$","M","R","B",null,"M","?","?","M","M","R","M"],"character_chosen":"WATCHER","items_purchased":["DeceiveReality","EmptyBody","MentalFortress","Membership Card","Nunchaku","infinitespire:Satchel","DeceiveReality","Evaluate","Study","Pen Nib","InnerPeace","HandDrill","Oddly Smooth Stone","InkBottle","Happy Flower","Brilliance","Bag of Marbles","Dream Catcher","infinitespire:FocusingShard","Melange","Vault"],"campfire_rested":0,"item_purchase_floors":[10,10,10,36,36,36,36,36,36,56,56,65,65,65,70,70,72,72,81,81,81],"current_hp_per_floor":[51,51,50,50,32,32,20,19,19,19,5,19,19,19,19,9,91,82,78,78,78,78,59,59,43,43,29,29,29,28,28,28,3,91,84,84,84,84,74,74,74,68,68,68,68,51,51,24,24,9,91,91,91,91,91,91,91,91,91,91,79,79,78,71,71,71,71,91,81,81,35,35,35,35,35,35,35,35,35,35,35,32,32,27,91,91,91,91,91,90,90,0,0],"gold":313,"neow_bonus":"ONE_RARE_RELIC","is_prod":false,"is_daily":false,"chose_seed":false,"campfire_upgraded":12,"win_rate":0,"timestamp":1607548085,"path_taken":["M","?","?","M","?","R","E","M","T","$","?","?","M","M","R","BOSS","M","?","?","?","M","E","R","E","T","M","M","R","M","AVR","R","BOSS","M","$","?","?","M","R","E","M","T","?","M","NM","R","E","R","BOSS","M","?","?","M","?","R","E","R","T","?","E","M","E","$","R","BOSS","M","$","?","$","?","R","E","R","T","M","E","?","?","M","R","BOSS","M","?","?","M","?","R","?"],"build_version":"2020-11-30","purchased_purges":6,"victory":false,"max_hp_per_floor":[72,72,72,72,72,72,72,72,72,72,72,86,86,86,86,91,91,91,91,91,91,91,91,91,91,91,91,91,91,91,91,91,91,91,91,91,91,91,91,91,91,91,91,91,91,91,91,91,91,91,91,91,91,91,91,91,91,91,91,91,91,91,91,91,91,91,91,91,91,91,91,91,91,91,91,91,91,91,91,91,91,91,91,91,91,91,91,91,91,91,91,91,91],"card_choices":[{"not_picked":["CrushJoints","BattleHymn"],"picked":"Conclude","floor":1.0},{"not_picked":["Weave","JustLucky"],"picked":"Meditate","floor":2.0},{"not_picked":["FollowUp","Prostrate"],"picked":"EmptyFist","floor":3.0},{"not_picked":["Conclude","PathToVictory"],"picked":"FlurryOfBlows","floor":4.0},{"not_picked":["CrushJoints","SashWhip"],"picked":"Perseverance","floor":7.0},{"not_picked":["JustLucky","Prostrate"],"picked":"SashWhip","floor":8.0},{"not_picked":["CutThroughFate","ThirdEye"],"picked":"EmptyMind","floor":13.0},{"not_picked":["Worship","Prostrate"],"picked":"Alpha","floor":14.0},{"not_picked":["Ragnarok","Omniscience"],"picked":"Brilliance","floor":16.0},{"not_picked":["ThirdEye","JustLucky"],"picked":"ReachHeaven+1","floor":18.0},{"not_picked":["Consecrate","CrushJoints+1"],"picked":"Crescendo","floor":19.0},{"not_picked":["FlyingSleeves","JustLucky"],"picked":"BattleHymn","floor":21.0},{"not_picked":["Evaluate","Prostrate"],"picked":"EmptyFist","floor":22.0},{"not_picked":["DevaForm","Consecrate"],"picked":"BattleHymn","floor":23.0},{"not_picked":["FlyingSleeves","ThirdEye"],"picked":"Halt","floor":25.0},{"not_picked":["PathToVictory+1","JustLucky"],"picked":"Evaluate","floor":27.0},{"not_picked":["SashWhip","WaveOfTheHand"],"picked":"Prostrate","floor":28.0},{"not_picked":["JustLucky","FlurryOfBlows"],"picked":"TalkToTheHand+1","floor":30.0},{"not_picked":["ConjureBlade","Omniscience"],"picked":"Vault","floor":33.0},{"not_picked":["Prostrate","PathToVictory"],"picked":"SashWhip+1","floor":35.0},{"not_picked":["Consecrate","BattleHymn"],"picked":"Sanctity+1","floor":39.0},{"not_picked":["FollowUp","BattleHymn","Crescendo+1"],"picked":"SKIP","floor":41.0},{"not_picked":["Indignation+1","Collect","EmptyFist"],"picked":"SKIP","floor":42.0},{"not_picked":["Collect","BowlingBash"],"picked":"WindmillStrike+1","floor":45.0},{"not_picked":["infinitespire:Gouge","infinitespire:NeuralNetwork"],"picked":"infinitespire:Menacing","floor":46.0},{"not_picked":["Scrawl","Nirvana"],"picked":"Prostrate+1","floor":46.0},{"not_picked":["ThirdEye+1","Tantrum"],"picked":"Wallop+1","floor":48.0},{"not_picked":["Brilliance","Vault"],"picked":"Devotion","floor":50.0},{"not_picked":["Wallop","WaveOfTheHand","EmptyBody"],"picked":"SKIP","floor":52.0},{"not_picked":["WindmillStrike","Crescendo","Fasting2"],"picked":"SKIP","floor":53.0},{"not_picked":["CutThroughFate","ThirdEye"],"picked":"MentalFortress","floor":55.0},{"not_picked":["SandsOfTime","Swivel"],"picked":"Wallop","floor":58.0},{"not_picked":["Indignation","SashWhip"],"picked":"ClearTheMind","floor":61.0},{"not_picked":["Meditate","Consecrate"],"picked":"Adaptation","floor":62.0},{"not_picked":["FollowUp","Consecrate"],"picked":"Tantrum","floor":63.0},{"not_picked":["WreathOfFlame","Blasphemy"],"picked":"EmptyBody","floor":64.0},{"not_picked":["MasterReality","LessonLearned"],"picked":"Devotion","floor":67.0},{"not_picked":["FlurryOfBlows","Swivel"],"picked":"EmptyFist+1","floor":69.0},{"not_picked":["FlyingSleeves","Consecrate"],"picked":"CarveReality+1","floor":75.0},{"not_picked":["CrushJoints","Study"],"picked":"InnerPeace","floor":78.0},{"not_picked":["FlyingSleeves+1","FollowUp+1"],"picked":"Tantrum","floor":79.0},{"not_picked":["Halt","EmptyFist","LikeWater"],"picked":"SKIP","floor":82.0},{"not_picked":["LessonLearned","DeusExMachina"],"picked":"Omniscience","floor":84.0},{"not_picked":["Halt+1","Consecrate"],"picked":"MentalFortress+1","floor":86.0},{"not_picked":["CutThroughFate","Pray"],"picked":"EmptyFist+1","floor":89.0},{"not_picked":["infinitespire:Execution","infinitespire:SevenWalls"],"picked":"infinitespire:SealOfDarkness+","floor":90.0},{"not_picked":["Wallop","Swivel","TalkToTheHand+1"],"picked":"SKIP","floor":90.0}],"player_experience":180831,"relics_obtained":[{"floor":7.0,"key":"infinitespire:BottledMercury"},{"floor":9.0,"key":"Boot"},{"floor":12.0,"key":"Mango"},{"floor":23.0,"key":"Damaru"},{"floor":25.0,"key":"Whetstone"},{"floor":26.0,"key":"infinitespire:WardingShard"},{"floor":41.0,"key":"Girya"},{"floor":43.0,"key":"GoldenEye"},{"floor":46.0,"key":"Centennial Puzzle"},{"floor":48.0,"key":"Potion Belt"},{"floor":54.0,"key":"infinitespire:Beetle Shell"},{"floor":58.0,"key":"Letter Opener"},{"floor":60.0,"key":"infinitespire:Eraser"},{"floor":62.0,"key":"Ice Cream"},{"floor":64.0,"key":"Orichalcum"},{"floor":75.0,"key":"infinitespire:PuzzleCube"},{"floor":77.0,"key":"PreservedInsect"},{"floor":79.0,"key":"Lantern"}],"event_choices":[{"damage_healed":0.0,"max_hp_gain":0.0,"max_hp_loss":0.0,"gold_gain":0.0,"event_name":"Golden Idol","player_choice":"Take Damage","floor":5.0,"gold_loss":0.0,"damage_taken":18.0,"relics_obtained":["Golden Idol"]},{"damage_healed":0.0,"max_hp_gain":0.0,"max_hp_loss":0.0,"gold_gain":0.0,"event_name":"Shining Light","player_choice":"Entered Light","floor":11.0,"gold_loss":0.0,"damage_taken":14.0,"cards_upgraded":["SashWhip","Vigilance"]},{"damage_healed":0.0,"max_hp_gain":0.0,"max_hp_loss":0.0,"gold_gain":0.0,"event_name":"Tomb of Lord Red Mask","player_choice":"Ignored","floor":37.0,"gold_loss":0.0,"damage_taken":0.0},{"damage_healed":0.0,"max_hp_gain":0.0,"max_hp_loss":0.0,"gold_gain":333.0,"event_name":"The Moai Head","player_choice":"Gave Idol","floor":38.0,"relics_lost":["Golden Idol"],"gold_loss":0.0,"damage_taken":0.0},{"cards_removed":["Strike_P"],"damage_healed":0.0,"max_hp_gain":0.0,"max_hp_loss":0.0,"gold_gain":0.0,"event_name":"Purifier","player_choice":"Purged","floor":44.0,"gold_loss":0.0,"damage_taken":0.0},{"damage_healed":0.0,"max_hp_gain":0.0,"max_hp_loss":0.0,"gold_gain":450.0,"event_name":"Knowing Skull","player_choice":"GOLD GOLD GOLD GOLD GOLD ","floor":71.0,"potions_obtained":[],"gold_loss":0.0,"damage_taken":46.0,"cards_obtained":[]},{"damage_healed":0.0,"max_hp_gain":0.0,"max_hp_loss":0.0,"gold_gain":0.0,"event_name":"Ghosts","player_choice":"Ignored","floor":73.0,"gold_loss":0.0,"damage_taken":0.0},{"damage_healed":0.0,"max_hp_gain":0.0,"max_hp_loss":0.0,"gold_gain":0.0,"event_name":"Vampires","player_choice":"Ignored","floor":80.0,"gold_loss":0.0,"damage_taken":0.0},{"damage_healed":0.0,"max_hp_gain":0.0,"max_hp_loss":0.0,"gold_gain":0.0,"event_name":"SensoryStone","player_choice":"Memory 1","floor":87.0,"gold_loss":0.0,"damage_taken":0.0},{"damage_healed":0.0,"max_hp_gain":0.0,"max_hp_loss":0.0,"gold_gain":0.0,"event_name":"The Woman in Blue","player_choice":"Bought 0 Potions","floor":88.0,"gold_loss":0.0,"damage_taken":0.0}],"is_beta":false,"boss_relics":[{"not_picked":["infinitespire:Cupcake","Velvet Choker"],"picked":"VioletLotus"},{"not_picked":["Astrolabe","Coffee Dripper"],"picked":"HolyWater"},{"not_picked":["Black Star","SacredBark"],"picked":"SlaversCollar"},{"not_picked":["Fusion Hammer","Calling Bell"],"picked":"Philosopher\u0027s Stone"},{"not_picked":["Velvet Choker","Cursed Key","Astrolabe"]}],"items_purged_floors":[31,36,56,65,70,72],"is_endless":true,"potions_floor_spawned":[3,7,13,18,23,27,28,35,41,55,62,64,67,78,79,84,86,90],"killed_by":"3 Darklings","ascension_level":1}}