{"host":"7dykblu2dk6jjwfi","time":1607495813,"event":{"gold_per_floor":[114,39,39,54,54,84,114,144,144,174,174,204,234,264,353,453,453,468,268,18,33,33,63,63,93,93,93,123,153,153,153,153,316,316,316,316,17,86,136,225,75,110,110,110,126,126,426,484,484,484,530,579,579,329,329,365,365,65,65,65],"floor_reached":61,"playtime":22244,"items_purged":["elementalist:Fission_Lance","elementalist:Wards","elementalist:Refract+1","elementalist:Wards","elementalist:Flame","elementalist:Momentum+1","elementalist:Flame","elementalist:Momentum+1"],"score":2233,"play_id":"3b05f0e2-4cf2-4257-8e64-bc6acdc9803e","local_time":"20201208223653","daily_mods":["SealedDeck","Flight","Elite Swarm"],"is_ascension_mode":false,"campfire_choices":[{"data":"elementalist:Solar_Form","floor":11,"key":"SMITH"},{"data":"elementalist:Aetheric_Shield","floor":24,"key":"SMITH"},{"data":"elementalist:Cauterize","floor":30,"key":"SMITH"},{"data":"elementalist:Fire_Emblem","floor":32,"key":"SMITH"},{"data":"elementalist:Fire_Emblem","floor":44,"key":"SMITH"},{"data":"elementalist:Fire_Emblem","floor":46,"key":"SMITH"},{"data":"elementalist:Flame","floor":49,"key":"SMITH"},{"data":"hubris:InfiniteBlow+17","floor":55,"key":"SMITH"},{"data":"hubris:InfiniteBlow+19","floor":57,"key":"SMITH"}],"neow_cost":"","seed_source_timestamp":0,"circlet_count":0,"master_deck":["elementalist:Fire_Emblem+1","elementalist:Fire_Emblem+1","elementalist:Fire_Emblem+1","elementalist:Fire_Emblem+1","elementalist:Fire_Emblem+1","elementalist:Fire_Emblem+1","elementalist:Flame+1","elementalist:Flame+1","elementalist:Solar_Form+1","elementalist:Multification+1","Pot Of Greed+1","Pot Of Greed+1","elementalist:Aetheric_Shield+1","elementalist:Multification+1","elementalist:Flame+1","elementalist:Flame+1","elementalist:Cauterize+1","elementalist:Solar_Form+1","hubris:InfiniteBlow+20"],"special_seed":18605,"relics":["elementalistmod:MagusStaff","elementalistmod:RedRibbon","StuffTheSpire:Nightcore","Toxic Egg 2","Replay:Rubber Ducky","Grinning Jar","Vajra","Replay:WaspNest","qcfpunch:Wrestler\u0027s_Cloak","Blue Candle","conspire:BottledYoYo","Black Star","MerchantsRug","Pantograph","Pear","Lantern","HollowMod:LifeEnderRelic","InkBottle","construct:WeddingRing","HornCleat","qcfpunch:Fighting_Gloves","conspire:DeflatedDodgeball","Akabeko","infinitespire:EvilPickle","StuffTheSpire:Mouthbags","CrustySpines","qcfpunch:Red_Beret","halation:BottledLove","infinitespire:Golems Mask","qcfpunch:Unceasing_Flame","beaked:SacredDeck","Old Coin","HornCleat","StuffTheSpire:NeowsTribute","paleoftheancients:Timepiece","Anchor","Ice Cream","Gremlin Horn","paleoftheancients:SoulOfTheCollector","Turnip"],"potions_floor_usage":[7,7,13,42,50,60,60,60],"damage_taken":[{"damage":0,"enemies":"Small Slimes","floor":1,"turns":3},{"damage":1,"enemies":"Cultist","floor":4,"turns":3},{"damage":7,"enemies":"3 Sentries","floor":6,"turns":6},{"damage":8,"enemies":"Lagavulin","floor":7,"turns":5},{"damage":4,"enemies":"Replay:BlueRogue","floor":8,"turns":4},{"damage":0,"enemies":"Lagavulin","floor":10,"turns":4},{"damage":4,"enemies":"Replay:BlueRogue","floor":12,"turns":3},{"damage":0,"enemies":"Gremlin Nob","floor":13,"turns":4},{"damage":0,"enemies":"Lagavulin","floor":14,"turns":4},{"damage":1,"enemies":"Slime Boss","floor":16,"turns":5},{"damage":0,"enemies":"conspire:FuzzyDice","floor":18,"turns":4},{"damage":0,"enemies":"Spheric Guardian","floor":21,"turns":1},{"damage":12,"enemies":"Slavers","floor":23,"turns":4},{"damage":0,"enemies":"Replay:Snechameleon","floor":25,"turns":4},{"damage":0,"enemies":"Book of Stabbing","floor":28,"turns":2},{"damage":0,"enemies":"Replay:Snechameleon","floor":29,"turns":2},{"damage":0,"enemies":"Pondfish","floor":33,"turns":3},{"damage":0,"enemies":"Orb Walker","floor":35,"turns":2},{"damage":0,"enemies":"3 Shapes","floor":38,"turns":4},{"damage":0,"enemies":"Mind Bloom Boss Battle","floor":39,"turns":2},{"damage":0,"enemies":"Giant Head","floor":40,"turns":2},{"damage":0,"enemies":"R_Hoarder","floor":42,"turns":4},{"damage":0,"enemies":"Reptomancer","floor":48,"turns":2},{"damage":49,"enemies":"infinitespire:MassOfShapes","floor":50,"turns":1},{"damage":0,"enemies":"infinitespire:MassOfShapes","floor":51,"turns":3},{"damage":0,"enemies":"infinitespire:MassOfShapes","floor":52,"turns":2},{"damage":0,"enemies":"infinitespire:MassOfShapes","floor":56,"turns":3},{"damage":0,"enemies":"paleoftheancients:N","floor":60,"turns":2}],"seed_played":"4494449258677458329","potions_obtained":[{"floor":1,"key":"Weak Potion"},{"floor":4,"key":"ColorlessPotion"},{"floor":6,"key":"FearPotion"},{"floor":10,"key":"Block Potion"},{"floor":14,"key":"LifebloodPotion"},{"floor":16,"key":"blueLaboratory:HummingbirdPotion"},{"floor":21,"key":"Strength Potion"},{"floor":25,"key":"blueLaboratory:BottleOfVodka"},{"floor":28,"key":"blueLaboratory:PolymorphPotion"},{"floor":39,"key":"PowerPotion"},{"floor":56,"key":"blueLaboratory:BubblePotion"}],"is_trial":false,"path_per_floor":["M","$","?","M","?","E","E","E","T","E","R","E","E","E","R","B",null,"M","$","$","M","?","E","R","E","T","AVR","E","E","R","?","R","B",null,"M","?","$","M","?","E","$","E","T","R","$","R","AVR","E","R","B","M","M","?","$","R","M","R","$","?","B",null],"character_chosen":"THE_ELEMENTALIST","items_purchased":["MerchantsRug","Pantograph","elementalist:Flame","StuffTheSpire:Mouthbags","Energy Potion","Turnip"],"campfire_rested":0,"item_purchase_floors":[19,20,37,37,54,58],"current_hp_per_floor":[70,70,70,69,69,62,54,50,50,50,50,46,46,46,46,45,70,70,70,70,70,70,68,68,68,68,68,68,68,68,68,68,80,80,80,80,80,80,80,80,80,80,80,80,80,80,80,80,80,80,80,80,80,80,80,80,80,80,80,80],"gold":65,"neow_bonus":"","is_prod":false,"is_daily":true,"chose_seed":false,"campfire_upgraded":9,"win_rate":0.0,"timestamp":1607495813,"path_taken":["M","$","?","?","?","E","E","E","T","E","R","E","E","E","R","BOSS","M","$","$","?","?","E","R","E","T","AVR","E","E","R","?","R","BOSS","M","?","$","M","?","E","$","E","T","R","?","R","AVR","E","R","BOSS","M","M","?","$","R","M","R","$","?","BOSS"],"build_version":"2020-11-30","purchased_purges":8,"victory":true,"max_hp_per_floor":[70,70,70,70,70,70,70,70,70,70,70,70,70,70,70,70,70,70,70,70,70,70,80,80,80,80,80,80,80,80,80,80,80,80,80,80,80,80,80,80,80,80,80,80,80,80,80,80,80,80,80,80,80,80,80,80,80,80,80,80],"card_choices":[{"not_picked":["elementalist:Overheat","elementalist:Emberveil"],"picked":"elementalist:Flame","floor":1},{"not_picked":["elementalist:Breeze","elementalist:Gaian_Form"],"picked":"elementalist:Cauterize","floor":4},{"not_picked":["elementalist:Mirror_Circlet","elementalist:Inferno"],"picked":"elementalist:Refract+1","floor":6},{"not_picked":["elementalist:Ferruchemy+1","elementalist:Impact"],"picked":"elementalist:Multification+1","floor":7},{"not_picked":["elementalist:Accelerant","elementalist:Heavensfall"],"picked":"elementalist:Aetheric_Shield","floor":8},{"not_picked":["elementalist:Erosion+1","elementalist:Mirror_Circlet","elementalist:Kiln+1"],"picked":"SKIP","floor":10},{"not_picked":["elementalist:Ferruchemy+1","elementalist:Dragon_Bigram","elementalist:Kiln+1"],"picked":"SKIP","floor":12},{"not_picked":["elementalist:Heavensfall","elementalist:Kiln+1","elementalist:Tsunami"],"picked":"SKIP","floor":13},{"not_picked":["elementalist:Erosion+1","elementalist:Quake"],"picked":"elementalist:Multification+1","floor":14},{"not_picked":["elementalist:Mist+1","elementalist:Etherstrike"],"picked":"elementalist:Flame+1","floor":18},{"not_picked":["elementalist:Sidereal_Form","elementalist:Fission_Lance","elementalist:Undertow+1"],"picked":"SKIP","floor":21},{"not_picked":["elementalist:Inferno","elementalist:Kiln+1","elementalist:Mirror_Circlet"],"picked":"SKIP","floor":23},{"not_picked":["elementalist:Ferruchemy+1","elementalist:Heavensfall","elementalist:Accelerant"],"picked":"SKIP","floor":25},{"not_picked":["elementalist:Tsunami","elementalist:Quake","elementalist:Heavensfall"],"picked":"SKIP","floor":28},{"not_picked":["elementalist:Accelerant","elementalist:Kiln+1","elementalist:Rising_Vapors+1"],"picked":"SKIP","floor":29},{"not_picked":["elementalist:Concentricity","elementalist:Undertow+1","elementalist:Magma_Shot+1"],"picked":"SKIP","floor":35},{"not_picked":["elementalist:Cauterize+1","elementalist:Undertow+1","elementalist:Mirror_Circlet"],"picked":"SKIP","floor":38},{"not_picked":["elementalist:Dragon_Bigram","elementalist:Heavensfall","elementalist:Aetheric_Shield"],"picked":"SKIP","floor":40},{"not_picked":["elementalist:Dragon_Bigram","elementalist:Heavensfall","elementalist:Aetheric_Shield"],"picked":"SKIP","floor":40},{"not_picked":["elementalist:Heavensfall","elementalist:Accelerant","elementalist:Glaciate"],"picked":"SKIP","floor":42},{"not_picked":["elementalist:Heavensfall","elementalist:Accelerant","elementalist:Glaciate"],"picked":"SKIP","floor":42},{"not_picked":["elementalist:Inferno","elementalist:Rising_Vapors+1","elementalist:Tsunami"],"picked":"SKIP","floor":48},{"not_picked":["elementalist:Blaze+1","elementalist:Spout","elementalist:Breeze+1"],"picked":"SKIP","floor":51},{"not_picked":["elementalist:Breeze+1","elementalist:Monument+1","elementalist:Spout"],"picked":"SKIP","floor":52},{"not_picked":["elementalist:Ferruchemy+1","elementalist:Magma_Shot+1","elementalist:Solar_Form+1"],"picked":"SKIP","floor":56}],"player_experience":928435,"relics_obtained":[{"floor":6,"key":"Toxic Egg 2"},{"floor":7,"key":"Replay:Rubber Ducky"},{"floor":8,"key":"Grinning Jar"},{"floor":9,"key":"Vajra"},{"floor":10,"key":"Replay:WaspNest"},{"floor":12,"key":"qcfpunch:Wrestler\u0027s_Cloak"},{"floor":13,"key":"Blue Candle"},{"floor":14,"key":"conspire:BottledYoYo"},{"floor":23,"key":"Pear"},{"floor":23,"key":"RetroEgg"},{"floor":25,"key":"Lantern"},{"floor":25,"key":"HollowMod:LifeEnderRelic"},{"floor":26,"key":"InkBottle"},{"floor":28,"key":"qcfpunch:Fighting_Gloves"},{"floor":28,"key":"hubris:MobiusCoin"},{"floor":29,"key":"conspire:DeflatedDodgeball"},{"floor":29,"key":"Akabeko"},{"floor":39,"key":"CrustySpines"},{"floor":40,"key":"qcfpunch:Red_Beret"},{"floor":40,"key":"halation:BottledLove"},{"floor":42,"key":"hubris:Reverence"},{"floor":42,"key":"infinitespire:Golems Mask"},{"floor":43,"key":"qcfpunch:Unceasing_Flame"},{"floor":48,"key":"HornCleat"},{"floor":48,"key":"StuffTheSpire:NeowsTribute"},{"floor":51,"key":"paleoftheancients:SoulOfTheCollector"}],"event_choices":[{"damage_healed":0,"gold_gain":0,"player_choice":"Gave Potion","damage_taken":0,"relics_obtained":["StuffTheSpire:Nightcore"],"max_hp_gain":0,"max_hp_loss":0,"event_name":"WeMeetAgain","floor":3,"gold_loss":0},{"cards_removed":["elementalist:Overheat"],"damage_healed":0,"gold_gain":0,"player_choice":"Card Removal","damage_taken":0,"max_hp_gain":0,"max_hp_loss":0,"event_name":"Wheel of Change","floor":5,"gold_loss":0},{"damage_healed":0,"gold_gain":0,"player_choice":"Became a vampire","damage_taken":0,"max_hp_gain":0,"max_hp_loss":0,"event_name":"Vampires","floor":22,"gold_loss":0,"cards_obtained":[]},{"damage_healed":0,"gold_gain":0,"player_choice":"Fight","damage_taken":0,"max_hp_gain":0,"max_hp_loss":0,"event_name":"MindBloom","floor":39,"gold_loss":0}],"is_beta":false,"boss_relics":[{"not_picked":["Velvet Choker","Empty Cage"],"picked":"Black Star"},{"not_picked":["hubris:BlackHole","conspire:SeveredTorchhead","ReplayTheSpireMod:DimensionalGlitch"]}],"items_purged_floors":[2,19,27,37,41,45,47,54],"is_endless":false,"potions_floor_spawned":[1,4,6,10,14,16,21,25,28,35,38,39,56,60],"ascension_level":0}}