{"host":"n3vqtvx9hbigdfc4","time":1607493602,"event":{"gold_per_floor":[114,131,143,143,143,143,159,193,263,278,317,317,297,52,52,52,52],"floor_reached":16,"playtime":941,"items_purged":[],"score":216,"play_id":"2c1fe53f-acbc-46e4-a6d7-1c281ea9866f","local_time":"20201209000002","is_ascension_mode":true,"campfire_choices":[{"data":"Vault","floor":6.0,"key":"SMITH"},{"data":"Eruption","floor":12.0,"key":"SMITH"},{"data":"EmptyBody","floor":15.0,"key":"SMITH"}],"neow_cost":"NONE","seed_source_timestamp":0,"circlet_count":0,"master_deck":["Strike_P","Strike_P","Strike_P","Strike_P","Defend_P","Defend_P","Defend_P","Eruption+1","Vigilance","Vault+1","EmptyFist","FollowUp","Swivel","Consecrate","FollowUp","EmptyBody+1","JustLucky"],"special_seed":0,"relics":["PureWater","Golden Idol","Bird Faced Urn","Question Card","Centennial Puzzle","White Beast Statue"],"potions_floor_usage":[16],"damage_taken":[{"damage":0.0,"enemies":"Small Slimes","floor":1.0,"turns":2.0},{"damage":0.0,"enemies":"2 Louse","floor":2.0,"turns":2.0},{"damage":1.0,"enemies":"Cultist","floor":3.0,"turns":4.0},{"damage":0.0,"enemies":"3 Louse","floor":7.0,"turns":4.0},{"damage":0.0,"enemies":"Gremlin Nob","floor":8.0,"turns":3.0},{"damage":0.0,"enemies":"Exordium Thugs","floor":10.0,"turns":3.0},{"damage":0.0,"enemies":"3 Sentries","floor":11.0,"turns":5.0},{"damage":47,"enemies":"The Guardian","floor":16,"turns":9}],"seed_played":"8638144671859675826","potions_obtained":[{"floor":2.0,"key":"SkillPotion"},{"floor":8.0,"key":"Explosive Potion"},{"floor":11.0,"key":"LifebloodPotion"},{"floor":13.0,"key":"SmokeBomb"}],"is_trial":false,"path_per_floor":["M","M","M","?","?","R","M","E","T","M","E","R","?","$","R","B"],"character_chosen":"WATCHER","items_purchased":["White Beast Statue"],"campfire_rested":0,"item_purchase_floors":[14],"current_hp_per_floor":[65,65,64,46,46,46,46,46,46,46,46,46,46,46,46,0,0],"gold":52,"neow_bonus":"ONE_RANDOM_RARE_CARD","is_prod":false,"is_daily":false,"chose_seed":false,"campfire_upgraded":3,"win_rate":0,"timestamp":1607493602,"path_taken":["M","M","M","?","?","R","?","E","T","M","E","R","?","?","R","BOSS"],"build_version":"2020-11-30","purchased_purges":0,"victory":false,"max_hp_per_floor":[72,72,72,72,72,72,72,72,72,72,72,72,72,72,72,72,72],"relic_stats":{"Centennial Puzzle":[3],"counters":[8,32],"Golden Idol":21,"Bird Faced Urn":[0],"Question Card":2,"obtain_stats":[{"Centennial Puzzle":11,"Golden Idol":4,"Bird Faced Urn":8,"PureWater":0,"Question Card":9,"White Beast Statue":14},{"Centennial Puzzle":7,"Golden Idol":3,"Bird Faced Urn":5,"PureWater":0,"Question Card":5,"White Beast Statue":7},{"Centennial Puzzle":23,"Golden Idol":8,"Bird Faced Urn":15,"PureWater":0,"Question Card":15,"White Beast Statue":23}]},"card_choices":[{"not_picked":["ClearTheMind","CutThroughFate"],"picked":"EmptyFist","floor":1.0},{"not_picked":["EmptyFist","Replay:ManipulateFuture"],"picked":"FollowUp","floor":2.0},{"not_picked":["Replay:BluntJabs","WreathOfFlame"],"picked":"Swivel","floor":3.0},{"not_picked":["Perseverance","ReachHeaven"],"picked":"Consecrate","floor":7.0},{"not_picked":["ConjureBlade","EmptyFist"],"picked":"FollowUp","floor":8.0},{"not_picked":["EmptyMind","Replay:AtTheReady","Sanctity"],"picked":"EmptyBody","floor":10.0},{"not_picked":["Evaluate","EmptyFist","CutThroughFate"],"picked":"JustLucky","floor":11.0}],"player_experience":439140,"relics_obtained":[{"floor":8.0,"key":"Bird Faced Urn"},{"floor":9.0,"key":"Question Card"},{"floor":11.0,"key":"Centennial Puzzle"}],"event_choices":[{"damage_healed":0.0,"max_hp_gain":0.0,"max_hp_loss":0.0,"gold_gain":0.0,"event_name":"Golden Idol","player_choice":"Take Damage","floor":4.0,"gold_loss":0.0,"damage_taken":18.0,"relics_obtained":["Golden Idol"]},{"cards_removed":["Defend_P"],"damage_healed":0.0,"max_hp_gain":0.0,"max_hp_loss":0.0,"gold_gain":0.0,"event_name":"Bonfire Elementals","player_choice":"Offered Basic","floor":5.0,"gold_loss":0.0,"damage_taken":0.0},{"damage_healed":0.0,"max_hp_gain":0.0,"max_hp_loss":0.0,"gold_gain":0.0,"event_name":"The Woman in Blue","player_choice":"Bought 1 Potion","floor":13.0,"gold_loss":0.0,"damage_taken":0.0}],"is_beta":false,"boss_relics":[],"items_purged_floors":[],"is_endless":false,"potions_floor_spawned":[2,8,11],"killed_by":"The Guardian","ascension_level":7}}