{"host":"z26j60ycepuqi9th","time":1607532195,"event":{"gold_per_floor":[115,115,133,133,533,565,565,565,565],"floor_reached":8,"playtime":190,"items_purged":[],"score":103,"play_id":"42052878-cc0c-4f1e-a282-39492401a37f","local_time":"20201210004315","is_ascension_mode":true,"campfire_choices":[{"data":"Underhanded Strike","floor":7,"key":"SMITH"}],"neow_cost":"NONE","seed_source_timestamp":26180571839400,"circlet_count":0,"master_deck":["AscendersBane","Strike_G","Strike_G","Strike_G","Strike_G","Strike_G","Defend_G","Defend_G","Defend_G","Defend_G","Defend_G","Survivor","Neutralize","Underhanded Strike+1","PiercingWail","Acrobatics+1"],"relics":["Ring of the Snake","Hammer of Thor","Seething Fire","Anvil of the Gods","testmod-TestBox","REME_ComplimentaryCards","testmod-Nyarlathotep","GuanYuAspect","Question Card","Centennial Puzzle"],"potions_floor_usage":[],"damage_taken":[{"damage":0,"enemies":"Small Slimes","floor":1,"turns":3},{"damage":1,"enemies":"Cultist","floor":3,"turns":4},{"damage":43,"enemies":"Lagavulin","floor":6,"turns":8},{"damage":30,"enemies":"Gremlin Nob","floor":8,"turns":3}],"seed_played":"-4726312335771352837","potions_obtained":[],"is_trial":false,"path_per_floor":["M","?","M","?","?","E","R","E"],"character_chosen":"THE_SILENT","items_purchased":[],"campfire_rested":0,"item_purchase_floors":[],"current_hp_per_floor":[33,43,43,43,43,17,17,0,0],"gold":565,"neow_bonus":"THREE_CARDS","is_prod":false,"is_daily":false,"chose_seed":false,"campfire_upgraded":1,"win_rate":0,"timestamp":1607532195,"path_taken":["M","?","?","?","?","E","R","E"],"build_version":"2020-11-30","purchased_purges":0,"victory":false,"max_hp_per_floor":[33,43,43,43,43,43,43,43,43],"relic_stats":{"Centennial Puzzle":[3],"counters":[4,18],"Question Card":2,"obtain_stats":[{"Centennial Puzzle":6,"testmod-TestBox":0,"DaveBox":0,"GuanYuAspect":0,"Anvil of the Gods":0,"Hammer of Thor":0,"Seething Fire":0,"testmod-Nyarlathotep":0,"Question Card":1,"Ring of the Snake":0,"REME_ComplimentaryCards":0},{"Centennial Puzzle":3,"testmod-TestBox":0,"DaveBox":0,"GuanYuAspect":0,"Anvil of the Gods":0,"Hammer of Thor":0,"Seething Fire":0,"testmod-Nyarlathotep":0,"Question Card":1,"Ring of the Snake":0,"REME_ComplimentaryCards":0},{"Centennial Puzzle":15,"testmod-TestBox":0,"DaveBox":0,"GuanYuAspect":0,"Anvil of the Gods":0,"Hammer of Thor":0,"Seething Fire":0,"testmod-Nyarlathotep":0,"Question Card":3,"Ring of the Snake":0,"REME_ComplimentaryCards":0}],"Ring of the Snake":[8]},"card_choices":[{"not_picked":["PiercingWail","Slice"],"picked":"Underhanded Strike","floor":0},{"not_picked":["Masterful Stab","Blur"],"picked":"PiercingWail","floor":1},{"not_picked":["Sucker Punch","Dagger Throw","Bane"],"picked":"Acrobatics","floor":3},{"not_picked":["Poisoned Stab","Backflip","Endless Agony","MostiFishMod:PoisonShield"],"picked":"SKIP","floor":6}],"player_experience":96373,"relics_obtained":[{"floor":1,"key":"Question Card"},{"floor":6,"key":"Centennial Puzzle"}],"event_choices":[{"cards_removed":["alterego_mod:ClassAdvantage"],"damage_healed":0,"gold_gain":0,"player_choice":"Offered Rare","damage_taken":0,"max_hp_gain":10,"max_hp_loss":0,"event_name":"Bonfire Elementals","floor":2,"gold_loss":0},{"damage_healed":0,"gold_gain":0,"player_choice":"Grow","damage_taken":0,"max_hp_gain":0,"max_hp_loss":0,"event_name":"Living Wall","floor":4,"gold_loss":0,"cards_upgraded":["Acrobatics"]},{"damage_healed":0,"gold_gain":400,"player_choice":"Sell","damage_taken":0,"max_hp_gain":0,"max_hp_loss":0,"event_name":"¶÷ÂåË¹µÄÅÌ×Ó","floor":5,"relics_lost":["DaveBox"],"gold_loss":0}],"is_beta":false,"boss_relics":[],"items_purged_floors":[],"is_endless":false,"potions_floor_spawned":[],"killed_by":"Gremlin Nob","ascension_level":18}}