{"host":"nptej036rrbiurf5","time":1607478473,"event":{"gold_per_floor":[116,136,136,136,136,136,153,181,181,181,106,123,141,155,155,155,155],"floor_reached":16,"playtime":295,"items_purged":["Strike_P"],"score":204,"play_id":"2fc96a06-8f15-4158-813c-722f51e74e3b","local_time":"20201209104753","is_ascension_mode":true,"campfire_choices":[{"floor":6.0,"key":"REST"},{"data":"Eruption","floor":10,"key":"SMITH"},{"floor":15,"key":"REST"}],"neow_cost":"PERCENT_DAMAGE","seed_source_timestamp":1200443908882100,"circlet_count":0,"master_deck":["AscendersBane","Strike_P","Strike_P","Defend_P","Defend_P","Defend_P","Eruption+1","Vigilance","Ragnarok","Brilliance","SignatureMove"],"special_seed":0,"relics":["PureWater","Gremlin Horn","Art of War","Bottled Flame"],"potions_floor_usage":[8,16],"damage_taken":[{"damage":0.0,"enemies":"Cultist","floor":1.0,"turns":3.0},{"damage":6.0,"enemies":"Jaw Worm","floor":2.0,"turns":5.0},{"damage":0.0,"enemies":"2 Louse","floor":7.0,"turns":2.0},{"damage":22,"enemies":"3 Sentries","floor":8,"turns":5},{"damage":9,"enemies":"Lots of Slimes","floor":12,"turns":2},{"damage":0,"enemies":"Red Slaver","floor":13,"turns":1},{"damage":0,"enemies":"3 Louse","floor":14,"turns":1},{"damage":29,"enemies":"The Guardian","floor":16,"turns":6}],"seed_played":"-9197087963105377481","potions_obtained":[{"floor":1.0,"key":"DistilledChaos"},{"floor":8,"key":"Dexterity Potion"},{"floor":13,"key":"LiquidMemories"}],"is_trial":false,"path_per_floor":["M","M","?","?","?","R","M","E","T","R","$","M","M","M","R","B"],"character_chosen":"WATCHER","items_purchased":[],"campfire_rested":2,"item_purchase_floors":[],"current_hp_per_floor":[43,37,19,19,19,39,39,17,17,17,17,8,8,8,28,0,0],"gold":155,"neow_bonus":"REMOVE_TWO","is_prod":false,"is_daily":false,"chose_seed":false,"campfire_upgraded":1,"win_rate":0,"timestamp":1607478473,"path_taken":["M","?","?","?","?","R","?","E","T","R","?","M","M","M","R","BOSS"],"build_version":"2020-11-30","purchased_purges":1,"victory":false,"max_hp_per_floor":[68,68,68,68,68,68,68,68,68,68,68,68,68,68,68,68,68],"card_choices":[{"not_picked":["Wallop","WaveOfTheHand","Protect"],"picked":"SKIP","floor":1.0},{"not_picked":["ThirdEye","TalkToTheHand","Crescendo"],"picked":"SKIP","floor":2.0},{"not_picked":["ReachHeaven","ThirdEye","Consecrate"],"picked":"SKIP","floor":7.0},{"not_picked":["CarveReality","TalkToTheHand"],"picked":"Brilliance","floor":8},{"not_picked":["Sanctity","Evaluate","WindmillStrike"],"picked":"SKIP","floor":12},{"not_picked":["Conclude","FollowUp","ClearTheMind"],"picked":"SKIP","floor":13},{"not_picked":["Conclude","CutThroughFate"],"picked":"SignatureMove","floor":14}],"player_experience":802279,"relics_obtained":[{"floor":8,"key":"Art of War"},{"floor":9,"key":"Bottled Flame"}],"event_choices":[{"damage_healed":0.0,"max_hp_gain":0.0,"max_hp_loss":0.0,"gold_gain":0.0,"event_name":"Scrap Ooze","player_choice":"Success","floor":3.0,"gold_loss":0.0,"damage_taken":18.0,"relics_obtained":["Gremlin Horn"]},{"damage_healed":0.0,"max_hp_gain":0.0,"max_hp_loss":0.0,"gold_gain":0.0,"event_name":"Liars Game","player_choice":"Ignored","floor":4.0,"gold_loss":0.0,"damage_taken":0.0},{"damage_healed":0.0,"max_hp_gain":0.0,"max_hp_loss":0.0,"gold_gain":0.0,"event_name":"Match and Keep!","player_choice":"1 cards matched","floor":5.0,"gold_loss":0.0,"damage_taken":0.0,"cards_obtained":["Ragnarok"]}],"is_beta":false,"boss_relics":[],"items_purged_floors":[11],"is_endless":false,"potions_floor_spawned":[1,8,13],"killed_by":"The Guardian","ascension_level":20}}