{"host":"Berg","time":1607557623,"event":{"gold_per_floor":[111,54,54,108,121,149,149,183,230,230,249,0,0,17,17,90,90,102,14,14,14,14,47,47,47,100,115,128,128,128,128],"floor_reached":30,"playtime":688,"items_purged":[],"score":558,"play_id":"a4c384ad-b89a-47b4-8a52-7160e1d49f55","local_time":"20201209184703","is_ascension_mode":true,"campfire_choices":[{"data":"Lockon","floor":7,"key":"SMITH"},{"data":"Dualcast","floor":10,"key":"SMITH"},{"data":"Loop","floor":15,"key":"SMITH"},{"data":"Ghostly","floor":29,"key":"SMITH"}],"neow_cost":"NONE","seed_source_timestamp":94075587784600,"circlet_count":0,"master_deck":["AscendersBane","Strike_B","Strike_B","Strike_B","Defend_B","Defend_B","Defend_B","Defend_B","Zap","Dualcast+1","Lockon+1","Rebound","Rip and Tear","Skim","Rebound","Cold Snap","Loop+1","Conserve Battery","Amplify","FTL","Loop","Writhe","Ghostly+1","Ghostly","Ghostly","Loop","Conserve Battery"],"relics":["Cracked Core","NeowsBlessing","Juzu Bracelet","DataDisk","StoneCalendar","MealTicket","Tiny Chest","Coffee Dripper","Pantograph","Blood Vial","Boot","Anchor"],"potions_floor_usage":[8,16,28],"damage_taken":[{"damage":0,"enemies":"Cultist","floor":1,"turns":1},{"damage":0,"enemies":"Small Slimes","floor":5,"turns":1},{"damage":0,"enemies":"3 Sentries","floor":6,"turns":1},{"damage":11,"enemies":"Gremlin Nob","floor":8,"turns":3},{"damage":12,"enemies":"Jaw Worm","floor":11,"turns":2},{"damage":2,"enemies":"3 Louse","floor":14,"turns":2},{"damage":20,"enemies":"Slime Boss","floor":16,"turns":7},{"damage":20,"enemies":"2 Thieves","floor":18,"turns":4},{"damage":55,"enemies":"Slavers","floor":23,"turns":5},{"damage":10,"enemies":"Chosen","floor":27,"turns":4},{"damage":6,"enemies":"3 Cultists","floor":28,"turns":6},{"damage":6,"enemies":"Snake Plant","floor":30,"turns":2}],"seed_played":"6842716368974211710","potions_obtained":[{"floor":6,"key":"FocusPotion"},{"floor":11,"key":"FearPotion"},{"floor":27,"key":"SkillPotion"}],"is_trial":false,"path_per_floor":["M","$","?","T","M","E","R","E","T","R","M","$","?","M","R","B",null,"M","$","?","?","$","E","T","?","T","M","M","R","M"],"character_chosen":"DEFECT","items_purchased":["Rebound","Tiny Chest","Loop","Loop"],"campfire_rested":0,"item_purchase_floors":[2,12,12,19],"current_hp_per_floor":[64,64,64,64,64,64,64,53,53,53,41,56,56,54,54,34,62,42,57,57,57,71,16,16,16,16,8,4,4,0,0],"gold":128,"neow_bonus":"THREE_ENEMY_KILL","is_prod":false,"is_daily":false,"chose_seed":false,"campfire_upgraded":4,"win_rate":0,"timestamp":1607557623,"path_taken":["M","?","?","?","M","E","R","E","T","R","M","$","?","M","R","BOSS","M","$","?","?","$","E","?","?","T","M","M","R","M"],"build_version":"2020-12-07","purchased_purges":0,"victory":false,"max_hp_per_floor":[71,71,71,71,71,71,71,71,71,71,71,71,71,71,71,71,71,71,71,71,71,71,71,71,35,35,35,35,35,35,35],"relic_stats":{"Blood Vial":6,"counters":[12,36],"Pantograph":0,"StoneCalendar":[33],"MealTicket":44,"Tiny Chest":1,"Juzu Bracelet":1,"Boot":[2],"obtain_stats":[{"Blood Vial":23,"DataDisk":6,"Anchor":26,"NeowsBlessing":0,"Pantograph":20,"StoneCalendar":8,"MealTicket":9,"Tiny Chest":12,"Juzu Bracelet":4,"Coffee Dripper":17,"Cracked Core":0,"Boot":24},{"Blood Vial":9,"DataDisk":3,"Anchor":9,"NeowsBlessing":0,"Pantograph":8,"StoneCalendar":4,"MealTicket":4,"Tiny Chest":5,"Juzu Bracelet":1,"Coffee Dripper":7,"Cracked Core":0,"Boot":9},{"Blood Vial":25,"DataDisk":3,"Anchor":25,"NeowsBlessing":0,"Pantograph":21,"StoneCalendar":6,"MealTicket":6,"Tiny Chest":8,"Juzu Bracelet":1,"Coffee Dripper":17,"Cracked Core":0,"Boot":25}]},"card_choices":[{"not_picked":["Hologram","Stack"],"picked":"Lockon","floor":1},{"not_picked":["Darkness","Coolheaded"],"picked":"Rip and Tear","floor":5},{"not_picked":["Gash","Stack"],"picked":"Skim","floor":6},{"not_picked":["Self Repair","Auto Shields"],"picked":"Rebound","floor":8},{"not_picked":["White Noise","Lockon"],"picked":"Cold Snap","floor":11},{"not_picked":["Streamline","Stack"],"picked":"Conserve Battery","floor":14},{"not_picked":["All For One","Multi-Cast"],"picked":"Amplify","floor":16},{"not_picked":["Streamline","Stack"],"picked":"FTL","floor":18},{"not_picked":["Force Field","Barrage","Consume"],"picked":"SKIP","floor":23},{"not_picked":["Genetic Algorithm+1","Skim"],"picked":"Loop","floor":27},{"not_picked":["Rebound","Go for the Eyes"],"picked":"Conserve Battery","floor":28}],"player_experience":1319343,"relics_obtained":[{"floor":4,"key":"Juzu Bracelet"},{"floor":6,"key":"DataDisk"},{"floor":8,"key":"StoneCalendar"},{"floor":9,"key":"MealTicket"},{"floor":23,"key":"Blood Vial"},{"floor":24,"key":"Boot"},{"floor":26,"key":"Anchor"}],"event_choices":[{"damage_healed":0,"gold_gain":0,"player_choice":"Leave","damage_taken":0,"max_hp_gain":0,"max_hp_loss":0,"event_name":"The Cleric","floor":3,"gold_loss":0},{"cards_removed":["Strike_B"],"damage_healed":0,"gold_gain":0,"player_choice":"Purged","damage_taken":0,"max_hp_gain":0,"max_hp_loss":0,"event_name":"Purifier","floor":13,"gold_loss":0},{"damage_healed":0,"gold_gain":0,"player_choice":"Opened","damage_taken":0,"relics_obtained":["Pantograph"],"max_hp_gain":0,"max_hp_loss":0,"event_name":"The Mausoleum","floor":20,"gold_loss":0,"cards_obtained":["Writhe"]},{"damage_healed":0,"gold_gain":0,"player_choice":"Became a Ghost","damage_taken":0,"max_hp_gain":0,"max_hp_loss":36,"event_name":"Ghosts","floor":25,"gold_loss":0,"cards_obtained":["Ghostly","Ghostly","Ghostly"]}],"is_beta":true,"boss_relics":[{"not_picked":["Calling Bell","Nuclear Battery"],"picked":"Coffee Dripper"}],"items_purged_floors":[],"is_endless":false,"potions_floor_spawned":[6,11,27],"killed_by":"Snake Plant","ascension_level":20}}