{"host":"3i2tkznhkyuhc74w","time":1607473110,"event":{"gold_per_floor":[366,379,89,89,100,100,126,145,145,145,161,179,192,225,225,324,324,338,437,437,448,463,463,491,491,569,569,595,595,607,607,607],"floor_reached":31,"playtime":2100,"items_purged":[],"score":267,"play_id":"7e10e867-81b4-4f15-9326-b11b50d595bb","local_time":"20201208191830","is_ascension_mode":false,"campfire_choices":[{"data":"Deadly Poison","floor":6.0,"key":"SMITH"},{"floor":10.0,"key":"REST"},{"floor":15.0,"key":"REST"},{"floor":23,"key":"REST"},{"floor":25,"key":"REST"},{"data":"Accuracy","floor":27,"key":"SMITH"}],"neow_cost":"TEN_PERCENT_HP_LOSS","seed_source_timestamp":0,"circlet_count":0,"master_deck":["Strike_G","Strike_G","Strike_G","Strike_G","Strike_G","Defend_G","Defend_G","Defend_G","Defend_G","Defend_G","Survivor","Neutralize","Backflip","Outmaneuver","Outmaneuver","Outmaneuver","Deadly Poison+1","Poisoned Stab","Blade Dance","Hidden Blade","Accuracy+1","ReplayTheSpireMod:The Works","After Image","Cloak And Dagger+1","Flying Knee","Cloak And Dagger","Quick Slash","Poisoned Stab","Endless Agony+1"],"special_seed":0,"relics":["Ring of the Snake","White Beast Statue","Oddly Smooth Stone","Gremlin Horn","StoneCalendar","Dream Catcher","Frozen Egg 2","Red Mask"],"potions_floor_usage":[28,28,28,30,31],"damage_taken":[{"damage":0.0,"enemies":"Small Slimes","floor":1.0,"turns":6.0},{"damage":2.0,"enemies":"Cultist","floor":2.0,"turns":4.0},{"damage":0.0,"enemies":"2 Louse","floor":5.0,"turns":4.0},{"damage":30.0,"enemies":"Lagavulin","floor":7.0,"turns":10.0},{"damage":2.0,"enemies":"Exordium Wildlife","floor":8.0,"turns":5.0},{"damage":0.0,"enemies":"3 Louse","floor":11.0,"turns":2.0},{"damage":0.0,"enemies":"Lots of Slimes","floor":12.0,"turns":3.0},{"damage":10.0,"enemies":"Looter","floor":13.0,"turns":3.0},{"damage":24.0,"enemies":"3 Sentries","floor":14.0,"turns":8.0},{"damage":8.0,"enemies":"Hexaghost","floor":16.0,"turns":9.0},{"damage":16.0,"enemies":"Shell Parasite","floor":18.0,"turns":7.0},{"damage":24.0,"enemies":"Spheric Guardian","floor":21.0,"turns":6.0},{"damage":14,"enemies":"Chosen and Byrds","floor":22,"turns":7},{"damage":4,"enemies":"Replay:Snechameleon","floor":24,"turns":7},{"damage":18,"enemies":"Masked Bandits","floor":28,"turns":6},{"damage":30,"enemies":"3 Cultists","floor":30,"turns":7},{"damage":10,"enemies":"Cultist and Chosen","floor":31,"turns":4}],"seed_played":"-52052007643933651","potions_obtained":[{"floor":5.0,"key":"Adrenaline Potion"},{"floor":7.0,"key":"Fire Potion"},{"floor":8.0,"key":"Explosive Potion"},{"floor":11.0,"key":"ColorlessPotion"},{"floor":12.0,"key":"DistilledChaos"},{"floor":13.0,"key":"Fire Potion"},{"floor":14.0,"key":"Energy Potion"},{"floor":16.0,"key":"SpeedPotion"},{"floor":18.0,"key":"Languid Potion"},{"floor":21.0,"key":"Explosive Potion"},{"floor":22,"key":"Flashbang"},{"floor":28,"key":"Weak Potion"},{"floor":30,"key":"SteroidPotion"}],"is_trial":false,"path_per_floor":["M","M","$","?","M","R","E","M","T","R","M","M","M","E","R","B",null,"M","?","?","M","M","R","E","R","T","R","?","?","M","M"],"character_chosen":"THE_SILENT","items_purchased":["Outmaneuver","White Beast Statue"],"campfire_rested":4,"item_purchase_floors":[3,3],"current_hp_per_floor":[63,61,61,61,61,61,31,29,29,47,47,47,37,13,31,23,63,47,47,63,39,25,43,39,57,57,57,39,39,9,0,0],"gold":607,"neow_bonus":"TWO_FIFTY_GOLD","is_prod":false,"is_daily":false,"chose_seed":false,"campfire_upgraded":2,"win_rate":0,"timestamp":1607473110,"path_taken":["M","M","$","?","M","R","E","M","T","R","M","?","M","E","R","BOSS","M","?","?","M","M","R","E","R","T","R","?","?","M","M"],"build_version":"2020-11-30","purchased_purges":0,"victory":false,"max_hp_per_floor":[63,63,63,63,63,63,63,63,63,63,63,63,63,63,63,63,63,63,63,63,63,63,63,63,63,63,63,63,63,63,63,63],"card_choices":[{"not_picked":["Poisoned Stab","Prepared"],"picked":"Backflip","floor":1.0},{"not_picked":["Dagger Spray","Replay:Poison Smokescreen"],"picked":"Outmaneuver","floor":2.0},{"not_picked":["Toxin Wave","Heel Hook"],"picked":"Deadly Poison","floor":5.0},{"not_picked":["Night Terror","Sucker Punch"],"picked":"Poisoned Stab","floor":7.0},{"not_picked":["Underhanded Strike","Slice"],"picked":"Blade Dance","floor":8.0},{"not_picked":["ReplayTheSpireMod:Scrap Shanks","Acrobatics"],"picked":"Hidden Blade","floor":11.0},{"not_picked":["Draining Mist","Poisoned Stab"],"picked":"Accuracy","floor":12.0},{"not_picked":["Dagger Spray","Terror"],"picked":"ReplayTheSpireMod:The Works","floor":13.0},{"not_picked":["Caltrops","PiercingWail"],"picked":"After Image","floor":14.0},{"not_picked":["Flying Knee","Underhanded Strike"],"picked":"Cloak And Dagger+1","floor":18.0},{"not_picked":["Sucker Punch+1","Prepared"],"picked":"Flying Knee","floor":21.0},{"not_picked":["PiercingWail","Poison Darts"],"picked":"Cloak And Dagger","floor":22},{"not_picked":["Deflect","Infinite Blades"],"picked":"Quick Slash","floor":24},{"not_picked":["Choke+1","Hidden Blade"],"picked":"Poisoned Stab","floor":25},{"not_picked":["Dagger Spray","Outmaneuver"],"picked":"Endless Agony+1","floor":30}],"player_experience":240432,"relics_obtained":[{"floor":7.0,"key":"Oddly Smooth Stone"},{"floor":9.0,"key":"Gremlin Horn"},{"floor":14.0,"key":"StoneCalendar"},{"floor":24,"key":"Dream Catcher"},{"floor":26,"key":"Frozen Egg 2"},{"floor":28,"key":"Red Mask"}],"event_choices":[{"damage_healed":0.0,"max_hp_gain":0.0,"max_hp_loss":0.0,"gold_gain":0.0,"event_name":"NoteForYourself","player_choice":"Ignored","floor":4.0,"gold_loss":0.0,"damage_taken":0.0},{"damage_healed":0.0,"max_hp_gain":0.0,"max_hp_loss":0.0,"gold_gain":99.0,"event_name":"Nest","player_choice":"Stole From Cult","floor":19.0,"gold_loss":0.0,"damage_taken":0.0},{"damage_healed":21.0,"max_hp_gain":0.0,"max_hp_loss":0.0,"gold_gain":0.0,"event_name":"The Library","player_choice":"Heal","floor":20.0,"gold_loss":0.0,"damage_taken":0.0},{"damage_healed":0,"gold_gain":0,"player_choice":"Fought Bandits","damage_taken":0,"max_hp_gain":0,"max_hp_loss":0,"event_name":"Masked Bandits","floor":28,"gold_loss":0},{"damage_healed":0,"gold_gain":0,"player_choice":"Ignored","damage_taken":0,"max_hp_gain":0,"max_hp_loss":0,"event_name":"Ghosts","floor":29,"gold_loss":0}],"is_beta":false,"boss_relics":[{"not_picked":["Fusion Hammer","Pandora\u0027s Box","Snecko Eye"]}],"items_purged_floors":[],"is_endless":false,"potions_floor_spawned":[5,7,8,11,12,13,14,16,18,21,22,24,28,30],"killed_by":"Cultist and Chosen","ascension_level":0}}