{"host":"l4zsyynf3knc4g5z","time":1607538999,"event":{"gold_per_floor":[118,118,118,134,148,182,182,222,249,269,284,284,297,318,318,447,447,465,277,277,291,291,291,335,335,335,460,460,474,523,539,539,539,539],"floor_reached":33,"playtime":1289,"items_purged":[],"score":277,"play_id":"c0a79442-28dd-4c91-a105-ebd1d2c82968","local_time":"20201209103639","is_ascension_mode":false,"campfire_choices":[{"data":"dioMod:TripleThreat","floor":7.0,"key":"SMITH"},{"data":"Bite","floor":12.0,"key":"SMITH"},{"data":"dioMod:RoadRoller","floor":15.0,"key":"SMITH"},{"data":"dioMod:ZaWarudo","floor":23.0,"key":"SMITH"},{"data":"dioMod:DoubleTime","floor":25.0,"key":"SMITH"},{"floor":32,"key":"REST"}],"neow_cost":"NONE","seed_source_timestamp":1582325205962300,"circlet_count":0,"master_deck":["dioMod:Strike","dioMod:Strike","dioMod:Strike","Bite+1","dioMod:Defend","dioMod:Defend","dioMod:Defend","dioMod:Defend","dioMod:ComposedMuda","dioMod:DisarmingVoice","dioMod:TripleThreat+1","dioMod:BloodSplash","dioMod:StreetSign","dioMod:Freeze","dioMod:StreetSign","dioMod:GoodbyeJojo","dioMod:RoadRoller+1","dioMod:ZaWarudo+1","dioMod:Diversion","dioMod:MudaMudaMuda","dioMod:MudaMudaMuda","dioMod:PathToHeaven","RitualDagger","dioMod:StreetSign","dioMod:DoubleTime+1","dioMod:BloodSuck+1","dioMod:Muda+1"],"special_seed":0,"relics":["dioMod:VampireBlood","Golden Idol","ReplayTheSpireMod:TigerMarble","Centennial Puzzle","Anchor","Oddly Smooth Stone","SacredBark","Molten Egg 2","SpikesRelics:DaevaFist","Toy Ornithopter","Replay:Towering Pillar of Hats","hubris:TinFlute","hubris:Towel","SnailShell"],"potions_floor_usage":[29,33],"damage_taken":[{"damage":5.0,"enemies":"2 Louse","floor":1.0,"turns":4.0},{"damage":10.0,"enemies":"Jaw Worm","floor":4.0,"turns":4.0},{"damage":7.0,"enemies":"Cultist","floor":5.0,"turns":6.0},{"damage":26.0,"enemies":"Gremlin Nob","floor":6.0,"turns":4.0},{"damage":48.0,"enemies":"Lagavulin","floor":8.0,"turns":8.0},{"damage":1.0,"enemies":"2 Fungi Beasts","floor":10.0,"turns":4.0},{"damage":9.0,"enemies":"Exordium Thugs","floor":11.0,"turns":6.0},{"damage":0.0,"enemies":"Looter","floor":13.0,"turns":4.0},{"damage":0.0,"enemies":"Large Slime","floor":14.0,"turns":2.0},{"damage":47.0,"enemies":"Slime Boss","floor":16.0,"turns":14.0},{"damage":1.0,"enemies":"2 Thieves","floor":18.0,"turns":4.0},{"damage":21.0,"enemies":"Centurion and Healer","floor":21.0,"turns":12.0},{"damage":29.0,"enemies":"Gremlin Leader","floor":24.0,"turns":11.0},{"damage":15,"enemies":"Colosseum Slavers","floor":27,"turns":6},{"damage":22,"enemies":"Colosseum Nobs","floor":27,"turns":4},{"damage":22,"enemies":"Shelled Parasite and Fungi","floor":29,"turns":4},{"damage":10,"enemies":"Snecko","floor":31,"turns":6},{"damage":99,"enemies":"Collector","floor":33,"turns":7}],"seed_played":"7686906656131603242","potions_obtained":[{"floor":1.0,"key":"Strength Potion"},{"floor":4.0,"key":"Regen Potion"},{"floor":6.0,"key":"Explosive Potion"},{"floor":8.0,"key":"Ancient Potion"},{"floor":11.0,"key":"Block Potion"},{"floor":16.0,"key":"EssenceOfSteel"},{"floor":18.0,"key":"Elixir"},{"floor":21.0,"key":"GamblersBrew"},{"floor":27,"key":"Dexterity Potion"}],"is_trial":false,"path_per_floor":["M","?","T","M","M","E","R","E","T","M","M","R","M","M","R","B",null,"M","$","?","M","T","R","E","R","T","?","?","M","T","M","R","B"],"character_chosen":"THE_DEFAULT","items_purchased":["dioMod:MudaMudaMuda","dioMod:PathToHeaven"],"campfire_rested":1,"item_purchase_floors":[19,19],"current_hp_per_floor":[75,57,57,54,71,54,54,19,19,28,31,31,37,43,43,17,75,75,75,69,60,60,60,58,58,58,36,36,32,32,43,65,0,0],"gold":539,"neow_bonus":"RANDOM_EVENT","is_prod":false,"is_daily":false,"chose_seed":false,"campfire_upgraded":5,"win_rate":0.0,"timestamp":1607538999,"path_taken":["M","?","?","M","?","E","R","E","T","M","M","R","M","M","R","BOSS","M","$","?","M","?","R","E","R","T","?","?","M","?","M","R","BOSS"],"build_version":"2020-11-30","purchased_purges":0,"victory":false,"max_hp_per_floor":[75,75,75,75,75,75,75,75,75,75,75,75,75,75,75,75,75,75,75,75,75,75,75,75,75,75,75,75,75,75,75,75,75,75],"card_choices":[{"not_picked":["dioMod:DisarmingVoice","dioMod:FlyAway"],"picked":"dioMod:ComposedMuda","floor":1.0},{"not_picked":["dioMod:DaggerSpree","dioMod:StreetSign"],"picked":"dioMod:DisarmingVoice","floor":4.0},{"not_picked":["dioMod:BloodSuck","dioMod:Hiss"],"picked":"dioMod:TripleThreat","floor":5.0},{"not_picked":["dioMod:DisarmingVoice","dioMod:Roundabout"],"picked":"dioMod:BloodSplash","floor":6.0},{"not_picked":["dioMod:Muda","dioMod:SlashThroughTime"],"picked":"dioMod:StreetSign","floor":8.0},{"not_picked":["dioMod:Roundabout","dioMod:BloodShield"],"picked":"dioMod:Freeze","floor":10.0},{"not_picked":["dioMod:Hiss","dioMod:SecretPlan"],"picked":"dioMod:StreetSign","floor":11.0},{"not_picked":["dioMod:DaggerSpree","dioMod:DisarmingVoice"],"picked":"dioMod:GoodbyeJojo","floor":13.0},{"not_picked":["dioMod:DaggerToss","dioMod:SecretPlan"],"picked":"dioMod:RoadRoller","floor":14.0},{"not_picked":["dioMod:PhantomBlood","dioMod:Regeneration"],"picked":"dioMod:ZaWarudo","floor":16.0},{"not_picked":["dioMod:SecretPlan","dioMod:DaggerSpree"],"picked":"dioMod:Diversion","floor":18.0},{"not_picked":["dioMod:CautiousMuda","dioMod:ComposedMuda+1"],"picked":"dioMod:StreetSign","floor":21.0},{"not_picked":["dioMod:DaggerSpree+1","dioMod:Roundabout+1"],"picked":"dioMod:DoubleTime","floor":24.0},{"not_picked":["dioMod:Minions+1","dioMod:Hiss"],"picked":"dioMod:BloodSuck+1","floor":29},{"not_picked":["dioMod:CautiousMuda+1","dioMod:MudaMudaMuda"],"picked":"dioMod:Muda+1","floor":31}],"player_experience":83698,"relics_obtained":[{"floor":3.0,"key":"ReplayTheSpireMod:TigerMarble"},{"floor":6.0,"key":"Centennial Puzzle"},{"floor":8.0,"key":"Anchor"},{"floor":9.0,"key":"Oddly Smooth Stone"},{"floor":22.0,"key":"Molten Egg 2"},{"floor":24.0,"key":"SpikesRelics:DaevaFist"},{"floor":26.0,"key":"Toy Ornithopter"},{"floor":27,"key":"Replay:Towering Pillar of Hats"},{"floor":27,"key":"hubris:TinFlute"},{"floor":30,"key":"SnailShell"}],"event_choices":[{"damage_healed":0.0,"max_hp_gain":0.0,"max_hp_loss":0.0,"gold_gain":0.0,"event_name":"Golden Idol","player_choice":"Take Damage","floor":2.0,"gold_loss":0.0,"damage_taken":18.0,"relics_obtained":["Golden Idol"]},{"damage_healed":0.0,"max_hp_gain":0.0,"max_hp_loss":0.0,"gold_gain":0.0,"event_name":"Nest","player_choice":"Joined the Cult","floor":20.0,"gold_loss":0.0,"damage_taken":6.0,"cards_obtained":["RitualDagger"]},{"damage_healed":0,"gold_gain":0,"player_choice":"Fight","damage_taken":0,"max_hp_gain":0,"max_hp_loss":0,"event_name":"Colosseum","floor":27,"gold_loss":0},{"damage_healed":0,"gold_gain":0,"player_choice":"Fought Nobs","damage_taken":0,"max_hp_gain":0,"max_hp_loss":0,"event_name":"Colosseum","floor":27,"gold_loss":0}],"is_beta":false,"boss_relics":[{"not_picked":["Calling Bell","Cursed Key"],"picked":"SacredBark"}],"items_purged_floors":[],"is_endless":false,"potions_floor_spawned":[1,4,6,8,11,16,18,21,27],"killed_by":"Collector","ascension_level":0}}