{"host":"uopgxfclc7y9kqj3","time":1607493118,"event":{"gold_per_floor":[115,132,132,144,32,32,32,47,47,7,7,7,25,25,79,104,104,203,203,215,228,241,36,36,36,48,76,76,90,90,108,142,153,153,257,257,270,282,282,294,209,209,29,29,52,52,63,26,46,56,56,155,155,164,164,114,114,120,120,136,136,136,136,148,44,44,60,60,142,142,152,152,1,1,10,10,35,34,34,43,43,48,51,67,67,170,170,180,185,185,40,15,15],"floor_reached":92,"playtime":9426,"items_purged":["Strike_R","Defend_R"],"score":1152,"play_id":"2ef8c556-61ca-4c35-9aa3-f5be68b1451a","local_time":"20201208235158","is_ascension_mode":false,"campfire_choices":[{"data":"Clash","floor":6,"key":"SMITH"},{"data":"Clash","floor":14,"key":"SMITH"},{"data":"Ghostly Armor","floor":17,"key":"SMITH"},{"data":"Uppercut","floor":25,"key":"SMITH"},{"floor":34,"key":"REST"},{"data":"Flex","floor":42,"key":"SMITH"},{"data":"conspire:Charge","floor":44,"key":"SMITH"},{"data":"conspire:Charge","floor":46,"key":"SMITH"},{"floor":51,"key":"DIG"},{"data":"Run Through","floor":59,"key":"SMITH"},{"data":"ReplayReversal","floor":61,"key":"SMITH"},{"data":"Bash","floor":63,"key":"SMITH"},{"floor":68,"key":"REST"},{"data":"Defend_R","floor":76,"key":"SMITH"},{"data":"Defend_R","floor":81,"key":"SMITH"}],"neow_cost":"NONE","seed_source_timestamp":1299741020340900,"circlet_count":0,"master_deck":["Strike_R","Strike_R","Strike_R","Strike_R","Defend_R+1","Defend_R+1","Bash+1","Clash+1","Body Slam","conspire:Charge+1","Uppercut+1","Clash+1","Ghostly Armor+1","conspire:Charge+1","Fire Breathing","Run Through+1","Pommel Strike+1","Bludgeon+1","Iron Wave+1","Clothesline+1","Sever Soul+1","Shrug It Off+1","Flash of Steel+1","Dropkick+1","Bloodletting","Iron Wave+1","Flex+1","sneckomod:Bewildered","conspire:Charge+1","Burning Pact","Flex+1","Hemogenesis+1","Cleave+1","ReplayTheSpireMod:LeadingStrike+1","Perfected Strike+1","Hallownest:skillKingdomsEdgeMap","Armaments+1","expansioncontent:Sear+1","Heavy Blade+1","Body Slam+1","Heavy Blade+1","Heavy Blade+1","hubris:CleavingFinish+1","hubris:StunningStrike+1","Fire Breathing+1","Anger+1","hubris:CleavingFinish+1","ReplayReversal+1","Carnage+1","Inflame+1","Spot Weakness","Anger+1","Hemogenesis+1","Body Slam+1","Clothesline+1","Perfected Strike+1","Body Slam+1","Perfected Strike+1","Perfected Strike+1","Searing Blow+1","infinitespire:OneForAll+1","Juggernaut+1","Hemogenesis+1","conspire:HitWhereItHurts+1","Shrug It Off+1"],"relics":["Burning Blood","Hallownest:DreamNailRelic","Mercury Hourglass","infinitespire:Eraser","Molten Egg 2","hubris:ScarierMask","MutagenicStrength","Regal Pillow","Frozen Egg 2","sneckomod:BabySnecko","hubris:GlazedTorus","construct:ClawGrip","conspire:TreasureMap","hubris:DeckOfHolding","Thread and Needle","Mark of Pain","Anchor","Oddly Smooth Stone","Golden Egg","Replay:Fungal Core","Nilry\u0027s Codex","ClockworkSouvenir","hubris:Towel","Champion Belt","hubris:BottledRain","Sling"],"potions_floor_usage":[2,18,18,20,26,26,29,31,33,35,35,47,60,69,69,69,77,92],"damage_taken":[{"damage":5,"enemies":"Hallownest:monsterHuskGuard","floor":1,"turns":7},{"damage":8,"enemies":"Hallownest:2_Tiktiks_and_1_Crawlid","floor":2,"turns":4},{"damage":4,"enemies":"Hallownest:2_MossCreeps","floor":4,"turns":5},{"damage":15,"enemies":"Hallownest:2_Tiktiks_1_Baldur_1_Crawlid","floor":8,"turns":5},{"damage":0,"enemies":"Hallownest:Guard_and_Warrior","floor":13,"turns":4},{"damage":0,"enemies":"Hallownest:eliteCrystalGuardian","floor":16,"turns":3},{"damage":41,"enemies":"Hallownest:BossFalseKnight","floor":18,"turns":9},{"damage":6,"enemies":"Spheric Guardian","floor":20,"turns":3},{"damage":0,"enemies":"2 Thieves","floor":21,"turns":2},{"damage":4,"enemies":"Centurion and Healer","floor":22,"turns":4},{"damage":3,"enemies":"Snake Plant","floor":26,"turns":4},{"damage":15,"enemies":"conspire:SneckoGhost","floor":27,"turns":3},{"damage":10,"enemies":"conspire:HollyBat","floor":29,"turns":8},{"damage":0,"enemies":"Snecko","floor":31,"turns":2},{"damage":48,"enemies":"Nightmare","floor":32,"turns":7},{"damage":0,"enemies":"Centurion and Healer","floor":33,"turns":1},{"damage":66,"enemies":"Automaton","floor":35,"turns":8},{"damage":17,"enemies":"Hallownest:3_Siblings","floor":37,"turns":4},{"damage":0,"enemies":"Hallownest:Shield_Heavy","floor":38,"turns":1},{"damage":29,"enemies":"Hallownest:monsterPrimalAspid","floor":40,"turns":3},{"damage":0,"enemies":"Hallownest:2_Soldiers_and_1_Guardian","floor":47,"turns":3},{"damage":12,"enemies":"Hallownest:2_Wandering_and_1_Horned","floor":49,"turns":4},{"damage":30,"enemies":"Hallownest:monsterPrimalAspid","floor":50,"turns":4},{"damage":0,"enemies":"Hallownest:Radiance","floor":52,"turns":1},{"damage":0,"enemies":"Small Slimes","floor":54,"turns":1},{"damage":0,"enemies":"Cultist","floor":58,"turns":2},{"damage":0,"enemies":"Replay:BlueRogue","floor":60,"turns":3},{"damage":0,"enemies":"2 Louse","floor":64,"turns":1},{"damage":0,"enemies":"Blue Slaver","floor":67,"turns":2},{"damage":80,"enemies":"Hexaghost","floor":69,"turns":5},{"damage":6,"enemies":"2 Thieves","floor":71,"turns":2},{"damage":6,"enemies":"Spheric Guardian","floor":75,"turns":2},{"damage":23,"enemies":"Slavers","floor":77,"turns":4},{"damage":0,"enemies":"Snecko","floor":78,"turns":4},{"damage":16,"enemies":"Shelled Parasite and Fungi","floor":80,"turns":3},{"damage":0,"enemies":"Cultist and Chosen","floor":82,"turns":2},{"damage":16,"enemies":"Snake Plant","floor":83,"turns":3},{"damage":0,"enemies":"Sentry and Sphere","floor":84,"turns":1},{"damage":0,"enemies":"Automaton","floor":86,"turns":1},{"damage":11,"enemies":"3 Shapes","floor":88,"turns":3},{"damage":1,"enemies":"Orb Walker","floor":89,"turns":2},{"damage":112,"enemies":"Orin","floor":92,"turns":6}],"seed_played":"-1677929569503437147","potions_obtained":[{"floor":0,"key":"BlessingOfTheForge"},{"floor":0,"key":"Fruit Juice"},{"floor":0,"key":"EntropicBrew"},{"floor":2,"key":"Toxic Potion"},{"floor":13,"key":"EntropicBrew"},{"floor":16,"key":"SkillPotion"},{"floor":18,"key":"Slimebound:ThreeZeroPotion"},{"floor":27,"key":"ColorlessPotion"},{"floor":29,"key":"SneckoOil"},{"floor":31,"key":"DuplicationPotion"},{"floor":32,"key":"Dexterity Potion"},{"floor":35,"key":"Swift Potion"},{"floor":38,"key":"BloodPotion"},{"floor":49,"key":"FearPotion"},{"floor":52,"key":"Dexterity Potion"},{"floor":58,"key":"Block Potion"},{"floor":67,"key":"construct:ShiftPotion"},{"floor":75,"key":"Energy Potion"},{"floor":77,"key":"BloodPotion"},{"floor":83,"key":"PowerPotion"},{"floor":86,"key":"ElixirPotion"}],"is_trial":false,"path_per_floor":["M","M","?","M","$","R","$","M","T","$","PTL","PTL","M","R","?","E","R","B",null,"M","M","M","$","?","R","M","E","T","M","?","M","NM","M","R","B",null,"M","M","AVR","M","?","R","$","R","T","R","M","$","M","M","R","B",null,"M","?","$","?","M","R","E","R","T","R","M","$","?","M","R","B",null,"M","?","$","?","M","R","E","M","T","M","R","M","M","M","R","B",null,"M","M","?","$","?"],"character_chosen":"IRONCLAD","items_purchased":["Uppercut","Ghostly Armor","Shrug It Off+1","Flash of Steel+1","Dropkick+1","Armaments+1","expansioncontent:Sear+1","Heavy Blade+1","Heavy Blade+1","Anger+1","Inflame+1","Spot Weakness","ClockworkSouvenir","Sling"],"campfire_rested":2,"item_purchase_floors":[5,10,23,23,23,43,43,43,48,56,65,65,73,91],"current_hp_per_floor":[80,83,83,85,85,85,85,76,76,76,76,76,82,82,61,67,67,32,85,85,85,85,85,85,85,85,76,76,72,72,78,36,42,82,22,85,74,80,80,74,74,74,74,74,74,74,80,80,74,50,50,56,85,85,90,90,90,90,90,90,90,90,90,90,90,65,71,90,34,90,90,74,74,74,90,90,81,87,87,77,77,83,73,79,79,85,90,85,90,90,90,0,0],"gold":15,"neow_bonus":"THREE_SMALL_POTIONS","is_prod":false,"is_daily":false,"chose_seed":false,"campfire_upgraded":12,"win_rate":0,"timestamp":1607493118,"path_taken":["M","M","?","?","$","R","$","?","T","?","PTL","PTL","M","R","?","E","R","BOSS","M","?","M","$","?","R","M","E","T","M","?","M","NM","M","R","BOSS","M","M","AVR","M","?","R","$","R","T","R","M","?","?","M","R","BOSS","M","?","$","?","M","R","E","R","T","R","M","$","?","M","R","BOSS","M","?","$","?","M","R","E","M","T","M","R","M","M","M","R","BOSS","M","M","?","$","?"],"build_version":"2020-11-30","purchased_purges":2,"victory":false,"max_hp_per_floor":[80,85,85,85,85,85,85,85,85,85,85,85,85,85,85,85,85,85,85,85,85,85,85,85,85,85,85,85,85,85,85,85,85,85,85,85,85,85,85,85,85,85,85,85,85,85,85,85,85,85,85,85,85,85,90,90,90,90,90,90,90,90,90,90,90,90,90,90,90,90,90,90,90,90,90,90,90,90,90,90,90,90,90,90,90,90,90,90,90,90,90,90,90],"card_choices":[{"not_picked":["Spot Weakness","Thunderclap"],"picked":"Clash","floor":1},{"not_picked":["Reckless Charge","Sword Boomerang"],"picked":"Body Slam","floor":2},{"not_picked":["Headbutt","Second Wind"],"picked":"conspire:Charge","floor":4},{"not_picked":["Heavy Blade","conspire:ExplosiveBarrier"],"picked":"Clash","floor":8},{"not_picked":["Cleave","conspire:ExplosiveBarrier"],"picked":"conspire:Charge","floor":13},{"not_picked":["Limit Break","Headbutt"],"picked":"Fire Breathing","floor":15},{"not_picked":["True Grit","Whirlwind"],"picked":"Run Through","floor":15},{"not_picked":["ReplayTheSpireMod:Strike From Hell+1","Life Link"],"picked":"Pommel Strike+1","floor":16},{"not_picked":["conspire:HitWhereItHurts+1","Juggernaut"],"picked":"Bludgeon+1","floor":18},{"not_picked":["Armaments","Combust"],"picked":"Iron Wave+1","floor":20},{"not_picked":["Carnage+1","conspire:ExplosiveBarrier"],"picked":"Clothesline+1","floor":21},{"not_picked":["Perfected Strike+1","Second Wind"],"picked":"Sever Soul+1","floor":22},{"not_picked":["conspire:ExplosiveBarrier","Shrug It Off"],"picked":"Bloodletting","floor":26},{"not_picked":["Limit Break","Power Through"],"picked":"Iron Wave+1","floor":27},{"not_picked":["Armaments","Clothesline+1"],"picked":"Flex","floor":29},{"not_picked":["Uppercut+1","Seeing Red"],"picked":"conspire:Charge+1","floor":31},{"not_picked":["Abandon","Eclipse"],"picked":"Burning Pact","floor":32},{"not_picked":["Seeing Red","Thunderclap+1"],"picked":"Flex+1","floor":33},{"not_picked":["Double Tap","conspire:Purge"],"picked":"Hemogenesis+1","floor":35},{"not_picked":["Shockwave","Carnage+1"],"picked":"Cleave+1","floor":37},{"not_picked":["Dual Wield","Carnage+1"],"picked":"ReplayTheSpireMod:LeadingStrike+1","floor":38},{"not_picked":["Clothesline+1","Pommel Strike+1"],"picked":"Perfected Strike+1","floor":40},{"not_picked":["Combust+1","Disarm+1"],"picked":"Body Slam+1","floor":47},{"not_picked":["ReplayReversal","Replay:Undeath\u0027s Touch+1"],"picked":"Heavy Blade+1","floor":49},{"not_picked":["ReplayTheSpireMod:Strike From Hell+1","Carnage+1"],"picked":"hubris:CleavingFinish+1","floor":50},{"not_picked":["Double Tap","Offering"],"picked":"hubris:StunningStrike+1","floor":52},{"not_picked":["Searing Blow+1","Heavy Blade+1"],"picked":"Fire Breathing+1","floor":54},{"not_picked":["Flex","Armaments"],"picked":"hubris:CleavingFinish+1","floor":58},{"not_picked":["Warcry","Flex"],"picked":"ReplayReversal","floor":60},{"not_picked":["True Grit","Iron Wave+1"],"picked":"Carnage+1","floor":64},{"not_picked":["Corruption+1","True Grit"],"picked":"Anger+1","floor":67},{"not_picked":["Fiend Fire+1","Barricade+1"],"picked":"Hemogenesis+1","floor":69},{"not_picked":["Twin Strike+1","Clothesline+1"],"picked":"Body Slam+1","floor":71},{"not_picked":["Twin Strike+1","Warcry+1"],"picked":"Clothesline+1","floor":75},{"not_picked":["ReplayTheSpireMod:Book of Names","infinitespire:FutureSight"],"picked":"infinitespire:SealOfDarkness+","floor":76},{"not_picked":["Twin Strike+1","Rupture+1"],"picked":"Perfected Strike+1","floor":77},{"not_picked":["True Grit","Offering"],"picked":"Body Slam+1","floor":78},{"not_picked":["Armaments","Searing Blow+1"],"picked":"Perfected Strike+1","floor":80},{"not_picked":["Bludgeon+1","Pommel Strike+1"],"picked":"Perfected Strike+1","floor":82},{"not_picked":["Replay:Undeath\u0027s Touch+1","Sword Boomerang+1"],"picked":"Searing Blow+1","floor":83},{"not_picked":["ReplayTheSpireMod:Stacked","Brutality+1"],"picked":"infinitespire:OneForAll+1","floor":84},{"not_picked":["Eclipse","conspire:Purge"],"picked":"Hemogenesis+1","floor":86},{"not_picked":["Armaments","Pommel Strike+1"],"picked":"conspire:HitWhereItHurts+1","floor":88},{"not_picked":["Pummel+1","Intimidate"],"picked":"Shrug It Off+1","floor":89}],"player_experience":49719,"relics_obtained":[{"floor":9,"key":"Mercury Hourglass"},{"floor":15,"key":"infinitespire:Eraser"},{"floor":16,"key":"Molten Egg 2"},{"floor":27,"key":"Regal Pillow"},{"floor":28,"key":"Frozen Egg 2"},{"floor":32,"key":"hubris:GlazedTorus"},{"floor":45,"key":"hubris:DeckOfHolding"},{"floor":51,"key":"Thread and Needle"},{"floor":60,"key":"Anchor"},{"floor":62,"key":"Oddly Smooth Stone"},{"floor":72,"key":"Nilry\u0027s Codex"},{"floor":77,"key":"Champion Belt"},{"floor":79,"key":"hubris:BottledRain"}],"event_choices":[{"damage_healed":0,"gold_gain":0,"player_choice":"Inject Mutagens","damage_taken":0,"relics_obtained":["MutagenicStrength"],"max_hp_gain":0,"max_hp_loss":0,"event_name":"Drug Dealer","floor":24,"gold_loss":0},{"damage_healed":0,"gold_gain":0,"player_choice":"Donut","damage_taken":0,"max_hp_gain":5,"max_hp_loss":0,"event_name":"Big Fish","floor":55,"gold_loss":0},{"damage_healed":0,"gold_gain":0,"player_choice":"Ignored","damage_taken":0,"max_hp_gain":0,"max_hp_loss":0,"event_name":"Shining Light","floor":57,"gold_loss":0},{"damage_healed":0,"gold_gain":0,"player_choice":"Success","damage_taken":25,"relics_obtained":["Golden Egg"],"max_hp_gain":0,"max_hp_loss":0,"event_name":"Scrap Ooze","floor":66,"gold_loss":0},{"damage_healed":0,"gold_gain":0,"player_choice":"Obtained Book","damage_taken":16,"max_hp_gain":0,"max_hp_loss":0,"event_name":"Cursed Tome","floor":72,"gold_loss":0},{"damage_healed":0,"gold_gain":0,"player_choice":"Fight","damage_taken":0,"max_hp_gain":0,"max_hp_loss":0,"event_name":"OrinTheCat","floor":92,"gold_loss":0}],"is_beta":false,"boss_relics":[{"not_picked":["Busted Crown","hubris:GrandSneckoEye"],"picked":"hubris:ScarierMask"},{"not_picked":["hubris:VirtuousBlindfold","hubris:CrackedHourglass"],"picked":"construct:ClawGrip"},{"not_picked":["Replay:Wanted Poster","Ring of Chaos"],"picked":"Mark of Pain"},{"not_picked":["Ooze Armor","Runesmith:UraniumAnvil"],"picked":"Replay:Fungal Core"},{"not_picked":["Snecko Eye","Fusion Hammer","Sozu"]}],"items_purged_floors":[5,39],"is_endless":true,"potions_floor_spawned":[2,13,16,18,27,29,31,32,35,38,49,52,58,67,75,77,83,86],"killed_by":"Orin","ascension_level":0}}