{"host":"3c27c697js19kaoo","time":1607500524,"event":{"gold_per_floor":[112,112,126,77,77,112,112,124,124,124,152,162,196,196,196,300,300,317,317,227,280,500,826,1026,344,370,406,438,478,678,715,715,840,840,877,910,930,930,930,930,575,615,696,725,352,398,437,210,210,230],"floor_reached":51,"playtime":3637,"items_purged":["Writhe","UltimateOffering"],"score":859,"play_id":"f08fa1f6-e9e5-4674-8739-d7061b7b895c","local_time":"20201209155524","is_ascension_mode":false,"campfire_choices":[{"data":"ScarletShoot","floor":7,"key":"SMITH"},{"data":"MastersStateliness","floor":10,"key":"SMITH"},{"data":"NightDance","floor":15,"key":"SMITH"},{"floor":24,"key":"REST"},{"floor":30,"key":"REST"},{"data":"CurseOfVladTepes","floor":32,"key":"SMITH"},{"data":"Sadistic Nature","floor":40,"key":"SMITH"},{"floor":49,"key":"REST"}],"neow_cost":"NONE","seed_source_timestamp":1815842345091200,"circlet_count":0,"master_deck":["Strike_RM","Strike_RM","Strike_RM","Defend_RM+1","Defend_RM+1","Defend_RM+1","Defend_RM+1","ScarletShoot+1","DemonKingCradle+1","FavorOfDestiny+1","NightDance+1","RedRainbow","MastersStateliness+1","BloodyCatastrophe","Clumsy","CurseOfVladTepes+1","Clumsy","FitfulNightmare+1","Sadistic Nature+1","LeisurelyOfLord+1","CurseOfVladTepes+1"],"relics":["ScarletHat","REME_ComplimentaryCards","NeowsBlessing","REME_HourglassOfDeath","Bottled Tornado","Dream Catcher","REME_DemonsWealth","Old Coin","Bag of Marbles","Thread and Needle","REME_CardOfGreed","Dota2Spire:PhaseBoots","APieceOfRedMist","Membership Card","Dota2Spire:EtherealBlade","Regal Pillow","Dota2Spire:AghanimScepter","RedBat","Dota2Spire:OrchidMalevolence","Dota2Spire:MonkeyKingBar","OrangePellets","Dota2Spire:DrumOfEndurance","War Paint","PreservedInsect","DollysMirror"],"potions_floor_usage":[18,22,22,22,27,33,37,42,42,47,50],"damage_taken":[{"damage":0,"enemies":"Jaw Worm","floor":1,"turns":1},{"damage":0,"enemies":"Small Slimes","floor":3,"turns":1},{"damage":0,"enemies":"Lagavulin","floor":6,"turns":1},{"damage":0,"enemies":"Cultist","floor":8,"turns":3},{"damage":4,"enemies":"3 Sentries","floor":11,"turns":4},{"damage":0,"enemies":"2 Fungi Beasts","floor":12,"turns":2},{"damage":0,"enemies":"Large Slime","floor":13,"turns":3},{"damage":7,"enemies":"Hexaghost","floor":16,"turns":5},{"damage":25,"enemies":"2 Thieves","floor":18,"turns":4},{"damage":9,"enemies":"Shell Parasite","floor":21,"turns":3},{"damage":0,"enemies":"3 Cultists","floor":22,"turns":3},{"damage":53,"enemies":"Book of Stabbing","floor":23,"turns":6},{"damage":19,"enemies":"Snake Plant","floor":27,"turns":4},{"damage":5,"enemies":"Chosen and Byrds","floor":28,"turns":8},{"damage":0,"enemies":"Sentry and Sphere","floor":29,"turns":3},{"damage":2,"enemies":"Shelled Parasite and Fungi","floor":31,"turns":5},{"damage":43,"enemies":"Collector","floor":33,"turns":5},{"damage":39,"enemies":"3 Darklings","floor":35,"turns":4},{"damage":7,"enemies":"Orb Walker","floor":36,"turns":3},{"damage":18,"enemies":"4 Shapes","floor":37,"turns":4},{"damage":2,"enemies":"3 Darklings","floor":42,"turns":3},{"damage":22,"enemies":"Nemesis","floor":44,"turns":5},{"damage":3,"enemies":"Writhing Mass","floor":47,"turns":5},{"damage":98,"enemies":"Time Eater","floor":50,"turns":6}],"seed_played":"-9218304095613210642","potions_obtained":[{"floor":8,"key":"Energy Potion"},{"floor":11,"key":"Dota2Spire:HealingSalve"},{"floor":13,"key":"FearPotion"},{"floor":18,"key":"PowerPotion"},{"floor":18,"key":"AttackPotion"},{"floor":21,"key":"AttackPotion"},{"floor":23,"key":"DistilledChaos"},{"floor":29,"key":"DuplicationPotion"},{"floor":33,"key":"Regen Potion"},{"floor":36,"key":"GamblersBrew"},{"floor":37,"key":"AttackPotion"},{"floor":37,"key":"SteroidPotion"},{"floor":44,"key":"Fruit Juice"},{"floor":44,"key":"Block Potion"},{"floor":47,"key":"BlessingOfTheForge"}],"is_trial":false,"path_per_floor":["M","?","M","$","?","E","R","M","T","R","E","M","M","?","R","B",null,"M","?","?","M","M","E","R","$","T","M","M","M","R","M","R","B",null,"M","M","M","?","?","R","$","M","T","E","$","T","M","$","R","B",null],"character_chosen":"REMILIA","items_purchased":["NightDance","Bag of Marbles","Thread and Needle","REME_CardOfGreed","Membership Card","Dota2Spire:EtherealBlade","Regal Pillow","Dota2Spire:OrchidMalevolence","Dota2Spire:MonkeyKingBar","OrangePellets","War Paint","PreservedInsect","DollysMirror"],"campfire_rested":3,"item_purchase_floors":[4,25,25,25,41,41,41,45,45,45,48,48,48],"current_hp_per_floor":[75,75,75,75,75,75,75,75,75,75,72,72,73,58,58,67,75,50,50,50,43,47,8,30,30,30,12,7,7,29,32,32,37,75,37,35,19,19,19,19,19,29,29,13,13,13,23,23,62,40],"gold":230,"neow_bonus":"THREE_ENEMY_KILL","is_prod":false,"is_daily":false,"chose_seed":false,"campfire_upgraded":5,"win_rate":1,"timestamp":1607500524,"path_taken":["M","?","M","$","?","E","R","?","T","R","E","M","M","?","R","BOSS","M","?","?","?","M","E","R","$","T","M","M","?","R","?","R","BOSS","M","M","?","?","?","R","$","?","T","E","?","?","M","$","R","BOSS"],"build_version":"2020-11-30","purchased_purges":2,"victory":true,"max_hp_per_floor":[75,75,75,75,75,75,75,75,75,75,75,75,75,75,75,75,75,75,75,75,75,75,75,75,75,75,75,75,75,75,75,75,75,75,75,75,75,75,75,75,75,75,75,75,75,75,80,80,80,80],"card_choices":[{"not_picked":["ScarletNetherworld","BloodyTrap"],"picked":"FavorOfDestiny","floor":1},{"not_picked":["UnstableMagic","VampireSweep","FavorOfDestiny"],"picked":"SKIP","floor":3},{"not_picked":["BlasphemousPunishment","VampirishNight"],"picked":"RedRainbow","floor":6},{"not_picked":["NightDance","BloodHunter"],"picked":"MastersStateliness","floor":8},{"not_picked":["EndlessAdversity","NightDance","NightLord"],"picked":"SKIP","floor":11},{"not_picked":["ScarletSymphony","CharismaGuard","ScarletGensokyo"],"picked":"SKIP","floor":12},{"not_picked":["StarOfDavid","CharismaGuard","ScarletNetherworld"],"picked":"SKIP","floor":13},{"not_picked":["HellCatastrophe","DemonKingCradle"],"picked":"BloodyCatastrophe","floor":16},{"not_picked":["ChainGang","CharismaGuard+1","VampireKiss","Regret"],"picked":"SKIP","floor":18},{"not_picked":["NightDance","FavorOfDestiny","EndlessAdversity","Parasite"],"picked":"SKIP","floor":21},{"not_picked":["ScarletDevil+1","HunterOfTheNight+1","ScarletDream+1"],"picked":"Writhe","floor":22},{"not_picked":["ScarletDevilSign","ReincarnationDial","BombardNight+1","Shame"],"picked":"SKIP","floor":22},{"not_picked":["BlasphemousPunishment","UnstableMagic","Injury"],"picked":"UltimateOffering","floor":23},{"not_picked":["StarOfDavid","EternalNight","RedMagic"],"picked":"Clumsy","floor":24},{"not_picked":["ScarletImprint","MastersStateliness","StarOfDavid","Parasite"],"picked":"SKIP","floor":27},{"not_picked":["ScarletDream","BlasphemousPunishment","ScarletDevilSign","Shame"],"picked":"SKIP","floor":28},{"not_picked":["DiffusionOfMisfortune","HunterOfTheNight","Clumsy"],"picked":"CurseOfVladTepes","floor":29},{"not_picked":["EndlessAdversity","UnderTheZenith","BloodHunter"],"picked":"Clumsy","floor":30},{"not_picked":["ScarletDevilSign+1","StarOfDavid+1","Parasite"],"picked":"FitfulNightmare+1","floor":31},{"not_picked":["VampireKiss","MastersStateliness+1","EndlessAdversity","Normality"],"picked":"SKIP","floor":35},{"not_picked":["StarOfDavid","UnderTheZenith+1","BlasphemousPunishment","Writhe"],"picked":"SKIP","floor":36},{"not_picked":["RedRainbow+1","ReincarnationDial+1","Septette","Writhe"],"picked":"SKIP","floor":37},{"not_picked":["REME_TwoStrings","Deep Breath"],"picked":"Sadistic Nature","floor":38},{"not_picked":["ScarletNetherworld+1","BloodyTrap","ScarletDevil","Shame"],"picked":"SKIP","floor":42},{"not_picked":["ForecastOfChange","ScarletSymphony+1","VampireKiss","Normality"],"picked":"SKIP","floor":44},{"not_picked":["ScarletNetherworld","GlobalNightmare+1","Parasite"],"picked":"LeisurelyOfLord+1","floor":47}],"player_experience":81357,"relics_obtained":[{"floor":6,"key":"REME_HourglassOfDeath"},{"floor":9,"key":"Bottled Tornado"},{"floor":11,"key":"Dream Catcher"},{"floor":23,"key":"Old Coin"},{"floor":26,"key":"Dota2Spire:PhaseBoots"},{"floor":43,"key":"Dota2Spire:AghanimScepter"},{"floor":44,"key":"RedBat"},{"floor":46,"key":"Dota2Spire:DrumOfEndurance"}],"event_choices":[{"damage_healed":0,"gold_gain":0,"player_choice":"Grow","damage_taken":0,"max_hp_gain":0,"max_hp_loss":0,"event_name":"Living Wall","floor":2,"gold_loss":0,"cards_upgraded":["DemonKingCradle"]},{"cards_removed":["RedMoon"],"damage_healed":0,"gold_gain":0,"player_choice":"Offered Basic","damage_taken":0,"max_hp_gain":0,"max_hp_loss":0,"event_name":"Bonfire Elementals","floor":5,"gold_loss":0},{"damage_healed":0,"gold_gain":0,"player_choice":"Entered Light","damage_taken":15,"max_hp_gain":0,"max_hp_loss":0,"event_name":"Shining Light","floor":14,"gold_loss":0,"cards_upgraded":["Defend_RM","Defend_RM"]},{"damage_healed":0,"gold_gain":0,"player_choice":"Ignored","damage_taken":0,"max_hp_gain":0,"max_hp_loss":0,"event_name":"Ghosts","floor":19,"gold_loss":0},{"cards_removed":["Strike_RM"],"damage_healed":0,"gold_gain":0,"player_choice":"Upgrade and Remove","damage_taken":0,"max_hp_gain":0,"max_hp_loss":0,"event_name":"Designer","floor":20,"gold_loss":90,"cards_upgraded":["Defend_RM"]},{"damage_healed":0,"gold_gain":0,"player_choice":"Memory 1","damage_taken":0,"max_hp_gain":0,"max_hp_loss":0,"event_name":"SensoryStone","floor":38,"gold_loss":0},{"damage_healed":0,"gold_gain":0,"player_choice":"Bought 0 Potions","damage_taken":0,"max_hp_gain":0,"max_hp_loss":0,"event_name":"The Woman in Blue","floor":39,"gold_loss":0}],"is_beta":false,"boss_relics":[{"not_picked":["SacredBark","Fusion Hammer"],"picked":"REME_DemonsWealth"},{"not_picked":["Astrolabe","REME_LowDesire"],"picked":"APieceOfRedMist"}],"items_purged_floors":[25,45],"is_endless":false,"potions_floor_spawned":[11,13,16,18,21,23,29,33,36,44,47],"ascension_level":0}}