{"host":"5mo0809oo9tcrmpl","time":1607481220,"event":{"gold_per_floor":[113,113,127,137,152,180,180,209,287,287,156,192,192,213,213,306,306,319,340,358,24,74,74,74,74,74,74,113,113,38,61,61,147,147,166,176,176,101,101,101,101],"floor_reached":40,"playtime":1591,"items_purged":["Strike_R"],"score":844,"play_id":"6c80a506-b67e-4a42-b72e-10d29d2b64e2","local_time":"20201208203340","is_ascension_mode":true,"campfire_choices":[{"data":"Rampage","floor":7.0,"key":"SMITH"},{"data":"Disarm","floor":13.0,"key":"SMITH"},{"floor":15.0,"key":"REST"},{"floor":23.0,"key":"REST"},{"floor":29.0,"key":"REST"},{"floor":32.0,"key":"RECALL"}],"neow_cost":"NONE","seed_source_timestamp":866262200199000,"circlet_count":0,"master_deck":["AscendersBane","Strike_R","Strike_R","Strike_R","Strike_R","Defend_R","Defend_R","Defend_R","Defend_R","Bash","Disarm+1","Carnage+1","Twin Strike+1","Rampage","Rampage+1","Whirlwind","Shockwave","Reaper","Headbutt","Pummel","Dual Wield","Shrug It Off","Demon Form"],"special_seed":0,"relics":["Burning Blood","Whetstone","Charon\u0027s Ashes","Paper Frog","Bloody Idol","Omamori","Magic Flower","Fusion Hammer","FossilizedHelix","CeramicFish","Prayer Wheel","Busted Crown"],"potions_floor_usage":[40],"damage_taken":[{"damage":14.0,"enemies":"Jaw Worm","floor":1.0,"turns":3.0},{"damage":6.0,"enemies":"Cultist","floor":3.0,"turns":3.0},{"damage":7.0,"enemies":"Small Slimes","floor":4.0,"turns":3.0},{"damage":11.0,"enemies":"3 Louse","floor":5.0,"turns":3.0},{"damage":20.0,"enemies":"3 Sentries","floor":6.0,"turns":10.0},{"damage":23.0,"enemies":"Lagavulin","floor":8.0,"turns":7.0},{"damage":8.0,"enemies":"Gremlin Nob","floor":12.0,"turns":3.0},{"damage":20.0,"enemies":"Gremlin Gang","floor":14.0,"turns":4.0},{"damage":16.0,"enemies":"The Guardian","floor":16.0,"turns":8.0},{"damage":2.0,"enemies":"Chosen","floor":18.0,"turns":2.0},{"damage":27.0,"enemies":"2 Thieves","floor":19.0,"turns":4.0},{"damage":38.0,"enemies":"Snecko","floor":20.0,"turns":4.0},{"damage":70.0,"enemies":"Gremlin Leader","floor":28.0,"turns":8.0},{"damage":0.0,"enemies":"Centurion and Healer","floor":31.0,"turns":4.0},{"damage":79.0,"enemies":"Champ","floor":33.0,"turns":11.0},{"damage":24.0,"enemies":"3 Darklings","floor":35.0,"turns":4.0},{"damage":11.0,"enemies":"3 Shapes","floor":36.0,"turns":10.0},{"damage":117,"enemies":"Giant Head","floor":40,"turns":6}],"seed_played":"2941882466827922974","potions_obtained":[{"floor":4.0,"key":"Block Potion"},{"floor":5.0,"key":"HeartOfIron"},{"floor":6.0,"key":"Strength Potion"},{"floor":12.0,"key":"PowerPotion"},{"floor":16.0,"key":"Regen Potion"},{"floor":19.0,"key":"AttackPotion"},{"floor":28.0,"key":"SneckoOil"},{"floor":36.0,"key":"CultistPotion"}],"is_trial":false,"path_per_floor":["M","?","M","M","M","E","R","E","T","?","?","E","R","M","R","B",null,"M","M","M","$","?","R","?","?","T","$","E","R","?","M","R","B",null,"M","M","?","$","?","E"],"character_chosen":"IRONCLAD","items_purchased":["FossilizedHelix"],"campfire_rested":3,"item_purchase_floors":[21],"current_hp_per_floor":[67,67,67,66,61,47,47,30,30,30,30,28,28,17,39,32,64,71,64,45,45,45,67,67,67,67,67,23,45,45,74,74,36,65,64,67,67,67,74,0,0],"gold":101,"neow_bonus":"TEN_PERCENT_HP_BONUS","is_prod":false,"is_daily":false,"chose_seed":false,"campfire_upgraded":2,"win_rate":0,"timestamp":1607481220,"path_taken":["M","?","?","M","M","E","R","E","T","?","?","E","R","M","R","BOSS","M","?","M","?","?","R","?","?","T","$","E","R","?","M","R","BOSS","M","M","?","$","?","E"],"build_version":"2020-11-30","purchased_purges":1,"victory":false,"max_hp_per_floor":[82,82,82,82,82,82,82,82,82,74,74,74,74,74,74,74,74,74,74,74,74,74,74,74,74,74,74,74,74,74,74,74,74,74,74,74,74,74,74,74,74],"relic_stats":{"Busted Crown":10,"counters":[18,97],"Bloody Idol":39,"CeramicFish":27,"Magic Flower":[58],"Prayer Wheel":3,"Charon\u0027s Ashes":[169],"Whetstone":["Twin Strike","Carnage"],"obtain_stats":[{"Golden Idol":10,"CeramicFish":24,"Magic Flower":12,"Charon\u0027s Ashes":8,"Omamori":11,"Whetstone":6,"Burning Blood":0,"Busted Crown":34,"Bloody Idol":25,"Prayer Wheel":28,"Fusion Hammer":17,"FossilizedHelix":21,"Paper Frog":9},{"Golden Idol":6,"CeramicFish":12,"Magic Flower":7,"Charon\u0027s Ashes":6,"Omamori":6,"Whetstone":5,"Burning Blood":0,"Busted Crown":15,"Bloody Idol":12,"Prayer Wheel":13,"Fusion Hammer":9,"FossilizedHelix":12,"Paper Frog":6},{"Golden Idol":29,"CeramicFish":54,"Magic Flower":32,"Charon\u0027s Ashes":29,"Omamori":29,"Whetstone":22,"Burning Blood":0,"Busted Crown":77,"Bloody Idol":54,"Prayer Wheel":62,"Fusion Hammer":44,"FossilizedHelix":54,"Paper Frog":29}],"Burning Blood":132},"card_choices":[{"not_picked":["True Grit","Rage"],"picked":"Disarm","floor":1.0},{"not_picked":["Shrug It Off","Metallicize"],"picked":"Carnage","floor":3.0},{"not_picked":["Flex","Anger"],"picked":"Twin Strike","floor":4.0},{"not_picked":["Perfected Strike","Flex"],"picked":"Rampage","floor":5.0},{"not_picked":["Fire Breathing","Wild Strike"],"picked":"Rampage","floor":6.0},{"not_picked":["Wild Strike","Feel No Pain"],"picked":"Whirlwind","floor":8.0},{"not_picked":["Body Slam","Second Wind","Carnage"],"picked":"SKIP","floor":12.0},{"not_picked":["Twin Strike","Blood for Blood"],"picked":"Shockwave","floor":14.0},{"not_picked":["Limit Break","Barricade"],"picked":"Reaper","floor":16.0},{"not_picked":["Bloodletting","Clothesline+1"],"picked":"Headbutt","floor":18.0},{"not_picked":["Carnage+1","Second Wind"],"picked":"Pummel","floor":19.0},{"not_picked":["Heavy Blade","Body Slam","Intimidate"],"picked":"SKIP","floor":20.0},{"not_picked":["Thunderclap","Clash"],"picked":"Dual Wield","floor":28.0},{"not_picked":["Dark Embrace","Havoc"],"picked":"Shrug It Off","floor":31.0},{"not_picked":["Heavy Blade","Sentinel","Entrench"],"picked":"SKIP","floor":31.0},{"not_picked":["Double Tap","Feed"],"picked":"Demon Form","floor":33.0},{"not_picked":["Body Slam"],"picked":"SKIP","floor":35.0},{"not_picked":["Pummel"],"picked":"SKIP","floor":35.0},{"not_picked":["Thunderclap"],"picked":"SKIP","floor":36.0},{"not_picked":["Perfected Strike"],"picked":"SKIP","floor":36.0}],"player_experience":1233306,"relics_obtained":[{"floor":6.0,"key":"Whetstone"},{"floor":8.0,"key":"Charon\u0027s Ashes"},{"floor":9.0,"key":"Paper Frog"},{"floor":12.0,"key":"Magic Flower"},{"floor":28.0,"key":"Prayer Wheel"}],"event_choices":[{"damage_healed":0.0,"max_hp_gain":0.0,"max_hp_loss":0.0,"gold_gain":0.0,"event_name":"Wheel of Change","player_choice":"Cursed","floor":2.0,"gold_loss":0.0,"damage_taken":0.0,"cards_obtained":["Decay"]},{"damage_healed":0.0,"max_hp_gain":0.0,"max_hp_loss":8.0,"gold_gain":0.0,"event_name":"Golden Idol","player_choice":"Lose Max HP","floor":10.0,"gold_loss":0.0,"damage_taken":0.0,"relics_obtained":["Golden Idol"]},{"damage_healed":0.0,"max_hp_gain":0.0,"max_hp_loss":0.0,"gold_gain":0.0,"event_name":"WeMeetAgain","player_choice":"Paid Gold","floor":11.0,"gold_loss":131.0,"damage_taken":0.0,"relics_obtained":["Omamori"]},{"damage_healed":0.0,"max_hp_gain":0.0,"max_hp_loss":0.0,"gold_gain":50.0,"event_name":"Nest","player_choice":"Stole From Cult","floor":22.0,"gold_loss":0.0,"damage_taken":0.0},{"damage_healed":0.0,"max_hp_gain":0.0,"max_hp_loss":0.0,"gold_gain":0.0,"event_name":"Addict","player_choice":"Stole Relic","floor":24.0,"gold_loss":0.0,"damage_taken":0.0,"relics_obtained":["CeramicFish"],"cards_obtained":["Shame"]},{"damage_healed":0.0,"max_hp_gain":0.0,"max_hp_loss":0.0,"gold_gain":0.0,"event_name":"Forgotten Altar","player_choice":"Gave Idol","floor":25.0,"relics_lost":["Golden Idol"],"gold_loss":0.0,"damage_taken":0.0,"relics_obtained":["Bloody Idol"]},{"cards_removed":["Decay"],"damage_healed":0.0,"max_hp_gain":0.0,"max_hp_loss":0.0,"gold_gain":0.0,"event_name":"Beggar","player_choice":"Gave Gold","floor":30.0,"gold_loss":75.0,"damage_taken":0.0},{"damage_healed":0.0,"max_hp_gain":0.0,"max_hp_loss":0.0,"gold_gain":0.0,"event_name":"SensoryStone","player_choice":"Memory 1","floor":37.0,"gold_loss":0.0,"damage_taken":0.0},{"damage_healed":15.0,"max_hp_gain":0.0,"max_hp_loss":0.0,"gold_gain":0.0,"event_name":"Winding Halls","player_choice":"Writhe","floor":39.0,"gold_loss":0.0,"damage_taken":0.0,"cards_obtained":["Writhe"]}],"is_beta":false,"boss_relics":[{"not_picked":["Sozu","Ectoplasm"],"picked":"Fusion Hammer"},{"not_picked":["Velvet Choker","Runic Dome"],"picked":"Busted Crown"}],"items_purged_floors":[38],"is_endless":false,"potions_floor_spawned":[4,5,6,12,16,19,28,36],"killed_by":"Giant Head","ascension_level":20}}