{"host":"z9x5nldzhmx4jdfi","time":1607487651,"event":{"gold_per_floor":[361,392,417,433,458,458,383,434,485,485,549,549,601,601,601],"floor_reached":14,"playtime":520,"items_purged":["animator:Strike"],"score":212,"play_id":"209cb304-bbcc-47bb-b0f3-6665f8e6b8ed","local_time":"20201208222051","is_ascension_mode":true,"campfire_choices":[{"data":"animator:Alexander","floor":6.0,"key":"SMITH"},{"data":"animator:Alexander","floor":10.0,"key":"SMITH"},{"floor":12.0,"key":"REST"}],"neow_cost":"TEN_PERCENT_HP_LOSS","seed_source_timestamp":1061602113274500,"circlet_count":0,"master_deck":["AscendersBane","animator:Strike_Fate","animator:Defend_Fate","animator:Strike","animator:Strike","animator:Defend","animator:Defend","animator:Defend","animator:Alexander+1","animator:Rider","animator:Alexander+1","animator:Gilgamesh+6","animator:RinTohsaka","animator:ShinjiMatou","animator:Lancer"],"special_seed":0,"relics":["animator:LivingPicture","animator:TheMissingPiece","Lantern","infinitespire:CheckeredPen","MealTicket","animator:Buoy","Champion Belt","infinitespire:BottledMercury"],"potions_floor_usage":[],"damage_taken":[{"damage":6.0,"enemies":"Cultist","floor":1.0,"turns":4.0},{"damage":11.0,"enemies":"Small Slimes","floor":2.0,"turns":3.0},{"damage":7.0,"enemies":"Jaw Worm","floor":4.0,"turns":4.0},{"damage":8.0,"enemies":"Gremlin Nob","floor":8.0,"turns":3.0},{"damage":17.0,"enemies":"Lagavulin","floor":11.0,"turns":5.0},{"damage":10.0,"enemies":"3 Sentries","floor":13.0,"turns":4.0},{"damage":16,"enemies":"Exordium Wildlife","floor":14,"turns":3}],"seed_played":"2116050956154367907","potions_obtained":[{"floor":2.0,"key":"animator:GrowthPotion"},{"floor":4.0,"key":"Strength Potion"}],"is_trial":false,"path_per_floor":["M","M","?","M","T","R","$","E","T","R","E","R","E","M"],"character_chosen":"THE_ANIMATOR","items_purchased":[],"campfire_rested":1,"item_purchase_floors":[],"current_hp_per_floor":[48,37,32,25,25,25,25,18,18,18,1,17,8,0,0],"gold":601,"neow_bonus":"TWO_FIFTY_GOLD","is_prod":false,"is_daily":false,"chose_seed":false,"campfire_upgraded":2,"win_rate":0,"timestamp":1607487651,"path_taken":["M","?","?","M","?","R","$","E","T","R","E","R","E","M"],"build_version":"2020-11-30","purchased_purges":1,"victory":false,"max_hp_per_floor":[54,54,54,54,54,54,54,55,55,55,55,55,56,56,56],"card_choices":[{"not_picked":["animator:Kuribayashi","animator:Demiurge"],"picked":"animator:Alexander","floor":1.0},{"not_picked":["animator:Berserker","animator:DwarfShaman"],"picked":"animator:Gilgamesh","floor":2.0},{"not_picked":["animator:SilverFang","animator:Fredrika","animator:Shinoa"],"picked":"SKIP","floor":4.0},{"not_picked":["animator:Berserker","animator:ShinjiMatou"],"picked":"animator:RinTohsaka","floor":8.0},{"not_picked":["animator:GoblinSlayer","animator:Rider"],"picked":"animator:ShinjiMatou","floor":11.0},{"not_picked":["animator:Assassin","animator:Priestess"],"picked":"animator:Lancer","floor":13.0}],"player_experience":1466226,"relics_obtained":[{"floor":5.0,"key":"infinitespire:CheckeredPen"},{"floor":8.0,"key":"MealTicket"},{"floor":9.0,"key":"animator:Buoy"},{"floor":11.0,"key":"Champion Belt"},{"floor":13.0,"key":"infinitespire:BottledMercury"}],"event_choices":[{"damage_healed":0.0,"max_hp_gain":0.0,"max_hp_loss":0.0,"gold_gain":0.0,"event_name":"betterThird:BetterScrap","player_choice":"Relic ","floor":3.0,"gold_loss":0.0,"damage_taken":5.0,"cards_obtained":["Reaper"]}],"is_beta":false,"boss_relics":[],"items_purged_floors":[7],"is_endless":false,"potions_floor_spawned":[2,4],"killed_by":"Exordium Wildlife","ascension_level":20}}