{"host":"spdo1rkrnctwf3z7","time":1607500944,"event":{"gold_per_floor":[118,118,136,136,136,136,154,154,199,219,189,34,34,34],"floor_reached":13,"playtime":4175,"items_purged":[],"score":73,"play_id":"bc7c2be1-521d-40b0-a96d-482d7e0a144c","local_time":"20201209170224","is_ascension_mode":false,"campfire_choices":[{"data":"Catalyst","floor":6.0,"key":"SMITH"}],"neow_cost":"PERCENT_DAMAGE","seed_source_timestamp":0,"circlet_count":0,"master_deck":["Strike_G","Strike_G","Strike_G","Strike_G","Defend_G","Defend_G","Defend_G","Defend_G","Survivor","Neutralize","Catalyst+1","Leg Sweep","Poisoned Stab","Heel Hook","Catalyst"],"special_seed":0,"relics":["Ring of the Snake","Nunchaku","TheAbacus"],"potions_floor_usage":[13,13],"damage_taken":[{"damage":9.0,"enemies":"Jaw Worm","floor":1.0,"turns":9.0},{"damage":0.0,"enemies":"2 Louse","floor":3.0,"turns":3.0},{"damage":0.0,"enemies":"Small Slimes","floor":7.0,"turns":3.0},{"damage":18,"enemies":"Gremlin Gang","floor":10,"turns":6},{"damage":33,"enemies":"3 Sentries","floor":13,"turns":8}],"seed_played":"-8485278859531298766","potions_obtained":[{"floor":1.0,"key":"EssenceOfSteel"},{"floor":3.0,"key":"Dexterity Potion"},{"floor":7.0,"key":"Fire Potion"}],"is_trial":false,"path_per_floor":["M","?","M","?","$","R","M","$","T","M","?","$","E"],"character_chosen":"THE_SILENT","items_purchased":["TheAbacus"],"campfire_rested":0,"item_purchase_floors":[12],"current_hp_per_floor":[40,45,45,45,45,45,45,45,45,27,27,27,0,0],"gold":34,"neow_bonus":"TRANSFORM_TWO_CARDS","is_prod":false,"is_daily":false,"chose_seed":false,"campfire_upgraded":1,"win_rate":0,"timestamp":1607500944,"path_taken":["M","?","M","?","?","R","M","$","T","M","?","$","E"],"build_version":"2020-11-30","purchased_purges":0,"victory":false,"max_hp_per_floor":[70,75,75,75,75,75,75,75,75,75,75,75,75,75],"card_choices":[{"not_picked":["Well Laid Plans","Infinite Blades"],"picked":"Poisoned Stab","floor":1.0},{"not_picked":["Backflip","Sucker Punch"],"picked":"Heel Hook","floor":3.0},{"not_picked":["Underhanded Strike","Bane"],"picked":"Catalyst","floor":7.0},{"not_picked":["Heel Hook","Blade Dance","Acrobatics"],"picked":"SKIP","floor":10}],"player_experience":95977,"relics_obtained":[{"floor":9.0,"key":"Nunchaku"}],"event_choices":[{"damage_healed":0.0,"max_hp_gain":5.0,"max_hp_loss":0.0,"gold_gain":0.0,"event_name":"Big Fish","player_choice":"Donut","floor":2.0,"gold_loss":0.0,"damage_taken":0.0},{"damage_healed":0.0,"max_hp_gain":0.0,"max_hp_loss":0.0,"gold_gain":0.0,"event_name":"Liars Game","player_choice":"Ignored","floor":4.0,"gold_loss":0.0,"damage_taken":0.0},{"damage_healed":0,"gold_gain":0,"player_choice":"Left Gold","damage_taken":0,"max_hp_gain":0,"max_hp_loss":0,"event_name":"World of Goop","floor":11,"gold_loss":30}],"is_beta":false,"boss_relics":[],"items_purged_floors":[],"is_endless":false,"potions_floor_spawned":[1,3,7],"killed_by":"3 Sentries","ascension_level":0}}