{"host":"4be9rrw6luv8jrir","time":1607538831,"event":{"gold_per_floor":[112,112,37,37,57,86,86,100,149,182,182,219,219,233,233,345,345,356,276,291,182,211,211,211,233,285,582,582,582,582,598,598,707,707,733,733,742,1242,1260,1298,1298,1308,1308,1335,1360,1377,1248,1268,1268,1168],"floor_reached":51,"playtime":2744,"items_purged":["Strike_R","Eruption","Bash"],"score":1239,"play_id":"b60b2bbb-9d3b-4610-9a1a-bce882516be3","local_time":"20201210023351","is_ascension_mode":true,"campfire_choices":[{"floor":7,"key":"RECALL"},{"data":"Heavy Blade","floor":11,"key":"SMITH"},{"data":"conspire:ExplosiveBarrier","floor":15,"key":"SMITH"},{"data":"Shrug It Off","floor":24,"key":"SMITH"},{"data":"Entrench","floor":29,"key":"SMITH"},{"floor":32,"key":"REST"},{"data":"Madness","floor":41,"key":"SMITH"},{"data":"Heavy Blade","floor":49,"key":"SMITH"}],"neow_cost":"NONE","seed_source_timestamp":174797933768600,"circlet_count":0,"master_deck":["Heavy Blade+1","Flex","Inflame","conspire:ExplosiveBarrier+1","Battle Trance","conspire:Purge","Shrug It Off+1","Shrug It Off+1","Entrench+1","Impervious","Body Slam+1","Madness+1","Seeing Red","Body Slam+1","Heavy Blade+1","The Bomb"],"relics":["DaveBox","Jackal-EndForJourney","PatriotShield","Question Card","Unceasing Top","Blood Vial","conspire:DeflatedDodgeball","CeramicFish","ImportantClient","ReplayTheSpireMod:DimensionalGlitch","Durian","Omamori","Nilry\u0027s Codex","Sozu","wanderingMiniBosses:LockLocket","Paper Frog","ImprovedEquipment"],"potions_floor_usage":[10,27,50,50],"damage_taken":[{"damage":0,"enemies":"Small Slimes","floor":1,"turns":2},{"damage":0,"enemies":"2 Louse","floor":5,"turns":1},{"damage":0,"enemies":"Gremlin Nob","floor":6,"turns":1},{"damage":0,"enemies":"Jaw Worm","floor":8,"turns":2},{"damage":0,"enemies":"conspire:MimicChest","floor":10,"turns":2},{"damage":0,"enemies":"3 Sentries","floor":12,"turns":5},{"damage":0,"enemies":"Blue Slaver","floor":14,"turns":2},{"damage":0,"enemies":"The Guardian","floor":16,"turns":5},{"damage":8,"enemies":"Chosen","floor":18,"turns":2},{"damage":8,"enemies":"2 Thieves","floor":20,"turns":2},{"damage":8,"enemies":"Centurion and Healer","floor":22,"turns":3},{"damage":0,"enemies":"Snake Plant","floor":25,"turns":1},{"damage":8,"enemies":"Chosen and Byrds","floor":27,"turns":10},{"damage":0,"enemies":"Sentry and Sphere","floor":31,"turns":3},{"damage":11,"enemies":"hubris:MusketHawk","floor":33,"turns":5},{"damage":8,"enemies":"Orb Walker","floor":35,"turns":2},{"damage":2,"enemies":"3 Darklings","floor":38,"turns":5},{"damage":0,"enemies":"Maw","floor":39,"turns":3},{"damage":0,"enemies":"R_Hoarder","floor":40,"turns":6},{"damage":0,"enemies":"Sphere and 2 Shapes","floor":42,"turns":2},{"damage":0,"enemies":"Giant Head","floor":44,"turns":3},{"damage":0,"enemies":"3 Darklings","floor":45,"turns":2},{"damage":0,"enemies":"4 Shapes","floor":46,"turns":3},{"damage":0,"enemies":"Maw","floor":48,"turns":3},{"damage":91,"enemies":"conspire:OrnateMirror","floor":50,"turns":4}],"seed_played":"-4135454594369093415","potions_obtained":[{"floor":8,"key":"SteroidPotion"},{"floor":10,"key":"GamblersBrew"},{"floor":16,"key":"BloodPotion"},{"floor":22,"key":"SkillPotion"},{"floor":25,"key":"Block Potion"},{"floor":27,"key":"ColorlessPotion"}],"is_trial":false,"path_per_floor":["M","?","$","?","M","E","R","M","T","?","R","E","?","M","R","B",null,"M","$","M","$","M","?","R","M","T","M","$","R","?","M","R","B",null,"M","?","?","M","M","E","R","M","T","E","M","M","$","M","R","B",null],"character_chosen":"IRONCLAD","items_purchased":["Shrug It Off","The Bomb"],"campfire_rested":1,"item_purchase_floors":[21,47],"current_hp_per_floor":[80,64,64,69,69,69,69,69,69,71,71,73,73,75,75,77,85,77,77,70,70,63,68,68,69,69,62,62,62,37,38,65,55,90,82,82,82,81,82,83,83,84,84,85,86,87,87,88,88,10],"gold":1168,"neow_bonus":"BOSS_RELIC","is_prod":false,"is_daily":false,"chose_seed":false,"campfire_upgraded":6,"win_rate":0,"timestamp":1607538831,"path_taken":["M","?","$","?","?","E","R","M","T","?","R","E","?","M","R","BOSS","M","$","M","$","M","?","R","M","T","M","$","R","?","M","R","BOSS","M","?","?","M","?","E","R","M","T","E","M","M","$","M","R","BOSS"],"build_version":"2020-11-30","purchased_purges":3,"victory":true,"max_hp_per_floor":[80,80,80,85,85,85,85,85,85,85,85,85,85,85,85,85,85,85,85,85,85,85,90,90,90,90,90,90,90,90,90,90,90,90,90,90,90,90,90,90,90,90,90,90,90,90,90,90,90,90],"card_choices":[{"not_picked":["Perfected Strike","Shockwave"],"picked":"Heavy Blade","floor":1},{"not_picked":["ReplayReversal","Wild Strike","ReplayTheSpireMod:Strike From Hell"],"picked":"Flex","floor":5},{"not_picked":["Feel No Pain","Sword Boomerang","Heavy Blade"],"picked":"Inflame","floor":6},{"not_picked":["Defy Death","Clothesline","MostiFishMod:PerfectStrikeMKII"],"picked":"conspire:ExplosiveBarrier","floor":8},{"not_picked":["Brutality","True Grit","Abandon"],"picked":"Battle Trance","floor":12},{"not_picked":["Sever Soul","Iron Wave","Flex","Twin Strike"],"picked":"SKIP","floor":14},{"not_picked":["Hemogenesis","MostiFishMod:ChineseTea","MostiFishMod:404NotFound"],"picked":"conspire:Purge","floor":16},{"not_picked":["Replay:Undeath\u0027s Touch","Perfected Strike+1","Feel No Pain","Life Link"],"picked":"SKIP","floor":18},{"not_picked":["Infernal Blade","ReplayTheSpireMod:Strike From Hell","Twin Strike+1","Warcry"],"picked":"SKIP","floor":20},{"not_picked":["Armaments","hubris:ReadiedAction+1","ReplayTheSpireMod:Stacked"],"picked":"Shrug It Off+1","floor":22},{"not_picked":["Replay:Undeath\u0027s Touch","Wild Strike+1","Iron Wave+1"],"picked":"Entrench","floor":25},{"not_picked":["Flex","Armaments","Combust","Shockwave+1"],"picked":"SKIP","floor":27},{"not_picked":["Hemokinesis","Headbutt","Offering","Feel No Pain"],"picked":"SKIP","floor":31},{"not_picked":["Offering","MostiFishMod:UniRed","MostiFishMod:UltimateDefense"],"picked":"Impervious","floor":33},{"not_picked":["Flex","Wild Strike","Inflame+1"],"picked":"Body Slam+1","floor":35},{"not_picked":["ReplayTheSpireMod:Trickstab","Trip","conspire:Banana"],"picked":"Madness","floor":37},{"not_picked":["Perfected Strike","Reaper","Wild Strike+1"],"picked":"Seeing Red","floor":38},{"not_picked":["Evolve+1","Rage","Run Through","Thunderclap"],"picked":"SKIP","floor":39},{"not_picked":["Sever Soul+1","Twin Strike+1","ReplayTheSpireMod:Limb From Limb"],"picked":"Body Slam+1","floor":40},{"not_picked":["Combust+1","Searing Blow","Power Through","Twin Strike"],"picked":"SKIP","floor":42},{"not_picked":["Armaments","Havoc+1","Immolate","hubris:SharpeningStone"],"picked":"SKIP","floor":44},{"not_picked":["Rampage+1","Clash","Headbutt"],"picked":"Heavy Blade","floor":45},{"not_picked":["Run Through","Anger+1","Thunderclap+1","Sword Boomerang+1"],"picked":"SKIP","floor":46},{"not_picked":["ReplayTheSpireMod:Muscle Training+1","Searing Blow+1","Infernal Blade+1","Perfected Strike+1"],"picked":"SKIP","floor":48}],"player_experience":473426,"relics_obtained":[{"floor":1,"key":"Question Card"},{"floor":6,"key":"Unceasing Top"},{"floor":9,"key":"Blood Vial"},{"floor":10,"key":"conspire:DeflatedDodgeball"},{"floor":12,"key":"CeramicFish"},{"floor":16,"key":"ImportantClient"},{"floor":26,"key":"Omamori"},{"floor":30,"key":"Nilry\u0027s Codex"},{"floor":38,"key":"wanderingMiniBosses:LockLocket"},{"floor":40,"key":"Paper Frog"},{"floor":44,"key":"ImprovedEquipment"}],"event_choices":[{"damage_healed":0,"gold_gain":0,"player_choice":"Entered Light","damage_taken":16,"max_hp_gain":0,"max_hp_loss":0,"event_name":"Shining Light","floor":2,"gold_loss":0,"cards_upgraded":["Defend_R","Strike_R"]},{"damage_healed":0,"gold_gain":0,"player_choice":"Donut","damage_taken":0,"max_hp_gain":5,"max_hp_loss":0,"event_name":"Big Fish","floor":4,"gold_loss":0},{"damage_healed":0,"gold_gain":0,"player_choice":"Agree","damage_taken":0,"max_hp_gain":0,"max_hp_loss":0,"event_name":"conspire:LoneGhost","floor":13,"gold_loss":0},{"damage_healed":0,"gold_gain":0,"player_choice":"Obtained Book","damage_taken":16,"max_hp_gain":0,"max_hp_loss":0,"event_name":"Cursed Tome","floor":30,"gold_loss":0},{"damage_healed":0,"gold_gain":0,"player_choice":"Memory 1","damage_taken":0,"max_hp_gain":0,"max_hp_loss":0,"event_name":"SensoryStone","floor":37,"gold_loss":0}],"is_beta":false,"boss_relics":[{"not_picked":["TimeKeys","Replay:Wanted Poster"],"picked":"ReplayTheSpireMod:DimensionalGlitch"},{"not_picked":["conspire:SlowCooker","Cursed Key"],"picked":"Sozu"}],"items_purged_floors":[3,19,21],"is_endless":false,"potions_floor_spawned":[8,10,16,22,25,27,40,44,46,48],"ascension_level":1}}