{"host":"4qkvkh7pd9qr2mca","time":1607529619,"event":{"gold_per_floor":[158,198,46,46,111,111,179,179,226,226,297,385,385,448,448,566,566,611,94,165,190,190,190,259,278,278,293,26,74,74,74,74],"floor_reached":31,"playtime":1326,"items_purged":["Strike_G","Strike_G"],"score":534,"play_id":"ff0b4fa2-e125-4ec3-b255-ddc3485089da","local_time":"20201209170019","is_ascension_mode":true,"campfire_choices":[{"data":"HandOfGreed","floor":6,"key":"SMITH"},{"data":"Well Laid Plans","floor":8,"key":"SMITH"},{"data":"Adrenaline","floor":13,"key":"SMITH"},{"floor":15,"key":"REST"},{"data":"Neutralize","floor":23,"key":"SMITH"},{"floor":30,"key":"REST"}],"neow_cost":"TEN_PERCENT_HP_LOSS","seed_source_timestamp":22478235354900,"circlet_count":0,"master_deck":["AscendersBane","Strike_G","Strike_G","Strike_G","Defend_G","Defend_G","Defend_G","Defend_G","Defend_G","Survivor","Neutralize+1","HandOfGreed+1","Escape Plan","Well Laid Plans+1","Terror","Finisher","Adrenaline+1","Endless Agony","Predator","Burst","CurseOfTheBell","Escape Plan+1","Cloak And Dagger+1","PiercingWail+1","Bullet Time+1","Acrobatics+1","Distraction+1"],"special_seed":0,"relics":["Ring of the Snake","Golden Idol","Bag of Marbles","Strawberry","Potion Belt","Calling Bell","Juzu Bracelet","Toxic Egg 2","CaptainsWheel","Eternal Feather","Bag of Preparation","White Beast Statue","InkBottle","Lantern"],"potions_floor_usage":[7,7,14,20,24,29,29,31],"damage_taken":[{"damage":1,"enemies":"2 Louse","floor":1,"turns":3},{"damage":0,"enemies":"Cultist","floor":2,"turns":5},{"damage":0,"enemies":"Small Slimes","floor":5,"turns":4},{"damage":8,"enemies":"Lagavulin","floor":7,"turns":6},{"damage":4,"enemies":"Exordium Thugs","floor":11,"turns":4},{"damage":25,"enemies":"3 Sentries","floor":12,"turns":8},{"damage":7,"enemies":"Lots of Slimes","floor":14,"turns":4},{"damage":8,"enemies":"The Guardian","floor":16,"turns":10},{"damage":4,"enemies":"Chosen","floor":18,"turns":3},{"damage":3,"enemies":"3 Byrds","floor":20,"turns":9},{"damage":23,"enemies":"Snake Plant","floor":21,"turns":7},{"damage":52,"enemies":"Slavers","floor":24,"turns":7},{"damage":2,"enemies":"Snecko","floor":25,"turns":5},{"damage":4,"enemies":"Sentry and Sphere","floor":27,"turns":4},{"damage":0,"enemies":"Snake Plant","floor":29,"turns":4},{"damage":36,"enemies":"Gremlin Leader","floor":31,"turns":4}],"seed_played":"-8434960148078778416","potions_obtained":[{"floor":2,"key":"Swift Potion"},{"floor":5,"key":"SpeedPotion"},{"floor":12,"key":"PowerPotion"},{"floor":16,"key":"AttackPotion"},{"floor":20,"key":"PowerPotion"},{"floor":25,"key":"Ancient Potion"},{"floor":27,"key":"Block Potion"},{"floor":29,"key":"SkillPotion"}],"is_trial":false,"path_per_floor":["M","M","$","?","M","R","E","R","T","?","M","E","R","M","R","B",null,"M","$","M","M","?","R","E","M","T","M","$","M","R","E"],"character_chosen":"THE_SILENT","items_purchased":["Well Laid Plans","Cloak And Dagger+1","PiercingWail+1","Eternal Feather","Bag of Preparation","Lantern"],"campfire_rested":2,"item_purchase_floors":[3,19,19,19,19,28],"current_hp_per_floor":[58,58,58,54,54,54,46,46,53,53,49,24,24,17,35,27,53,49,49,46,23,61,61,9,7,7,3,3,3,36,0,0],"gold":74,"neow_bonus":"RANDOM_COLORLESS_2","is_prod":false,"is_daily":false,"chose_seed":false,"campfire_upgraded":4,"win_rate":0.0,"timestamp":1607529619,"path_taken":["M","M","$","?","M","R","E","R","T","?","M","E","R","?","R","BOSS","M","$","M","M","?","R","E","M","T","M","?","M","R","E"],"build_version":"2020-11-30","purchased_purges":2,"victory":false,"max_hp_per_floor":[60,60,60,54,54,54,54,54,61,61,61,61,61,61,61,61,61,61,61,61,61,61,61,61,61,61,61,61,61,61,61,61],"card_choices":[{"not_picked":["Transmutation","Sadistic Nature"],"picked":"HandOfGreed","floor":0},{"not_picked":["Masterful Stab","Quick Slash"],"picked":"Escape Plan","floor":1},{"not_picked":["Eviscerate","Poisoned Stab","Cloak And Dagger"],"picked":"SKIP","floor":2},{"not_picked":["Calculated Gamble","Cloak And Dagger"],"picked":"Terror","floor":5},{"not_picked":["Riddle With Holes","Dagger Throw"],"picked":"Finisher","floor":7},{"not_picked":["Accuracy","Outmaneuver"],"picked":"Endless Agony","floor":11},{"not_picked":["Underhanded Strike","Quick Slash"],"picked":"Predator","floor":12},{"not_picked":["Escape Plan","Outmaneuver","Choke"],"picked":"SKIP","floor":14},{"not_picked":["Malaise","Bullet Time"],"picked":"Burst","floor":16},{"not_picked":["Underhanded Strike","Prepared+1"],"picked":"Escape Plan+1","floor":18},{"not_picked":["All Out Attack","Cloak And Dagger+1"],"picked":"Accuracy+1","floor":20},{"not_picked":["Flechettes","Dagger Spray","Bane"],"picked":"SKIP","floor":21},{"not_picked":["Dagger Throw","Poisoned Stab"],"picked":"Bullet Time+1","floor":24},{"not_picked":["Bane","Accuracy","Flying Knee"],"picked":"SKIP","floor":25},{"not_picked":["Dagger Spray","Dash+1"],"picked":"Acrobatics+1","floor":27},{"not_picked":["PiercingWail+1","Quick Slash"],"picked":"Distraction+1","floor":29}],"player_experience":237352,"relics_obtained":[{"floor":7,"key":"Bag of Marbles"},{"floor":9,"key":"Strawberry"},{"floor":12,"key":"Potion Belt"},{"floor":17,"key":"Juzu Bracelet"},{"floor":17,"key":"Toxic Egg 2"},{"floor":17,"key":"CaptainsWheel"},{"floor":24,"key":"White Beast Statue"},{"floor":26,"key":"InkBottle"}],"event_choices":[{"damage_healed":0,"gold_gain":0,"player_choice":"Lose Max HP","damage_taken":0,"relics_obtained":["Golden Idol"],"max_hp_gain":0,"max_hp_loss":6,"event_name":"Golden Idol","floor":4,"gold_loss":0},{"damage_healed":0,"gold_gain":0,"player_choice":"1 cards matched","damage_taken":0,"max_hp_gain":0,"max_hp_loss":0,"event_name":"Match and Keep!","floor":10,"gold_loss":0,"cards_obtained":["Adrenaline"]},{"cards_removed":["Accuracy"],"damage_healed":38,"gold_gain":0,"player_choice":"Offered Uncommon","damage_taken":0,"max_hp_gain":0,"max_hp_loss":0,"event_name":"Bonfire Elementals","floor":22,"gold_loss":0}],"is_beta":false,"boss_relics":[{"not_picked":["Ring of the Serpent","Runic Dome"],"picked":"Calling Bell"}],"items_purged_floors":[3,28],"is_endless":false,"potions_floor_spawned":[2,5,12,16,20,25,27,29],"killed_by":"Gremlin Leader","ascension_level":20}}