{"host":"i0avyit1s6jb1siw","time":1607543477,"event":{"gold_per_floor":[113,38,38,38,56,56,92,106,154,154,79,79,122,142,142,237,237,258,158,158,33,52,52,52,52],"floor_reached":24,"playtime":336,"items_purged":["Defend_G","Strike_G","Defend_G"],"score":454,"play_id":"43bd8fb4-466d-45e2-9312-d8ac302d9c52","local_time":"20201209205117","is_ascension_mode":true,"campfire_choices":[{"data":"Poisoned Stab","floor":6,"key":"SMITH"},{"data":"Cloak And Dagger","floor":10,"key":"SMITH"},{"data":"Neutralize","floor":12,"key":"SMITH"},{"data":"Noxious Fumes","floor":15,"key":"SMITH"},{"data":"Backstab","floor":23,"key":"SMITH"}],"neow_cost":"NONE","seed_source_timestamp":65806885271399,"circlet_count":0,"master_deck":["AscendersBane","Strike_G+1","Strike_G+1","Defend_G","Defend_G","Defend_G","Survivor","Neutralize+1","Poisoned Stab+1","Cloak And Dagger+1","Backstab","Backstab+1","ReplayTheSpireMod:Speed Training","Noxious Fumes+1","Adrenaline+1","Backflip+1","ReplayTheSpireMod:Tripwire"],"special_seed":0,"relics":["Ring of the Snake","NeowsBlessing","Golden Idol","Simple Rune","Omamori","Golden Egg","Calling Bell","Bag of Preparation","White Beast Statue","Replay:Kaleidoscope"],"potions_floor_usage":[13,16],"damage_taken":[{"damage":0,"enemies":"Small Slimes","floor":1,"turns":1},{"damage":0,"enemies":"Cultist","floor":5,"turns":1},{"damage":0,"enemies":"Gremlin Nob","floor":7,"turns":1},{"damage":0,"enemies":"Jaw Worm","floor":8,"turns":2},{"damage":10,"enemies":"Lagavulin","floor":13,"turns":6},{"damage":3,"enemies":"3 Louse","floor":14,"turns":2},{"damage":10,"enemies":"The Guardian","floor":16,"turns":9},{"damage":20,"enemies":"Spheric Guardian","floor":18,"turns":4},{"damage":2,"enemies":"Shell Parasite","floor":22,"turns":3},{"damage":32,"enemies":"Replay:Snechameleon","floor":24,"turns":4}],"seed_played":"5425198684698781087","potions_obtained":[{"floor":1,"key":"CunningPotion"},{"floor":5,"key":"Dota2Spire:HealingSalve"},{"floor":8,"key":"Explosive Potion"},{"floor":14,"key":"Poison Potion"},{"floor":16,"key":"Fire Potion"},{"floor":18,"key":"SteroidPotion"}],"is_trial":false,"path_per_floor":["M","?","?","?","M","R","E","M","T","R","$","R","E","M","R","B",null,"M","$","?","$","M","R","E"],"character_chosen":"THE_SILENT","items_purchased":[],"campfire_rested":0,"item_purchase_floors":[],"current_hp_per_floor":[59,59,59,59,59,59,59,59,59,59,59,59,49,46,46,36,54,34,34,34,34,32,32,0,0],"gold":52,"neow_bonus":"THREE_ENEMY_KILL","is_prod":false,"is_daily":false,"chose_seed":false,"campfire_upgraded":5,"win_rate":0,"timestamp":1607543477,"path_taken":["M","?","?","?","M","R","E","M","T","R","$","R","E","M","R","BOSS","M","$","?","$","?","R","E"],"build_version":"2020-11-30","purchased_purges":3,"victory":false,"max_hp_per_floor":[66,66,66,60,60,60,60,60,60,60,60,60,60,60,60,60,60,60,60,60,60,60,60,60,60],"card_choices":[{"not_picked":["Accuracy","Deadly Poison"],"picked":"Poisoned Stab","floor":1},{"not_picked":["Sneak Up","Caltrops"],"picked":"Cloak And Dagger","floor":5},{"not_picked":["Dodge and Roll","Prepared"],"picked":"Backstab","floor":7},{"not_picked":["Poisoned Stab","Reflex"],"picked":"Backstab","floor":8},{"not_picked":["Poisoned Stab","Skewer"],"picked":"ReplayTheSpireMod:Speed Training","floor":13},{"not_picked":["Deflect","Quick Slash"],"picked":"Noxious Fumes","floor":14},{"not_picked":["Doppelganger","A Thousand Cuts"],"picked":"Adrenaline","floor":16},{"not_picked":["Blade Dance","Choke+1"],"picked":"Backflip+1","floor":18},{"not_picked":["Deadly Poison","Flying Knee","Concentrate"],"picked":"SKIP","floor":22}],"player_experience":2059244,"relics_obtained":[{"floor":7,"key":"Simple Rune"},{"floor":9,"key":"Omamori"},{"floor":13,"key":"Golden Egg"},{"floor":17,"key":"Bag of Preparation"},{"floor":17,"key":"White Beast Statue"},{"floor":17,"key":"Replay:Kaleidoscope"}],"event_choices":[{"cards_removed":["Strike_G"],"damage_healed":0,"gold_gain":0,"player_choice":"Card Removal","damage_taken":0,"max_hp_gain":0,"max_hp_loss":0,"event_name":"The Cleric","floor":2,"gold_loss":75},{"damage_healed":0,"gold_gain":0,"player_choice":"Ignored","damage_taken":0,"max_hp_gain":0,"max_hp_loss":0,"event_name":"Liars Game","floor":3,"gold_loss":0},{"damage_healed":0,"gold_gain":0,"player_choice":"Lose Max HP","damage_taken":0,"relics_obtained":["Golden Idol"],"max_hp_gain":0,"max_hp_loss":6,"event_name":"Golden Idol","floor":4,"gold_loss":0},{"damage_healed":0,"gold_gain":0,"cards_transformed":["Strike_G"],"player_choice":"Transformed","damage_taken":0,"max_hp_gain":0,"max_hp_loss":0,"event_name":"Transmorgrifier","floor":20,"gold_loss":0,"cards_obtained":["ReplayTheSpireMod:Tripwire"]}],"is_beta":false,"boss_relics":[{"not_picked":["Replay:Drink Me","Ring of Chaos"],"picked":"Calling Bell"}],"items_purged_floors":[11,19,21],"is_endless":false,"potions_floor_spawned":[1,5,8,14,16,18,22],"killed_by":"Replay:Snechameleon","ascension_level":20}}