{"host":"5ezk7t18wcb10u1o","time":1607521269,"event":{"gold_per_floor":[14,33,33,45,56,56,74,74,74,108,118,118,146,171,171,247,297,315,315,315],"floor_reached":19,"playtime":1139,"items_purged":[],"score":304,"play_id":"a91a93d5-ada1-45ad-b23b-9954c1c7f20a","local_time":"20201209134109","is_ascension_mode":true,"campfire_choices":[{"data":"Gash","floor":6.0,"key":"SMITH"},{"floor":8.0,"key":"REST"},{"data":"Rip and Tear","floor":12.0,"key":"SMITH"},{"floor":15.0,"key":"REST"}],"neow_cost":"NO_GOLD","seed_source_timestamp":8836212792500,"circlet_count":0,"master_deck":["AscendersBane","Strike_B","Strike_B","Strike_B","Strike_B","Defend_B","Defend_B","Defend_B","Zap","Dualcast","Sadistic Nature","Conserve Battery","Compile Driver","Darkness","Leap","Gash+1","Chill","Sweeping Beam","Rip and Tear+1","Core Surge+1","Streamline","Capacitor+1","Sweeping Beam"],"special_seed":0,"relics":["Cracked Core","Frozen Egg 2","Cables","Eternal Feather","Odd Mushroom","Tiny House"],"potions_floor_usage":[19,19],"damage_taken":[{"damage":2.0,"enemies":"Jaw Worm","floor":1.0,"turns":3.0},{"damage":1.0,"enemies":"Cultist","floor":2.0,"turns":4.0},{"damage":3.0,"enemies":"2 Louse","floor":4.0,"turns":3.0},{"damage":0.0,"enemies":"Large Slime","floor":5.0,"turns":4.0},{"damage":10.0,"enemies":"Lots of Slimes","floor":7.0,"turns":5.0},{"damage":16.0,"enemies":"3 Sentries","floor":10.0,"turns":11.0},{"damage":6.0,"enemies":"Exordium Thugs","floor":11.0,"turns":4.0},{"damage":22.0,"enemies":"Gremlin Nob","floor":13.0,"turns":4.0},{"damage":26.0,"enemies":"The Mushroom Lair","floor":14.0,"turns":4.0},{"damage":18.0,"enemies":"The Guardian","floor":16.0,"turns":7.0},{"damage":15.0,"enemies":"3 Byrds","floor":18.0,"turns":6.0},{"damage":73,"enemies":"Masked Bandits","floor":19,"turns":3}],"seed_played":"7258122581921189920","potions_obtained":[{"floor":4.0,"key":"Block Potion"},{"floor":7.0,"key":"FairyPotion"},{"floor":14.0,"key":"PowerPotion"},{"floor":16.0,"key":"Swift Potion"},{"floor":17.0,"key":"Regen Potion"},{"floor":18.0,"key":"Ancient Potion"}],"is_trial":false,"path_per_floor":["M","M","?","M","M","R","M","R","T","E","M","R","E","?","R","B",null,"M","?"],"character_chosen":"DEFECT","items_purchased":[],"campfire_rested":2,"item_purchase_floors":[],"current_hp_per_floor":[62,61,61,58,58,58,48,69,69,53,47,47,25,21,54,36,67,52,0,0],"gold":315,"neow_bonus":"RANDOM_COLORLESS_2","is_prod":false,"is_daily":false,"chose_seed":false,"campfire_upgraded":2,"win_rate":0,"timestamp":1607521269,"path_taken":["M","M","?","M","M","R","M","R","T","E","?","R","E","?","R","BOSS","M","?"],"build_version":"2020-11-30","purchased_purges":0,"victory":false,"max_hp_per_floor":[71,71,71,71,71,71,71,71,71,71,71,71,71,71,71,71,76,76,76,76],"card_choices":[{"not_picked":["Metamorphosis","Magnetism"],"picked":"Sadistic Nature","floor":0.0},{"not_picked":["Coolheaded","Redo"],"picked":"Conserve Battery","floor":1.0},{"not_picked":["Stack","Recycle"],"picked":"Compile Driver","floor":2.0},{"not_picked":["Rebound","Aggregate"],"picked":"Leap","floor":4.0},{"not_picked":["FTL","Echo Form"],"picked":"Gash","floor":5.0},{"not_picked":["Barrage","Sweeping Beam"],"picked":"Chill","floor":7.0},{"not_picked":["Recycle","Ball Lightning"],"picked":"Sweeping Beam","floor":10.0},{"not_picked":["Heatsinks+1","Double Energy"],"picked":"Rip and Tear","floor":11.0},{"not_picked":["Steam","Scrape"],"picked":"Core Surge","floor":13.0},{"not_picked":["Leap","Barrage"],"picked":"Streamline","floor":14.0},{"not_picked":["Turbo","Scrape"],"picked":"Capacitor+1","floor":17.0},{"not_picked":["Stack","Scrape+1"],"picked":"Sweeping Beam","floor":18.0}],"player_experience":1008514,"relics_obtained":[{"floor":9.0,"key":"Frozen Egg 2"},{"floor":10.0,"key":"Cables"},{"floor":13.0,"key":"Eternal Feather"},{"floor":14.0,"key":"Odd Mushroom"}],"event_choices":[{"damage_healed":0.0,"max_hp_gain":0.0,"max_hp_loss":0.0,"gold_gain":0.0,"cards_transformed":["Defend_B"],"event_name":"Transmorgrifier","player_choice":"Transformed","floor":3.0,"gold_loss":0.0,"damage_taken":0.0,"cards_obtained":["Darkness"]},{"damage_healed":0.0,"max_hp_gain":0.0,"max_hp_loss":0.0,"gold_gain":0.0,"event_name":"Mushrooms","player_choice":"Fought Mushrooms","floor":14.0,"gold_loss":0.0,"damage_taken":0.0},{"damage_healed":0,"gold_gain":0,"player_choice":"Fought Bandits","damage_taken":0,"max_hp_gain":0,"max_hp_loss":0,"event_name":"Masked Bandits","floor":19,"gold_loss":0}],"is_beta":false,"boss_relics":[{"not_picked":["Coffee Dripper","Nuclear Battery"],"picked":"Tiny House"}],"items_purged_floors":[],"is_endless":false,"potions_floor_spawned":[4,7,14,16,18],"killed_by":"Masked Bandits","ascension_level":14}}