{"host":"u4wwrwxco60h43l5","time":1607512857,"event":{"gold_per_floor":[119,136,150,164,175,206,206,206,274,274,293,66,92,62,62,160,160,173,80,90,90,90],"floor_reached":21,"playtime":791,"items_purged":["Defend_P","Strike_P"],"score":266,"play_id":"1a059523-03be-470e-8060-4990c3cc3dfa","local_time":"20201209202057","is_ascension_mode":false,"campfire_choices":[{"floor":8,"key":"REST"},{"data":"PathToVictory","floor":10,"key":"SMITH"},{"data":"Tantrum","floor":15,"key":"SMITH"}],"neow_cost":"NONE","seed_source_timestamp":8504250057200,"circlet_count":0,"master_deck":["Strike_P","Defend_P","Defend_P","Eruption","Vigilance","Pray","Consecrate","Halt","FlurryOfBlows","PathToVictory+1","FollowUp","FlurryOfBlows","Adaptation","REME_Flogging","Tantrum+1","Halt+1","Crescendo+1","ClearTheMind+1","MasterReality","Perseverance+1","Purity+1","Tantrum"],"relics":["REME_ComplimentaryCards","Empty Cage","REME_HourglassOfDeath","Toxic Egg 2","Lizard Tail","Philosopher\u0027s Stone"],"potions_floor_usage":[6,13,14,16],"damage_taken":[{"damage":0,"enemies":"2 Louse","floor":1,"turns":2},{"damage":6,"enemies":"Jaw Worm","floor":2,"turns":3},{"damage":6,"enemies":"Cultist","floor":3,"turns":3},{"damage":4,"enemies":"2 Fungi Beasts","floor":4,"turns":2},{"damage":9,"enemies":"Exordium Wildlife","floor":5,"turns":3},{"damage":28,"enemies":"Lagavulin","floor":6,"turns":7},{"damage":10,"enemies":"Looter","floor":11,"turns":2},{"damage":0,"enemies":"Gremlin Nob","floor":13,"turns":2},{"damage":0,"enemies":"Slime Boss","floor":16,"turns":4},{"damage":21,"enemies":"2 Thieves","floor":18,"turns":2},{"damage":4,"enemies":"Chosen","floor":20,"turns":4},{"damage":35,"enemies":"Snake Plant","floor":21,"turns":2}],"seed_played":"-150337784194147154","potions_obtained":[{"floor":3,"key":"EssenceOfSteel"},{"floor":6,"key":"AttackPotion"},{"floor":11,"key":"Dexterity Potion"},{"floor":14,"key":"Fruit Juice"},{"floor":14,"key":"Weak Potion"}],"is_trial":false,"path_per_floor":["M","M","M","M","M","E","?","R","T","R","M","$","E","?","R","B",null,"M","$","M","M"],"character_chosen":"WATCHER","items_purchased":["REME_Flogging","Tantrum","Halt+1","Crescendo+1","Purity+1"],"campfire_rested":1,"item_purchase_floors":[12,12,12,12,19],"current_hp_per_floor":[72,66,60,56,47,19,12,33,33,33,23,23,23,28,28,28,77,56,56,52,17,17],"gold":90,"neow_bonus":"BOSS_RELIC","is_prod":false,"is_daily":false,"chose_seed":false,"campfire_upgraded":2,"win_rate":0.0,"timestamp":1607512857,"path_taken":["M","M","M","M","M","E","?","R","T","R","M","$","E","?","R","BOSS","M","$","M","M"],"build_version":"2020-11-30","purchased_purges":2,"victory":false,"max_hp_per_floor":[72,72,72,72,72,72,72,72,72,72,72,72,72,77,77,77,77,77,77,77,77,77],"card_choices":[{"not_picked":["Evaluate","Wallop"],"picked":"Consecrate","floor":1},{"not_picked":["WreathOfFlame","BowlingBash"],"picked":"Halt","floor":2},{"not_picked":["Collect","Protect"],"picked":"FlurryOfBlows","floor":3},{"not_picked":["Indignation","Study"],"picked":"PathToVictory","floor":4},{"not_picked":["Halt","Vault"],"picked":"FollowUp","floor":5},{"not_picked":["Tantrum","EmptyFist"],"picked":"FlurryOfBlows","floor":6},{"not_picked":["Perseverance+1","Swivel+1"],"picked":"Adaptation","floor":11},{"not_picked":["WreathOfFlame+1","CutThroughFate"],"picked":"ClearTheMind+1","floor":13},{"not_picked":["Ragnarok","ConjureBlade+1"],"picked":"MasterReality","floor":16},{"not_picked":["SashWhip","CrushJoints+1"],"picked":"Perseverance+1","floor":18},{"not_picked":["FlurryOfBlows","WreathOfFlame+1"],"picked":"Tantrum","floor":20}],"player_experience":102809,"relics_obtained":[{"floor":6,"key":"REME_HourglassOfDeath"},{"floor":9,"key":"Toxic Egg 2"},{"floor":13,"key":"Lizard Tail"}],"event_choices":[{"cards_removed":["Strike_P"],"damage_healed":0,"gold_gain":0,"player_choice":"Card Removal","damage_taken":7,"max_hp_gain":0,"max_hp_loss":0,"event_name":"Golden Wing","floor":7,"gold_loss":0},{"damage_healed":0,"gold_gain":0,"player_choice":"Bought 2 Potions","damage_taken":0,"max_hp_gain":0,"max_hp_loss":0,"event_name":"The Woman in Blue","floor":14,"gold_loss":0}],"is_beta":false,"boss_relics":[{"not_picked":["REME_DemonsWealth","Calling Bell"],"picked":"Philosopher\u0027s Stone"}],"items_purged_floors":[12,19],"is_endless":false,"potions_floor_spawned":[3,6,11],"killed_by":"Snake Plant","ascension_level":0}}