{"host":"udyc8f81k2jocuhg","time":1607529625,"event":{"gold_per_floor":[110,110,110,130,130,165,179,193,245,275,275,289,308,335,335,411,411,430,445,464,464,464,491,491,505,505,538,558,592,609,619,619,705,705,717,726,303,319,339,364,383,383,455,484,34,51,51,60,60,60],"floor_reached":51,"playtime":4936,"items_purged":["Writhe","Strike_G+1"],"score":1166,"play_id":"11636b80-c030-45da-8a27-86ab7ee6ef1e","local_time":"20201209170025","is_ascension_mode":true,"campfire_choices":[{"data":"Neutralize","floor":11.0,"key":"SMITH"},{"data":"Deflect","floor":15,"key":"SMITH"},{"data":"Noxious Fumes","floor":32,"key":"SMITH"},{"floor":42,"key":"DIG"},{"floor":47,"key":"DIG"},{"floor":49,"key":"REST"}],"neow_cost":"NONE","seed_source_timestamp":134743815528800,"circlet_count":0,"master_deck":["AscendersBane","Strike_G+1","Strike_G+1","Strike_G+1","Defend_G+1","Defend_G+1","Defend_G+1","Defend_G+1","Defend_G+1","Survivor","Neutralize+1","Dagger Spray+1","Crippling Poison+1","PiercingWail","Deflect+1","Adrenaline","Poisoned Stab+1","Adrenaline","Noxious Fumes+1","Deflect","Footwork","Footwork","PiercingWail","ReplayTheSpireMod:Speed Training+1","After Image","Well Laid Plans","Deflect","Dodge and Roll","Sharp Hide+1","Bandage Up+1"],"special_seed":0,"relics":["Ring of the Snake","Happy Flower","ReplayTheSpireMod:Ring of Exchange","Molten Egg 2","Smiling Mask","Centennial Puzzle","ExplosiveVial","Shovel","Pocketwatch","Darkstone Periapt","StuffTheSpire:CocoNut","CeramicFish","TwistedFunnel","StuffTheSpire:BottledEssence","Gremlin Food","Rawhide","Tingsha","Toxic Egg 2","BrokenLever","Replay:Wax Seal","Pondfish Scales","Regal Pillow"],"potions_floor_usage":[14,14,16,44],"damage_taken":[{"damage":2.0,"enemies":"Cultist","floor":1.0,"turns":4.0},{"damage":0.0,"enemies":"2 Louse","floor":4.0,"turns":1.0},{"damage":20.0,"enemies":"Gremlin Nob","floor":6.0,"turns":5.0},{"damage":3.0,"enemies":"Jaw Worm","floor":7.0,"turns":5.0},{"damage":3.0,"enemies":"Large Slime","floor":8.0,"turns":10.0},{"damage":12.0,"enemies":"3 Sentries","floor":10.0,"turns":10.0},{"damage":4,"enemies":"Blue Slaver","floor":12,"turns":6},{"damage":0,"enemies":"Exordium Wildlife","floor":13,"turns":3},{"damage":9,"enemies":"Gremlin Nob","floor":14,"turns":5},{"damage":1,"enemies":"Hexaghost","floor":16,"turns":11},{"damage":0,"enemies":"conspire:FuzzyDice","floor":18,"turns":7},{"damage":0,"enemies":"3 Byrds","floor":19,"turns":4},{"damage":7,"enemies":"Centurion and Healer","floor":20,"turns":7},{"damage":0,"enemies":"Replay:Snechameleon","floor":23,"turns":9},{"damage":0,"enemies":"Shelled Parasite and Fungi","floor":25,"turns":7},{"damage":0,"enemies":"conspire:Head Lice","floor":27,"turns":7},{"damage":0,"enemies":"3 Cultists","floor":28,"turns":6},{"damage":0,"enemies":"Replay:Snechameleon","floor":29,"turns":6},{"damage":23,"enemies":"Chosen and Byrds","floor":30,"turns":5},{"damage":0,"enemies":"Shelled Parasite and Fungi","floor":31,"turns":6},{"damage":13,"enemies":"conspire:MysteriousRune","floor":33,"turns":11},{"damage":0,"enemies":"3 Shapes","floor":35,"turns":4},{"damage":0,"enemies":"3 Darklings","floor":38,"turns":6},{"damage":18,"enemies":"Writhing Mass","floor":39,"turns":6},{"damage":15,"enemies":"R_Hoarder","floor":40,"turns":8},{"damage":14,"enemies":"Jaw Worm Horde","floor":41,"turns":5},{"damage":18,"enemies":"Reptomancer","floor":44,"turns":8},{"damage":0,"enemies":"4 Shapes","floor":46,"turns":5},{"damage":27,"enemies":"Replay:Hell Engine","floor":50,"turns":14}],"seed_played":"1563848919377419473","potions_obtained":[{"floor":4.0,"key":"AttackPotion"},{"floor":7.0,"key":"EntropicBrew"},{"floor":8.0,"key":"Dexterity Potion"},{"floor":16,"key":"Venom Potion"},{"floor":23,"key":"Languid Potion"}],"is_trial":false,"path_per_floor":["M","?","?","M","?","E","M","M","T","E","R","M","M","E","R","B",null,"M","M","M","?","?","E","T","M","T","E","M","E","M","M","R","B",null,"M","?","$","M","M","E","M","R","T","E","$","M","R","?","R","B",null],"character_chosen":"THE_SILENT","items_purchased":["StuffTheSpire:BottledEssence","Well Laid Plans","Gremlin Food","Replay:Wax Seal","Pondfish Scales","Sharp Hide+1"],"campfire_rested":1,"item_purchase_floors":[37,37,37,45,45,45],"current_hp_per_floor":[57,57,57,57,57,37,34,31,31,19,19,15,15,6,6,5,51,51,51,44,44,44,44,44,44,44,51,51,51,28,28,28,15,59,59,79,79,79,61,46,32,32,32,14,14,14,14,14,52,37],"gold":60,"neow_bonus":"RANDOM_COMMON_RELIC","is_prod":false,"is_daily":false,"chose_seed":false,"campfire_upgraded":3,"win_rate":0,"timestamp":1607529625,"path_taken":["M","?","?","M","?","E","M","M","T","E","R","M","M","E","R","BOSS","M","M","M","?","?","E","?","M","T","E","M","E","M","M","R","BOSS","M","?","$","M","M","E","M","R","T","E","$","M","R","?","R","BOSS"],"build_version":"2020-11-30","purchased_purges":2,"victory":true,"max_hp_per_floor":[66,66,66,66,66,66,66,66,66,66,66,66,66,66,66,66,66,66,66,66,66,66,66,66,66,66,73,73,73,73,73,73,73,73,73,79,79,79,79,79,79,79,79,79,79,79,79,79,79,79],"relic_stats":{"Darkstone Periapt":6,"Centennial Puzzle":[27],"Regal Pillow":15,"Shovel":2,"Happy Flower":[63],"counters":[29,191],"CeramicFish":63,"Tingsha":[10],"Smiling Mask":75,"obtain_stats":[{"Darkstone Periapt":26,"TwistedFunnel":34,"Gremlin Food":37,"ReplayTheSpireMod:Ring of Exchange":3,"Regal Pillow":47,"Happy Flower":0,"CeramicFish":29,"Rawhide":40,"Tingsha":42,"BrokenLever":44,"StuffTheSpire:BottledEssence":37,"Smiling Mask":10,"Centennial Puzzle":14,"Pondfish Scales":45,"Shovel":23,"ExplosiveVial":17,"Molten Egg 2":6,"StuffTheSpire:CocoNut":27,"Toxic Egg 2":43,"Replay:Wax Seal":45,"Ring of the Snake":0,"Pocketwatch":24},{"Darkstone Periapt":15,"TwistedFunnel":21,"Gremlin Food":22,"ReplayTheSpireMod:Ring of Exchange":1,"Regal Pillow":28,"Happy Flower":0,"CeramicFish":18,"Rawhide":25,"Tingsha":26,"BrokenLever":27,"StuffTheSpire:BottledEssence":22,"Smiling Mask":6,"Centennial Puzzle":9,"Pondfish Scales":27,"Shovel":14,"ExplosiveVial":10,"Molten Egg 2":3,"StuffTheSpire:CocoNut":16,"Toxic Egg 2":26,"Replay:Wax Seal":27,"Ring of the Snake":0,"Pocketwatch":14},{"Darkstone Periapt":94,"TwistedFunnel":135,"Gremlin Food":139,"ReplayTheSpireMod:Ring of Exchange":4,"Regal Pillow":177,"Happy Flower":0,"CeramicFish":113,"Rawhide":159,"Tingsha":164,"BrokenLever":172,"StuffTheSpire:BottledEssence":139,"Smiling Mask":35,"Centennial Puzzle":49,"Pondfish Scales":172,"Shovel":87,"ExplosiveVial":60,"Molten Egg 2":10,"StuffTheSpire:CocoNut":101,"Toxic Egg 2":164,"Replay:Wax Seal":172,"Ring of the Snake":0,"Pocketwatch":87}],"Ring of the Snake":[58],"Pocketwatch":[47]},"card_choices":[{"not_picked":["Skewer","Dodge and Roll"],"picked":"Dagger Spray","floor":1.0},{"not_picked":["Deadly Poison","Dodge and Roll"],"picked":"PiercingWail","floor":4.0},{"not_picked":["Hidden Blade","Prepared","Dagger Throw+1"],"picked":"SKIP","floor":6.0},{"not_picked":["Hidden Blade","StuffTheSpire:Incantation"],"picked":"Deflect","floor":7.0},{"not_picked":["Pace","Bane+1"],"picked":"Adrenaline","floor":8.0},{"not_picked":["Quick Slash+1","Dagger Throw+1","Blur"],"picked":"SKIP","floor":10.0},{"not_picked":["StuffTheSpire:Injection+1","Dagger Throw+1","Outmaneuver"],"picked":"SKIP","floor":12},{"not_picked":["StuffTheSpire:BumpUp+1","Deadly Poison","Endless Agony+1"],"picked":"SKIP","floor":13},{"not_picked":["conspire:PoisonWeapons","Expertise"],"picked":"Poisoned Stab+1","floor":14},{"not_picked":["Atom Bomb+1","Wraith Form v2"],"picked":"Adrenaline","floor":16},{"not_picked":["Eviscerate+1","ReplayTheSpireMod:The Works","Deadly Poison"],"picked":"SKIP","floor":18},{"not_picked":["StuffTheSpire:Python","StuffTheSpire:MirrorStance"],"picked":"Noxious Fumes","floor":19},{"not_picked":["Acrobatics","StuffTheSpire:BumpUp+1"],"picked":"Deflect","floor":20},{"not_picked":["StuffTheSpire:ClusterCrunch+1","Replay:Poison Smokescreen"],"picked":"Footwork","floor":23},{"not_picked":["Dodge and Roll","Slice+1"],"picked":"Footwork","floor":25},{"not_picked":["Blade Dance","Unload+1"],"picked":"PiercingWail","floor":27},{"not_picked":["Fluid Movement","Cloak And Dagger"],"picked":"ReplayTheSpireMod:Speed Training","floor":28},{"not_picked":["StuffTheSpire:Injection+1","Hidden Blade","StuffTheSpire:Shiver"],"picked":"SKIP","floor":29},{"not_picked":["Acrobatics","Setup","Poisoned Stab+1"],"picked":"SKIP","floor":30},{"not_picked":["Dagger Spray+1","StuffTheSpire:BrimstoneBlast+1","StuffTheSpire:Python"],"picked":"SKIP","floor":31},{"not_picked":["Venomology","StuffTheSpire:FinalStruggle+1"],"picked":"After Image","floor":33},{"not_picked":["Setup","Dodge and Roll","Blade Dance"],"picked":"SKIP","floor":35},{"not_picked":["StuffTheSpire:Injection+1","Dagger Throw+1","Hidden Blade+1"],"picked":"SKIP","floor":38},{"not_picked":["StuffTheSpire:ClusterCrunch+1","Crippling Poison"],"picked":"Deflect","floor":39},{"not_picked":["Flechettes+1","Tactician","Flying Knee+1"],"picked":"SKIP","floor":40},{"not_picked":["Prepared","Underhanded Strike+1"],"picked":"Dodge and Roll","floor":41},{"not_picked":["Doppelganger+1","StuffTheSpire:Fury+1","StuffTheSpire:BumpUp+1"],"picked":"SKIP","floor":44},{"not_picked":["Slice+1","Prepared+1","ReplayTheSpireMod:The Works+1"],"picked":"SKIP","floor":46},{"not_picked":["Survey Options+1","Blind+1"],"picked":"Bandage Up+1","floor":48}],"player_experience":1904913,"relics_obtained":[{"floor":3.0,"key":"ReplayTheSpireMod:Ring of Exchange"},{"floor":6.0,"key":"Molten Egg 2"},{"floor":10.0,"key":"Smiling Mask"},{"floor":14,"key":"Centennial Puzzle"},{"floor":23,"key":"Shovel"},{"floor":24,"key":"Pocketwatch"},{"floor":26,"key":"Darkstone Periapt"},{"floor":27,"key":"StuffTheSpire:CocoNut"},{"floor":29,"key":"CeramicFish"},{"floor":40,"key":"Rawhide"},{"floor":42,"key":"Tingsha"},{"floor":43,"key":"Toxic Egg 2"},{"floor":44,"key":"BrokenLever"},{"floor":47,"key":"Regal Pillow"}],"event_choices":[{"damage_healed":0.0,"max_hp_gain":0.0,"max_hp_loss":0.0,"gold_gain":0.0,"event_name":"Living Wall","player_choice":"Grow","floor":5.0,"gold_loss":0.0,"damage_taken":0.0,"cards_upgraded":["Dagger Spray"]},{"damage_healed":0,"gold_gain":0,"player_choice":"Ignored","damage_taken":0,"max_hp_gain":0,"max_hp_loss":0,"event_name":"Vampires","floor":21,"gold_loss":0},{"damage_healed":0,"gold_gain":0,"player_choice":"Simplicity","damage_taken":0,"max_hp_gain":0,"max_hp_loss":9,"event_name":"betterThird:BetterWriting","floor":22,"gold_loss":0},{"damage_healed":15,"gold_gain":0,"player_choice":"Writhe","damage_taken":0,"max_hp_gain":0,"max_hp_loss":0,"event_name":"Winding Halls","floor":36,"gold_loss":0,"cards_obtained":["Writhe"]},{"damage_healed":0,"gold_gain":0,"player_choice":"Memory 1","damage_taken":0,"max_hp_gain":0,"max_hp_loss":0,"event_name":"SensoryStone","floor":48,"gold_loss":0}],"is_beta":false,"boss_relics":[{"not_picked":["Cauldron","Busted Crown"],"picked":"ExplosiveVial"},{"not_picked":["Abe\u0027s Treasure","PrismaticShard"],"picked":"TwistedFunnel"}],"items_purged_floors":[37,45],"is_endless":false,"potions_floor_spawned":[4,7,8,13,16,18,23,29,31,38,39,40],"ascension_level":15}}