{"host":"wwt2ezt6nhdbor27","time":1607484378,"event":{"gold_per_floor":[110,24,24,24,39,78,94,94,94,94,94,118,129,142,142,254,254,265,237,237,327,339,339,339,339],"floor_reached":24,"playtime":3486,"items_purged":[],"score":198,"play_id":"2af78630-a200-4023-af00-d942ed469d30","local_time":"20201208192618","is_ascension_mode":false,"campfire_choices":[{"floor":8,"key":"REST"},{"data":"hermit:Covet","floor":11,"key":"SMITH"},{"floor":15,"key":"REST"},{"floor":23,"key":"REST"}],"neow_cost":"NONE","seed_source_timestamp":2174512589280400,"circlet_count":0,"master_deck":["hermit:Strike_Hermit","hermit:Strike_Hermit","hermit:Strike_Hermit","hermit:Strike_Hermit","hermit:Defend_Hermit+1","hermit:Defend_Hermit","hermit:Defend_Hermit+1","hermit:Defend_Hermit","hermit:Snapshot","hermit:Covet+1","hermit:Scavenge+1","Flash of Steel","hermit:LoneWolf","hermit:Enervate","hermit:Desperado","hermit:Glare","hermit:GhostlyPresence","hermit:Misfire","hermit:TakeCover","hermit:Roughhouse","hermit:Scavenge","hermit:CalledShot","Writhe","hermit:SprayPray+1","hermit:Snipe+1"],"relics":["hermit:ClaspedLocket","Darkstone Periapt","Dream Catcher","WingedGreaves"],"potions_floor_usage":[14,14,24,24],"damage_taken":[{"damage":4,"enemies":"Cultist","floor":1,"turns":4},{"damage":0,"enemies":"Small Slimes","floor":5,"turns":3},{"damage":35,"enemies":"3 Sentries","floor":6,"turns":13},{"damage":6,"enemies":"Jaw Worm","floor":7,"turns":3},{"damage":0,"enemies":"3 Louse","floor":12,"turns":4},{"damage":5,"enemies":"Exordium Wildlife","floor":13,"turns":5},{"damage":3,"enemies":"Lots of Slimes","floor":14,"turns":5},{"damage":54,"enemies":"The Guardian","floor":16,"turns":16},{"damage":13,"enemies":"Chosen","floor":18,"turns":6},{"damage":16,"enemies":"2 Thieves","floor":19,"turns":5},{"damage":9,"enemies":"Snecko","floor":22,"turns":6},{"damage":79,"enemies":"Book of Stabbing","floor":24,"turns":9}],"seed_played":"-5701052382997902993","potions_obtained":[{"floor":1,"key":"CultistPotion"},{"floor":13,"key":"Ancient Potion"},{"floor":16,"key":"Energy Potion"},{"floor":19,"key":"construct:ShiftPotion"},{"floor":22,"key":"Regen Potion"}],"is_trial":false,"path_per_floor":["M","$","$","?","M","E","M","R","T","?","R","M","M","M","R","B",null,"M","M","?","?","M","R","E"],"character_chosen":"HERMIT","items_purchased":["Flash of Steel"],"campfire_rested":3,"item_purchase_floors":[2],"current_hp_per_floor":[78,78,78,62,62,27,21,45,45,45,45,45,40,37,61,7,82,69,53,59,47,38,64,0,0],"gold":339,"neow_bonus":"TEN_PERCENT_HP_BONUS","is_prod":false,"is_daily":false,"chose_seed":false,"campfire_upgraded":1,"win_rate":0.0,"timestamp":1607484378,"path_taken":["M","?","$","?","M","E","M","R","T","?","R","M","?","M","R","BOSS","M","M","?","?","?","R","E"],"build_version":"2020-11-30","purchased_purges":0,"victory":false,"max_hp_per_floor":[82,82,82,82,82,82,82,82,82,82,82,82,82,82,82,82,82,82,82,88,88,88,88,88,88],"relic_stats":{"Darkstone Periapt":6,"Dream Catcher":2,"counters":[12,79],"obtain_stats":[{"Darkstone Periapt":6,"Dream Catcher":9,"hermit:ClaspedLocket":17,"WingedGreaves":20,"hermit:Momento":0},{"Darkstone Periapt":3,"Dream Catcher":4,"hermit:ClaspedLocket":8,"WingedGreaves":10,"hermit:Momento":0},{"Darkstone Periapt":20,"Dream Catcher":23,"hermit:ClaspedLocket":53,"WingedGreaves":64,"hermit:Momento":0}]},"card_choices":[{"not_picked":["hermit:Combo","hermit:BodyArmor"],"picked":"hermit:Scavenge","floor":1},{"not_picked":["hermit:SprayPray","hermit:Determination"],"picked":"hermit:LoneWolf","floor":5},{"not_picked":["hermit:EyeOfTheStorm","hermit:Headshot"],"picked":"hermit:Enervate","floor":6},{"not_picked":["hermit:Coalescence","hermit:Virtue"],"picked":"hermit:Desperado","floor":7},{"not_picked":["hermit:Midnight","hermit:Ricochet"],"picked":"hermit:Glare","floor":12},{"not_picked":["hermit:SprayPray","hermit:Combo"],"picked":"hermit:GhostlyPresence","floor":13},{"not_picked":["hermit:BodyArmor","hermit:HighCaliber"],"picked":"hermit:Misfire","floor":14},{"not_picked":["hermit:DeadMansHand","hermit:Dissolve"],"picked":"hermit:TakeCover","floor":15},{"not_picked":["hermit:Adapt","hermit:Reprieve"],"picked":"hermit:Roughhouse","floor":16},{"not_picked":["hermit:SprayPray+1","hermit:Coalescence"],"picked":"hermit:Scavenge","floor":18},{"not_picked":["hermit:ItchyTrigger","hermit:EyeOfTheStorm"],"picked":"hermit:CalledShot","floor":19},{"not_picked":["hermit:Headshot","hermit:LowProfile"],"picked":"hermit:SprayPray+1","floor":22},{"not_picked":["hermit:Feint","hermit:Desperado"],"picked":"hermit:Snipe+1","floor":23}],"player_experience":133233,"relics_obtained":[{"floor":6,"key":"Darkstone Periapt"},{"floor":9,"key":"Dream Catcher"}],"event_choices":[{"damage_healed":0,"gold_gain":0,"player_choice":"Entered Light","damage_taken":16,"max_hp_gain":0,"max_hp_loss":0,"event_name":"Shining Light","floor":4,"gold_loss":0,"cards_upgraded":["hermit:Defend_Hermit","hermit:Defend_Hermit"]},{"damage_healed":0,"gold_gain":0,"player_choice":"Grow","damage_taken":0,"max_hp_gain":0,"max_hp_loss":0,"event_name":"Living Wall","floor":10,"gold_loss":0,"cards_upgraded":["hermit:Scavenge"]},{"damage_healed":0,"gold_gain":0,"player_choice":"Opened","damage_taken":0,"relics_obtained":["WingedGreaves"],"max_hp_gain":0,"max_hp_loss":0,"event_name":"The Mausoleum","floor":20,"gold_loss":0,"cards_obtained":["Writhe"]},{"damage_healed":0,"gold_gain":90,"player_choice":"GOLD ","damage_taken":12,"max_hp_gain":0,"max_hp_loss":0,"event_name":"Knowing Skull","floor":21,"potions_obtained":[],"gold_loss":0,"cards_obtained":[]}],"is_beta":false,"boss_relics":[{"not_picked":["SlaversCollar","Coffee Dripper"],"picked":"hermit:ClaspedLocket"}],"items_purged_floors":[],"is_endless":false,"potions_floor_spawned":[1,13,16,19,22],"killed_by":"Book of Stabbing","ascension_level":0}}