{"host":"e4wnmsyty9uvvtwf","time":1607519457,"event":{"gold_per_floor":[118,118,118,118,143,176,187,187,187,202,377,58,74,90,90,191,191,204,204,204,47,50,79,79,112,137,137,151,151,161,196,196,301,301,315,87,87,97,73,101,101,120,145,196,196,0,34,46,46,46],"floor_reached":51,"playtime":2281,"items_purged":["Doubt"],"score":861,"play_id":"54ee7af7-160e-4143-895e-6ea5cd8ae4aa","local_time":"20201209211057","is_ascension_mode":false,"campfire_choices":[{"data":"Runesmith:Refine","floor":8,"key":"SMITH"},{"data":"Runesmith:RunicBlueprint","floor":15,"key":"SMITH"},{"floor":24,"key":"REST"},{"data":"Runesmith:LithiumIon","floor":27,"key":"SMITH"},{"data":"Runesmith:MetallurgicalResearch","floor":29,"key":"SMITH"},{"data":"Runesmith:Reinforce","floor":32,"key":"SMITH"},{"data":"Runesmith:Permafrost","floor":41,"key":"SMITH"},{"data":"Runesmith:LithiumIon","floor":45,"key":"SMITH"},{"data":"Runesmith:CraftIndustria","floor":49,"key":"SMITH"}],"neow_cost":"TEN_PERCENT_HP_LOSS","seed_source_timestamp":939837090224600,"circlet_count":0,"master_deck":["Runesmith:Strike_RS","Runesmith:Strike_RS","Runesmith:Strike_RS","Runesmith:Strike_RS","Runesmith:Defend_RS","Runesmith:Defend_RS","Runesmith:Defend_RS","Runesmith:Defend_RS","Runesmith:CraftFirestone","Runesmith:Fortify","Runesmith:CraftPrismatica+1","Runesmith:Augment","Runesmith:EarthShield","Runesmith:Refine+1","Runesmith:RunicBlueprint+1","Runesmith:MetallurgicalResearch+1","Runesmith:GoWithTheFlow","Runesmith:LightningRod","Runesmith:OneForEveryone","Runesmith:Reinforce+1","Runesmith:Prism","Runesmith:LithiumIon+1","Runesmith:PerfectChisel","Runesmith:CraftIndustria+1","Runesmith:CraftMagma","Runesmith:LithiumIon+1","Runesmith:CraftProtectio","Runesmith:RuneHurl","Runesmith:Permafrost+1","Runesmith:CraftObretio+1","Runesmith:FissionHammer","Runesmith:NegativeSpace+1","Runesmith:CraftVitae+1"],"relics":["Runesmith:BrokenRuby","Toy Ornithopter","Torii","PreservedInsect","Eternal Feather","Runesmith:PocketReactor","Pen Nib","Bottled Flame","Gremlin Horn","Runesmith:MiniCore","Bottled Tornado","Philosopher\u0027s Stone","Anchor","Boot","Vajra","Runesmith:EmergencyProvisions","Thread and Needle","Red Mask","StrikeDummy"],"potions_floor_usage":[44,44,44,44,50,50,50],"damage_taken":[{"damage":5,"enemies":"Small Slimes","floor":1,"turns":4},{"damage":14,"enemies":"Lagavulin","floor":6,"turns":9},{"damage":0,"enemies":"Jaw Worm","floor":7,"turns":7},{"damage":0,"enemies":"2 Louse","floor":10,"turns":3},{"damage":10,"enemies":"2 Fungi Beasts","floor":13,"turns":5},{"damage":1,"enemies":"Exordium Thugs","floor":14,"turns":5},{"damage":21,"enemies":"Slime Boss","floor":16,"turns":8},{"damage":17,"enemies":"3 Byrds","floor":18,"turns":7},{"damage":23,"enemies":"2 Thieves","floor":22,"turns":5},{"damage":21,"enemies":"Book of Stabbing","floor":23,"turns":5},{"damage":7,"enemies":"Gremlin Leader","floor":25,"turns":8},{"damage":1,"enemies":"Snake Plant","floor":28,"turns":5},{"damage":3,"enemies":"Centurion and Healer","floor":30,"turns":9},{"damage":2,"enemies":"Book of Stabbing","floor":31,"turns":3},{"damage":12,"enemies":"Champ","floor":33,"turns":8},{"damage":0,"enemies":"Orb Walker","floor":35,"turns":4},{"damage":9,"enemies":"3 Darklings","floor":38,"turns":5},{"damage":0,"enemies":"Giant Head","floor":40,"turns":8},{"damage":0,"enemies":"Transient","floor":42,"turns":5},{"damage":49,"enemies":"2 Orb Walkers","floor":44,"turns":7},{"damage":0,"enemies":"Nemesis","floor":47,"turns":7},{"damage":23,"enemies":"Spire Growth","floor":48,"turns":5},{"damage":0,"enemies":"Awakened One","floor":50,"turns":9}],"seed_played":"-2315803487581938534","potions_obtained":[{"floor":6,"key":"AttackPotion"},{"floor":13,"key":"Block Potion"},{"floor":14,"key":"Energy Potion"},{"floor":38,"key":"EntropicBrew"},{"floor":44,"key":"Swift Potion"}],"is_trial":false,"path_per_floor":["M","?","?","?","T","E","M","R","T","M","?","$","M","M","R","B",null,"M","?","?","$","M","E","R","E","T","R","M","R","M","E","R","B",null,"M","$","?","M","$","E","R","M","T","?","R","?","E","M","R","B",null],"character_chosen":"RUNESMITH_CLASS","items_purchased":["Eternal Feather","Runesmith:OneForEveryone","Runesmith:Reinforce","Runesmith:LithiumIon","Anchor","Runesmith:RuneHurl"],"campfire_rested":1,"item_purchase_floors":[12,21,21,36,36,39],"current_hp_per_floor":[58,58,58,63,63,49,49,49,49,49,49,49,39,38,47,26,68,51,51,51,51,28,7,39,32,32,44,43,55,52,50,62,50,68,68,68,68,59,59,59,68,68,68,32,50,50,50,27,45,60],"gold":46,"neow_bonus":"THREE_RARE_CARDS","is_prod":false,"is_daily":false,"chose_seed":false,"campfire_upgraded":8,"win_rate":0,"timestamp":1607519457,"path_taken":["M","?","?","?","?","E","M","R","T","M","?","$","M","M","R","BOSS","M","?","?","$","?","E","R","E","T","R","M","R","M","E","R","BOSS","M","$","?","M","?","E","R","M","T","?","R","?","E","M","R","BOSS"],"build_version":"2020-11-30","purchased_purges":1,"victory":true,"max_hp_per_floor":[63,63,63,68,68,68,68,68,68,68,68,68,68,68,68,68,68,68,68,68,68,68,68,68,68,68,68,68,68,68,68,68,68,68,68,68,68,68,68,68,68,68,68,68,68,68,68,68,68,68],"card_choices":[{"not_picked":["Runesmith:GrandSlam","Runesmith:LightningRod"],"picked":"Runesmith:CraftPrismatica","floor":0},{"not_picked":["Runesmith:Grindstone","Runesmith:EnergizedChisel"],"picked":"Runesmith:Augment","floor":1},{"not_picked":["Runesmith:StaticCage","Runesmith:HammerAndChisel"],"picked":"Runesmith:EarthShield","floor":6},{"not_picked":["Runesmith:HammerTime","Runesmith:StaticCage"],"picked":"Runesmith:Refine","floor":7},{"not_picked":["Runesmith:Augment","Runesmith:CraftVitae"],"picked":"Runesmith:RunicBlueprint","floor":10},{"not_picked":["Runesmith:ShiftingStrike","Runesmith:BackupBattery","Runesmith:Grindstone"],"picked":"SKIP","floor":13},{"not_picked":["Runesmith:HammerThrow","Runesmith:HeatExchange","Runesmith:MakeshiftArmor"],"picked":"SKIP","floor":14},{"not_picked":["Runesmith:GenerateForcefield","Runesmith:ReplicatingBarrier"],"picked":"Runesmith:MetallurgicalResearch","floor":16},{"not_picked":["Runesmith:ElementalConversion","Runesmith:Overpower"],"picked":"Runesmith:GoWithTheFlow","floor":18},{"not_picked":["Runesmith:Electrocute","Runesmith:EarthShield","Runesmith:EnergizedChisel"],"picked":"SKIP","floor":22},{"not_picked":["Runesmith:WhiteBalance","Runesmith:Attraction"],"picked":"Runesmith:Prism","floor":23},{"not_picked":["Runesmith:ChiselStab","Runesmith:Reinforce+1"],"picked":"Runesmith:LithiumIon","floor":25},{"not_picked":["Runesmith:StaticCage","Runesmith:CraftReservo"],"picked":"Runesmith:PerfectChisel","floor":28},{"not_picked":["Runesmith:StaticCage","Runesmith:DoubleUp","Runesmith:HeatExchange+1"],"picked":"SKIP","floor":30},{"not_picked":["Runesmith:NanitesCloud","Runesmith:UnstableHammer+1","Runesmith:HammerTime"],"picked":"SKIP","floor":31},{"not_picked":["Runesmith:GenerateForcefield","Runesmith:ArcReactor"],"picked":"Runesmith:CraftIndustria","floor":33},{"not_picked":["Runesmith:HeatExchange+1","Runesmith:ChiselStab"],"picked":"Runesmith:CraftMagma","floor":35},{"not_picked":["Runesmith:MakeshiftArmor","Runesmith:ShiftingStrike+1"],"picked":"Runesmith:CraftProtectio","floor":38},{"not_picked":["Runesmith:EnergizedChisel+1","Runesmith:CraftSpiculum+1"],"picked":"Runesmith:Permafrost","floor":40},{"not_picked":["Runesmith:UnstableHammer+1","Runesmith:BackupBattery"],"picked":"Runesmith:CraftObretio+1","floor":42},{"not_picked":["Runesmith:Repurpose","Runesmith:CraftVitae"],"picked":"Runesmith:FissionHammer","floor":44},{"not_picked":["Runesmith:Discharge","Runesmith:CraftMagma"],"picked":"Runesmith:NegativeSpace+1","floor":47},{"not_picked":["Runesmith:RuneHurl","Runesmith:ChiselStab"],"picked":"Runesmith:CraftVitae+1","floor":48}],"player_experience":478666,"relics_obtained":[{"floor":5,"key":"Toy Ornithopter"},{"floor":6,"key":"Torii"},{"floor":9,"key":"PreservedInsect"},{"floor":23,"key":"Bottled Flame"},{"floor":25,"key":"Gremlin Horn"},{"floor":26,"key":"Runesmith:MiniCore"},{"floor":31,"key":"Bottled Tornado"},{"floor":40,"key":"Vajra"},{"floor":43,"key":"Runesmith:EmergencyProvisions"},{"floor":44,"key":"Thread and Needle"},{"floor":47,"key":"StrikeDummy"}],"event_choices":[{"damage_healed":0,"gold_gain":0,"player_choice":"Leave","damage_taken":0,"max_hp_gain":0,"max_hp_loss":0,"event_name":"The Cleric","floor":2,"gold_loss":0},{"damage_healed":0,"gold_gain":0,"player_choice":"Grow","damage_taken":0,"max_hp_gain":0,"max_hp_loss":0,"event_name":"Living Wall","floor":3,"gold_loss":0,"cards_upgraded":["Runesmith:CraftPrismatica"]},{"damage_healed":0,"gold_gain":0,"player_choice":"Donut","damage_taken":0,"max_hp_gain":5,"max_hp_loss":0,"event_name":"Big Fish","floor":4,"gold_loss":0},{"damage_healed":0,"gold_gain":175,"player_choice":"AGREE","damage_taken":0,"max_hp_gain":0,"max_hp_loss":0,"event_name":"Liars Game","floor":11,"gold_loss":0,"cards_obtained":["Doubt"]},{"damage_healed":0,"gold_gain":0,"player_choice":"Opened","damage_taken":0,"relics_obtained":["Pen Nib"],"max_hp_gain":0,"max_hp_loss":0,"event_name":"The Mausoleum","floor":19,"gold_loss":0},{"damage_healed":0,"gold_gain":0,"player_choice":"1 cards matched","damage_taken":0,"max_hp_gain":0,"max_hp_loss":0,"event_name":"Match and Keep!","floor":20,"gold_loss":0,"cards_obtained":["Runesmith:LightningRod"]},{"damage_healed":0,"gold_gain":0,"player_choice":"Gave Potion","damage_taken":0,"relics_obtained":["Boot"],"max_hp_gain":0,"max_hp_loss":0,"event_name":"WeMeetAgain","floor":37,"gold_loss":0},{"damage_healed":0,"gold_gain":0,"player_choice":"Fight","damage_taken":0,"max_hp_gain":0,"max_hp_loss":0,"event_name":"Mysterious Sphere","floor":44,"gold_loss":0},{"damage_healed":0,"gold_gain":0,"player_choice":"Paid","damage_taken":0,"relics_obtained":["Red Mask"],"max_hp_gain":0,"max_hp_loss":0,"event_name":"Tomb of Lord Red Mask","floor":46,"gold_loss":196}],"is_beta":false,"boss_relics":[{"not_picked":["SacredBark","Runic Dome"],"picked":"Runesmith:PocketReactor"},{"not_picked":["Astrolabe","Coffee Dripper"],"picked":"Philosopher\u0027s Stone"}],"items_purged_floors":[12],"is_endless":false,"potions_floor_spawned":[6,13,14,16,18,22,33,38,44],"ascension_level":0}}