{"host":"st1kg310ms6sytc5","time":1607484512,"event":{"gold_per_floor":[111,38,38,56,56,88,88,113,113,131,142,142,142],"floor_reached":12,"playtime":938,"items_purged":[],"score":103,"play_id":"d9e4fb79-ed64-419a-8414-3c480b6c62ad","local_time":"20201209112832","is_ascension_mode":false,"campfire_choices":[{"data":"REME_SelfUpgrade","floor":7,"key":"SMITH"}],"neow_cost":"NONE","seed_source_timestamp":1879026761227100,"circlet_count":0,"master_deck":["Strike_AJ","Strike_RR","Strike_RD","Defend_TS","Defend_PP","Defend_FS","Defend_AJ","ConcertedEfforts","HarmonyShield","REME_SelfUpgrade+1","Winterwrapup","Honesty","Overwhelming","CleanLibrary","Magic","KillingWithKindness","Boundary","Harmanyblast"],"relics":["The_element_of_harmony","REME_ComplimentaryCards","NeowsBlessing","Dota2Spire:ShadowBlade","Dota2Spire:LotusOrb"],"potions_floor_usage":[],"damage_taken":[{"damage":0,"enemies":"2 Louse","floor":1,"turns":1},{"damage":0,"enemies":"Jaw Worm","floor":4,"turns":1},{"damage":0,"enemies":"Lagavulin","floor":6,"turns":3},{"damage":8,"enemies":"Small Slimes","floor":10,"turns":8},{"damage":9,"enemies":"Exordium Wildlife","floor":11,"turns":10},{"damage":0,"enemies":"Gremlin Nob","floor":12,"turns":1}],"seed_played":"-8991667888742244694","potions_obtained":[{"floor":1,"key":"Fire Potion"},{"floor":6,"key":"Dota2Spire:HealingSalve"}],"is_trial":false,"path_per_floor":["M","$","?","M","?","E","R","T","T","M","M","E"],"character_chosen":"TWI_CLASS","items_purchased":["Honesty"],"campfire_rested":0,"item_purchase_floors":[2],"current_hp_per_floor":[82,82,82,82,82,82,82,82,82,74,71,71,71],"gold":142,"neow_bonus":"THREE_ENEMY_KILL","is_prod":false,"is_daily":false,"chose_seed":false,"campfire_upgraded":1,"win_rate":0.0,"timestamp":1607484512,"path_taken":["M","$","?","M","?","E","R","?","T","M","M","E"],"build_version":"2020-11-30","purchased_purges":0,"victory":false,"max_hp_per_floor":[82,82,82,82,82,82,82,82,82,82,82,82,82],"relic_stats":{"counters":[6,24],"obtain_stats":[{"NeowsBlessing":0,"The_element_of_harmony":0,"Dota2Spire:ShadowBlade":6,"Dota2Spire:LotusOrb":9,"REME_ComplimentaryCards":0},{"NeowsBlessing":0,"The_element_of_harmony":0,"Dota2Spire:ShadowBlade":3,"Dota2Spire:LotusOrb":3,"REME_ComplimentaryCards":0},{"NeowsBlessing":0,"The_element_of_harmony":0,"Dota2Spire:ShadowBlade":5,"Dota2Spire:LotusOrb":5,"REME_ComplimentaryCards":0}]},"card_choices":[{"not_picked":["ThunderCloud","ReinventMyself"],"picked":"Winterwrapup","floor":1},{"not_picked":["BatchProduction","Dear_Princess","Celebrities"],"picked":"SKIP","floor":1},{"not_picked":["Celebrities"],"picked":"CleanLibrary","floor":4},{"not_picked":["TenInstruments"],"picked":"Magic","floor":4},{"not_picked":["HideCarefully","ThunderCloud"],"picked":"KillingWithKindness","floor":6},{"not_picked":["AppleFever","CleanLibrary","TwentyPercentcooler"],"picked":"SKIP","floor":6},{"not_picked":["RashStunts","CleanLibrary","Anxiousness"],"picked":"Boundary","floor":10},{"not_picked":["Generousity","HideCarefully","TenInstruments","Whining"],"picked":"SKIP","floor":10},{"not_picked":["FollowTherRainbow","Whining","KillingWithKindness"],"picked":"Harmanyblast","floor":11},{"not_picked":["RashStunts","Boundary","Tornado","Batlization"],"picked":"SKIP","floor":11}],"player_experience":1329633,"relics_obtained":[{"floor":6,"key":"Dota2Spire:ShadowBlade"},{"floor":9,"key":"Dota2Spire:LotusOrb"}],"event_choices":[{"damage_healed":0,"gold_gain":0,"cards_transformed":["Strike_TS"],"player_choice":"Change","damage_taken":0,"max_hp_gain":0,"max_hp_loss":0,"event_name":"Living Wall","floor":3,"gold_loss":0,"cards_obtained":["Overwhelming"]},{"damage_healed":0,"gold_gain":0,"player_choice":"Ignored","damage_taken":0,"max_hp_gain":0,"max_hp_loss":0,"event_name":"Liars Game","floor":5,"gold_loss":0}],"is_beta":false,"boss_relics":[],"items_purged_floors":[],"is_endless":false,"potions_floor_spawned":[1,6],"killed_by":"Gremlin Nob","ascension_level":0}}