{"host":"zx10cf1fsoa3eqiy","time":1607495498,"event":{"gold_per_floor":[111,125,55,55,55,87,87,114,114,149,149,149,169,135,135,239,339,358,358,358,377,395,395,395],"floor_reached":23,"playtime":929,"items_purged":[],"score":267,"play_id":"27d54f48-4f84-4634-90a8-27a6537a0ac1","local_time":"20201209143138","is_ascension_mode":true,"campfire_choices":[{"floor":12.0,"key":"REST"}],"neow_cost":"NONE","seed_source_timestamp":11362454529600,"circlet_count":0,"master_deck":["Strike_B","Strike_B","Defend_B","Defend_B","Defend_B","Defend_B","Zap","Dualcast","FIFO Queue","Static Discharge","Sweeping Beam","Biased Cognition+1","Consume","Leap","Defragment+1","Biased Cognition","Leap","Genetic Algorithm","ReplayTheSpireMod:Calculation Training+1"],"special_seed":0,"relics":["Cracked Core","NeowsBlessing","Calipers","Garlic","Boot","Replay:Wanted Poster"],"potions_floor_usage":[],"damage_taken":[{"damage":0.0,"enemies":"2 Louse","floor":1.0,"turns":1.0},{"damage":0.0,"enemies":"Jaw Worm","floor":2.0,"turns":1.0},{"damage":0.0,"enemies":"3 Sentries","floor":6.0,"turns":1.0},{"damage":18.0,"enemies":"Gremlin Nob","floor":8.0,"turns":3.0},{"damage":32.0,"enemies":"Lagavulin","floor":10.0,"turns":5.0},{"damage":4.0,"enemies":"Cultist","floor":13.0,"turns":4.0},{"damage":38,"enemies":"Fading Forest","floor":16,"turns":11},{"damage":19,"enemies":"Spheric Guardian","floor":18,"turns":5},{"damage":11,"enemies":"Chosen","floor":21,"turns":5},{"damage":19,"enemies":"Centurion and Healer","floor":22,"turns":7},{"damage":40,"enemies":"Book of Stabbing","floor":23,"turns":4}],"seed_played":"-785736586821889146","potions_obtained":[{"floor":6.0,"key":"LiquidMemories"},{"floor":16,"key":"BlessingOfTheForge"},{"floor":22,"key":"PowerPotion"}],"is_trial":false,"path_per_floor":["M","M","$","?","?","E","?","E","T","E","$","R","M","$","R","B",null,"M","?","?","M","M","E"],"character_chosen":"DEFECT","items_purchased":["Static Discharge","Defragment"],"campfire_rested":1,"item_purchase_floors":[3,14],"current_hp_per_floor":[75,75,75,75,75,75,75,57,57,25,25,47,43,43,65,37,75,56,42,68,57,38,0,0],"gold":395,"neow_bonus":"THREE_ENEMY_KILL","is_prod":false,"is_daily":false,"chose_seed":false,"campfire_upgraded":0,"win_rate":0,"timestamp":1607495498,"path_taken":["M","M","$","?","?","E","?","E","T","E","$","R","M","?","R","BOSS","M","?","?","M","M","E"],"build_version":"2020-11-30","purchased_purges":0,"victory":false,"max_hp_per_floor":[75,75,75,75,75,75,75,75,75,75,75,75,75,75,75,75,75,75,80,80,80,80,80,80],"card_choices":[{"not_picked":["Beam Cell","Cold Snap"],"picked":"FIFO Queue","floor":1.0},{"not_picked":["Go for the Eyes","Gash","BasicCrystalCard"],"picked":"SKIP","floor":2.0},{"not_picked":["Go for the Eyes","Redo"],"picked":"Sweeping Beam","floor":6.0},{"not_picked":["Lockon","Glacier","Steam Power"],"picked":"SKIP","floor":8.0},{"not_picked":["Reprogram","Hologram"],"picked":"Consume","floor":10.0},{"not_picked":["ReplaySort","Fusion"],"picked":"Leap","floor":13.0},{"not_picked":["Seek","ReplayRNGCard"],"picked":"Biased Cognition","floor":16},{"not_picked":["Reprogram+1","Turbo"],"picked":"Leap","floor":18},{"not_picked":["Compile Driver+1","Cold Snap+1"],"picked":"Genetic Algorithm","floor":21},{"not_picked":["Chaos","White Noise"],"picked":"ReplayTheSpireMod:Calculation Training+1","floor":22}],"player_experience":228879,"relics_obtained":[{"floor":6.0,"key":"Calipers"},{"floor":9.0,"key":"Garlic"},{"floor":10.0,"key":"Boot"}],"event_choices":[{"damage_healed":0,"gold_gain":0,"player_choice":"Shed Blood","damage_taken":19,"max_hp_gain":5,"max_hp_loss":0,"event_name":"Forgotten Altar","floor":19,"gold_loss":0},{"damage_healed":26,"gold_gain":0,"player_choice":"Heal","damage_taken":0,"max_hp_gain":0,"max_hp_loss":0,"event_name":"The Library","floor":20,"gold_loss":0}],"is_beta":false,"boss_relics":[{"not_picked":["Tiny House","Inserter"],"picked":"Replay:Wanted Poster"}],"items_purged_floors":[],"is_endless":false,"potions_floor_spawned":[6,16,22],"killed_by":"Book of Stabbing","ascension_level":3}}