{"host":"wl5kcyk3ocgwii71","time":1607535075,"event":{"gold_per_floor":[110,129,129,229,245,271,290,290,313,340,397,397,397],"floor_reached":12,"playtime":286,"items_purged":[],"score":114,"play_id":"3f2725c9-288f-4da2-810b-af1290bc60b5","local_time":"20201209093115","is_ascension_mode":true,"campfire_choices":[{"data":"Accuracy","floor":8,"key":"SMITH"}],"neow_cost":"NONE","seed_source_timestamp":430579463402000,"circlet_count":0,"master_deck":["Strike_G","Strike_G","Strike_G","Strike_G","Strike_G","Defend_G","Defend_G","Defend_G","Defend_G","Defend_G","Survivor","Neutralize+1","Underhanded Strike+1","Outmaneuver","Dagger Throw","Leg Sweep","Accuracy+1","Dagger Spray"],"relics":["Ring of the Snake","NeowsBlessing","ReplayTheSpireMod:Lightbulb","Whetstone","Replay:Mystery Machine","Replay:Bottled Steam"],"potions_floor_usage":[11,12],"damage_taken":[{"damage":0,"enemies":"Jaw Worm","floor":1,"turns":1},{"damage":0,"enemies":"Cultist","floor":2,"turns":1},{"damage":0,"enemies":"Small Slimes","floor":5,"turns":1},{"damage":31,"enemies":"Lagavulin","floor":6,"turns":8},{"damage":0,"enemies":"3 Louse","floor":7,"turns":5},{"damage":21,"enemies":"Gremlin Nob","floor":10,"turns":5},{"damage":6,"enemies":"Gremlin Nob","floor":11,"turns":4},{"damage":5,"enemies":"Lagavulin","floor":12,"turns":3}],"seed_played":"7009096197320147931","potions_obtained":[{"floor":2,"key":"SpeedPotion"},{"floor":5,"key":"Toxic Potion"},{"floor":10,"key":"Elixir"},{"floor":11,"key":"EntropicBrew"}],"is_trial":false,"path_per_floor":["M","M","?","?","M","E","M","R","T","E","?","E"],"character_chosen":"THE_SILENT","items_purchased":[],"campfire_rested":0,"item_purchase_floors":[],"current_hp_per_floor":[63,63,63,63,63,32,32,32,32,11,5,0,0],"gold":397,"neow_bonus":"THREE_ENEMY_KILL","is_prod":false,"is_daily":false,"chose_seed":false,"campfire_upgraded":1,"win_rate":0,"timestamp":1607535075,"path_taken":["M","M","?","?","?","E","?","R","T","E","?","E"],"build_version":"2020-11-30","purchased_purges":0,"victory":false,"max_hp_per_floor":[70,70,70,70,70,70,70,70,70,70,70,70,70],"card_choices":[{"not_picked":["Dodge and Roll","Bouncing Flask"],"picked":"Underhanded Strike","floor":1},{"not_picked":["Deadly Poison","Skewer"],"picked":"Outmaneuver","floor":2},{"not_picked":["Flying Knee","Quick Slash"],"picked":"Dagger Throw","floor":5},{"not_picked":["A Thousand Cuts","Backflip"],"picked":"Leg Sweep","floor":6},{"not_picked":["Draining Mist","Acrobatics"],"picked":"Accuracy","floor":7},{"not_picked":["Sneak Up","Flechettes"],"picked":"Dagger Spray","floor":10}],"player_experience":342205,"relics_obtained":[{"floor":6,"key":"ReplayTheSpireMod:Lightbulb"},{"floor":9,"key":"Whetstone"},{"floor":10,"key":"Replay:Mystery Machine"},{"floor":11,"key":"Replay:Bottled Steam"}],"event_choices":[{"damage_healed":0,"gold_gain":0,"player_choice":"Leave","damage_taken":0,"max_hp_gain":0,"max_hp_loss":0,"event_name":"The Cleric","floor":3,"gold_loss":0},{"damage_healed":0,"gold_gain":100,"player_choice":"Pray","damage_taken":0,"max_hp_gain":0,"max_hp_loss":0,"event_name":"Golden Shrine","floor":4,"gold_loss":0},{"damage_healed":0,"gold_gain":0,"player_choice":"Searched \u00271\u0027 times","damage_taken":0,"max_hp_gain":0,"max_hp_loss":0,"event_name":"Dead Adventurer","floor":11,"gold_loss":0}],"is_beta":false,"boss_relics":[],"items_purged_floors":[],"is_endless":false,"potions_floor_spawned":[2,5,10,11],"killed_by":"Lagavulin","ascension_level":6}}