{"host":"mhzgc0zma59jtmoj","time":1607485774,"event":{"gold_per_floor":[124,137,412,345,362,362,372,372,446,446,460,494,262,290,290,290,290],"floor_reached":16,"playtime":1254,"items_purged":["TH:DeckOfManyThings"],"score":110,"play_id":"cdcc8311-18f7-4ff1-add2-0aaf3f75f351","local_time":"20201208224934","daily_mods":["SealedDeck"],"is_ascension_mode":false,"campfire_choices":[{"data":"hermit:Manifest","floor":6,"key":"SMITH"},{"data":"hermit:Determination","floor":8,"key":"SMITH"},{"floor":15,"key":"REST"}],"neow_cost":"","seed_source_timestamp":1664373581378800,"circlet_count":0,"master_deck":["hermit:Grudge","hermit:Grudge","hermit:Manifest+1","hermit:Misfire","hermit:Misfire","hermit:CalledShot","hermit:Determination+1","hermit:Desperado","hermit:Desperado","hermit:GoldenBullet","hermit:Malice","Regret","TH:Mimic","hermit:Determination","TH:Mimic","hermit:TakeAim"],"relics":["hermit:Momento","Mummified Hand","Bronze Scales","Dream Catcher","Bottled Lightning"],"potions_floor_usage":[],"damage_taken":[{"damage":5,"enemies":"2 Louse","floor":1,"turns":2},{"damage":9,"enemies":"Cultist","floor":2,"turns":4},{"damage":7,"enemies":"Small Slimes","floor":5,"turns":2},{"damage":0,"enemies":"Gremlin Gang","floor":7,"turns":1},{"damage":0,"enemies":"Large Slime","floor":11,"turns":3},{"damage":36,"enemies":"Lagavulin","floor":12,"turns":5},{"damage":8,"enemies":"Gremlin Nob","floor":14,"turns":3},{"damage":55,"enemies":"Slime Boss","floor":16,"turns":6}],"seed_played":"7966225349343977595","potions_obtained":[{"floor":2,"key":"EssenceOfSteel"},{"floor":5,"key":"SkillPotion"},{"floor":7,"key":"Weak Potion"}],"is_trial":true,"path_per_floor":["M","M","?","$","M","R","M","R","T","?","M","E","$","E","R","B"],"character_chosen":"HERMIT","items_purchased":["hermit:Determination","Dream Catcher"],"campfire_rested":1,"item_purchase_floors":[4,13],"current_hp_per_floor":[70,61,61,61,54,54,54,54,54,75,75,39,39,31,53,0,0],"gold":290,"neow_bonus":"","is_prod":false,"is_daily":false,"chose_seed":false,"campfire_upgraded":2,"win_rate":0.0,"timestamp":1607485774,"path_taken":["M","M","?","$","?","R","?","R","T","?","?","E","$","E","R","BOSS"],"build_version":"2020-11-30","purchased_purges":1,"victory":false,"max_hp_per_floor":[75,75,75,75,75,75,75,75,75,75,75,75,75,75,75,75,75],"card_choices":[{"not_picked":["hermit:Glare","hermit:WideOpen","hermit:Quickdraw"],"picked":"SKIP","floor":1},{"not_picked":["hermit:CalledShot","hermit:Quickdraw"],"picked":"hermit:Malice","floor":2},{"not_picked":["hermit:Feint","hermit:Spite","hermit:WideOpen"],"picked":"SKIP","floor":5},{"not_picked":["hermit:Spite","hermit:Glare","hermit:HoleUp"],"picked":"SKIP","floor":7},{"not_picked":["TH:PixieDust"],"picked":"TH:DeckOfManyThings","floor":9},{"not_picked":["hermit:Gestalt","hermit:Desperado","hermit:SprayPray"],"picked":"SKIP","floor":11},{"not_picked":["TH:BikiniMail"],"picked":"TH:Mimic","floor":12},{"not_picked":["hermit:TrackingShot","hermit:Snipe"],"picked":"hermit:Determination","floor":12},{"not_picked":["TH:EnergyPotion"],"picked":"TH:Mimic","floor":14},{"not_picked":["hermit:LowProfile","hermit:Manifest","hermit:HighCaliber"],"picked":"SKIP","floor":14},{"not_picked":["hermit:Horror","hermit:LowProfile"],"picked":"hermit:TakeAim","floor":15}],"player_experience":250067,"relics_obtained":[{"floor":9,"key":"Mummified Hand"},{"floor":12,"key":"Bronze Scales"},{"floor":14,"key":"Bottled Lightning"}],"event_choices":[{"damage_healed":0,"gold_gain":275,"player_choice":"Desecrate","damage_taken":0,"max_hp_gain":0,"max_hp_loss":0,"event_name":"Golden Shrine","floor":3,"gold_loss":0,"cards_obtained":["Regret"]},{"cards_removed":["hermit:Determination"],"damage_healed":21,"gold_gain":0,"player_choice":"Offered Uncommon","damage_taken":0,"max_hp_gain":0,"max_hp_loss":0,"event_name":"Bonfire Elementals","floor":10,"gold_loss":0}],"is_beta":false,"boss_relics":[],"items_purged_floors":[13],"is_endless":false,"potions_floor_spawned":[2,5,7],"killed_by":"Slime Boss","ascension_level":0}}