{"host":"csp9nt53rootlkah","time":1607523454,"event":{"gold_per_floor":[109,109,124,139,69,69,97,123,201,18,18,36,68,82,82,177,177,192,192,101,101,177,201,201,66,66,66,91,189,206,221,221,321,321,332,185,185,199,250,250,574,574,574,574,607,189,189,204,204,204,204,204,31,57,57],"floor_reached":56,"playtime":7959,"items_purged":["TheCursedMod:Strike_TheCursed","TheCursedMod:Defend_TheCursed","TheCursedMod:HellsGateOpen","TheCursedMod:CursedWand","TheCursedMod:Dregs","TheCursedMod:Evocation+1"],"score":1472,"play_id":"482b04a0-3b04-4693-b2a8-977486e42daa","local_time":"20201209221734","is_ascension_mode":false,"campfire_choices":[{"data":"TheCursedMod:CleanUpWorkshop","floor":6.0,"key":"SMITH"},{"data":"TheCursedMod:UltimatePain","floor":11.0,"key":"SMITH"},{"floor":15.0,"key":"REST"},{"data":"TheCursedMod:Hemoplague","floor":24.0,"key":"SMITH"},{"data":"TheCursedMod:SpreadPlague","floor":27.0,"key":"SMITH"},{"floor":32.0,"key":"REST"},{"data":"TheCursedMod:Hemoplague","floor":40.0,"key":"SMITH"},{"data":"TheCursedMod:Hemoplague","floor":42.0,"key":"SMITH"},{"data":"TheCursedMod:UltimatePain","floor":44.0,"key":"SMITH"},{"floor":49.0,"key":"RECALL"},{"data":"TheCursedMod:NeowsMight","floor":52.0,"key":"SMITH"}],"neow_cost":"NONE","seed_source_timestamp":0,"circlet_count":0,"master_deck":["TheCursedMod:Defend_TheCursed+1","TheCursedMod:Stigma+1","TheCursedMod:UltimatePain+1","TheCursedMod:SpreadPlague+1","TheCursedMod:Hemoplague+1","TheCursedMod:Hemoplague+1","TheCursedMod:SaltUponWound+1","TheCursedMod:UltimatePain+1","TheCursedMod:Hemoplague+1","TheCursedMod:NeowsMight+1","TheCursedMod:NeowsMight","TheCursedMod:CursedArmor+1","TheCursedMod:Hemoplague+1"],"special_seed":0,"relics":["testmod-TestBox","testmod-Charity","Philosopher\u0027s Stone","War Paint","Akabeko","Eternal Feather","Membership Card","Omamori","testmod-Prudence","Question Card","testmod-ObsoleteBoomerang","Blood Vial","Tiny Chest","Ancient Tea Set","Calling Bell","Art of War","Pear","testmod-InjuryResistance","Bag of Preparation","Old Coin","Bottled Lightning","Orichalcum","Mummified Hand","TheCursedMod:BloodyHarpoon","testmod-OneHitWonder","Happy Flower"],"potions_floor_usage":[55],"damage_taken":[{"damage":0.0,"enemies":"Gensokyo:2_Kodama","floor":1.0,"turns":4.0},{"damage":0.0,"enemies":"Gensokyo:Python","floor":3.0,"turns":4.0},{"damage":0.0,"enemies":"Gensokyo:3_Fairies","floor":4.0,"turns":4.0},{"damage":7.0,"enemies":"Gensokyo:Aya","floor":7.0,"turns":5.0},{"damage":0.0,"enemies":"Gensokyo:Kitsune","floor":12.0,"turns":2.0},{"damage":31.0,"enemies":"Gensokyo:Cirno","floor":13.0,"turns":7.0},{"damage":0.0,"enemies":"Gensokyo:VengefulSpirit","floor":14.0,"turns":4.0},{"damage":0.0,"enemies":"Gensokyo:Yukari","floor":16.0,"turns":7.0},{"damage":26.0,"enemies":"2 Thieves","floor":18.0,"turns":4.0},{"damage":39.0,"enemies":"Book of Stabbing","floor":23.0,"turns":4.0},{"damage":9.0,"enemies":"Slavers","floor":28.0,"turns":3.0},{"damage":3.0,"enemies":"Chosen","floor":30.0,"turns":2.0},{"damage":13.0,"enemies":"3 Cultists","floor":31.0,"turns":3.0},{"damage":0.0,"enemies":"Automaton","floor":33.0,"turns":6.0},{"damage":3.0,"enemies":"3 Darklings","floor":35.0,"turns":3.0},{"damage":15.0,"enemies":"Orb Walker","floor":38.0,"turns":2.0},{"damage":48.0,"enemies":"Nemesis","floor":41.0,"turns":3.0},{"damage":3.0,"enemies":"Giant Head","floor":45.0,"turns":4.0},{"damage":0.0,"enemies":"Spire Growth","floor":48.0,"turns":2.0},{"damage":35.0,"enemies":"Donu and Deca","floor":50.0,"turns":5.0},{"damage":0.0,"enemies":"Shield and Spear","floor":54.0,"turns":2.0},{"damage":83,"enemies":"The Heart","floor":55,"turns":5}],"seed_played":"3840237137416727127","potions_obtained":[{"floor":3.0,"key":"Strength Potion"},{"floor":13.0,"key":"EssenceOfSteel"},{"floor":16.0,"key":"testmod-TestPotion"},{"floor":23.0,"key":"FairyPotion"},{"floor":28.0,"key":"Explosive Potion"},{"floor":41.0,"key":"Explosive Potion"},{"floor":45.0,"key":"Energy Potion"}],"is_trial":false,"path_per_floor":["M","?","M","M","?","R","E","T","T","$","R","M","E","M","R","B",null,"M","?","$","?","T","E","R","$","T","R","E","?","M","M","R","B",null,"M","$","?","M","T","R","E","R","T","R","E","$","?","M","R","B",null,"R","$","E","B",null],"character_chosen":"THE_CURSED","items_purchased":["Membership Card","TheCursedMod:Hemoplague","Blood Vial","Bag of Preparation","TheCursedMod:NeowsMight","Mummified Hand","TheCursedMod:BloodyHarpoon","testmod-OneHitWonder"],"campfire_rested":2,"item_purchase_floors":[10,20,25,36,46,46,46,53],"current_hp_per_floor":[76,46,47,48,48,48,42,43,44,44,47,48,18,19,50,51,85,61,61,61,61,62,24,30,30,30,36,30,31,31,21,54,57,104,102,102,102,90,91,97,53,59,59,65,65,65,65,68,74,41,111,111,111,112,29],"gold":57,"neow_bonus":"BOSS_RELIC","is_prod":false,"is_daily":false,"chose_seed":false,"campfire_upgraded":8,"win_rate":0.0,"timestamp":1607523454,"path_taken":["M","?","M","?","?","R","E","?","T","$","R","M","E","M","R","BOSS","M","?","?","?","?","E","R","?","T","R","E","?","?","M","R","BOSS","M","$","?","M","?","R","E","R","T","R","E","$","?","?","R","BOSS","R","$","E","BOSS"],"build_version":"2020-11-30","purchased_purges":6,"victory":true,"max_hp_per_floor":[76,76,77,78,78,78,79,80,81,81,81,82,83,84,84,85,85,87,87,87,87,88,89,89,89,89,89,90,91,92,93,93,94,104,105,105,105,106,107,107,109,109,109,109,110,110,110,111,111,111,111,111,111,112,112],"card_choices":[{"not_picked":["TheCursedMod:RavingStaff","TheCursedMod:TroublousMinions","TheCursedMod:CircleOfCorruption"],"picked":"SKIP","floor":1.0},{"not_picked":["TheCursedMod:Evocation","TheCursedMod:Wield"],"picked":"TheCursedMod:Stigma","floor":3.0},{"not_picked":["TheCursedMod:FleshFromBone","TheCursedMod:CursedStaff","TheCursedMod:CircleOfCorruption"],"picked":"SKIP","floor":4.0},{"not_picked":["TheCursedMod:CircleOfFocus","TheCursedMod:FleshFromBone"],"picked":"TheCursedMod:UltimatePain","floor":7.0},{"not_picked":["TheCursedMod:SurpriseAttack","TheCursedMod:PrepareRite","TheCursedMod:CursedShiv"],"picked":"SKIP","floor":12.0},{"not_picked":["TheCursedMod:SurpriseAttack","TheCursedMod:CollectTribute","TheCursedMod:ReleasedStrength"],"picked":"SKIP","floor":13.0},{"not_picked":["TheCursedMod:WearCloak","TheCursedMod:CircleOfBlood"],"picked":"TheCursedMod:SpreadPlague","floor":14.0},{"not_picked":["TheCursedMod:SoulReap+1","TheCursedMod:SpreadPlague","TheCursedMod:RapidMovement"],"picked":"SKIP","floor":18.0},{"not_picked":["TheCursedMod:Mangle","TheCursedMod:CursedBlade","TheCursedMod:SpitefulStrike"],"picked":"TheCursedMod:Evocation+1","floor":23.0},{"not_picked":["TheCursedMod:PrepareRite","TheCursedMod:OutForBlood","TheCursedMod:HellsGateOpen+1"],"picked":"TheCursedMod:Hemoplague","floor":28.0},{"not_picked":["TheCursedMod:DoubleShield","TheCursedMod:PrepareRite+1","TheCursedMod:CircleOfFocus","TheCursedMod:SoulReap+1"],"picked":"SKIP","floor":30.0},{"not_picked":["TheCursedMod:FleshFromBone","TheCursedMod:CursedAmulet+1","TheCursedMod:CursedShiv"],"picked":"TheCursedMod:SaltUponWound+1","floor":31.0},{"not_picked":["TheCursedMod:Neurasthenia","TheCursedMod:AntiAging","TheCursedMod:ParallelWorld"],"picked":"TheCursedMod:UltimatePain","floor":33.0},{"not_picked":["TheCursedMod:CursedAmulet","TheCursedMod:WearCloak+1","TheCursedMod:CursedBlade+1","TheCursedMod:Obscuration+1"],"picked":"SKIP","floor":35.0},{"not_picked":["TheCursedMod:CursedMace+1","TheCursedMod:CursedShiv","TheCursedMod:TacticalStrike"],"picked":"TheCursedMod:Hemoplague","floor":38.0},{"not_picked":["TheCursedMod:VitalStrike+1","TheCursedMod:RapidMovement","TheCursedMod:LuckyCharm","TheCursedMod:StunningStrike"],"picked":"SKIP","floor":41.0},{"not_picked":["TheCursedMod:Stigma+1","TheCursedMod:CursedStaff","TheCursedMod:Torture+1","TheCursedMod:LuckyCharm+1"],"picked":"SKIP","floor":45.0},{"not_picked":["TheCursedMod:SoulReap","TheCursedMod:Obscuration+1","TheCursedMod:DoubleShield+1"],"picked":"TheCursedMod:CursedArmor+1","floor":48.0},{"not_picked":["TheCursedMod:SpreadPlague+1","TheCursedMod:SpitefulStrike","TheCursedMod:SmokeScreen"],"picked":"TheCursedMod:Hemoplague+1","floor":54.0}],"player_experience":115692,"relics_obtained":[{"floor":7.0,"key":"War Paint"},{"floor":8.0,"key":"Akabeko"},{"floor":9.0,"key":"Eternal Feather"},{"floor":13.0,"key":"Omamori"},{"floor":22.0,"key":"Question Card"},{"floor":23.0,"key":"testmod-ObsoleteBoomerang"},{"floor":26.0,"key":"Tiny Chest"},{"floor":28.0,"key":"Ancient Tea Set"},{"floor":34.0,"key":"Art of War"},{"floor":34.0,"key":"Pear"},{"floor":34.0,"key":"testmod-InjuryResistance"},{"floor":41.0,"key":"Old Coin"},{"floor":43.0,"key":"Bottled Lightning"},{"floor":45.0,"key":"Orichalcum"},{"floor":54.0,"key":"Happy Flower"}],"event_choices":[{"damage_healed":0.0,"max_hp_gain":0.0,"max_hp_loss":0.0,"gold_gain":0.0,"cards_transformed":["TheCursedMod:Strike_TheCursed"],"event_name":"Transmorgrifier","player_choice":"Transformed","floor":19.0,"gold_loss":0.0,"damage_taken":0.0,"cards_obtained":["TheCursedMod:HellsGateOpen"]},{"damage_healed":0.0,"max_hp_gain":0.0,"max_hp_loss":0.0,"gold_gain":0.0,"event_name":"Vampires","player_choice":"Ignored","floor":21.0,"gold_loss":0.0,"damage_taken":0.0},{"damage_healed":0.0,"max_hp_gain":0.0,"max_hp_loss":0.0,"gold_gain":99.0,"event_name":"Nest","player_choice":"Stole From Cult","floor":29.0,"gold_loss":0.0,"damage_taken":0.0},{"cards_removed":["TheCursedMod:CleanUpWorkshop"],"damage_healed":0.0,"max_hp_gain":0.0,"max_hp_loss":0.0,"gold_gain":0.0,"event_name":"Purifier","player_choice":"Purged","floor":37.0,"gold_loss":0.0,"damage_taken":0.0},{"damage_healed":0.0,"max_hp_gain":0.0,"max_hp_loss":0.0,"gold_gain":0.0,"cards_transformed":["TheCursedMod:Defend_TheCursed"],"event_name":"Transmorgrifier","player_choice":"Transformed","floor":47.0,"gold_loss":0.0,"damage_taken":0.0,"cards_obtained":["TheCursedMod:NeowsMight"]}],"is_beta":false,"boss_relics":[{"not_picked":["testmod-EnergyCheck","Tiny House"],"picked":"testmod-Prudence"},{"not_picked":["testmod-NegativeEmotionEnhancer","Fusion Hammer"],"picked":"Calling Bell"}],"items_purged_floors":[10,20,25,36,46,53],"is_endless":false,"potions_floor_spawned":[3,13,16,23,28,41,45],"ascension_level":0}}