{"host":"0vkf1k7bkmi4whcf","time":1607519354,"event":{"gold_per_floor":[138,138,138,138,138,138,162,176,176,215,215,215,240,263,263,389,389,413,436,52,76,120,164,164,164,187,208,222,262,155,173,173,297,297,313,313,329,389,410,450,672,712,712,219,319,357,357,373,373,373,373,373,72,113,113],"floor_reached":56,"playtime":2319,"items_purged":["Injury"],"score":2157,"play_id":"e7beffa3-ed73-4738-ab65-7b762fb13cf2","local_time":"20201209140914","is_ascension_mode":true,"campfire_choices":[{"data":"BarrageBoundary_PipeDream_purple","floor":6,"key":"SMITH"},{"data":"Yakumo_Ran_purple","floor":12,"key":"SMITH"},{"data":"Nest_LightFlightworm_purple","floor":15,"key":"SMITH"},{"floor":24,"key":"REST"},{"data":"Apotheosis","floor":32,"key":"SMITH"},{"floor":47,"key":"RECALL"},{"data":"D_absorption_purple","floor":49,"key":"SMITH"},{"data":"Mirror_FourBoundary_purple","floor":52,"key":"SMITH"}],"neow_cost":"NONE","seed_source_timestamp":255309207768100,"circlet_count":0,"master_deck":["AscendersBane","AT_purpleEX","AT_purpleEX","AT_purpleEX","AT_purpleEX","Defend_purpleEX","Defend_purpleEX","Defend_purpleEX","Defend_purpleEX","Observe_purple_1","Observe_purple_2","BarrageBoundary_PipeDream_purple+1","DimensionStaggered_purple+1","theWildCard:PaleRider","Nest_LightFlightworm_purple+1","Yakumo_Ran_purple+1","RuleDissolution_purple","MeetDecomposer_purple","MetroBOOM_purple","GluttonyofRealm_purpleEX","Boundary_ObjectiveBoundary_purple+1","DimensionStaggered_purple","Apotheosis+1","DarkRealmRedLine_purple","Shallow_ocean_purpleEX","Umbrella_purple+1","OmniscientAndOmnipotent_Monster_purple+1","OmniscientAndOmnipotent_Monster_purple","D_absorption_purple+1","OmniscientAndOmnipotent_Monster_purple","FragmentationRealm_purple","MonsterNeedle_purple","ExternalForce_HighSpeedFlying_purple","ExistenceContinue_purple+1","Fancifulhole_purple","DarkRealmRedLine_purple+1","WatchEyeChange_purple","WatchEyeChange_purple+1","MeetDecomposer_purple","Charmbait_purple","MeetDecomposer_purple","Mirror_FourBoundary_purple+1","Mirror_TwoAndThreeElementRealm_purple","ExternalForce_HighSpeedFlying_purple","Charmbait_purple","AdvanceAttack_purple","Master of Strategy","Erosivefilter_purple","Boundary_of_Extermination_purpleEX","StretchesForeverDream_purple+1"],"relics":["Boundary_crack","Memoryfragments_purpleEX","Golden Idol","Ornamental Fan","Bronze Scales","Philosopher\u0027s Stone","Vajra","Red Mask","PureWhite:ReiMu","alterego_mod:SomeoneToFightFor","Art of War","Mercury Hourglass","Sozu","FossilizedHelix","Dream Catcher","TungstenRod","Sundial","Shuriken","DemoMod:MonsterBlood","CrazyTorch:ReiMu"],"potions_floor_usage":[55],"damage_taken":[{"damage":7,"enemies":"Small Slimes","floor":1,"turns":4},{"damage":0,"enemies":"2 Louse","floor":7,"turns":4},{"damage":1,"enemies":"Jaw Worm","floor":8,"turns":2},{"damage":24,"enemies":"Lagavulin","floor":10,"turns":6},{"damage":0,"enemies":"Large Slime","floor":13,"turns":5},{"damage":0,"enemies":"Red Slaver","floor":14,"turns":4},{"damage":4,"enemies":"Slime Boss","floor":16,"turns":11},{"damage":0,"enemies":"Spheric Guardian","floor":18,"turns":3},{"damage":15,"enemies":"2 Thieves","floor":21,"turns":4},{"damage":5,"enemies":"Masked Bandits","floor":22,"turns":4},{"damage":50,"enemies":"Gremlin Leader","floor":23,"turns":7},{"damage":0,"enemies":"3 Cultists","floor":27,"turns":4},{"damage":0,"enemies":"Centurion and Healer","floor":28,"turns":4},{"damage":5,"enemies":"Book of Stabbing","floor":29,"turns":5},{"damage":2,"enemies":"Snake Plant","floor":31,"turns":2},{"damage":23,"enemies":"Collector","floor":33,"turns":8},{"damage":0,"enemies":"3 Shapes","floor":35,"turns":2},{"damage":2,"enemies":"3 Darklings","floor":37,"turns":4},{"damage":0,"enemies":"2 Orb Walkers","floor":38,"turns":1},{"damage":0,"enemies":"Transient","floor":39,"turns":5},{"damage":0,"enemies":"Reptomancer","floor":40,"turns":6},{"damage":0,"enemies":"Giant Head","floor":42,"turns":3},{"damage":0,"enemies":"Reptomancer","floor":46,"turns":5},{"damage":0,"enemies":"Writhing Mass","floor":48,"turns":3},{"damage":27,"enemies":"Donu and Deca","floor":50,"turns":6},{"damage":0,"enemies":"Shield and Spear","floor":54,"turns":4},{"damage":0,"enemies":"The Heart","floor":55,"turns":7}],"seed_played":"7074310316123413217","potions_obtained":[{"floor":1,"key":"Block Potion"},{"floor":10,"key":"DemoMod:BlankPotion"},{"floor":21,"key":"PowerPotion"}],"is_trial":false,"path_per_floor":["M","?","?","?","T","R","M","M","T","E","?","R","M","M","R","B",null,"M","T","$","M","?","E","R","?","T","M","M","E","$","M","R","B",null,"M","?","M","?","M","E","?","E","T","$","?","E","R","M","R","B",null,"R","$","E","B",null],"character_chosen":"Youkari","items_purchased":["DimensionStaggered_purple","Apotheosis","DarkRealmRedLine_purple","Shallow_ocean_purpleEX","MonsterNeedle_purple","ExternalForce_HighSpeedFlying_purple","Mirror_FourBoundary_purple","Shuriken","Mirror_TwoAndThreeElementRealm_purple","ExternalForce_HighSpeedFlying_purple","Master of Strategy","Erosivefilter_purple","Boundary_of_Extermination_purpleEX"],"campfire_rested":1,"item_purchase_floors":[20,20,20,20,30,30,44,44,44,44,53,53,53],"current_hp_per_floor":[56,56,56,56,56,56,61,63,63,42,42,42,47,52,52,52,66,70,70,70,67,70,22,43,43,43,48,49,56,56,63,63,57,67,70,70,72,72,72,72,72,72,72,72,72,79,79,79,79,67,76,76,76,76,79],"gold":113,"neow_bonus":"ONE_RANDOM_RARE_CARD","is_prod":false,"is_daily":false,"chose_seed":false,"campfire_upgraded":6,"win_rate":0,"timestamp":1607519354,"path_taken":["M","?","?","?","?","R","M","?","T","E","?","R","M","M","R","BOSS","M","?","?","M","?","E","R","?","T","M","M","E","$","M","R","BOSS","M","?","?","?","M","E","?","E","T","$","?","E","R","M","R","BOSS","R","$","E","BOSS"],"build_version":"2020-11-30","purchased_purges":1,"victory":true,"max_hp_per_floor":[70,70,70,70,70,70,70,70,70,70,70,70,70,70,70,70,70,70,70,70,70,70,70,70,70,70,70,70,70,70,70,70,70,70,72,72,72,72,72,72,72,72,72,72,72,79,79,79,79,79,79,79,79,79,79],"relic_stats":{"Sozu":3,"Dream Catcher":0,"counters":[27,123],"Golden Idol":230,"Ornamental Fan":[232],"Sundial":[0],"Shuriken":[14],"Bronze Scales":[343],"Art of War":[2],"obtain_stats":[{"Golden Idol":4,"Vajra":19,"DemoMod:GlassGuonStoneRelic":1,"Boundary_crack":0,"alterego_mod:SomeoneToFightFor":25,"Mercury Hourglass":29,"Sozu":34,"PureWhite:ReiMu":23,"Dream Catcher":40,"Ornamental Fan":9,"Sundial":43,"Shuriken":44,"DemoMod:MonsterBlood":46,"Bronze Scales":10,"CrazyTorch:ReiMu":54,"Philosopher\u0027s Stone":17,"Red Mask":22,"Art of War":26,"FossilizedHelix":38,"TungstenRod":42,"Memoryfragments_purpleEX":0},{"Golden Idol":1,"Vajra":8,"DemoMod:GlassGuonStoneRelic":1,"Boundary_crack":0,"alterego_mod:SomeoneToFightFor":11,"Mercury Hourglass":14,"Sozu":16,"PureWhite:ReiMu":11,"Dream Catcher":21,"Ornamental Fan":3,"Sundial":22,"Shuriken":22,"DemoMod:MonsterBlood":23,"Bronze Scales":4,"CrazyTorch:ReiMu":26,"Philosopher\u0027s Stone":7,"Red Mask":10,"Art of War":11,"FossilizedHelix":19,"TungstenRod":22,"Memoryfragments_purpleEX":0},{"Golden Idol":4,"Vajra":39,"DemoMod:GlassGuonStoneRelic":4,"Boundary_crack":0,"alterego_mod:SomeoneToFightFor":54,"Mercury Hourglass":67,"Sozu":77,"PureWhite:ReiMu":54,"Dream Catcher":95,"Ornamental Fan":10,"Sundial":98,"Shuriken":98,"DemoMod:MonsterBlood":103,"Bronze Scales":16,"CrazyTorch:ReiMu":116,"Philosopher\u0027s Stone":36,"Red Mask":47,"Art of War":54,"FossilizedHelix":84,"TungstenRod":98,"Memoryfragments_purpleEX":0}],"TungstenRod":16,"Mercury Hourglass":[250]},"card_choices":[{"not_picked":["Worldmountain_purple","Realm_recovery_purpleEX"],"picked":"DimensionStaggered_purple","floor":1},{"not_picked":["Fantasy_PerpetualMotionMachine_purple","Bait_Toxicbait_purple"],"picked":"Nest_LightFlightworm_purple","floor":7},{"not_picked":["Shallow_ocean_purpleEX","Realm_recovery_purpleEX"],"picked":"Yakumo_Ran_purple","floor":8},{"not_picked":["Mirror_Drifter_purple","Realm_recovery_purpleEX"],"picked":"WatchEChange_purple","floor":10},{"not_picked":["Line_surface_state_purple","Mirror_FormAndEmptin_purple"],"picked":"MeetDecomposer_purple","floor":13},{"not_picked":["SharpContractionReality_purple","AdvanceAttack_purple"],"picked":"MetroBOOM_purple","floor":14},{"not_picked":["Computing_the_future_purpleEX","MagicEyes_LaplaceDemon_purple"],"picked":"GluttonyofRealm_purpleEX","floor":16},{"not_picked":["AdvanceAttack_purple","StateErode_purple"],"picked":"Boundary_ObjectiveBoundary_purple+1","floor":18},{"not_picked":["AdvanceAttack_purple","StateErode_purple+1"],"picked":"Umbrella_purple+1","floor":21},{"not_picked":["Charmbait_purple","StateDuplicate_purple"],"picked":"OmniscientAndOmnipotent_Monster_purple+1","floor":22},{"not_picked":["MonsterNeedle_purple","RuptureOfTimeAndSpace_purple+1"],"picked":"OmniscientAndOmnipotent_Monster_purple","floor":23},{"not_picked":["Mirror_FormAndEmptin_purple+1","Line_surface_state_purple"],"picked":"D_absorption_purple","floor":27},{"not_picked":["SfantasyHide_purple","Boundary_LightAndDark_purple"],"picked":"OmniscientAndOmnipotent_Monster_purple","floor":28},{"not_picked":["Umbrella_purple","AdvanceAttack_purple"],"picked":"FragmentationRealm_purple","floor":29},{"not_picked":["Shallow_ocean_purpleEX","Boundary_LightAndDark_purple"],"picked":"ExistenceContinue_purple+1","floor":31},{"not_picked":["MagicEyes_LaplaceDemon_purple","Theboundaryofcreation_purpleEX"],"picked":"Fancifulhole_purple","floor":33},{"not_picked":["SharpContractionReality_purple","Shallow_ocean_purpleEX"],"picked":"DarkRealmRedLine_purple+1","floor":35},{"not_picked":["DarkRealmRedLine_purple","Umbrella_purple"],"picked":"WatchEyeChange_purple","floor":37},{"not_picked":["PositiveMatter_Antimatter_Universe_purple","ExistenceContinue_purple"],"picked":"WatchEyeChange_purple+1","floor":38},{"not_picked":["SfantasyHide_purple","Worldmountain_purple"],"picked":"MeetDecomposer_purple","floor":39},{"not_picked":["Umbrella_purple","StateDuplicate_purple"],"picked":"Charmbait_purple","floor":40},{"not_picked":["UniverseChoice_purple","Line_surface_state_purple"],"picked":"MeetDecomposer_purple","floor":42},{"not_picked":["WatchEyeChange_purple","Umbrella_purple"],"picked":"Charmbait_purple","floor":46},{"not_picked":["Umbrella_purple","RuleDissolution_purple"],"picked":"AdvanceAttack_purple","floor":48},{"not_picked":["StateDuplicate_purple","Mirror_FormAndEmptin_purple+1"],"picked":"StretchesForeverDream_purple+1","floor":54}],"player_experience":687477,"relics_obtained":[{"floor":9,"key":"Ornamental Fan"},{"floor":10,"key":"Bronze Scales"},{"floor":19,"key":"Vajra"},{"floor":22,"key":"Red Mask"},{"floor":23,"key":"PureWhite:ReiMu"},{"floor":26,"key":"Art of War"},{"floor":29,"key":"Mercury Hourglass"},{"floor":38,"key":"FossilizedHelix"},{"floor":40,"key":"Dream Catcher"},{"floor":42,"key":"TungstenRod"},{"floor":43,"key":"Sundial"},{"floor":46,"key":"DemoMod:MonsterBlood"},{"floor":54,"key":"CrazyTorch:ReiMu"}],"event_choices":[{"damage_healed":0,"gold_gain":0,"player_choice":"Grow","damage_taken":0,"max_hp_gain":0,"max_hp_loss":0,"event_name":"Living Wall","floor":2,"gold_loss":0,"cards_upgraded":["DimensionStaggered_purple"]},{"damage_healed":0,"gold_gain":0,"player_choice":"Take Wound","damage_taken":0,"relics_obtained":["Golden Idol"],"max_hp_gain":0,"max_hp_loss":0,"event_name":"Golden Idol","floor":4,"gold_loss":0,"cards_obtained":["Injury"]},{"damage_healed":0,"gold_gain":0,"cards_transformed":["WatchEChange_purple"],"player_choice":"Transformed","damage_taken":0,"max_hp_gain":0,"max_hp_loss":0,"event_name":"Transmorgrifier","floor":11,"gold_loss":0,"cards_obtained":["RuleDissolution_purple"]},{"damage_healed":0,"gold_gain":0,"player_choice":"Fought Bandits","damage_taken":0,"max_hp_gain":0,"max_hp_loss":0,"event_name":"Masked Bandits","floor":22,"gold_loss":0},{"damage_healed":0,"gold_gain":0,"player_choice":"Choice 2","damage_taken":0,"relics_obtained":["alterego_mod:SomeoneToFightFor"],"max_hp_gain":0,"max_hp_loss":0,"event_name":"Secret Garden","floor":25,"gold_loss":0},{"damage_healed":0,"gold_gain":0,"player_choice":"Got Potions","damage_taken":0,"max_hp_gain":0,"max_hp_loss":0,"event_name":"Lab","floor":36,"gold_loss":0},{"damage_healed":0,"gold_gain":0,"player_choice":"Fight","damage_taken":0,"max_hp_gain":0,"max_hp_loss":0,"event_name":"Mysterious Sphere","floor":38,"gold_loss":0},{"damage_healed":0,"gold_gain":222,"player_choice":"Wore Mask","damage_taken":0,"max_hp_gain":0,"max_hp_loss":0,"event_name":"Tomb of Lord Red Mask","floor":41,"gold_loss":0},{"damage_healed":0,"gold_gain":100,"player_choice":"Pray","damage_taken":0,"max_hp_gain":0,"max_hp_loss":0,"event_name":"Golden Shrine","floor":45,"gold_loss":0}],"is_beta":false,"boss_relics":[{"not_picked":["Empty Cage","Coffee Dripper"],"picked":"Philosopher\u0027s Stone"},{"not_picked":["Astrolabe","Runic Dome"],"picked":"Sozu"}],"items_purged_floors":[20],"is_endless":false,"potions_floor_spawned":[1,10,13,14,21,23,31,33,35,38,42],"ascension_level":12}}