{"host":"kviluv6axgu7h8rh","time":1607541433,"event":{"gold_per_floor":[117,135,135,115,134,134,360,373,358,338,4,19,19,37,37,136,136,155,172,172,190,207,207,234,234,270,301,301,301,301,72,72,174,174,189,233,233,233,158,158,158],"floor_reached":40,"playtime":1834,"items_purged":[],"score":572,"play_id":"d5cd9842-6c34-405c-b970-ce9bb3e1e2a6","local_time":"20201209201713","is_ascension_mode":false,"campfire_choices":[{"data":"Clawfect:ScrapingClaw","floor":6,"key":"SMITH"},{"floor":15,"key":"REST"},{"floor":23,"key":"REST"},{"data":"Clawfect:ScrapingClaw","floor":25,"key":"SMITH"},{"floor":29,"key":"REST"},{"floor":32,"key":"REST"}],"neow_cost":"NONE","seed_source_timestamp":23703391354500,"circlet_count":0,"master_deck":["Gash","Gash","Gash","Gash","Gash","Crystallizer","Clawfect:ScrapingClaw+1","Aggregate","Panic Button","Clawfect:ClawCell","FTL","Clawfect:Clawter","Flash of Steel","Clawfect:ClawSnap","Clawfect:ClawLightning","Clawfect:ClawAndGloom","Clawfect:ClawForOne","Clawfect:ScrapingClaw+1","Clawfect:ClawCell","Clawfect:ClawLightning","Clawfect:ScrapingClaw+1","Clawfect:ClawLightning","Clawfect:ClawAndTear","Gash+1","Machine Learning","Reprogram","Crow Ritual","Stack+1","SoulBarrier","After Image","ReplaySolidLightProjector","hubris:DoWhile","Mirror Shield","Defragment","Rebound","Athame+1","TheCursedMod:Stigma+1","Redo+1"],"relics":["Clawfect:DRClaw","aspiration:Nostalgia","Sizzling Blood","hubris:Icosahedron","MealTicket","CCEMRelics:GrindingGear","Dream Catcher","halation:Sosunser","hubris:Backtick","Shuriken","StuffTheSpire:PointBlank","Pet Ghost","PrismaticShard","Pandora\u0027s Box","hubris:RGBLights","halation:PapillonHeart"],"potions_floor_usage":[8,16,21,22,33,35],"damage_taken":[{"damage":10,"enemies":"Small Slimes","floor":1,"turns":4},{"damage":1,"enemies":"Jaw Worm","floor":2,"turns":5},{"damage":4,"enemies":"Cultist","floor":5,"turns":4},{"damage":12,"enemies":"Looter","floor":8,"turns":5},{"damage":11,"enemies":"Lots of Slimes","floor":9,"turns":6},{"damage":30,"enemies":"3 Sentries","floor":10,"turns":9},{"damage":16,"enemies":"Lots of Slimes","floor":12,"turns":4},{"damage":11,"enemies":"Red Slaver","floor":14,"turns":4},{"damage":0,"enemies":"Slime Boss","floor":16,"turns":4},{"damage":15,"enemies":"2 Thieves","floor":18,"turns":2},{"damage":0,"enemies":"Spheric Guardian","floor":19,"turns":2},{"damage":18,"enemies":"Centurion and Healer","floor":21,"turns":4},{"damage":15,"enemies":"Chosen and Byrds","floor":22,"turns":3},{"damage":0,"enemies":"HollowMod:Nosk","floor":24,"turns":2},{"damage":16,"enemies":"Snake Plant","floor":26,"turns":5},{"damage":51,"enemies":"Slavers","floor":27,"turns":5},{"damage":31,"enemies":"Collector","floor":33,"turns":5},{"damage":42,"enemies":"3 Darklings","floor":35,"turns":4},{"damage":70,"enemies":"Reptomancer","floor":40,"turns":2}],"seed_played":"8418109098821579352","potions_obtained":[{"floor":1,"key":"Regen Potion"},{"floor":4,"key":"Dexterity Potion"},{"floor":12,"key":"Adrenaline Potion"},{"floor":16,"key":"Milkshake"},{"floor":19,"key":"AttackPotion"},{"floor":21,"key":"Adrenaline Potion"},{"floor":33,"key":"LiquidBronze"}],"is_trial":false,"path_per_floor":["M","M","?","?","M","R","?","M","MIM","E","$","M","$","M","R","B",null,"M","M","?","M","M","R","E","R","MIM","E","?","R","?","$","R","B",null,"M","?","?","?","?","E"],"character_chosen":"DEFECT","items_purchased":["halation:Sosunser","Clawfect:Clawter","Flash of Steel","Crow Ritual","Stack+1"],"campfire_rested":4,"item_purchase_floors":[11,11,11,31,31],"current_hp_per_floor":[73,76,76,76,76,76,43,49,42,16,31,19,34,27,50,54,79,68,72,72,58,47,70,74,74,62,15,7,30,30,45,68,41,79,41,22,25,25,25,0,0],"gold":158,"neow_bonus":"NOSTALGIA","is_prod":false,"is_daily":false,"chose_seed":false,"campfire_upgraded":2,"win_rate":0,"timestamp":1607541433,"path_taken":["M","M","?","?","?","R","?","?","MIM","E","$","?","?","?","R","BOSS","M","M","?","M","M","R","E","R","MIM","E","?","R","?","$","R","BOSS","M","?","?","?","?","E"],"build_version":"2020-11-30","purchased_purges":0,"victory":false,"max_hp_per_floor":[79,79,79,79,79,79,79,79,79,79,79,79,79,79,79,79,79,79,79,79,79,79,79,79,79,79,79,79,79,79,79,79,79,79,79,79,82,78,78,78,78],"card_choices":[{"not_picked":["StuffTheSpire:NuclearReactor","Hologram"],"picked":"Crystallizer","floor":1},{"not_picked":["Panic Button","ReplayTheSpireMod:Calculation Training"],"picked":"Clawfect:ScrapingClaw","floor":2},{"not_picked":["StuffTheSpire:Plugnplay","Steam"],"picked":"Aggregate","floor":5},{"not_picked":["Crystallizer","Tempest"],"picked":"Panic Button","floor":8},{"not_picked":["Meteor Strike","Conserve Battery"],"picked":"Clawfect:ClawCell","floor":9},{"not_picked":["Blizzard","Clawfect:Clawrage"],"picked":"FTL","floor":10},{"not_picked":["Clawfect:ClawCell","FIFO Queue"],"picked":"Clawfect:ClawSnap","floor":12},{"not_picked":["Coolheaded","Rebound"],"picked":"Clawfect:ClawLightning","floor":14},{"not_picked":["Clawfect:Clawter","Hologram"],"picked":"Clawfect:ClawAndGloom","floor":15},{"not_picked":["StuffTheSpire:ForEach","Buffer"],"picked":"Clawfect:ClawForOne","floor":16},{"not_picked":["StuffTheSpire:Plugnplay","FIFO Queue+1"],"picked":"Clawfect:ScrapingClaw","floor":18},{"not_picked":["Clawfect:ScrapingClaw","Self Repair"],"picked":"Clawfect:ClawCell","floor":19},{"not_picked":["hubris:Ukulele+1","Chill"],"picked":"Clawfect:ClawLightning","floor":21},{"not_picked":["Skim","Self Repair"],"picked":"Clawfect:ScrapingClaw+1","floor":22},{"not_picked":["Panic Button","Coolheaded"],"picked":"Clawfect:ClawLightning","floor":23},{"not_picked":["ReplayTheSpireMod:System Scan","hubris:Ukulele"],"picked":"Clawfect:ClawAndTear","floor":24},{"not_picked":["ReplayTheSpireMod:System Scan","StuffTheSpire:LoadUp+1"],"picked":"Gash+1","floor":26},{"not_picked":["Glacier","Gash"],"picked":"Machine Learning","floor":27},{"not_picked":["Undo","Blizzard+1"],"picked":"Reprogram","floor":28},{"not_picked":["Undo","TheCursedMod:SoulReap"],"picked":"SoulBarrier","floor":32},{"not_picked":["Intelligence","Brilliance"],"picked":"After Image","floor":33},{"not_picked":["Struggle Attack","Vampiric_Strike"],"picked":"Athame+1","floor":35},{"not_picked":["StuffTheSpire:LoadUp+1","Twin Strike+1"],"picked":"TheCursedMod:Stigma+1","floor":36},{"not_picked":["Hologram+1","construct:ShiftingStance"],"picked":"Redo+1","floor":36}],"player_experience":388138,"relics_obtained":[{"floor":9,"key":"CCEMRelics:GrindingGear"},{"floor":10,"key":"Dream Catcher"},{"floor":24,"key":"StuffTheSpire:PointBlank"},{"floor":27,"key":"Pet Ghost"},{"floor":28,"key":"PrismaticShard"},{"floor":36,"key":"hubris:RGBLights"}],"event_choices":[{"damage_healed":0,"gold_gain":0,"player_choice":"Bought 1 Potion","damage_taken":0,"max_hp_gain":0,"max_hp_loss":0,"event_name":"The Woman in Blue","floor":4,"gold_loss":0},{"damage_healed":0,"gold_gain":226,"player_choice":"GO GO RE ","damage_taken":37,"relics_obtained":["MealTicket"],"max_hp_gain":0,"max_hp_loss":0,"event_name":"betterSkull:BetterSkull","floor":7,"gold_loss":0,"cards_upgraded":[]},{"damage_healed":0,"gold_gain":0,"player_choice":"Ignored","damage_taken":0,"max_hp_gain":0,"max_hp_loss":0,"event_name":"betterNote:BetterNote","floor":20,"gold_loss":0,"cards_obtained":["conspire:GhostlyDefend"]},{"damage_healed":0,"gold_gain":0,"player_choice":"3","damage_taken":0,"max_hp_gain":0,"max_hp_loss":0,"event_name":"betterMatch:BetterMatch","floor":39,"gold_loss":0,"cards_obtained":[]}],"is_beta":false,"boss_relics":[{"not_picked":["Inserter","Abe\u0027s Treasure"],"picked":"hubris:Backtick"},{"not_picked":["SacredBark","CCEMRelics:GreenEgg"],"picked":"Pandora\u0027s Box"}],"items_purged_floors":[],"is_endless":false,"potions_floor_spawned":[1,5,12,16,19,21,33],"killed_by":"Reptomancer","ascension_level":0}}