{"host":"fqid566djxhwi0rl","time":1607550872,"event":{"gold_per_floor":[116,116,130,142,156,188,188,219,299,313,347,360,360,360,360,360,360,360],"floor_reached":16,"playtime":1045,"items_purged":[],"score":177,"play_id":"3bcce25a-ff7a-4bc2-9ef4-1664d9d12a58","local_time":"20201209235432","is_ascension_mode":true,"metric_token":1169,"campfire_choices":[{"data":"expansioncontent:Corrupt","floor":7,"key":"SMITH"},{"floor":13,"key":"REST"},{"data":"Gatherer:QuickSynthesis","floor":15,"key":"SMITH"}],"neow_cost":"TEN_PERCENT_HP_LOSS","seed_source_timestamp":38317244893032,"circlet_count":0,"master_deck":["Gatherer:Strike_Gatherer","Gatherer:Strike_Gatherer","Gatherer:Strike_Gatherer","Gatherer:Strike_Gatherer","Gatherer:Defend_Gatherer","Gatherer:Defend_Gatherer","Gatherer:Defend_Gatherer","Gatherer:Defend_Gatherer","Gatherer:Centralize","Gatherer:FlowerWhip","expansioncontent:Corrupt+1","Gatherer:CollectorsShot","Gatherer:BambuSword","Gatherer:QuickSynthesis+1","Gatherer:VenomBarrier","Gatherer:FlowerBeam","Gatherer:TreeGrowth","Gatherer:FlamingBottle"],"relics":["Gatherer:AlchemyBag","Blood Vial","Tiny Chest","Gatherer:FlyingFruit","InkBottle"],"potions_floor_usage":[6,8,8,16],"damage_taken":[{"damage":0,"enemies":"Small Slimes","floor":1,"turns":3},{"damage":0,"enemies":"2 Louse","floor":3,"turns":4},{"damage":10,"enemies":"Jaw Worm","floor":4,"turns":4},{"damage":10,"enemies":"Gremlin Gang","floor":5,"turns":4},{"damage":13,"enemies":"Gremlin Nob","floor":6,"turns":4},{"damage":14,"enemies":"Replay:BlueRogue","floor":8,"turns":8},{"damage":23,"enemies":"Exordium Thugs","floor":10,"turns":5},{"damage":7,"enemies":"3 Sentries","floor":11,"turns":6},{"damage":0,"enemies":"3 Louse","floor":12,"turns":1},{"damage":40,"enemies":"The Guardian","floor":16,"turns":14}],"seed_played":"2863651891097040779","potions_obtained":[{"floor":3,"key":"sneckomod:MuddlingPotion"},{"floor":4,"key":"Weak Potion"},{"floor":6,"key":"AttackPotion"},{"floor":12,"key":"Adrenaline Potion"}],"is_trial":false,"path_per_floor":["M","?","M","M","M","E","R","E","T","M","E","M","R","?","R","B"],"character_chosen":"THE_GATHERER","items_purchased":[],"campfire_rested":1,"item_purchase_floors":[],"current_hp_per_floor":[65,65,65,62,52,39,39,27,27,14,13,15,38,38,38,0,0,0],"gold":360,"neow_bonus":"RANDOM_COLORLESS_2","is_prod":false,"is_daily":false,"chose_seed":false,"campfire_upgraded":2,"win_rate":0,"timestamp":1607550872,"path_taken":["M","?","M","M","M","E","R","E","T","M","E","M","R","?","R","BOSS"],"build_version":"2020-11-30","purchased_purges":0,"victory":false,"max_hp_per_floor":[65,65,65,65,65,65,65,65,65,73,77,77,77,77,77,77,77,77],"card_choices":[{"not_picked":["Magnetism","Transmutation"],"picked":"expansioncontent:Corrupt","floor":0},{"not_picked":["Gatherer:AlchemyTrial","Gatherer:BalancedGrowth"],"picked":"Gatherer:CollectorsShot","floor":1},{"not_picked":["Gatherer:Duplicator","Gatherer:CollectorsShot"],"picked":"Gatherer:BambuSword","floor":3},{"not_picked":["Gatherer:Uplift","Gatherer:AcidicSpray"],"picked":"Gatherer:QuickSynthesis","floor":4},{"not_picked":["Gatherer:WoolGloves","Gatherer:BambuSword"],"picked":"Gatherer:VenomBarrier","floor":5},{"not_picked":["Gatherer:Nutrients","Gatherer:VenomBarrier"],"picked":"Gatherer:FlowerBeam","floor":6},{"not_picked":["Gatherer:Convert","Gatherer:AcidicSpray"],"picked":"Gatherer:TreeGrowth","floor":8},{"not_picked":["Gatherer:PotentialSlash","Gatherer:EnergyBasket","Gatherer:AcidicSpray"],"picked":"SKIP","floor":10},{"not_picked":["Gatherer:WoolGloves","Gatherer:EchoOfNature"],"picked":"Gatherer:FlamingBottle","floor":11},{"not_picked":["Gatherer:GlowingPlant","Gatherer:AlchemyTrial","Gatherer:Frenzy"],"picked":"SKIP","floor":12}],"player_experience":682732,"relics_obtained":[{"floor":6,"key":"Blood Vial"},{"floor":8,"key":"Tiny Chest"},{"floor":9,"key":"Gatherer:FlyingFruit"},{"floor":11,"key":"InkBottle"}],"event_choices":[{"cards_removed":["Gatherer:Strike_Gatherer"],"damage_healed":0,"gold_gain":0,"player_choice":"Forget","damage_taken":0,"max_hp_gain":0,"max_hp_loss":0,"event_name":"Living Wall","floor":2,"gold_loss":0}],"is_beta":false,"boss_relics":[],"items_purged_floors":[],"is_endless":false,"potions_floor_spawned":[3,4,6,12],"killed_by":"The Guardian","ascension_level":9}}