{"host":"t2s02cmyvilmbr6q","time":1607519181,"event":{"gold_per_floor":[114,188,7,7,25,25,25],"floor_reached":6,"playtime":160,"items_purged":[],"score":34,"play_id":"a350e5e5-2ad6-4526-a769-eaee4f2b785d","local_time":"20201209210621","is_ascension_mode":false,"campfire_choices":[],"neow_cost":"","seed_source_timestamp":264826879847500,"circlet_count":0,"master_deck":["ClowCardTheSword","ClowCardTheSword+1","ClowCardTheSword","ClowCardTheSword+1","ClowCardTheShield","ClowCardTheShield","ClowCardTheShield","ClowCardTheShield","SpellCardSeal","SpellCardRelease","FairyFestival","ClowCardTheFight","testmod-Dream","OldLady","ClowCardTheFlower"],"relics":["KSMOD_SealedBook","KSMOD_SealedWand","testmod-TestBox","CogitoBucket","testmod-StringDisintegrator"],"potions_floor_usage":[],"damage_taken":[{"damage":0,"enemies":"Jaw Worm","floor":1,"turns":2},{"damage":0,"enemies":"2 Louse","floor":5,"turns":2},{"damage":20,"enemies":"Gremlin Nob","floor":6,"turns":2}],"seed_played":"3846708710147495615","potions_obtained":[{"floor":5,"key":"PowerPotion"}],"is_trial":false,"path_per_floor":["M","?","$","?","M","E"],"character_chosen":"KINOMOTOSAKURA","items_purchased":["testmod-Dream"],"campfire_rested":0,"item_purchase_floors":[3],"current_hp_per_floor":[70,70,70,56,58,39,39],"gold":25,"neow_bonus":"","is_prod":false,"is_daily":false,"chose_seed":false,"campfire_upgraded":0,"win_rate":0.0,"timestamp":1607519181,"path_taken":["M","?","$","?","M","E"],"build_version":"2020-11-30","purchased_purges":0,"victory":false,"max_hp_per_floor":[70,70,70,70,70,70,70],"card_choices":[{"not_picked":["Bloodbath","ShyLook"],"picked":"FairyFestival","floor":1},{"not_picked":["ClowCardTheShadow","ClowCardTheBig"],"picked":"ClowCardTheFight","floor":1},{"not_picked":["MHz","ShyLook","PunishingBird"],"picked":"Singing Bowl","floor":5},{"not_picked":["MHz","RedShoes"],"picked":"OldLady","floor":5},{"not_picked":["ClowCardTheMist","ClowCardThePower"],"picked":"ClowCardTheFlower","floor":5}],"player_experience":540133,"relics_obtained":[],"event_choices":[{"damage_healed":0,"gold_gain":74,"player_choice":"Gained Gold","damage_taken":0,"max_hp_gain":0,"max_hp_loss":0,"event_name":"Golden Wing","floor":2,"gold_loss":0},{"damage_healed":0,"gold_gain":0,"player_choice":"Entered Light","damage_taken":14,"max_hp_gain":0,"max_hp_loss":0,"event_name":"Shining Light","floor":4,"gold_loss":0,"cards_upgraded":["ClowCardTheSword","ClowCardTheSword"]}],"is_beta":false,"boss_relics":[],"items_purged_floors":[],"is_endless":false,"potions_floor_spawned":[5],"killed_by":"Gremlin Nob","ascension_level":0}}