{"host":"x0ovlu53kkkog8rv","time":1607516816,"event":{"gold_per_floor":[216,216,233,308,308,308,325,198,198,198,198,210,232,244,256,368,380,409,421,418,645,657,669,681,681],"floor_reached":24,"playtime":1050,"items_purged":["Strike_G"],"score":209,"play_id":"175ca252-2b76-49ca-a79b-89c4f68ab57f","local_time":"20201209212656","is_ascension_mode":true,"campfire_choices":[{"floor":6,"key":"REST"},{"data":"Tactician","floor":10,"key":"SMITH"},{"data":"PiercingWail","floor":12,"key":"SMITH"},{"floor":15,"key":"REST"},{"floor":23,"key":"REST"}],"neow_cost":"NONE","seed_source_timestamp":84960965414824,"circlet_count":0,"master_deck":["Strike_G","Strike_G","Strike_G","Strike_G+1","Defend_G+1","Defend_G","Defend_G","Defend_G","Survivor","Neutralize","Acrobatics","Tactician+1","PiercingWail+1","Acrobatics","Prepared","Calculated Gamble+1","Writhe","Concentrate"],"special_seed":0,"relics":["Ring of the Snake","Ice Cream","MawBank","Lantern","SlaversCollar","Snake Skull","Old Coin"],"potions_floor_usage":[16],"damage_taken":[{"damage":4,"enemies":"Jaw Worm","floor":1,"turns":3},{"damage":4,"enemies":"2 Louse","floor":3,"turns":3},{"damage":4,"enemies":"Small Slimes","floor":7,"turns":3},{"damage":19,"enemies":"Exordium Wildlife","floor":13,"turns":7},{"damage":44,"enemies":"The Guardian","floor":16,"turns":21},{"damage":28,"enemies":"Shell Parasite","floor":18,"turns":9},{"damage":20,"enemies":"2 Thieves","floor":20,"turns":4},{"damage":43,"enemies":"Cultist and Chosen","floor":24,"turns":4}],"seed_played":"-6473432936227275525","potions_obtained":[{"floor":13,"key":"Block Potion"}],"is_trial":false,"path_per_floor":["M","?","M","?","?","R","M","$","T","R","?","R","M","?","R","B",null,"M","?","M","?","?","R","M"],"character_chosen":"THE_SILENT","items_purchased":["Acrobatics"],"campfire_rested":3,"item_purchase_floors":[8],"current_hp_per_floor":[66,66,62,51,37,58,54,54,54,54,51,51,32,32,53,9,70,42,42,22,22,22,43,0,0],"gold":681,"neow_bonus":"HUNDRED_GOLD","is_prod":false,"is_daily":false,"chose_seed":false,"campfire_upgraded":2,"win_rate":0,"timestamp":1607516816,"path_taken":["M","?","M","?","?","R","M","$","T","R","?","R","?","?","R","BOSS","M","?","M","?","?","R","?"],"build_version":"2020-11-30","purchased_purges":1,"victory":false,"max_hp_per_floor":[70,70,70,70,70,70,70,70,70,70,70,70,70,70,70,70,70,70,70,70,70,70,70,70,70],"card_choices":[{"not_picked":["Underhanded Strike","Dagger Throw"],"picked":"Acrobatics","floor":1},{"not_picked":["Choke","Slice"],"picked":"Tactician","floor":3},{"not_picked":["Expertise","Backflip"],"picked":"PiercingWail","floor":7},{"not_picked":["Flying Knee","Concentrate"],"picked":"Prepared","floor":13},{"not_picked":["Sucker Punch","Underhanded Strike"],"picked":"Calculated Gamble","floor":18},{"not_picked":["Crippling Poison+1","Underhanded Strike"],"picked":"Concentrate","floor":20}],"player_experience":157188,"relics_obtained":[{"floor":9,"key":"Ice Cream"}],"event_choices":[{"cards_removed":["Defend_G"],"damage_healed":0,"gold_gain":0,"player_choice":"Forget","damage_taken":0,"max_hp_gain":0,"max_hp_loss":0,"event_name":"Living Wall","floor":2,"gold_loss":0},{"damage_healed":0,"gold_gain":75,"player_choice":"Gather Gold","damage_taken":11,"max_hp_gain":0,"max_hp_loss":0,"event_name":"World of Goop","floor":4,"gold_loss":0},{"damage_healed":0,"gold_gain":0,"player_choice":"Entered Light","damage_taken":14,"max_hp_gain":0,"max_hp_loss":0,"event_name":"Shining Light","floor":5,"gold_loss":0,"cards_upgraded":["Strike_G","Defend_G"]},{"damage_healed":0,"gold_gain":0,"player_choice":"Success","damage_taken":3,"relics_obtained":["MawBank"],"max_hp_gain":0,"max_hp_loss":0,"event_name":"Scrap Ooze","floor":11,"gold_loss":0},{"damage_healed":0,"gold_gain":0,"player_choice":"Searched \u00271\u0027 times","damage_taken":0,"relics_obtained":["Lantern"],"max_hp_gain":0,"max_hp_loss":0,"event_name":"Dead Adventurer","floor":14,"gold_loss":0},{"damage_healed":0,"gold_gain":0,"player_choice":"Opened","damage_taken":0,"relics_obtained":["Snake Skull"],"max_hp_gain":0,"max_hp_loss":0,"event_name":"The Mausoleum","floor":19,"gold_loss":0,"cards_obtained":["Writhe"]},{"damage_healed":0,"gold_gain":0,"player_choice":"Obtained Relic","damage_taken":0,"relics_obtained":["Old Coin"],"max_hp_gain":0,"max_hp_loss":0,"event_name":"Addict","floor":21,"gold_loss":85},{"damage_healed":0,"gold_gain":0,"player_choice":"Upgraded","damage_taken":0,"max_hp_gain":0,"max_hp_loss":0,"event_name":"Upgrade Shrine","floor":22,"gold_loss":0,"cards_upgraded":["Calculated Gamble"]}],"is_beta":false,"boss_relics":[{"not_picked":["Runic Pyramid","Coffee Dripper"],"picked":"SlaversCollar"}],"items_purged_floors":[8],"is_endless":false,"potions_floor_spawned":[13],"killed_by":"Cultist and Chosen","ascension_level":3}}