{"host":"BK","time":1607489760,"event":{"gold_per_floor":[114,114,114,125,125,125,157,167,190,204,204,223,223,258,258,337,337,349,399,414,53,69,100,100,120,120,120,20,20,20,38,38,117,117,131,150,167,42,58,58,83,83,137,147,163,163,175,209,209,209,209,209],"floor_reached":51,"playtime":3707,"items_purged":["Strike_G","Strike_G","Strike_G+1"],"score":1528,"play_id":"fb8467d3-a75b-40b1-a720-59b3039c2f2d","local_time":"20201208215600","is_ascension_mode":true,"campfire_choices":[{"data":"Neutralize","floor":6,"key":"SMITH"},{"floor":11,"key":"REST"},{"floor":13,"key":"REST"},{"floor":15,"key":"REST"},{"floor":24,"key":"REST"},{"floor":27,"key":"REST"},{"data":"Catalyst","floor":29,"key":"SMITH"},{"data":"Catalyst","floor":32,"key":"SMITH"},{"floor":40,"key":"REST"},{"floor":42,"key":"REST"},{"floor":49,"key":"REST"}],"neow_cost":"NONE","seed_source_timestamp":12591372622700,"circlet_count":0,"master_deck":["AscendersBane","Strike_G+1","Defend_G","Defend_G","Defend_G","Defend_G","Defend_G","Survivor","Neutralize+1","Dash+1","Catalyst+1","Burst","Poisoned Stab","Bane","Bullet Time","Predator","Catalyst+1","Riddle With Holes","Leg Sweep","Malaise","Dash","Footwork+1","Wraith Form v2","Leg Sweep","PiercingWail"],"relics":["Ring of the Snake","NeowsBlessing","Snake Skull","StoneCalendar","Snecko Eye","TwistedFunnel","Gremlin Horn","WristBlade","Bag of Preparation","Vajra","Oddly Smooth Stone"],"potions_floor_usage":[14,33,33,41,45,51,51],"damage_taken":[{"damage":0,"enemies":"Small Slimes","floor":1,"turns":1},{"damage":0,"enemies":"Jaw Worm","floor":4,"turns":1},{"damage":0,"enemies":"Lagavulin","floor":7,"turns":1},{"damage":3,"enemies":"Cultist","floor":8,"turns":4},{"damage":0,"enemies":"Looter","floor":10,"turns":3},{"damage":13,"enemies":"Large Slime","floor":12,"turns":6},{"damage":36,"enemies":"Gremlin Nob","floor":14,"turns":5},{"damage":18,"enemies":"The Guardian","floor":16,"turns":12},{"damage":16,"enemies":"Shell Parasite","floor":18,"turns":5},{"damage":0,"enemies":"3 Byrds","floor":20,"turns":5},{"damage":0,"enemies":"Snecko","floor":22,"turns":2},{"damage":19,"enemies":"Book of Stabbing","floor":23,"turns":4},{"damage":8,"enemies":"Shelled Parasite and Fungi","floor":25,"turns":2},{"damage":15,"enemies":"Snake Plant","floor":31,"turns":3},{"damage":36,"enemies":"Automaton","floor":33,"turns":11},{"damage":0,"enemies":"Orb Walker","floor":35,"turns":2},{"damage":30,"enemies":"3 Darklings","floor":36,"turns":3},{"damage":10,"enemies":"Maw","floor":37,"turns":4},{"damage":0,"enemies":"Writhing Mass","floor":39,"turns":3},{"damage":0,"enemies":"Giant Head","floor":41,"turns":4},{"damage":0,"enemies":"4 Shapes","floor":44,"turns":4},{"damage":13,"enemies":"Spire Growth","floor":45,"turns":4},{"damage":0,"enemies":"Maw","floor":47,"turns":3},{"damage":35,"enemies":"Reptomancer","floor":48,"turns":4},{"damage":18,"enemies":"Time Eater","floor":50,"turns":13},{"damage":6,"enemies":"Awakened One","floor":51,"turns":1}],"seed_played":"-7189206726112583853","potions_obtained":[{"floor":4,"key":"FearPotion"},{"floor":7,"key":"Swift Potion"},{"floor":12,"key":"GhostInAJar"},{"floor":16,"key":"Fire Potion"},{"floor":33,"key":"DistilledChaos"},{"floor":37,"key":"Swift Potion"},{"floor":41,"key":"BlessingOfTheForge"},{"floor":48,"key":"Weak Potion"}],"is_trial":false,"path_per_floor":["M","?","?","M","?","R","E","M","T","M","R","M","R","E","R","B",null,"M","?","M","$","M","E","R","M","T","R","$","R","?","M","R","B",null,"M","M","M","$","M","R","E","R","T","M","M","?","M","E","R","B","B"],"character_chosen":"THE_SILENT","items_purchased":["TwistedFunnel","Catalyst","Riddle With Holes"],"campfire_rested":8,"item_purchase_floors":[21,21,21],"current_hp_per_floor":[59,52,32,32,32,32,32,29,29,29,48,35,54,18,37,19,54,38,38,38,38,38,19,38,30,30,49,49,49,66,51,51,15,53,53,23,13,13,13,32,32,51,51,51,38,38,38,3,22,4,0,0],"gold":209,"neow_bonus":"THREE_ENEMY_KILL","is_prod":false,"is_daily":false,"chose_seed":false,"campfire_upgraded":3,"win_rate":0,"timestamp":1607489760,"path_taken":["M","?","?","M","?","R","E","?","T","M","R","M","R","E","R","BOSS","M","?","M","$","M","E","R","M","T","R","$","R","?","M","R","BOSS","M","M","M","$","M","R","E","R","T","?","M","?","M","E","R","BOSS","BOSS"],"build_version":"2020-12-07","purchased_purges":3,"victory":false,"max_hp_per_floor":[66,66,66,66,66,66,66,66,66,66,66,66,66,66,66,66,66,66,66,66,66,66,66,66,66,66,66,66,66,66,66,66,66,66,66,66,66,66,66,66,66,66,66,66,66,66,66,66,66,66,66,66],"card_choices":[{"not_picked":["Prepared","Blade Dance"],"picked":"Dash","floor":1},{"not_picked":["Acrobatics","Dagger Spray"],"picked":"Catalyst","floor":4},{"not_picked":["Quick Slash","Underhanded Strike"],"picked":"Burst","floor":7},{"not_picked":["Deflect","Dodge and Roll"],"picked":"Endless Agony","floor":8},{"not_picked":["Accuracy","Tactician"],"picked":"Poisoned Stab","floor":10},{"not_picked":["Prepared","Underhanded Strike","Blade Dance"],"picked":"SKIP","floor":12},{"not_picked":["Dagger Throw","Blade Dance"],"picked":"Bane","floor":14},{"not_picked":["Tools of the Trade","Storm of Steel"],"picked":"Bullet Time","floor":16},{"not_picked":["Dagger Spray","Prepared"],"picked":"Predator","floor":18},{"not_picked":["Cloak And Dagger","Deflect+1","Blade Dance+1"],"picked":"SKIP","floor":20},{"not_picked":["Distraction","Deflect","Backstab"],"picked":"SKIP","floor":22},{"not_picked":["Setup","Poisoned Stab+1","All Out Attack"],"picked":"SKIP","floor":23},{"not_picked":["Grand Finale","Prepared","Caltrops"],"picked":"SKIP","floor":25},{"not_picked":["Dagger Throw","Tactician"],"picked":"Leg Sweep","floor":31},{"not_picked":["Adrenaline","Envenom"],"picked":"Malaise","floor":33},{"not_picked":["Outmaneuver","Riddle With Holes","Masterful Stab"],"picked":"SKIP","floor":35},{"not_picked":["Quick Slash","Dagger Throw+1","Tactician"],"picked":"SKIP","floor":36},{"not_picked":["Outmaneuver+1","Dagger Spray+1"],"picked":"Dash","floor":37},{"not_picked":["Cloak And Dagger","Poisoned Stab"],"picked":"Footwork+1","floor":39},{"not_picked":["Dash+1","Accuracy"],"picked":"Wraith Form v2","floor":41},{"not_picked":["Dash","Deflect","Cloak And Dagger"],"picked":"SKIP","floor":44},{"not_picked":["Poisoned Stab","Skewer"],"picked":"Leg Sweep","floor":45},{"not_picked":["Predator+1","Cloak And Dagger"],"picked":"PiercingWail","floor":47},{"not_picked":["All Out Attack+1","PiercingWail+1","Expertise"],"picked":"SKIP","floor":48}],"player_experience":2332267,"relics_obtained":[{"floor":7,"key":"Snake Skull"},{"floor":14,"key":"StoneCalendar"},{"floor":26,"key":"Gremlin Horn"},{"floor":41,"key":"Bag of Preparation"},{"floor":43,"key":"Vajra"},{"floor":48,"key":"Oddly Smooth Stone"}],"event_choices":[{"cards_removed":["Strike_G"],"damage_healed":0,"gold_gain":0,"player_choice":"Card Removal","damage_taken":7,"max_hp_gain":0,"max_hp_loss":0,"event_name":"Golden Wing","floor":2,"gold_loss":0},{"damage_healed":0,"gold_gain":0,"player_choice":"Entered Light","damage_taken":20,"max_hp_gain":0,"max_hp_loss":0,"event_name":"Shining Light","floor":3,"gold_loss":0,"cards_upgraded":["Strike_G","Strike_G"]},{"damage_healed":0,"gold_gain":0,"player_choice":"Forge","damage_taken":0,"max_hp_gain":0,"max_hp_loss":0,"event_name":"Accursed Blacksmith","floor":5,"gold_loss":0,"cards_upgraded":["Dash"]},{"damage_healed":0,"gold_gain":50,"player_choice":"Stole From Cult","damage_taken":0,"max_hp_gain":0,"max_hp_loss":0,"event_name":"Nest","floor":19,"gold_loss":0},{"cards_removed":["Endless Agony"],"damage_healed":17,"gold_gain":0,"player_choice":"Offered Uncommon","damage_taken":0,"max_hp_gain":0,"max_hp_loss":0,"event_name":"Bonfire Elementals","floor":30,"gold_loss":0},{"damage_healed":0,"gold_gain":0,"player_choice":"Memory 1","damage_taken":0,"max_hp_gain":0,"max_hp_loss":0,"event_name":"SensoryStone","floor":46,"gold_loss":0}],"is_beta":true,"boss_relics":[{"not_picked":["Pandora\u0027s Box","Empty Cage"],"picked":"Snecko Eye"},{"not_picked":["Ring of the Serpent","Coffee Dripper"],"picked":"WristBlade"}],"items_purged_floors":[21,28,38],"is_endless":false,"potions_floor_spawned":[4,7,8,12,16,22,33,37,39,41,48],"killed_by":"Awakened One","ascension_level":20}}