{"host":"6z3lyu1ryohrpkr3","time":1607549939,"event":{"gold_per_floor":[110,110,125,300,315,28,54,54,54,9,9,34,34,34,34,134,134,150,167,195,195,195,195,228,228,252,252,269,297,313,336,336,438,438,458,680,680,7,57,57,87,87,110,122,154,165,165,194,194,194,194,194,28,60,60,60],"floor_reached":55,"playtime":3622,"items_purged":["Doubt","Well Laid Plans","Enlightenment"],"score":1095,"play_id":"7c240d56-9921-41ff-8b1f-abfc9a571c20","local_time":"20201209223859","is_ascension_mode":false,"campfire_choices":[{"data":"Infinite Blades","floor":8,"key":"SMITH"},{"data":"Infinite Blades","floor":13,"key":"SMITH"},{"data":"Accuracy","floor":15,"key":"SMITH"},{"data":"Adrenaline","floor":23,"key":"SMITH"},{"data":"Finisher","floor":25,"key":"SMITH"},{"data":"Accuracy","floor":27,"key":"SMITH"},{"floor":32,"key":"RECALL"},{"data":"Accuracy","floor":42,"key":"SMITH"},{"data":"A Thousand Cuts","floor":49,"key":"SMITH"},{"data":"Neutralize","floor":52,"key":"SMITH"}],"neow_cost":"","seed_source_timestamp":36943566827400,"circlet_count":0,"master_deck":["Strike_G","Strike_G+1","Strike_G+1","Strike_G","Strike_G","Defend_G","Defend_G","Defend_G","Defend_G","Survivor","Neutralize+1","Blade Dance+1","Accuracy+1","Accuracy+1","PiercingWail","Blade Dance+1","Accuracy+1","Infinite Blades+1","Backflip","Infinite Blades+1","Adrenaline+1","Backflip+1","Finisher+1","Calculated Gamble","Venomology","A Thousand Cuts+1","Master of Strategy","Cloak And Dagger+1","Terror","Storm of Steel"],"relics":["NlothsMask","Bloody Idol","Vajra","Whetstone","Orichalcum","Bag of Preparation","Coffee Dripper","Red Mask","The Courier","HornCleat","PreservedInsect","Runic Pyramid","Nunchaku","Mercury Hourglass","Matryoshka","Girya","Bronze Scales","Gremlin Horn","MealTicket","Smiling Mask","Dream Catcher","Oddly Smooth Stone","Art of War"],"potions_floor_usage":[12,18,20,29,33,33,41,45,46,46,46,46,50,50,50,50,54,55],"damage_taken":[{"damage":0,"enemies":"Jaw Worm","floor":1,"turns":3},{"damage":5,"enemies":"2 Louse","floor":3,"turns":3},{"damage":2,"enemies":"Small Slimes","floor":5,"turns":3},{"damage":10,"enemies":"Lagavulin","floor":7,"turns":6},{"damage":0,"enemies":"Gremlin Nob","floor":12,"turns":3},{"damage":17,"enemies":"The Guardian","floor":16,"turns":5},{"damage":2,"enemies":"2 Thieves","floor":18,"turns":3},{"damage":0,"enemies":"Chosen","floor":19,"turns":3},{"damage":0,"enemies":"Masked Bandits","floor":20,"turns":3},{"damage":3,"enemies":"Book of Stabbing","floor":24,"turns":4},{"damage":0,"enemies":"Snecko","floor":28,"turns":3},{"damage":10,"enemies":"Slavers","floor":29,"turns":4},{"damage":7,"enemies":"Centurion and Healer","floor":30,"turns":3},{"damage":6,"enemies":"Champ","floor":33,"turns":4},{"damage":3,"enemies":"3 Darklings","floor":35,"turns":3},{"damage":0,"enemies":"Mind Bloom Boss Battle","floor":39,"turns":3},{"damage":0,"enemies":"Reptomancer","floor":41,"turns":2},{"damage":0,"enemies":"3 Shapes","floor":44,"turns":2},{"damage":0,"enemies":"Nemesis","floor":45,"turns":3},{"damage":9,"enemies":"Jaw Worm Horde","floor":46,"turns":3},{"damage":0,"enemies":"Giant Head","floor":48,"turns":4},{"damage":7,"enemies":"Donu and Deca","floor":50,"turns":5},{"damage":22,"enemies":"Shield and Spear","floor":54,"turns":3},{"damage":49,"enemies":"The Heart","floor":55,"turns":5}],"seed_played":"3266301753812680621","potions_obtained":[{"floor":5,"key":"Weak Potion"},{"floor":12,"key":"Block Potion"},{"floor":16,"key":"ColorlessPotion"},{"floor":19,"key":"Swift Potion"},{"floor":28,"key":"DuplicationPotion"},{"floor":29,"key":"FearPotion"},{"floor":35,"key":"Strength Potion"},{"floor":44,"key":"Strength Potion"},{"floor":54,"key":"PowerPotion"}],"is_trial":false,"path_per_floor":["M","?","M","?","M","$","E","R","T","$","?","E","R","?","R","B",null,"M","M","?","?","?","R","E","R","T","R","M","E","M","T","R","B",null,"M","?","?","$","?","?","E","R","T","M","E","M","?","E","R","B",null,"R","$","E","B"],"character_chosen":"THE_SILENT","items_purchased":["Blade Dance","Accuracy","Vajra","Accuracy","Backflip","Enlightenment","Nunchaku","Mercury Hourglass","Matryoshka","Oddly Smooth Stone"],"campfire_rested":0,"item_purchase_floors":[0,0,6,6,10,38,38,38,38,53],"current_hp_per_floor":[49,49,49,54,57,57,52,52,52,52,45,50,50,50,50,38,70,70,70,70,70,70,70,70,70,70,70,70,65,63,68,68,67,70,70,70,70,70,70,70,70,70,70,70,70,66,66,66,66,59,66,66,66,49,0,0],"gold":60,"neow_bonus":"","is_prod":false,"is_daily":false,"chose_seed":false,"campfire_upgraded":9,"win_rate":0,"timestamp":1607549939,"path_taken":["M","?","M","?","M","$","E","R","T","?","?","E","R","?","R","BOSS","M","?","?","?","?","R","E","R","T","R","M","E","M","?","R","BOSS","M","?","?","$","?","?","E","R","T","?","E","M","?","E","R","BOSS","R","$","E","BOSS"],"build_version":"2020-11-30","purchased_purges":3,"victory":false,"max_hp_per_floor":[70,70,70,70,70,70,70,70,70,70,70,70,70,70,70,70,70,70,70,70,70,70,70,70,70,70,70,70,70,70,70,70,70,70,70,70,70,70,70,70,70,70,70,70,70,70,66,66,66,66,66,66,66,66,66,66],"card_choices":[{"not_picked":["Cloak And Dagger","Eviscerate"],"picked":"Accuracy","floor":1},{"not_picked":["Catalyst","Bane"],"picked":"PiercingWail","floor":3},{"not_picked":["Crippling Poison","Dagger Spray"],"picked":"Blade Dance","floor":5},{"not_picked":["Sucker Punch","Escape Plan"],"picked":"Infinite Blades","floor":7},{"not_picked":["Caltrops","Underhanded Strike"],"picked":"Infinite Blades","floor":12},{"not_picked":["Envenom","Malaise"],"picked":"Adrenaline","floor":16},{"not_picked":["Dagger Throw","PiercingWail+1","Outmaneuver"],"picked":"SKIP","floor":18},{"not_picked":["Eviscerate","Acrobatics"],"picked":"Backflip+1","floor":19},{"not_picked":["Poisoned Stab","Prepared"],"picked":"Calculated Gamble","floor":24},{"not_picked":["Blade Dance","Dodge and Roll"],"picked":"Well Laid Plans","floor":28},{"not_picked":["Expertise","Dagger Spray+1"],"picked":"Venomology","floor":29},{"not_picked":["Calculated Gamble","Backstab+1","Eviscerate"],"picked":"SKIP","floor":30},{"not_picked":["Burst","Night Terror"],"picked":"A Thousand Cuts","floor":33},{"not_picked":["Flechettes","Eviscerate+1","Footwork+1"],"picked":"SKIP","floor":35},{"not_picked":["Impatience","Magnetism"],"picked":"Master of Strategy","floor":40},{"not_picked":["Dagger Spray","Slice+1"],"picked":"Cloak And Dagger+1","floor":41},{"not_picked":["Catalyst+1","Blur+1"],"picked":"Terror","floor":44},{"not_picked":["Expertise","Predator+1","Backstab"],"picked":"SKIP","floor":45},{"not_picked":["Dagger Spray","Bouncing Flask+1","Sucker Punch+1"],"picked":"SKIP","floor":46},{"not_picked":["Catalyst","Flying Knee","Deflect"],"picked":"SKIP","floor":48},{"not_picked":["Skewer","Crippling Poison"],"picked":"Storm of Steel","floor":54}],"player_experience":310214,"relics_obtained":[{"floor":7,"key":"Whetstone"},{"floor":12,"key":"Bag of Preparation"},{"floor":20,"key":"Red Mask"},{"floor":24,"key":"The Courier"},{"floor":29,"key":"HornCleat"},{"floor":31,"key":"PreservedInsect"},{"floor":39,"key":"Girya"},{"floor":41,"key":"Bronze Scales"},{"floor":43,"key":"Gremlin Horn"},{"floor":43,"key":"MealTicket"},{"floor":45,"key":"Smiling Mask"},{"floor":48,"key":"Dream Catcher"},{"floor":54,"key":"Art of War"}],"event_choices":[{"damage_healed":0,"gold_gain":0,"player_choice":"Grow","damage_taken":0,"max_hp_gain":0,"max_hp_loss":0,"event_name":"Living Wall","floor":2,"gold_loss":0,"cards_upgraded":["Blade Dance"]},{"damage_healed":0,"gold_gain":175,"player_choice":"AGREE","damage_taken":0,"max_hp_gain":0,"max_hp_loss":0,"event_name":"Liars Game","floor":4,"gold_loss":0,"cards_obtained":["Doubt"]},{"damage_healed":0,"gold_gain":0,"player_choice":"Success","damage_taken":7,"relics_obtained":["Orichalcum"],"max_hp_gain":0,"max_hp_loss":0,"event_name":"Scrap Ooze","floor":11,"gold_loss":0},{"damage_healed":0,"gold_gain":0,"player_choice":"Upgraded","damage_taken":0,"max_hp_gain":0,"max_hp_loss":0,"event_name":"Upgrade Shrine","floor":14,"gold_loss":0,"cards_upgraded":["Blade Dance"]},{"damage_healed":0,"gold_gain":0,"player_choice":"Fought Bandits","damage_taken":0,"max_hp_gain":0,"max_hp_loss":0,"event_name":"Masked Bandits","floor":20,"gold_loss":0},{"damage_healed":0,"gold_gain":0,"player_choice":"Read","damage_taken":0,"max_hp_gain":0,"max_hp_loss":0,"event_name":"The Library","floor":21,"gold_loss":0,"cards_obtained":["Finisher"]},{"damage_healed":0,"gold_gain":0,"player_choice":"Ignored","damage_taken":0,"max_hp_gain":0,"max_hp_loss":0,"event_name":"Cursed Tome","floor":22,"gold_loss":0},{"damage_healed":0,"gold_gain":222,"player_choice":"Wore Mask","damage_taken":0,"max_hp_gain":0,"max_hp_loss":0,"event_name":"Tomb of Lord Red Mask","floor":36,"gold_loss":0},{"cards_removed":["Defend_G"],"damage_healed":0,"gold_gain":0,"player_choice":"Removed Skill","damage_taken":0,"max_hp_gain":0,"max_hp_loss":0,"event_name":"Falling","floor":37,"gold_loss":0},{"damage_healed":0,"gold_gain":0,"player_choice":"Fight","damage_taken":0,"max_hp_gain":0,"max_hp_loss":0,"event_name":"MindBloom","floor":39,"gold_loss":0},{"damage_healed":0,"gold_gain":0,"player_choice":"Memory 1","damage_taken":0,"max_hp_gain":0,"max_hp_loss":0,"event_name":"SensoryStone","floor":40,"gold_loss":0},{"damage_healed":0,"gold_gain":0,"player_choice":"Max HP","damage_taken":0,"max_hp_gain":0,"max_hp_loss":4,"event_name":"Winding Halls","floor":47,"gold_loss":0}],"is_beta":false,"boss_relics":[{"not_picked":["SacredBark","Philosopher\u0027s Stone"],"picked":"Coffee Dripper"},{"not_picked":["Pandora\u0027s Box","Black Star"],"picked":"Runic Pyramid"}],"items_purged_floors":[6,38,53],"is_endless":false,"potions_floor_spawned":[5,12,16,19,28,29,35,44,54],"killed_by":"The Heart","ascension_level":0}}