{"host":"xeqp5qblrc63z4ze","time":1607478928,"event":{"gold_per_floor":[112,187,201,376,376,20,53,67,67,80,80,96,96,107,107,210,210,230,243,243,243,243],"floor_reached":21,"playtime":896,"items_purged":["Doubt"],"score":244,"play_id":"c6122f4f-f54c-4d96-9f03-e2c7b55dd017","local_time":"20201208225528","is_ascension_mode":true,"campfire_choices":[{"floor":11,"key":"REST"},{"floor":13,"key":"REST"},{"floor":15,"key":"REST"}],"neow_cost":"PERCENT_DAMAGE","seed_source_timestamp":121893929072100,"circlet_count":0,"master_deck":["Strike_B","Strike_B","Defend_B","Defend_B","Defend_B","Defend_B","Zap","Dualcast","Chrysalis+1","Sunder","Ball Lightning","Leap","Redo","Doom and Gloom","White Noise","Genetic Algorithm","Seek","Undo","Fission","Double Energy"],"relics":["Cracked Core","Letter Opener","Girya","Shuriken","Snecko Eye"],"potions_floor_usage":[10,16,19],"damage_taken":[{"damage":2,"enemies":"Jaw Worm","floor":1,"turns":4},{"damage":2,"enemies":"2 Louse","floor":3,"turns":2},{"damage":16,"enemies":"3 Sentries","floor":7,"turns":7},{"damage":3,"enemies":"Small Slimes","floor":8,"turns":2},{"damage":6,"enemies":"2 Fungi Beasts","floor":10,"turns":2},{"damage":20,"enemies":"Blue Slaver","floor":12,"turns":4},{"damage":9,"enemies":"Red Slaver","floor":14,"turns":3},{"damage":10,"enemies":"Hexaghost","floor":16,"turns":9},{"damage":22,"enemies":"Chosen","floor":18,"turns":6},{"damage":20,"enemies":"3 Byrds","floor":19,"turns":4},{"damage":31,"enemies":"Snake Plant","floor":21,"turns":2}],"seed_played":"1298029899894449559","potions_obtained":[{"floor":7,"key":"PowerPotion"},{"floor":12,"key":"SteroidPotion"},{"floor":14,"key":"SkillPotion"},{"floor":18,"key":"Fire Potion"},{"floor":19,"key":"Regen Potion"}],"is_trial":false,"path_per_floor":["M","?","M","?","?","$","E","M","T","M","R","M","R","M","R","B",null,"M","M","?","M"],"character_chosen":"DEFECT","items_purchased":["Letter Opener","Leap"],"campfire_rested":3,"item_purchase_floors":[6,6],"current_hp_per_floor":[48,37,35,35,35,35,19,16,16,10,32,12,34,25,47,37,66,44,24,24,0,0],"gold":243,"neow_bonus":"RANDOM_COLORLESS_2","is_prod":false,"is_daily":false,"chose_seed":false,"campfire_upgraded":0,"win_rate":0,"timestamp":1607478928,"path_taken":["M","?","M","?","?","$","E","M","T","M","R","M","R","M","R","BOSS","M","M","?","M"],"build_version":"2020-11-30","purchased_purges":1,"victory":false,"max_hp_per_floor":[75,75,75,75,75,75,75,75,75,75,75,75,75,75,75,75,75,75,75,75,75,75],"card_choices":[{"not_picked":["Secret Weapon","Metamorphosis"],"picked":"Chrysalis","floor":0},{"not_picked":["Cold Snap","Sweeping Beam"],"picked":"Sunder","floor":1},{"not_picked":["Turbo","Redo"],"picked":"Ball Lightning","floor":3},{"not_picked":["Coolheaded","Capacitor"],"picked":"Redo","floor":7},{"not_picked":["FTL","Skim"],"picked":"Doom and Gloom","floor":8},{"not_picked":["Compile Driver","Coolheaded","Loop"],"picked":"SKIP","floor":10},{"not_picked":["Leap","Cold Snap"],"picked":"White Noise","floor":12},{"not_picked":["Streamline","Undo"],"picked":"Genetic Algorithm","floor":14},{"not_picked":["All For One","Amplify"],"picked":"Seek","floor":16},{"not_picked":["FTL","Compile Driver"],"picked":"Undo","floor":18},{"not_picked":["Sweeping Beam+1","Go for the Eyes+1","Gash+1"],"picked":"SKIP","floor":19}],"player_experience":321294,"relics_obtained":[{"floor":7,"key":"Girya"},{"floor":9,"key":"Shuriken"}],"event_choices":[{"damage_healed":0,"gold_gain":75,"player_choice":"Gather Gold","damage_taken":11,"max_hp_gain":0,"max_hp_loss":0,"event_name":"World of Goop","floor":2,"gold_loss":0},{"damage_healed":0,"gold_gain":175,"player_choice":"AGREE","damage_taken":0,"max_hp_gain":0,"max_hp_loss":0,"event_name":"Liars Game","floor":4,"gold_loss":0,"cards_obtained":["Doubt"]},{"damage_healed":0,"gold_gain":0,"player_choice":"Grow","damage_taken":0,"max_hp_gain":0,"max_hp_loss":0,"event_name":"Living Wall","floor":5,"gold_loss":0,"cards_upgraded":["Chrysalis"]},{"damage_healed":0,"gold_gain":0,"cards_transformed":["Strike_B","Strike_B"],"player_choice":"Became Test Subject","damage_taken":0,"max_hp_gain":0,"max_hp_loss":0,"event_name":"Drug Dealer","floor":20,"gold_loss":0,"cards_obtained":["Fission","Double Energy"]}],"is_beta":false,"boss_relics":[{"not_picked":["Busted Crown","Cursed Key"],"picked":"Snecko Eye"}],"items_purged_floors":[6],"is_endless":false,"potions_floor_spawned":[7,12,14,18,19],"killed_by":"Snake Plant","ascension_level":7}}