{"host":"07ljfmttuzqopd7f","time":1607504671,"event":{"gold_per_floor":[367,114,114,137,151,151,183,183,183,210,210,230,249,313,313,421,421,443,469,58,0,0,0,35,63,63,63,76,121,145,165,165,165,165],"floor_reached":33,"playtime":1396,"items_purged":["TheCursedMod:Dregs","hermit:Strike_Hermit"],"score":345,"play_id":"99f2439b-18a5-4fc8-a499-ce868346cda4","local_time":"20201209040431","is_ascension_mode":true,"campfire_choices":[{"floor":6,"key":"REST"},{"floor":8,"key":"REST"},{"floor":15,"key":"REST"},{"floor":23,"key":"REST"},{"floor":27,"key":"REST"},{"floor":32,"key":"RECALL"}],"neow_cost":"CURSE","seed_source_timestamp":31881665113600,"circlet_count":0,"master_deck":["hermit:Defend_Hermit","hermit:Defend_Hermit","hermit:Defend_Hermit","hermit:Defend_Hermit","hermit:Snapshot","hermit:Covet","hermit:Combo","hermit:Vantage","hermit:Gestalt","hermit:GhostlyPresence","hermit:Dissolve","hermit:Headshot","hermit:Determination+1","hermit:TakeAim","hermit:SprayPray+1","Bite","Bite","Bite","Bite","Bite","hermit:Virtue"],"relics":["hermit:Momento","Frozen Eye","Oddly Smooth Stone","Potion Belt","CeramicFish","Bag of Marbles","Sundial","Fusion Hammer","Sling","Pen Nib","MutagenicStrength","Bottled Flame"],"potions_floor_usage":[7,18,24,25,28,30,33,33,33,33],"damage_taken":[{"damage":9,"enemies":"Jaw Worm","floor":1,"turns":3},{"damage":0,"enemies":"2 Louse","floor":5,"turns":4},{"damage":22,"enemies":"3 Sentries","floor":7,"turns":11},{"damage":4,"enemies":"Cultist","floor":10,"turns":4},{"damage":6,"enemies":"Large Slime","floor":12,"turns":8},{"damage":8,"enemies":"3 Louse","floor":13,"turns":4},{"damage":27,"enemies":"The Guardian","floor":16,"turns":12},{"damage":4,"enemies":"Chosen","floor":18,"turns":8},{"damage":18,"enemies":"3 Byrds","floor":19,"turns":5},{"damage":50,"enemies":"Slavers","floor":24,"turns":10},{"damage":2,"enemies":"Cultist and Chosen","floor":25,"turns":7},{"damage":21,"enemies":"Snake Plant","floor":28,"turns":4},{"damage":0,"enemies":"Centurion and Healer","floor":30,"turns":7},{"damage":3,"enemies":"3 Cultists","floor":31,"turns":6},{"damage":79,"enemies":"Collector","floor":33,"turns":6}],"seed_played":"7636615018964714646","potions_obtained":[{"floor":1,"key":"hermit:Tonic"},{"floor":7,"key":"EssenceOfSteel"},{"floor":13,"key":"Swift Potion"},{"floor":16,"key":"hermit:Tonic"},{"floor":24,"key":"EntropicBrew"},{"floor":28,"key":"Swift Potion"},{"floor":31,"key":"Block Potion"}],"is_trial":false,"path_per_floor":["M","$","?","T","M","R","E","R","T","M","?","M","M","?","R","B",null,"M","M","$","?","?","R","E","M","T","R","M","?","M","M","R","B"],"character_chosen":"HERMIT","items_purchased":["hermit:Vantage","Frozen Eye","Sling","Pen Nib"],"campfire_rested":5,"item_purchase_floors":[2,2,20,20],"current_hp_per_floor":[66,66,24,24,24,46,24,46,46,42,42,36,28,28,50,23,75,71,53,53,53,53,75,25,23,23,45,24,24,42,52,52,0,0],"gold":165,"neow_bonus":"TWO_FIFTY_GOLD","is_prod":false,"is_daily":false,"chose_seed":false,"campfire_upgraded":0,"win_rate":0,"timestamp":1607504671,"path_taken":["M","$","?","?","M","R","E","R","T","M","?","M","?","?","R","BOSS","M","M","$","?","?","R","E","M","T","R","M","?","M","M","R","BOSS"],"build_version":"2020-11-30","purchased_purges":2,"victory":false,"max_hp_per_floor":[75,75,75,75,75,75,75,75,75,75,75,75,75,75,75,75,75,75,75,75,75,75,75,75,75,75,75,75,52,52,52,52,52,52],"relic_stats":{"counters":[15,99],"Sundial":[12],"CeramicFish":117,"Pen Nib":[6],"obtain_stats":[{"Potion Belt":4,"Frozen Eye":2,"Bottled Flame":24,"Sundial":11,"CeramicFish":7,"MutagenicStrength":22,"Oddly Smooth Stone":3,"Fusion Hammer":17,"Pen Nib":20,"Bag of Marbles":9,"Sling":20,"hermit:Momento":0},{"Potion Belt":1,"Frozen Eye":1,"Bottled Flame":10,"Sundial":4,"CeramicFish":3,"MutagenicStrength":9,"Oddly Smooth Stone":1,"Fusion Hammer":7,"Pen Nib":9,"Bag of Marbles":3,"Sling":9,"hermit:Momento":0},{"Potion Belt":3,"Frozen Eye":3,"Bottled Flame":69,"Sundial":22,"CeramicFish":18,"MutagenicStrength":59,"Oddly Smooth Stone":3,"Fusion Hammer":46,"Pen Nib":59,"Bag of Marbles":18,"Sling":59,"hermit:Momento":0}]},"card_choices":[{"not_picked":["hermit:Misfire","hermit:Shortfuse"],"picked":"hermit:Combo","floor":1},{"not_picked":["hermit:ItchyTrigger","hermit:Desperado","hermit:LuckOfTheDraw"],"picked":"SKIP","floor":5},{"not_picked":["hermit:ItchyTrigger","hermit:Glare","hermit:HighCaliber"],"picked":"SKIP","floor":7},{"not_picked":["hermit:LowProfile","hermit:TrackingShot"],"picked":"hermit:Gestalt","floor":10},{"not_picked":["hermit:Headshot","hermit:TakeCover","hermit:Glare"],"picked":"SKIP","floor":12},{"not_picked":["hermit:Spite","hermit:Roulette"],"picked":"hermit:GhostlyPresence","floor":13},{"not_picked":["hermit:FatalDesire","hermit:HighNoon"],"picked":"hermit:Dissolve","floor":16},{"not_picked":["hermit:ShadowCloak","hermit:NoHoldsBarred+1"],"picked":"hermit:Headshot","floor":18},{"not_picked":["hermit:Scavenge+1","hermit:Roulette"],"picked":"hermit:Determination+1","floor":19},{"not_picked":["hermit:Vantage","hermit:HoleUp+1"],"picked":"hermit:TakeAim","floor":24},{"not_picked":["hermit:Misfire","hermit:Vantage"],"picked":"hermit:SprayPray+1","floor":25},{"not_picked":["hermit:Vantage","hermit:HighCaliber","hermit:NoHoldsBarred"],"picked":"SKIP","floor":28},{"not_picked":["hermit:Ricochet","hermit:CalledShot+1"],"picked":"hermit:Virtue","floor":30},{"not_picked":["hermit:Malice","hermit:DeadOrAlive","hermit:Misfire"],"picked":"SKIP","floor":31}],"player_experience":366296,"relics_obtained":[{"floor":4,"key":"Potion Belt"},{"floor":7,"key":"CeramicFish"},{"floor":9,"key":"Bag of Marbles"},{"floor":24,"key":"Bottled Flame"}],"event_choices":[{"damage_healed":0,"gold_gain":0,"player_choice":"Success","damage_taken":42,"relics_obtained":["Oddly Smooth Stone"],"max_hp_gain":0,"max_hp_loss":0,"event_name":"Scrap Ooze","floor":3,"gold_loss":0},{"damage_healed":0,"gold_gain":0,"player_choice":"Gave Potion","damage_taken":0,"relics_obtained":["Sundial"],"max_hp_gain":0,"max_hp_loss":0,"event_name":"WeMeetAgain","floor":11,"gold_loss":0},{"damage_healed":0,"gold_gain":64,"player_choice":"Gained Gold","damage_taken":0,"max_hp_gain":0,"max_hp_loss":0,"event_name":"Golden Wing","floor":14,"gold_loss":0},{"damage_healed":0,"gold_gain":0,"player_choice":"Paid Fearfully","damage_taken":0,"max_hp_gain":0,"max_hp_loss":0,"event_name":"Masked Bandits","floor":21,"gold_loss":58},{"damage_healed":0,"gold_gain":0,"player_choice":"Inject Mutagens","damage_taken":0,"relics_obtained":["MutagenicStrength"],"max_hp_gain":0,"max_hp_loss":0,"event_name":"Drug Dealer","floor":22,"gold_loss":0},{"damage_healed":0,"gold_gain":0,"player_choice":"Became a vampire","damage_taken":0,"max_hp_gain":0,"max_hp_loss":23,"event_name":"Vampires","floor":29,"gold_loss":0,"cards_obtained":["Bite","Bite","Bite","Bite","Bite"]}],"is_beta":false,"boss_relics":[{"not_picked":["Runic Pyramid","Busted Crown"],"picked":"Fusion Hammer"}],"items_purged_floors":[2,20],"is_endless":false,"potions_floor_spawned":[1,7,13,16,24,28,31],"killed_by":"Collector","ascension_level":4}}