{"host":"cxvb37eaaiijvrl4","time":1607513679,"event":{"gold_per_floor":[116,116,142,159,559,592,611,611,681,713,730,760,685,685,685,761,761,775,700,620,620,520,520,545,545,597,597,607,617,672,377,377,450,450,461,486,503,10,24,24,40,40,111,111,111,124,157,170,170,170,170,170,170,6,37,37],"floor_reached":57,"playtime":1161,"items_purged":["MostiFishMod:DawningShadow","Rainbow","Strike_B","Defend_B","Strike_B","Strike_B","Defend_B"],"score":3407,"play_id":"e7339b2e-4a6d-4825-9489-b0bcc41cd984","local_time":"20201209033439","is_ascension_mode":true,"campfire_choices":[{"data":"Sword Boomerang","floor":8,"key":"SMITH"},{"data":"Fusion","floor":15,"key":"SMITH"},{"data":"Body Slam","floor":23,"key":"SMITH"},{"data":"Prostrate","floor":25,"key":"SMITH"},{"data":"Gash","floor":32,"key":"SMITH"},{"data":"testmod-ChaoticCore","floor":40,"key":"SMITH"},{"data":"Deep Breath","floor":45,"key":"SMITH"},{"floor":49,"key":"RECALL"},{"data":"Defend_B","floor":53,"key":"SMITH"}],"neow_cost":"TEN_PERCENT_HP_LOSS","seed_source_timestamp":105398623779600,"circlet_count":0,"master_deck":["AscendersBane","Defend_B","Defend_B+1","Gash+1","Prostrate+1","Sword Boomerang+1","Fusion+1","Body Slam+1","testmod-ChaoticCore+1","Deep Breath+1"],"relics":["Cracked Core","PatriotShield","testmod-Recursion","Question Card","PrismaticShard","Bag of Preparation","ImportantClient","testmod-NegativeEmotionEnhancer","Enchiridion","PreservedInsect","Potion Belt","DaveBox","ImprovedEquipment","RhineSuit","testmod-CyclicPeriapt","MerchantsRug","Shuriken","Orichalcum"],"potions_floor_usage":[56,56],"damage_taken":[{"damage":0,"enemies":"2 Louse","floor":1,"turns":3},{"damage":0,"enemies":"Jaw Worm","floor":4,"turns":1},{"damage":0,"enemies":"Gremlin Nob","floor":6,"turns":2},{"damage":0,"enemies":"Small Slimes","floor":7,"turns":2},{"damage":0,"enemies":"Lagavulin","floor":10,"turns":3},{"damage":0,"enemies":"Exordium Wildlife","floor":11,"turns":2},{"damage":0,"enemies":"Gremlin Nob","floor":12,"turns":2},{"damage":0,"enemies":"Hexaghost","floor":16,"turns":4},{"damage":0,"enemies":"Shell Parasite","floor":18,"turns":1},{"damage":0,"enemies":"Slavers","floor":24,"turns":1},{"damage":0,"enemies":"2 Thieves","floor":28,"turns":1},{"damage":0,"enemies":"Shelled Parasite and Fungi","floor":29,"turns":1},{"damage":0,"enemies":"Collector","floor":33,"turns":3},{"damage":0,"enemies":"Orb Walker","floor":35,"turns":1},{"damage":0,"enemies":"Mind Bloom Boss Battle","floor":36,"turns":2},{"damage":0,"enemies":"3 Shapes","floor":37,"turns":1},{"damage":0,"enemies":"Jaw Worm Horde","floor":39,"turns":2},{"damage":0,"enemies":"4 Shapes","floor":41,"turns":1},{"damage":0,"enemies":"Writhing Mass","floor":46,"turns":2},{"damage":0,"enemies":"Reptomancer","floor":47,"turns":2},{"damage":0,"enemies":"Maw","floor":48,"turns":1},{"damage":0,"enemies":"Donu and Deca","floor":50,"turns":3},{"damage":0,"enemies":"Time Eater","floor":51,"turns":1},{"damage":0,"enemies":"Shield and Spear","floor":55,"turns":1},{"damage":0,"enemies":"The Heart","floor":56,"turns":4}],"seed_played":"-2973026385868138327","potions_obtained":[{"floor":4,"key":"Energy Potion"},{"floor":10,"key":"BlessingOfTheForge"},{"floor":28,"key":"PowerPotion"},{"floor":29,"key":"SpeedPotion"},{"floor":39,"key":"Swift Potion"},{"floor":47,"key":"Energy Potion"}],"is_trial":false,"path_per_floor":["M","?","T","M","?","E","M","R","T","E","M","E","$","?","R","B",null,"M","?","$","?","$","R","E","R","T","?","M","M","T","$","R","B",null,"M","?","M","$","M","R","M","?","T","?","R","M","E","M","R","B","B",null,"R","$","E","B",null],"character_chosen":"DEFECT","items_purchased":["testmod-ChaoticCore","MerchantsRug","Shuriken"],"campfire_rested":0,"item_purchase_floors":[38,54,54],"current_hp_per_floor":[64,69,69,69,69,69,69,69,69,69,69,69,69,58,67,67,69,70,70,70,49,49,55,59,65,65,65,68,71,71,71,73,74,74,75,76,77,77,78,78,79,69,69,69,75,77,81,82,82,83,84,84,84,84,85,86],"gold":37,"neow_bonus":"TRANSFORM_TWO_CARDS","is_prod":false,"is_daily":false,"chose_seed":false,"campfire_upgraded":8,"win_rate":0,"timestamp":1607513679,"path_taken":["M","?","?","M","?","E","M","R","T","E","M","E","$","?","R","BOSS","M","?","$","?","?","R","E","R","T","?","M","M","?","$","R","BOSS","M","?","M","$","M","R","M","?","T","?","R","M","E","M","R","BOSS","BOSS","R","$","E","BOSS"],"build_version":"2020-11-30","purchased_purges":7,"victory":true,"max_hp_per_floor":[64,69,69,69,69,69,69,69,69,69,69,69,69,69,69,69,69,70,70,70,70,70,70,71,71,71,71,72,73,73,73,73,74,74,75,76,77,77,78,78,79,79,79,79,79,80,81,82,82,83,84,84,84,84,85,86],"card_choices":[{"not_picked":["Turbo","Reprogram"],"picked":"Gash","floor":1},{"not_picked":["Lockon","Endless Agony","FlyingSleeves"],"picked":"Prostrate","floor":4},{"not_picked":["Slice","testmod-PerfectCombo","Bloodletting","Corruption"],"picked":"SKIP","floor":6},{"not_picked":["Whirlwind","Deflect","Cleave"],"picked":"Sword Boomerang","floor":7},{"not_picked":["Glacier","Warcry","Vengeance"],"picked":"Fusion","floor":10},{"not_picked":["Evaluate","Storm of Steel","Dodge and Roll","Deflect"],"picked":"SKIP","floor":11},{"not_picked":["Stack","Cloak And Dagger","MostiFishMod:ChineseTea"],"picked":"Body Slam","floor":12},{"not_picked":["Backstab","Disarm","Consecrate","Headbutt"],"picked":"SKIP","floor":18},{"not_picked":["Heatsinks+1","Leap+1","Fusion","Consume"],"picked":"SKIP","floor":24},{"not_picked":["Cleave","ClearTheMind+1","BowlingBash","Scrape"],"picked":"SKIP","floor":28},{"not_picked":["Turbo","MostiFishMod:ThornCasing","Riddle With Holes","MostiFishMod:ScryFuture"],"picked":"SKIP","floor":29},{"not_picked":["Beam Cell","Twin Strike","Finesse","Wild Strike+1"],"picked":"SKIP","floor":35},{"not_picked":["testmod-HandmadeProducts","Adaptation","ThirdEye","Armaments"],"picked":"SKIP","floor":37},{"not_picked":["Loop","testmod-LifeRuler","FollowUp+1","Sucker Punch"],"picked":"SKIP","floor":39},{"not_picked":["Twin Strike+1","Deadly Poison","Tactician","Blind"],"picked":"SKIP","floor":41},{"not_picked":["testmod-BackupPower","Panacea","testmod-LimitFlipper"],"picked":"Deep Breath","floor":42},{"not_picked":["Acrobatics","Calculated Gamble+1","MostiFishMod:FrostNova+1","BowlingBash"],"picked":"SKIP","floor":46},{"not_picked":["Masterful Stab","Anger","testmod-Provocation","Noxious Fumes"],"picked":"SKIP","floor":47},{"not_picked":["Shrug It Off","Force Field+1","Prepared","Caltrops"],"picked":"SKIP","floor":48},{"not_picked":["CarveReality+1","Pummel","Weave","SignatureMove+1"],"picked":"SKIP","floor":55}],"player_experience":618487,"relics_obtained":[{"floor":1,"key":"Question Card"},{"floor":1,"key":"PrismaticShard"},{"floor":6,"key":"Bag of Preparation"},{"floor":9,"key":"testmod-AssaultLearning"},{"floor":10,"key":"Eternal Feather"},{"floor":12,"key":"testmod-Brilliant"},{"floor":16,"key":"ImportantClient"},{"floor":21,"key":"Enchiridion"},{"floor":24,"key":"PreservedInsect"},{"floor":26,"key":"Potion Belt"},{"floor":30,"key":"Tiny Chest"},{"floor":36,"key":"testmod-CyclicPeriapt"},{"floor":43,"key":"StrikeDummy"},{"floor":47,"key":"MealTicket"},{"floor":55,"key":"Orichalcum"}],"event_choices":[{"damage_healed":0,"gold_gain":0,"player_choice":"Donut","damage_taken":0,"max_hp_gain":5,"max_hp_loss":0,"event_name":"Big Fish","floor":2,"gold_loss":0},{"damage_healed":0,"gold_gain":400,"player_choice":"Sell","damage_taken":0,"max_hp_gain":0,"max_hp_loss":0,"event_name":"Plate Of N\u0027loth","floor":5,"relics_lost":["testmod-TestBox"],"gold_loss":0},{"damage_healed":0,"gold_gain":0,"player_choice":"Relic ","damage_taken":11,"max_hp_gain":0,"max_hp_loss":0,"event_name":"betterThird:BetterScrap","floor":14,"gold_loss":0,"cards_obtained":["MostiFishMod:InvigoratingSolution"]},{"cards_removed":["Zap"],"damage_healed":0,"gold_gain":0,"player_choice":"Gave Gold","damage_taken":0,"max_hp_gain":0,"max_hp_loss":0,"event_name":"Beggar","floor":19,"gold_loss":75},{"damage_healed":0,"gold_gain":0,"player_choice":"Obtained Book","damage_taken":21,"max_hp_gain":0,"max_hp_loss":0,"event_name":"Cursed Tome","floor":21,"gold_loss":0},{"damage_healed":0,"gold_gain":0,"player_choice":"Swap Relic","damage_taken":0,"relics_obtained":["DaveBox"],"max_hp_gain":0,"max_hp_loss":0,"event_name":"Box For Yourself","floor":27,"relics_lost":["DaveBox"],"gold_loss":0},{"damage_healed":0,"gold_gain":0,"player_choice":"Fight","damage_taken":0,"max_hp_gain":0,"max_hp_loss":0,"event_name":"MindBloom","floor":36,"gold_loss":0},{"damage_healed":0,"gold_gain":0,"player_choice":"Memory 3","damage_taken":10,"max_hp_gain":0,"max_hp_loss":0,"event_name":"SensoryStone","floor":42,"gold_loss":0},{"damage_healed":0,"gold_gain":0,"player_choice":"Ignored","damage_taken":0,"max_hp_gain":0,"max_hp_loss":0,"event_name":"Tomb of Lord Red Mask","floor":44,"gold_loss":0}],"is_beta":false,"boss_relics":[{"not_picked":["TimeKeys","testmod-Fanaticism"],"picked":"testmod-NegativeEmotionEnhancer"},{"not_picked":["testmod-EnergyCheck","HaiYi:Twilight"],"picked":"RhineSuit"}],"items_purged_floors":[13,20,22,31,31,38,54],"is_endless":false,"potions_floor_spawned":[4,10,12,28,29,35,39,47],"ascension_level":20}}