{"host":"vvp4eihuvtuugjfx","time":1607521031,"event":{"gold_per_floor":[115,128,32,32,32,63,63,82,112,127,57,82,95,110,110,207,207,226,0,17,30,49,74,85,119,152,170,205,62,62,62,79,79,79,179,179,191,204,215,230,240,265,28,28,66,77,88,116,136,152,152,249],"floor_reached":53,"playtime":6756,"items_purged":[],"score":999,"play_id":"7a2fa25f-a7cb-4286-a0a8-ec933cd70376","local_time":"20201209143711","is_ascension_mode":false,"campfire_choices":[{"floor":15,"key":"DIG"},{"floor":34,"key":"DIG"},{"data":"Replay:SS_hec_2","floor":51,"key":"SMITH"}],"neow_cost":"NONE","seed_source_timestamp":2366859460308900,"circlet_count":0,"master_deck":["HollowMod:NailStrikeStart","HollowMod:NailStrikeStart","HollowMod:NailStrikeStart","HollowMod:NailStrikeStart","HollowMod:QuickDashStart","HollowMod:QuickDashStart","HollowMod:QuickDashStart","HollowMod:QuickDashStart","HollowMod:PogoStrike","HollowMod:WraithStrike","HollowMod:DescendingDark","Replay:SS_hec_2+1","HollowMod:ShapeofUnn","Writhe","HollowMod:PerfectDash","HollowMod:HornetsHelp","HollowMod:AbyssShriek","HollowMod:VoidDash","HollowMod:DescendingDark","HollowMod:Weaversong","HollowMod:DescendingDark","HollowMod:NewLastStag","HollowMod:NewLittleFool","HollowMod:MantisMark","HollowMod:SoulMaster","HollowMod:MantisMark","HollowMod:BlackTendrils","HollowMod:ShadowDash","HollowMod:CloakDash","HollowMod:Weaversong","HollowMod:WraithStrike+1","HollowMod:SiblingsSouls+1","HollowMod:SiblingsSouls+1","HollowMod:DreamGate+1","HollowMod:ShadowDash+1","HollowMod:ShadowDash+1","HollowMod:SharpenedShadows","HollowMod:ShapeofUnn","HollowMod:DreamGate+1","HollowMod:Hiveblood","HollowMod:SlysStrikes"],"relics":["HollowMod:VesselMask","Blood Vial","Hallownest:DreamNailRelic","Orichalcum","Pantograph","aspiration:Lifesprig","Replay:Bronze Core","Unceasing Top","Oddly Smooth Stone","Replay:Bottled Snecko","Strange Spoon","Hallownest:WatcherSealRelic","ChewingGum","MerchantsRug","Calipers","Hallownest:BeastSealRelic","Peace Pipe","Letter Opener"],"potions_floor_usage":[10,18,25,35,35,35,41,48,52],"damage_taken":[{"damage":3,"enemies":"Hallownest:monsterHuskGuard","floor":1,"turns":8},{"damage":7,"enemies":"2_ Uuma","floor":2,"turns":5},{"damage":0,"enemies":"Hallownest:eliteVengeflyKing","floor":6,"turns":7},{"damage":1,"enemies":"Hallownest:monsterHuskWarrior","floor":8,"turns":4},{"damage":0,"enemies":"Hallownest:Guard_and_Warrior","floor":9,"turns":8},{"damage":0,"enemies":"Hallownest:Guard_and_Warrior","floor":10,"turns":6},{"damage":0,"enemies":"Hallownest:eliteMossKnight","floor":12,"turns":8},{"damage":4,"enemies":"Hallownest:Wandering_and_Horned","floor":13,"turns":4},{"damage":0,"enemies":"Hallownest:2_Tiktiks_1_Baldur_1_Crawlid","floor":14,"turns":2},{"damage":43,"enemies":"Hallownest:BossHornet","floor":16,"turns":18},{"damage":3,"enemies":"Hallownest:Guard_and_Sentry","floor":18,"turns":3},{"damage":0,"enemies":"Hallownest:Flukemon_and_Top","floor":20,"turns":3},{"damage":0,"enemies":"Hallownest:monsterMisterMushroom","floor":21,"turns":8},{"damage":19,"enemies":"Hallownest:2_Flukemon","floor":22,"turns":5},{"damage":0,"enemies":"Hallownest:Nosk","floor":23,"turns":8},{"damage":8,"enemies":"Hallownest:monsterShrumalOgre","floor":24,"turns":4},{"damage":0,"enemies":"Hallownest:eliteWatcherKnight","floor":25,"turns":10},{"damage":13,"enemies":"Hallownest:2_Husk_Sentries","floor":26,"turns":5},{"damage":7,"enemies":"Hallownest:2_Husk_Sentries","floor":27,"turns":6},{"damage":0,"enemies":"Hallownest:Nosk","floor":28,"turns":8},{"damage":0,"enemies":"Hallownest:monsterMisterMushroom","floor":32,"turns":6},{"damage":1,"enemies":"Hallownest:BossSoulMaster","floor":35,"turns":7},{"damage":2,"enemies":"Hallownest:3_Siblings","floor":37,"turns":4},{"damage":14,"enemies":"Hallownest:2_Littles","floor":38,"turns":4},{"damage":20,"enemies":"Hallownest:2_Wing_and_1_Kings","floor":39,"turns":4},{"damage":15,"enemies":"Hallownest:2_Soldiers_and_1_Guardian","floor":40,"turns":5},{"damage":10,"enemies":"Hallownest:monsterPrimalAspid","floor":41,"turns":4},{"damage":32,"enemies":"Hallownest:eliteHiveKnight","floor":42,"turns":7},{"damage":0,"enemies":"Hallownest:Shield_Sturdy","floor":45,"turns":9},{"damage":0,"enemies":"Hallownest:Shield_Sturdy","floor":46,"turns":7},{"damage":20,"enemies":"Hallownest:Xero_Hu_Marmu","floor":47,"turns":4},{"damage":0,"enemies":"Hallownest:eliteCollector","floor":48,"turns":5},{"damage":10,"enemies":"Hallownest:2_Soldiers_and_1_Guardian","floor":49,"turns":4},{"damage":10,"enemies":"Hallownest:Slobbering_and_Violent","floor":50,"turns":5},{"damage":30,"enemies":"Hallownest:Radiance","floor":52,"turns":9}],"seed_played":"3647901652837951719","potions_obtained":[{"floor":6,"key":"hexamod:EctoCoolerPotion"},{"floor":8,"key":"Weak Potion"},{"floor":10,"key":"SpeedPotion"},{"floor":12,"key":"Explosive Potion"},{"floor":13,"key":"ColorlessPotion"},{"floor":18,"key":"construct:ShiftPotion"},{"floor":20,"key":"Block Potion"},{"floor":25,"key":"Milkshake"},{"floor":28,"key":"SkillPotion"},{"floor":32,"key":"Reflective Coating"},{"floor":37,"key":"DistilledChaos"},{"floor":39,"key":"LiquidBronze"},{"floor":46,"key":"DuplicationPotion"},{"floor":47,"key":"Block Potion"},{"floor":48,"key":"ColorlessPotion"},{"floor":49,"key":"AttackPotion"},{"floor":52,"key":"AttackPotion"}],"is_trial":false,"path_per_floor":["M","M","$","?","?","E","?","M","MIM","M","$","E","M","M","R_BF","B",null,"M","?","M","M","M","E","M","E","MIM","M","E","$","PTL","PTL","M","?","R_BF","B",null,"M","M","M","M","M","E","$","?","MIM","M","M","E","M","M","R","B",null],"character_chosen":"THE_BUGKNIGHT","items_purchased":["Replay:SS_hec_2","HollowMod:AbyssShriek","Strange Spoon","HollowMod:ShadowDash+1","MerchantsRug","HollowMod:SharpenedShadows","Calipers"],"campfire_rested":0,"item_purchase_floors":[3,11,29,43,43,43,43],"current_hp_per_floor":[75,68,68,68,77,79,79,80,82,84,84,84,80,82,82,41,84,81,81,83,84,65,67,61,63,52,47,55,55,55,55,64,64,64,84,84,82,70,52,45,43,22,22,22,24,30,21,32,37,43,43,84],"gold":249,"neow_bonus":"RANDOM_COMMON_RELIC","is_prod":false,"is_daily":false,"chose_seed":false,"campfire_upgraded":1,"win_rate":0.0,"timestamp":1607521031,"path_taken":["M","M","?","?","?","E","?","?","MIM","?","?","E","M","M","R_BF","BOSS","M","?","M","M","?","E","M","E","MIM","M","E","?","PTL","PTL","M","?","R_BF","BOSS","M","M","?","M","M","E","$","?","MIM","M","M","E","M","M","R","BOSS"],"build_version":"2020-11-30","purchased_purges":0,"victory":true,"max_hp_per_floor":[75,75,75,75,84,84,84,84,84,84,84,84,84,84,84,84,84,84,84,84,84,84,84,84,84,84,84,84,84,84,84,84,84,84,84,84,84,84,84,84,84,84,84,84,84,84,84,84,84,84,84,84],"card_choices":[{"not_picked":["HollowMod:DescendingDark","HollowMod:HowlingWraiths"],"picked":"HollowMod:WraithStrike","floor":1},{"not_picked":["HollowMod:CloakDash","HollowMod:SoulSplash"],"picked":"HollowMod:DescendingDark","floor":2},{"not_picked":["HollowMod:MawleksShell","HollowMod:NewJinnsSoul"],"picked":"HollowMod:PerfectDash","floor":6},{"not_picked":["HollowMod:CoiledNail","HollowMod:GoodIntentions","HollowMod:ChannelNail"],"picked":"SKIP","floor":8},{"not_picked":["HollowMod:InfectedAttack","HollowMod:DoubleDash"],"picked":"HollowMod:HornetsHelp","floor":9},{"not_picked":["HollowMod:LifebloodCocoon","HollowMod:DoubleDash","HollowMod:SoulSplash"],"picked":"SKIP","floor":10},{"not_picked":["HollowMod:LifebloodCocoon","HollowMod:NewJinnsSoul"],"picked":"HollowMod:VoidDash","floor":12},{"not_picked":["HollowMod:NewJinnsSoul","HollowMod:TaintedHusks","HollowMod:SoulSplash"],"picked":"SKIP","floor":13},{"not_picked":["HollowMod:SoulEater","HollowMod:SiblingsSouls"],"picked":"HollowMod:DescendingDark","floor":14},{"not_picked":["HollowMod:VoidDash","HollowMod:theNailsmith"],"picked":"HollowMod:Weaversong","floor":16},{"not_picked":["HollowMod:TaintedHusks+1","HollowMod:BaldurShell"],"picked":"HollowMod:DescendingDark","floor":18},{"not_picked":["HollowMod:RecoilStrike","HollowMod:SoulStrike","HollowMod:HowlingWraiths"],"picked":"SKIP","floor":20},{"not_picked":["HollowMod:HeavyBlow","HollowMod:DashSlash"],"picked":"HollowMod:NewLittleFool","floor":21},{"not_picked":["HollowMod:InfectedCysts","HollowMod:InfectedAttack","HollowMod:ChannelNail"],"picked":"SKIP","floor":22},{"not_picked":["HollowMod:SharpenedNail","HollowMod:FallenFury+1","HollowMod:SiblingsSouls"],"picked":"SKIP","floor":23},{"not_picked":["HollowMod:VoidDash","HollowMod:InfectedAttack"],"picked":"HollowMod:MantisMark","floor":24},{"not_picked":["HollowMod:HeavyBlow+1","HollowMod:SiblingsSouls"],"picked":"HollowMod:SoulMaster","floor":25},{"not_picked":["HollowMod:Grubsong","HollowMod:LifebloodCocoon+1"],"picked":"HollowMod:MantisMark","floor":26},{"not_picked":["HollowMod:HowlingWraiths+1","HollowMod:GreatSlash"],"picked":"HollowMod:BlackTendrils","floor":27},{"not_picked":["HollowMod:ShapeofUnn","HollowMod:CornifersMapStart+1"],"picked":"HollowMod:ShadowDash","floor":28},{"not_picked":["HollowMod:GoodIntentions","HollowMod:InfectionAssault"],"picked":"HollowMod:CloakDash","floor":32},{"not_picked":["HollowMod:NewInfectedGuardian","HollowMod:theNailsmith"],"picked":"HollowMod:Weaversong","floor":35},{"not_picked":["HollowMod:LifebloodCocoon+1","HollowMod:MonarchWings"],"picked":"HollowMod:WraithStrike+1","floor":37},{"not_picked":["HollowMod:CornifersMapStart","HollowMod:HeavyBlow"],"picked":"HollowMod:SiblingsSouls+1","floor":38},{"not_picked":["HollowMod:NewGlowingWomb","HollowMod:LifebloodCocoon+1","HollowMod:SoulShaman"],"picked":"SKIP","floor":39},{"not_picked":["HollowMod:VengefulSpirit","HollowMod:CoiledNail"],"picked":"HollowMod:SiblingsSouls+1","floor":40},{"not_picked":["HollowMod:NewInfectedGuardian","HollowMod:InfectedAttack+1"],"picked":"HollowMod:DreamGate+1","floor":41},{"not_picked":["HollowMod:CornifersMapStart+1","HollowMod:Grubsong+1"],"picked":"HollowMod:ShadowDash+1","floor":42},{"not_picked":["HollowMod:MothsMistake","HollowMod:Grubsong"],"picked":"HollowMod:ShapeofUnn","floor":45},{"not_picked":["HollowMod:NewGlowingWomb+1","HollowMod:GoodIntentions"],"picked":"HollowMod:DreamGate+1","floor":46},{"not_picked":["HollowMod:CoiledNail","HollowMod:PureNailStrike+1","HollowMod:SoulSplash+1"],"picked":"SKIP","floor":47},{"not_picked":["HollowMod:DreamGate+1","HollowMod:GrimmsGift"],"picked":"HollowMod:Hiveblood","floor":48},{"not_picked":["HollowMod:CrystalDash+1","HollowMod:CornifersMapStart","HollowMod:SharpenedNail"],"picked":"SKIP","floor":49},{"not_picked":["HollowMod:MothsMistake","HollowMod:DungDefenderAura+1","HollowMod:ChannelNail"],"picked":"SKIP","floor":50},{"not_picked":["HollowMod:NewInfectedGuardian","HollowMod:HornetsHelp"],"picked":"HollowMod:SlysStrikes","floor":52}],"player_experience":675874,"relics_obtained":[{"floor":6,"key":"Replay:Mystery Machine"},{"floor":9,"key":"Orichalcum"},{"floor":12,"key":"Pantograph"},{"floor":15,"key":"aspiration:Lifesprig"},{"floor":23,"key":"Unceasing Top"},{"floor":25,"key":"Oddly Smooth Stone"},{"floor":26,"key":"Replay:Bottled Snecko"},{"floor":28,"key":"aspiration:HiddenCompartment"},{"floor":34,"key":"Replay:Baseball"},{"floor":42,"key":"Blue Doll"},{"floor":45,"key":"Peace Pipe"},{"floor":48,"key":"Letter Opener"}],"event_choices":[],"is_beta":false,"boss_relics":[{"not_picked":["aspiration:FutureDiary","expansioncontent:StudyCardRelic"],"picked":"Replay:Bronze Core"},{"not_picked":["ReplayTheSpireMod:DimensionalGlitch","Cursed Key"],"picked":"ChewingGum"}],"items_purged_floors":[],"is_endless":false,"potions_floor_spawned":[6,8,10,12,13,18,20,25,28,32,37,39,46,47,48,49,52],"ascension_level":0}}