{"host":"p7j7o00jacnw7qzt","time":1607553622,"event":{"gold_per_floor":[363,263,263,276,150,177,177,201,201,217,234,262,275,285,285,362,362,380,380,397,75,75,75,75,110,185,100,130,130,143,143,143,217,217,233,233,247,257,257,282,298,318,365,400,418,434,126,173,173,173,173,173,173,16,16,16],"floor_reached":55,"playtime":3600,"items_purged":["Strike_G","Defend_G","Strike_G","Strike_G"],"score":1929,"play_id":"8e7cb9fc-2007-48a6-a0af-6ac67a4f0bee","local_time":"20201209174022","is_ascension_mode":true,"campfire_choices":[{"data":"Neutralize","floor":7.0,"key":"SMITH"},{"data":"Flechettes","floor":15.0,"key":"SMITH"},{"data":"Acrobatics","floor":23.0,"key":"SMITH"},{"data":"Acrobatics","floor":29.0,"key":"SMITH"},{"data":"Well Laid Plans","floor":32.0,"key":"SMITH"},{"floor":49.0,"key":"RECALL"},{"data":"Footwork","floor":53.0,"key":"SMITH"}],"neow_cost":"TEN_PERCENT_HP_LOSS","seed_source_timestamp":2138414325476599,"circlet_count":0,"master_deck":["AscendersBane","Strike_G","Defend_G","Defend_G+1","Defend_G","Defend_G","Survivor","Neutralize+1","Acrobatics+1","Terror+1","Acrobatics+1","Well Laid Plans+1","Flechettes+1","Backflip+1","Adrenaline+1","Footwork+1","Calculated Gamble+1","Phantasmal Killer+1","Flechettes","Envenom+1","Purity+1","Madness+1","Madness+1","Purity+1"],"special_seed":0,"relics":["Ring of the Snake","Meat on the Bone","Toxic Egg 2","Odd Mushroom","Mummified Hand","Ornamental Fan","Philosopher\u0027s Stone","TheAbacus","Art of War","Strawberry","Frozen Egg 2","Black Star","Lantern","Bottled Lightning","Pen Nib","Pocketwatch","War Paint","DollysMirror","TungstenRod"],"potions_floor_usage":[],"damage_taken":[{"damage":5.0,"enemies":"2 Louse","floor":1.0,"turns":4.0},{"damage":0.0,"enemies":"Small Slimes","floor":4.0,"turns":4.0},{"damage":22.0,"enemies":"Lagavulin","floor":6.0,"turns":7.0},{"damage":25.0,"enemies":"The Mushroom Lair","floor":8.0,"turns":6.0},{"damage":2.0,"enemies":"Jaw Worm","floor":10.0,"turns":5.0},{"damage":6.0,"enemies":"Exordium Wildlife","floor":11.0,"turns":3.0},{"damage":41.0,"enemies":"3 Sentries","floor":12.0,"turns":10.0},{"damage":1.0,"enemies":"Red Slaver","floor":13.0,"turns":4.0},{"damage":0.0,"enemies":"Looter","floor":14.0,"turns":3.0},{"damage":58.0,"enemies":"Slime Boss","floor":16.0,"turns":9.0},{"damage":7.0,"enemies":"Spheric Guardian","floor":18.0,"turns":4.0},{"damage":12.0,"enemies":"Shell Parasite","floor":20.0,"turns":4.0},{"damage":2.0,"enemies":"Book of Stabbing","floor":25.0,"turns":3.0},{"damage":17.0,"enemies":"Gremlin Leader","floor":28.0,"turns":3.0},{"damage":0.0,"enemies":"Chosen and Byrds","floor":30.0,"turns":3.0},{"damage":12.0,"enemies":"Automaton","floor":33.0,"turns":5.0},{"damage":4.0,"enemies":"3 Shapes","floor":35.0,"turns":2.0},{"damage":0.0,"enemies":"Orb Walker","floor":37.0,"turns":2.0},{"damage":0.0,"enemies":"Maw","floor":38.0,"turns":5.0},{"damage":1.0,"enemies":"Reptomancer","floor":40.0,"turns":5.0},{"damage":0.0,"enemies":"Transient","floor":41.0,"turns":6.0},{"damage":33.0,"enemies":"4 Shapes","floor":42.0,"turns":4.0},{"damage":0.0,"enemies":"Giant Head","floor":44.0,"turns":4.0},{"damage":9.0,"enemies":"Jaw Worm Horde","floor":45.0,"turns":3.0},{"damage":6.0,"enemies":"Maw","floor":46.0,"turns":5.0},{"damage":22.0,"enemies":"2 Orb Walkers","floor":48.0,"turns":5.0},{"damage":4.0,"enemies":"Awakened One","floor":50.0,"turns":5.0},{"damage":10.0,"enemies":"Time Eater","floor":51.0,"turns":4.0},{"damage":0,"enemies":"Shield and Spear","floor":55,"turns":2}],"seed_played":"7669451093184426449","potions_obtained":[{"floor":4.0,"key":"SteroidPotion"},{"floor":8.0,"key":"FairyPotion"},{"floor":11.0,"key":"FearPotion"},{"floor":16.0,"key":"SkillPotion"},{"floor":28.0,"key":"CultistPotion"},{"floor":37.0,"key":"Swift Potion"},{"floor":46.0,"key":"PowerPotion"}],"is_trial":false,"path_per_floor":["M","$","?","M","$","E","R","?","T","M","M","E","M","M","R","B",null,"M","?","M","$","?","R","?","E","T","?","E","R","M","$","R","B",null,"M","?","M","M","?","E","M","M","T","E","M","M","$","?","R","B","B",null,"R","$","E"],"character_chosen":"THE_SILENT","items_purchased":["Acrobatics","Acrobatics","TheAbacus","Calculated Gamble+1","DollysMirror","Purity+1","Weak Potion"],"campfire_rested":0,"item_purchase_floors":[2,5,21,21,47,54,54],"current_hp_per_floor":[54,54,49,49,49,39,39,26,26,36,42,13,24,36,36,20,50,43,40,40,40,40,40,40,38,38,45,40,40,40,40,40,40,60,56,56,56,56,46,45,45,24,24,36,39,45,45,35,35,43,45,62,62,62,62,62],"gold":16,"neow_bonus":"TWO_FIFTY_GOLD","is_prod":false,"is_daily":false,"chose_seed":false,"campfire_upgraded":6,"win_rate":0,"timestamp":1607553622,"path_taken":["M","$","?","M","$","E","R","?","T","?","M","E","M","M","R","BOSS","M","?","?","$","?","R","?","E","T","?","E","R","M","$","R","BOSS","M","?","M","?","?","E","M","M","T","E","M","M","$","?","R","BOSS","BOSS","R","$","E"],"build_version":"2020-11-30","purchased_purges":4,"victory":false,"max_hp_per_floor":[60,60,60,60,60,60,60,60,60,60,60,60,60,60,60,60,60,60,60,60,60,60,60,60,60,60,67,67,67,67,67,67,67,67,67,67,67,67,67,67,67,67,67,67,67,67,67,67,67,67,67,67,67,67,67,67],"relic_stats":{"counters":[29,129],"Pen Nib":[6],"War Paint":["Defend_G","Terror"],"TheAbacus":[630],"Mummified Hand":[51],"Ornamental Fan":[124],"Art of War":[3],"Black Star":2,"obtain_stats":[{"Lantern":40,"Pen Nib":43,"Odd Mushroom":8,"Frozen Egg 2":28,"War Paint":44,"TheAbacus":21,"Mummified Hand":9,"Ornamental Fan":12,"DollysMirror":47,"Strawberry":27,"Philosopher\u0027s Stone":17,"Art of War":25,"Black Star":34,"Bottled Lightning":40,"Toxic Egg 2":6,"TungstenRod":48,"Ring of the Snake":0,"Meat on the Bone":3,"Pocketwatch":44},{"Lantern":20,"Pen Nib":22,"Odd Mushroom":4,"Frozen Egg 2":14,"War Paint":23,"TheAbacus":12,"Mummified Hand":4,"Ornamental Fan":7,"DollysMirror":25,"Strawberry":13,"Philosopher\u0027s Stone":10,"Art of War":13,"Black Star":16,"Bottled Lightning":20,"Toxic Egg 2":3,"TungstenRod":26,"Ring of the Snake":0,"Meat on the Bone":1,"Pocketwatch":23},{"Lantern":91,"Pen Nib":101,"Odd Mushroom":21,"Frozen Egg 2":69,"War Paint":105,"TheAbacus":63,"Mummified Hand":21,"Ornamental Fan":39,"DollysMirror":113,"Strawberry":66,"Philosopher\u0027s Stone":55,"Art of War":66,"Black Star":77,"Bottled Lightning":91,"Toxic Egg 2":15,"TungstenRod":118,"Ring of the Snake":0,"Meat on the Bone":4,"Pocketwatch":105}],"TungstenRod":3,"Ring of the Snake":[58],"Meat on the Bone":216,"Pocketwatch":[3]},"card_choices":[{"not_picked":["Sucker Punch","Underhanded Strike","Cloak And Dagger"],"picked":"SKIP","floor":1.0},{"not_picked":["Heel Hook","Dagger Spray"],"picked":"Terror","floor":4.0},{"not_picked":["Dodge and Roll+1","Caltrops","Acrobatics+1"],"picked":"SKIP","floor":6.0},{"not_picked":["Dodge and Roll+1","Deadly Poison+1"],"picked":"Well Laid Plans","floor":8.0},{"not_picked":["Backflip+1","Slice"],"picked":"Bouncing Flask+1","floor":10.0},{"not_picked":["Deflect+1","PiercingWail+1","Skewer"],"picked":"SKIP","floor":11.0},{"not_picked":["Blur+1","Expertise+1"],"picked":"Flechettes","floor":12.0},{"not_picked":["Night Terror+1","Caltrops"],"picked":"Backflip+1","floor":13.0},{"not_picked":["Quick Slash","Heel Hook","Underhanded Strike"],"picked":"SKIP","floor":14.0},{"not_picked":["After Image","Envenom"],"picked":"Adrenaline+1","floor":16.0},{"not_picked":["Leg Sweep+1","Flying Knee","Outmaneuver+1"],"picked":"SKIP","floor":18.0},{"not_picked":["Outmaneuver+1","Crippling Poison+1"],"picked":"Footwork","floor":20.0},{"not_picked":["Dagger Spray+1","Phantasmal Killer+1","Cloak And Dagger+1"],"picked":"SKIP","floor":25.0},{"not_picked":["Dagger Throw","Prepared+1","Finisher"],"picked":"SKIP","floor":28.0},{"not_picked":["Caltrops+1","Bane","Riddle With Holes"],"picked":"SKIP","floor":30.0},{"not_picked":["Wraith Form v2+1","Night Terror+1"],"picked":"Envenom+1","floor":33.0},{"not_picked":["Dodge and Roll+1","Dagger Spray","Bane"],"picked":"SKIP","floor":35.0},{"not_picked":["Finisher","Poisoned Stab","Skewer"],"picked":"SKIP","floor":37.0},{"not_picked":["Dodge and Roll+1","Flying Knee","Terror+1"],"picked":"SKIP","floor":38.0},{"not_picked":["Panache+1","Jack Of All Trades+1"],"picked":"Purity+1","floor":39.0},{"not_picked":["Bandage Up+1","Chrysalis+1"],"picked":"Madness+1","floor":39.0},{"not_picked":["Accuracy+1","Outmaneuver+1","Bullet Time+1"],"picked":"SKIP","floor":40.0},{"not_picked":["Leg Sweep+1","Reflex+1","Well Laid Plans+1"],"picked":"SKIP","floor":41.0},{"not_picked":["Quick Slash","Cloak And Dagger+1","Choke"],"picked":"SKIP","floor":42.0},{"not_picked":["Acrobatics+1","Well Laid Plans+1","Dodge and Roll+1"],"picked":"SKIP","floor":44.0},{"not_picked":["Cloak And Dagger+1","Sucker Punch","Outmaneuver+1"],"picked":"SKIP","floor":45.0},{"not_picked":["Infinite Blades+1","Deadly Poison+1","Heel Hook"],"picked":"SKIP","floor":46.0}],"player_experience":713539,"relics_obtained":[{"floor":6.0,"key":"Toxic Egg 2"},{"floor":8.0,"key":"Odd Mushroom"},{"floor":9.0,"key":"Mummified Hand"},{"floor":12.0,"key":"Ornamental Fan"},{"floor":25.0,"key":"Art of War"},{"floor":28.0,"key":"Frozen Egg 2"},{"floor":40.0,"key":"Lantern"},{"floor":40.0,"key":"Bottled Lightning"},{"floor":43.0,"key":"Pen Nib"},{"floor":44.0,"key":"Pocketwatch"},{"floor":44.0,"key":"War Paint"},{"floor":48.0,"key":"TungstenRod"}],"event_choices":[{"damage_healed":0.0,"max_hp_gain":0.0,"max_hp_loss":0.0,"gold_gain":0.0,"event_name":"Scrap Ooze","player_choice":"Success","floor":3.0,"gold_loss":0.0,"damage_taken":5.0,"relics_obtained":["Meat on the Bone"]},{"damage_healed":0.0,"max_hp_gain":0.0,"max_hp_loss":0.0,"gold_gain":0.0,"event_name":"Mushrooms","player_choice":"Fought Mushrooms","floor":8.0,"gold_loss":0.0,"damage_taken":0.0},{"damage_healed":0.0,"max_hp_gain":0.0,"max_hp_loss":0.0,"gold_gain":0.0,"event_name":"The Woman in Blue","player_choice":"Bought 0 Potions","floor":19.0,"gold_loss":0.0,"damage_taken":0.0},{"damage_healed":0.0,"max_hp_gain":0.0,"max_hp_loss":0.0,"gold_gain":0.0,"event_name":"Cursed Tome","player_choice":"Ignored","floor":22.0,"gold_loss":0.0,"damage_taken":0.0},{"damage_healed":0.0,"max_hp_gain":0.0,"max_hp_loss":0.0,"gold_gain":0.0,"cards_transformed":["Strike_G","Bouncing Flask"],"event_name":"Drug Dealer","player_choice":"Became Test Subject","floor":24.0,"gold_loss":0.0,"damage_taken":0.0,"cards_obtained":["Phantasmal Killer","Flechettes"]},{"damage_healed":0.0,"max_hp_gain":0.0,"max_hp_loss":0.0,"gold_gain":0.0,"event_name":"Addict","player_choice":"Obtained Relic","floor":27.0,"gold_loss":85.0,"damage_taken":0.0,"relics_obtained":["Strawberry"]},{"damage_healed":0.0,"max_hp_gain":0.0,"max_hp_loss":0.0,"gold_gain":0.0,"event_name":"SecretPortal","player_choice":"Ignored","floor":36.0,"gold_loss":0.0,"damage_taken":0.0},{"damage_healed":0.0,"max_hp_gain":0.0,"max_hp_loss":0.0,"gold_gain":0.0,"event_name":"SensoryStone","player_choice":"Memory 3","floor":39.0,"gold_loss":0.0,"damage_taken":10.0},{"damage_healed":0.0,"max_hp_gain":0.0,"max_hp_loss":0.0,"gold_gain":0.0,"event_name":"Mysterious Sphere","player_choice":"Fight","floor":48.0,"gold_loss":0.0,"damage_taken":0.0}],"is_beta":false,"boss_relics":[{"not_picked":["Ectoplasm","Busted Crown"],"picked":"Philosopher\u0027s Stone"},{"not_picked":["WristBlade","SlaversCollar"],"picked":"Black Star"}],"items_purged_floors":[2,5,21,47],"is_endless":false,"potions_floor_spawned":[4,8,11,12,16,20,28,37,38,40,41,46],"killed_by":"Shield and Spear","ascension_level":20}}