{"host":"06x55mgvbk21l0iu","time":1607497807,"event":{"gold_per_floor":[115,32,51,69,69,69,83,115,153,27,27,40,40,40],"floor_reached":13,"playtime":506,"items_purged":[],"score":89,"play_id":"a43430c8-bf4e-46c9-bead-fb2ef4319e74","local_time":"20201209011007","is_ascension_mode":true,"campfire_choices":[{"floor":6.0,"key":"REST"}],"neow_cost":"PERCENT_DAMAGE","seed_source_timestamp":17865685837500,"circlet_count":0,"master_deck":["Strike_G","Strike_G","Strike_G","Strike_G","Strike_G","Defend_G","Defend_G","Defend_G","Defend_G","Defend_G","Survivor","Neutralize","Envenom+1","Skewer","Noxious Fumes","Blade Dance","Bane","Poisoned Stab","Burst","Bane"],"special_seed":0,"relics":["Ring of the Snake","MealTicket","MawBank"],"potions_floor_usage":[8,8],"damage_taken":[{"damage":2.0,"enemies":"Cultist","floor":1.0,"turns":4.0},{"damage":8.0,"enemies":"Jaw Worm","floor":3.0,"turns":3.0},{"damage":0.0,"enemies":"2 Louse","floor":4.0,"turns":3.0},{"damage":12.0,"enemies":"Looter","floor":7.0,"turns":3.0},{"damage":10,"enemies":"Gremlin Nob","floor":8,"turns":3},{"damage":27,"enemies":"Large Slime","floor":12,"turns":7},{"damage":7,"enemies":"Blue Slaver","floor":13,"turns":2}],"seed_played":"5104424916833047920","potions_obtained":[{"floor":3.0,"key":"FearPotion"},{"floor":8,"key":"Fruit Juice"}],"is_trial":false,"path_per_floor":["M","$","M","M","?","R","M","E","T","$","?","M","M"],"character_chosen":"THE_SILENT","items_purchased":["Noxious Fumes","Blade Dance","Burst"],"campfire_rested":1,"item_purchase_floors":[2,2,10],"current_hp_per_floor":[47,47,39,39,14,35,23,18,18,33,33,6,0,0],"gold":40,"neow_bonus":"THREE_RARE_CARDS","is_prod":false,"is_daily":false,"chose_seed":false,"campfire_upgraded":0,"win_rate":0,"timestamp":1607497807,"path_taken":["M","$","M","M","?","R","M","E","T","$","?","M","M"],"build_version":"2020-11-30","purchased_purges":0,"victory":false,"max_hp_per_floor":[70,70,70,70,70,70,70,75,75,75,75,75,75,75],"relic_stats":{"counters":[7,25],"MealTicket":15,"MawBank":24,"obtain_stats":[{"MealTicket":5,"MawBank":8,"Ring of the Snake":0},{"MealTicket":3,"MawBank":5,"Ring of the Snake":0},{"MealTicket":10,"MawBank":16,"Ring of the Snake":0}],"Ring of the Snake":[14]},"card_choices":[{"not_picked":["Malaise","Wraith Form v2"],"picked":"Envenom","floor":0.0},{"not_picked":["Sucker Punch","Cloak And Dagger"],"picked":"Skewer","floor":1.0},{"not_picked":["Acrobatics","Sucker Punch","Tactician"],"picked":"SKIP","floor":3.0},{"not_picked":["Well Laid Plans","Choke"],"picked":"Bane","floor":4.0},{"not_picked":["Setup","Expertise","Prepared"],"picked":"SKIP","floor":7.0},{"not_picked":["Bullet Time","Dodge and Roll"],"picked":"Poisoned Stab","floor":8},{"not_picked":["Dodge and Roll","Slice"],"picked":"Bane","floor":12}],"player_experience":258813,"relics_obtained":[{"floor":8,"key":"MawBank"}],"event_choices":[{"damage_healed":0.0,"max_hp_gain":0.0,"max_hp_loss":0.0,"gold_gain":0.0,"event_name":"Scrap Ooze","player_choice":"Success","floor":5.0,"gold_loss":0.0,"damage_taken":25.0,"relics_obtained":["MealTicket"]},{"damage_healed":0,"gold_gain":0,"player_choice":"Upgraded","damage_taken":0,"max_hp_gain":0,"max_hp_loss":0,"event_name":"Upgrade Shrine","floor":11,"gold_loss":0,"cards_upgraded":["Envenom"]}],"is_beta":false,"boss_relics":[],"items_purged_floors":[],"is_endless":false,"potions_floor_spawned":[3,8],"killed_by":"Blue Slaver","ascension_level":1}}