{"host":"5s7sm4h73jkd9266","time":1607447361,"event":{"gold_per_floor":[113,113,113,113,124,124,149,4,30,46,46,46,46,64,64,165,165,180,200,200,0,11,11,11,11],"floor_reached":24,"playtime":1304,"items_purged":[],"score":252,"play_id":"c9e834aa-363e-4ab0-934c-1c0286b8136a","local_time":"20201208120921","is_ascension_mode":true,"campfire_choices":[{"floor":6.0,"key":"REST"},{"floor":12.0,"key":"REST"},{"floor":23,"key":"REST"}],"neow_cost":"NONE","seed_source_timestamp":6258055361400,"circlet_count":0,"master_deck":["Strike_P","Strike_P","Strike_P","Strike_P","Defend_P","Defend_P","Defend_P","Defend_P","Eruption+1","Vigilance","PathToVictory","EmptyBody","FollowUp","BowlingBash","CrushJoints+1","Alpha","FearNoEvil+1","PathToVictory","Decay","TalkToTheHand+1"],"special_seed":0,"relics":["PureWater","vexMod:Cooldron","Protect_Vest","hubris:Icosahedron"],"potions_floor_usage":[22,22,22,24,24,24],"damage_taken":[{"damage":6.0,"enemies":"2 Louse","floor":1.0,"turns":4.0},{"damage":10.0,"enemies":"Jaw Worm","floor":5.0,"turns":5.0},{"damage":50.0,"enemies":"3 Sentries","floor":7.0,"turns":15.0},{"damage":0.0,"enemies":"Small Slimes","floor":10.0,"turns":4.0},{"damage":2.0,"enemies":"3 Louse","floor":14.0,"turns":2.0},{"damage":37.0,"enemies":"Hexaghost","floor":16.0,"turns":9.0},{"damage":8.0,"enemies":"3 Byrds","floor":18.0,"turns":4.0},{"damage":6.0,"enemies":"2 Thieves","floor":19.0,"turns":4.0},{"damage":53,"enemies":"Cultist and Chosen","floor":22,"turns":5},{"damage":81,"enemies":"Book of Stabbing","floor":24,"turns":6}],"seed_played":"1815887308733860275","potions_obtained":[{"floor":14.0,"key":"EntropicBrew"},{"floor":16.0,"key":"EntropicBrew"},{"floor":19.0,"key":"EntropicBrew"},{"floor":22,"key":"EntropicBrew"}],"is_trial":false,"path_per_floor":["M","$","?","?","M","R","E","$","T","M","$","R","?","M","R_BF","B",null,"M","M","?","?","M","R","E"],"character_chosen":"WATCHER","items_purchased":["vexMod:Cooldron"],"campfire_rested":3,"item_purchase_floors":[8],"current_hp_per_floor":[66,66,66,66,56,79,29,29,29,29,29,52,52,50,73,38,70,62,56,56,56,40,64,0,0],"gold":11,"neow_bonus":"TEN_PERCENT_HP_BONUS","is_prod":false,"is_daily":false,"chose_seed":false,"campfire_upgraded":0,"win_rate":0,"timestamp":1607447361,"path_taken":["M","$","?","?","M","R","E","$","T","M","$","R","?","M","R_BF","BOSS","M","M","?","?","M","R","E"],"build_version":"2020-11-30","purchased_purges":0,"victory":false,"max_hp_per_floor":[79,79,79,79,79,79,79,79,79,79,79,79,79,79,79,81,81,81,81,81,81,81,81,81,81],"card_choices":[{"not_picked":["FlurryOfBlows","Conclude"],"picked":"PathToVictory","floor":1.0},{"not_picked":["Adaptation","JustLucky"],"picked":"EmptyBody","floor":5.0},{"not_picked":["JustLucky","Sanctity"],"picked":"FollowUp","floor":7.0},{"not_picked":["Replay:DivineShield","JustLucky"],"picked":"BowlingBash","floor":10.0},{"not_picked":["Replay:BluntJabs","EmptyBody"],"picked":"CrushJoints","floor":14.0},{"not_picked":["Vault","Brilliance"],"picked":"Alpha","floor":16.0},{"not_picked":["FlurryOfBlows","Replay:BluntJabs"],"picked":"FearNoEvil+1","floor":18.0},{"not_picked":["BowlingBash+1","WreathOfFlame"],"picked":"PathToVictory","floor":19.0},{"not_picked":["FlyingSleeves+1","ClearTheMind"],"picked":"TalkToTheHand+1","floor":22}],"player_experience":5265269,"relics_obtained":[{"floor":9.0,"key":"Protect_Vest"}],"event_choices":[{"damage_healed":0.0,"max_hp_gain":0.0,"max_hp_loss":0.0,"gold_gain":0.0,"event_name":"Golden Wing","player_choice":"Ignored","floor":4.0,"gold_loss":0.0,"damage_taken":0.0},{"damage_healed":0.0,"max_hp_gain":0.0,"max_hp_loss":0.0,"gold_gain":0.0,"event_name":"Forgotten Altar","player_choice":"Smashed Altar","floor":20.0,"gold_loss":0.0,"damage_taken":0.0,"cards_obtained":["Decay"]},{"damage_healed":0.0,"max_hp_gain":0.0,"max_hp_loss":0.0,"gold_gain":0.0,"event_name":"Masked Bandits","player_choice":"Paid Fearfully","floor":21.0,"gold_loss":200.0,"damage_taken":0.0}],"is_beta":false,"boss_relics":[{"not_picked":["energizedSpire:BlackCloud","energizedSpire:StickyHand","Ectoplasm"]}],"items_purged_floors":[],"is_endless":false,"potions_floor_spawned":[14,16,19,22],"killed_by":"Book of Stabbing","ascension_level":6}}