{"host":"r3d3rfw8zyydmocx","time":1607552595,"event":{"gold_per_floor":[125,125,84,128,177,177,205,240,240,240,270,14,66,113,113,113,113],"floor_reached":16,"playtime":892,"items_purged":[],"score":112,"play_id":"80340937-26ca-47db-abdc-1ca8fb0433b0","local_time":"20201209142315","is_ascension_mode":false,"campfire_choices":[{"data":"conspire:SpireCoStock","floor":6.0,"key":"SMITH"},{"data":"WasteNot","floor":10.0,"key":"SMITH"},{"floor":15.0,"key":"DIG"}],"neow_cost":"NONE","seed_source_timestamp":0,"circlet_count":0,"master_deck":["Strike_S","Strike_S","Strike_S","Strike_S","Defend_S","Defend_S","Defend_S","Defend_S","KidneyShot+1","Exchange","ShiftingGears","conspire:SpireCoStock+1","ShatteredReality","TimeWarp","InstantArmor","WasteNot+1","Advance","TheWorld+1","SpecialFormula"],"special_seed":0,"relics":["Uniform","CeramicFish","aspiration:ChemicalBlood","Molten Egg 2","Pet Ghost","Lantern","hubris:Reverence"],"potions_floor_usage":[],"damage_taken":[{"damage":0.0,"enemies":"Jaw Worm","floor":1.0,"turns":5.0},{"damage":2.0,"enemies":"2 Louse","floor":4.0,"turns":3.0},{"damage":2.0,"enemies":"Small Slimes","floor":5.0,"turns":5.0},{"damage":0.0,"enemies":"Exordium Wildlife","floor":7.0,"turns":2.0},{"damage":18.0,"enemies":"Lagavulin","floor":8.0,"turns":7.0},{"damage":5.0,"enemies":"3 Louse","floor":11.0,"turns":3.0},{"damage":3.0,"enemies":"3 Sentries","floor":13.0,"turns":5.0},{"damage":0.0,"enemies":"Lots of Slimes","floor":14.0,"turns":1.0},{"damage":0,"enemies":"Slime Boss","floor":16,"turns":1}],"seed_played":"7434883898255172694","potions_obtained":[{"floor":4.0,"key":"Energy Potion"},{"floor":8.0,"key":"Reflective Coating"},{"floor":11.0,"key":"Strength Potion"}],"is_trial":false,"path_per_floor":["M","?","?","M","M","R","M","E","T","R","M","$","E","M","R","B"],"character_chosen":"THE_SERVANT","items_purchased":["TheWorld+1","Pet Ghost"],"campfire_rested":0,"item_purchase_floors":[12,12],"current_hp_per_floor":[65,65,65,63,61,61,61,43,43,43,38,38,35,35,35,35,35],"gold":113,"neow_bonus":"RANDOM_COMMON_RELIC","is_prod":false,"is_daily":false,"chose_seed":false,"campfire_upgraded":2,"win_rate":0.0,"timestamp":1607552595,"path_taken":["M","?","?","M","M","R","M","E","T","R","M","$","E","M","R","BOSS"],"build_version":"2020-11-30","purchased_purges":0,"victory":false,"max_hp_per_floor":[65,65,65,65,65,65,65,65,65,65,65,65,65,65,65,65,65],"card_choices":[{"not_picked":["Defy","Unruled"],"picked":"ShiftingGears","floor":1.0},{"not_picked":["Defy","Rearm"],"picked":"ShatteredReality","floor":4.0},{"not_picked":["Spin","BottledTime"],"picked":"TimeWarp","floor":5.0},{"not_picked":["Alleviate","GearUp"],"picked":"InstantArmor","floor":7.0},{"not_picked":["BottledTime","Revamp"],"picked":"WasteNot","floor":8.0},{"not_picked":["Replace","Ricochet+1"],"picked":"Advance","floor":11.0},{"not_picked":["Advance","Reset","Barrier"],"picked":"SKIP","floor":13.0},{"not_picked":["DoubleEdge+1","Contraction"],"picked":"SpecialFormula","floor":14.0}],"player_experience":438634,"relics_obtained":[{"floor":8.0,"key":"aspiration:ChemicalBlood"},{"floor":9.0,"key":"Molten Egg 2"},{"floor":13.0,"key":"Lantern"},{"floor":15.0,"key":"hubris:Reverence"}],"event_choices":[{"damage_healed":0.0,"max_hp_gain":0.0,"max_hp_loss":0.0,"gold_gain":0.0,"event_name":"conspire:Investor","player_choice":"Invest 1","floor":3.0,"gold_loss":0.0,"damage_taken":0.0}],"is_beta":false,"boss_relics":[],"items_purged_floors":[],"is_endless":false,"potions_floor_spawned":[4,8,11],"killed_by":"Slime Boss","ascension_level":0}}