{"host":"z9x5nldzhmx4jdfi","time":1607486295,"event":{"gold_per_floor":[128,128,141,141,1,33,33,33,33],"floor_reached":8,"playtime":427,"items_purged":["animator:Strike","animator:Strike"],"score":108,"play_id":"8bff0aed-e3ac-4b2a-9e43-769c769bb2f3","local_time":"20201208215815","is_ascension_mode":true,"campfire_choices":[{"floor":7,"key":"REST"}],"neow_cost":"","seed_source_timestamp":1060392055619000,"circlet_count":0,"master_deck":["AscendersBane","animator:Strike_Fate","animator:Defend_Fate","animator:Strike","animator:Defend","animator:Defend","animator:Alexander","animator:Rider","animator:Kuroyukihime","animator:RinTohsaka","infinitespire:DeathsTouch","animator:Archer","animator:RinTohsaka"],"special_seed":0,"relics":["animator:LivingPicture","animator:TheMissingPiece","Juzu Bracelet","Girya"],"potions_floor_usage":[6,6],"damage_taken":[{"damage":4.0,"enemies":"Jaw Worm","floor":1.0,"turns":6.0},{"damage":2.0,"enemies":"2 Louse","floor":3.0,"turns":3.0},{"damage":16,"enemies":"3 Sentries","floor":6,"turns":5},{"damage":23,"enemies":"Gremlin Nob","floor":8,"turns":3}],"seed_played":"-5813171814265163173","potions_obtained":[{"floor":3.0,"key":"Fruit Juice"}],"is_trial":false,"path_per_floor":["M","?","M","?","$","E","R","E"],"character_chosen":"THE_ANIMATOR","items_purchased":["Juzu Bracelet","animator:Kuroyukihime","BlessingOfTheForge","animator:Archer"],"campfire_rested":1,"item_purchase_floors":[0,0,0,5],"current_hp_per_floor":[39,32,30,15,15,4,23,0,0],"gold":33,"neow_bonus":"","is_prod":false,"is_daily":false,"chose_seed":false,"campfire_upgraded":0,"win_rate":0,"timestamp":1607486295,"path_taken":["M","?","M","?","$","E","R","E"],"build_version":"2020-11-30","purchased_purges":2,"victory":false,"max_hp_per_floor":[60,60,60,60,60,65,65,65,65],"card_choices":[{"not_picked":["animator:YunYun","animator:Cocytus"],"picked":"animator:RinTohsaka","floor":1.0},{"not_picked":["animator:PandorasActor","animator:Viivi","animator:Chris"],"picked":"SKIP","floor":3.0},{"not_picked":["infinitespire:NeuralNetwork","infinitespire:Menacing"],"picked":"infinitespire:DeathsTouch","floor":4.0},{"not_picked":["animator:Entoma","animator:MumenRider"],"picked":"animator:RinTohsaka","floor":6}],"player_experience":1465155,"relics_obtained":[{"floor":6,"key":"Girya"}],"event_choices":[{"cards_removed":["animator:Defend"],"damage_healed":0.0,"max_hp_gain":0.0,"max_hp_loss":0.0,"gold_gain":0.0,"event_name":"Golden Wing","player_choice":"Card Removal","floor":2.0,"gold_loss":0.0,"damage_taken":7.0}],"is_beta":false,"boss_relics":[],"items_purged_floors":[0,5],"is_endless":false,"potions_floor_spawned":[3],"killed_by":"Gremlin Nob","ascension_level":20}}