{"host":"pf47v7h0307523iy","time":1607529443,"event":{"gold_per_floor":[112,37,37,107,118,118,148,161,208,208,220,220,235,2,2,2,2],"floor_reached":16,"playtime":624,"items_purged":["Strike_G"],"score":250,"play_id":"e809c397-73e6-4db4-b17c-5017a32d202a","local_time":"20201209175723","is_ascension_mode":true,"campfire_choices":[{"data":"Backflip","floor":6,"key":"SMITH"},{"data":"Footwork","floor":10,"key":"SMITH"},{"data":"Calculated Gamble","floor":12,"key":"SMITH"},{"data":"Bouncing Flask","floor":15,"key":"SMITH"}],"neow_cost":"NONE","seed_source_timestamp":269536538498300,"circlet_count":0,"master_deck":["AscendersBane","Strike_G","Strike_G","Strike_G","Strike_G","Defend_G","Defend_G","Defend_G","Defend_G","Defend_G","Survivor","Neutralize+1","Backflip","Backflip+1","Footwork+1","Flechettes","Calculated Gamble+1","Footwork","Bouncing Flask+1","Dodge and Roll"],"relics":["Ring of the Snake","NeowsBlessing","The Courier","Girya","Oddly Smooth Stone"],"potions_floor_usage":[16,16],"damage_taken":[{"damage":0,"enemies":"Jaw Worm","floor":1,"turns":1},{"damage":0,"enemies":"Cultist","floor":5,"turns":1},{"damage":0,"enemies":"Lagavulin","floor":7,"turns":1},{"damage":0,"enemies":"Small Slimes","floor":8,"turns":4},{"damage":2,"enemies":"2 Fungi Beasts","floor":11,"turns":5},{"damage":0,"enemies":"Red Slaver","floor":13,"turns":4},{"damage":37,"enemies":"Slime Boss","floor":16,"turns":16}],"seed_played":"3229137675835785037","potions_obtained":[{"floor":7,"key":"Ancient Potion"},{"floor":13,"key":"Block Potion"}],"is_trial":false,"path_per_floor":["M","$","?","T","M","R","E","M","T","R","M","R","M","$","R","B"],"character_chosen":"THE_SILENT","items_purchased":["Oddly Smooth Stone","Bouncing Flask","Dodge and Roll"],"campfire_rested":0,"item_purchase_floors":[14,14,14],"current_hp_per_floor":[59,59,59,59,59,59,59,59,59,59,57,57,57,57,57,20,20],"gold":2,"neow_bonus":"THREE_ENEMY_KILL","is_prod":false,"is_daily":false,"chose_seed":false,"campfire_upgraded":4,"win_rate":0,"timestamp":1607529443,"path_taken":["M","$","?","?","M","R","E","M","T","R","M","R","M","?","R","BOSS"],"build_version":"2020-11-30","purchased_purges":1,"victory":false,"max_hp_per_floor":[66,66,66,66,66,66,66,66,66,66,66,66,66,66,66,66,66],"card_choices":[{"not_picked":["Bane","Choke"],"picked":"Backflip","floor":1},{"not_picked":["Outmaneuver","All Out Attack"],"picked":"Backflip","floor":5},{"not_picked":["Slice","All Out Attack"],"picked":"Footwork","floor":7},{"not_picked":["Prepared","Slice"],"picked":"Flechettes","floor":8},{"not_picked":["Cloak And Dagger","Catalyst"],"picked":"Calculated Gamble","floor":11},{"not_picked":["Reflex","Slice"],"picked":"Footwork","floor":13}],"player_experience":1449114,"relics_obtained":[{"floor":4,"key":"The Courier"},{"floor":7,"key":"Girya"}],"event_choices":[{"damage_healed":0,"gold_gain":0,"player_choice":"Grow","damage_taken":0,"max_hp_gain":0,"max_hp_loss":0,"event_name":"Living Wall","floor":3,"gold_loss":0,"cards_upgraded":["Neutralize"]}],"is_beta":false,"boss_relics":[],"items_purged_floors":[2],"is_endless":false,"potions_floor_spawned":[7,13],"killed_by":"Slime Boss","ascension_level":20}}