{"host":"by8i6f8xc0ywpsd5","time":1607519165,"event":{"gold_per_floor":[112,112,127,29,29,29,29,64,64,79,79,105,117,154,166,281,293,325,337,365,390,412,453,485,525,537,580,592,149,174,187,187,286,286,298,168,168,185,185,204,219,251,297,325,325,340,358,392,392,392,392,392,42,69,69],"floor_reached":56,"playtime":2874,"items_purged":["Regret","Strike_G","Strike_G","Strike_G"],"score":1677,"play_id":"3ae55b95-bc10-4491-b04a-c08318b05baf","local_time":"20201209150605","is_ascension_mode":true,"campfire_choices":[{"data":"Slice","floor":6.0,"key":"SMITH"},{"data":"Cloak And Dagger","floor":11.0,"key":"SMITH"},{"data":"Cloak And Dagger","floor":13.0,"key":"SMITH"},{"floor":15.0,"key":"REST"},{"floor":32,"key":"RECALL"},{"floor":45,"key":"REST"},{"floor":49,"key":"REST"},{"floor":52,"key":"REST"}],"neow_cost":"NONE","seed_source_timestamp":2080377630131100,"circlet_count":0,"master_deck":["Strike_G","Strike_G","Defend_G","Defend_G","Defend_G","Defend_G","Defend_G","Survivor","Neutralize","Slice+1","Cloak And Dagger+1","Acrobatics","Cloak And Dagger+1","Deadly Poison+1","Burst+1","Crippling Poison+1","Predator+1","Backflip+1","Blade Dance+1","PiercingWail+1","Adrenaline+1","Footwork","Trip+1","Night Terror+1","Acrobatics+1","Accuracy","After Image","Cloak And Dagger+1","Infinite Blades+1","Acrobatics+1","Blur+1","Finisher+1","Accuracy+1"],"special_seed":0,"relics":["Ring of the Snake","Smiling Mask","Vajra","Pear","Letter Opener","Anchor","MawBank","Toxic Egg 2","Fusion Hammer","Tiny Chest","Bottled Lightning","Gremlin Horn","Singing Bowl","MutagenicStrength","Oddly Smooth Stone","Orrery","Ancient Tea Set","Black Star","Molten Egg 2","Frozen Egg 2","Potion Belt","Bird Faced Urn","Boot","Meat on the Bone","Ninja Scroll","Gambling Chip","Centennial Puzzle","HornCleat"],"potions_floor_usage":[27,40,55,55,55,55,55],"damage_taken":[{"damage":3.0,"enemies":"2 Louse","floor":1.0,"turns":4.0},{"damage":5.0,"enemies":"Small Slimes","floor":3.0,"turns":5.0},{"damage":17.0,"enemies":"3 Sentries","floor":8.0,"turns":8.0},{"damage":0.0,"enemies":"Cultist","floor":10.0,"turns":3.0},{"damage":22.0,"enemies":"Lagavulin","floor":12.0,"turns":7.0},{"damage":20.0,"enemies":"Gremlin Nob","floor":14.0,"turns":4.0},{"damage":22.0,"enemies":"Slime Boss","floor":16.0,"turns":8.0},{"damage":5.0,"enemies":"Shell Parasite","floor":18.0,"turns":3.0},{"damage":0.0,"enemies":"2 Thieves","floor":20.0,"turns":3.0},{"damage":9.0,"enemies":"Snake Plant","floor":21.0,"turns":4.0},{"damage":0.0,"enemies":"Centurion and Healer","floor":22.0,"turns":4.0},{"damage":0.0,"enemies":"Slavers","floor":23.0,"turns":5.0},{"damage":0.0,"enemies":"Cultist and Chosen","floor":24.0,"turns":4.0},{"damage":10,"enemies":"Book of Stabbing","floor":25,"turns":4},{"damage":0,"enemies":"Slavers","floor":27,"turns":4},{"damage":0,"enemies":"Gremlin Leader","floor":30,"turns":5},{"damage":0,"enemies":"Sentry and Sphere","floor":31,"turns":2},{"damage":35,"enemies":"Automaton","floor":33,"turns":7},{"damage":0,"enemies":"Orb Walker","floor":35,"turns":1},{"damage":0,"enemies":"3 Shapes","floor":38,"turns":4},{"damage":0,"enemies":"3 Darklings","floor":40,"turns":2},{"damage":0,"enemies":"Sphere and 2 Shapes","floor":41,"turns":3},{"damage":10,"enemies":"Reptomancer","floor":42,"turns":4},{"damage":3,"enemies":"Nemesis","floor":44,"turns":5},{"damage":0,"enemies":"Jaw Worm Horde","floor":46,"turns":3},{"damage":4,"enemies":"Transient","floor":47,"turns":5},{"damage":0,"enemies":"Reptomancer","floor":48,"turns":5},{"damage":12,"enemies":"Awakened One","floor":50,"turns":10},{"damage":48,"enemies":"Shield and Spear","floor":54,"turns":7},{"damage":27,"enemies":"The Heart","floor":55,"turns":7}],"seed_played":"-1687414064201648125","potions_obtained":[{"floor":1.0,"key":"Weak Potion"},{"floor":7.0,"key":"Fruit Juice"},{"floor":7.0,"key":"GamblersBrew"},{"floor":7.0,"key":"PowerPotion"},{"floor":8.0,"key":"Ancient Potion"},{"floor":20.0,"key":"SkillPotion"},{"floor":22.0,"key":"FearPotion"},{"floor":24.0,"key":"Explosive Potion"},{"floor":27,"key":"Dexterity Potion"},{"floor":35,"key":"Fruit Juice"},{"floor":40,"key":"SteroidPotion"},{"floor":42,"key":"Ancient Potion"},{"floor":44,"key":"LiquidBronze"}],"is_trial":false,"path_per_floor":["M","?","M","$","?","R","?","E","T","M","R","E","R","E","R","B",null,"M","?","M","M","M","E","M","E","T","E","?","$","E","M","R","B",null,"M","$","?","M","T","M","M","E","T","E","R","M","M","E","R","B",null,"R","$","E","B",null],"character_chosen":"THE_SILENT","items_purchased":["ColorlessPotion","Oddly Smooth Stone","Orrery","Trip+1","Accuracy","Gambling Chip"],"campfire_rested":4,"item_purchase_floors":[4,29,29,29,36,53],"current_hp_per_floor":[67,67,62,62,65,65,70,53,53,53,53,31,31,11,36,14,85,80,80,80,71,71,71,71,61,61,63,63,69,71,73,73,38,97,97,97,97,99,99,106,106,96,96,93,106,106,106,108,108,96,108,108,108,60,55],"gold":69,"neow_bonus":"RANDOM_COMMON_RELIC","is_prod":false,"is_daily":false,"chose_seed":false,"campfire_upgraded":3,"win_rate":0,"timestamp":1607519165,"path_taken":["M","?","M","$","?","R","?","E","T","?","R","E","R","E","R","BOSS","M","?","M","?","M","E","M","E","T","E","?","$","E","M","R","BOSS","M","$","?","?","?","M","M","E","T","E","R","M","M","E","R","BOSS","R","$","E","BOSS"],"build_version":"2020-11-30","purchased_purges":4,"victory":true,"max_hp_per_floor":[70,70,70,70,80,80,85,85,85,85,85,85,85,85,85,85,85,85,85,85,85,85,85,85,85,85,87,87,93,95,97,97,97,97,97,97,97,99,99,106,106,106,106,106,106,106,108,108,108,108,108,108,108,108,108],"relic_stats":{"Gremlin Horn":[25,25],"Singing Bowl":18,"counters":[30,140],"Letter Opener":[661],"Smiling Mask":250,"MawBank":204,"Boot":[6],"Centennial Puzzle":[3],"Bird Faced Urn":[14],"Gambling Chip":[11],"Tiny Chest":1,"Black Star":4,"obtain_stats":[{"Gremlin Horn":26,"Singing Bowl":27,"Vajra":2,"Smiling Mask":0,"Ancient Tea Set":30,"Boot":44,"Centennial Puzzle":54,"HornCleat":54,"Ninja Scroll":48,"Gambling Chip":53,"Tiny Chest":23,"Fusion Hammer":17,"Toxic Egg 2":14,"Ring of the Snake":0,"Potion Belt":42,"Pear":5,"Oddly Smooth Stone":29,"Letter Opener":8,"Frozen Egg 2":42,"MawBank":12,"Anchor":9,"MutagenicStrength":28,"Bird Faced Urn":44,"Orrery":29,"Molten Egg 2":39,"Black Star":34,"Bottled Lightning":25,"Meat on the Bone":48},{"Gremlin Horn":14,"Singing Bowl":15,"Vajra":1,"Smiling Mask":0,"Ancient Tea Set":16,"Boot":24,"Centennial Puzzle":29,"HornCleat":29,"Ninja Scroll":27,"Gambling Chip":28,"Tiny Chest":12,"Fusion Hammer":7,"Toxic Egg 2":6,"Ring of the Snake":0,"Potion Belt":23,"Pear":2,"Oddly Smooth Stone":15,"Letter Opener":3,"Frozen Egg 2":23,"MawBank":5,"Anchor":3,"MutagenicStrength":15,"Bird Faced Urn":24,"Orrery":15,"Molten Egg 2":20,"Black Star":18,"Bottled Lightning":14,"Meat on the Bone":27},{"Gremlin Horn":66,"Singing Bowl":70,"Vajra":4,"Smiling Mask":0,"Ancient Tea Set":75,"Boot":103,"Centennial Puzzle":133,"HornCleat":133,"Ninja Scroll":116,"Gambling Chip":126,"Tiny Chest":58,"Fusion Hammer":39,"Toxic Egg 2":31,"Ring of the Snake":0,"Potion Belt":98,"Pear":9,"Oddly Smooth Stone":70,"Letter Opener":17,"Frozen Egg 2":98,"MawBank":27,"Anchor":17,"MutagenicStrength":70,"Bird Faced Urn":103,"Orrery":70,"Molten Egg 2":89,"Black Star":84,"Bottled Lightning":66,"Meat on the Bone":116}],"Ring of the Snake":[60],"Meat on the Bone":12},"card_choices":[{"not_picked":["Choke","Distraction","Acrobatics"],"picked":"SKIP","floor":1.0},{"not_picked":["Deflect","Tactician"],"picked":"Slice","floor":3.0},{"not_picked":["All Out Attack","Sucker Punch"],"picked":"Cloak And Dagger","floor":8.0},{"not_picked":["Prepared","Caltrops"],"picked":"Acrobatics","floor":10.0},{"not_picked":["Dodge and Roll","Crippling Poison"],"picked":"Cloak And Dagger","floor":12.0},{"not_picked":["Distraction+1","Die Die Die"],"picked":"Deadly Poison+1","floor":14.0},{"not_picked":["Grand Finale","Corpse Explosion+1"],"picked":"Burst+1","floor":16.0},{"not_picked":["Blur+1","PiercingWail+1"],"picked":"Crippling Poison+1","floor":18.0},{"not_picked":["Dash","Flying Knee"],"picked":"Predator+1","floor":20.0},{"not_picked":["Dagger Throw","Quick Slash","Crippling Poison+1"],"picked":"SKIP","floor":21.0},{"not_picked":["Expertise+1","Deflect+1"],"picked":"Backflip+1","floor":22.0},{"not_picked":["Finisher","Eviscerate+1"],"picked":"Blade Dance+1","floor":23.0},{"not_picked":["Quick Slash+1","Outmaneuver+1","Flechettes"],"picked":"SKIP","floor":24.0},{"not_picked":["Masterful Stab","Quick Slash+1"],"picked":"PiercingWail+1","floor":25},{"not_picked":["Blade Dance+1","Sucker Punch","Backstab"],"picked":"Singing Bowl","floor":27},{"not_picked":["Acrobatics+1","Dash+1"],"picked":"Adrenaline+1","floor":29},{"not_picked":["Heel Hook","Flechettes"],"picked":"Footwork","floor":29},{"not_picked":["Sucker Punch","Deflect+1","Underhanded Strike"],"picked":"Singing Bowl","floor":29},{"not_picked":["Expertise+1","Prepared+1","PiercingWail+1"],"picked":"Singing Bowl","floor":29},{"not_picked":["Skewer","Leg Sweep+1","PiercingWail+1"],"picked":"Singing Bowl","floor":29},{"not_picked":["Blade Dance+1","Reflex+1","Riddle With Holes+1"],"picked":"Singing Bowl","floor":30},{"not_picked":["Eviscerate+1","Endless Agony","Prepared+1"],"picked":"Singing Bowl","floor":31},{"not_picked":["Die Die Die","Burst+1"],"picked":"Night Terror+1","floor":33},{"not_picked":["Deflect+1","Cloak And Dagger+1"],"picked":"Acrobatics+1","floor":35},{"not_picked":["Expertise+1","Setup+1","Flying Knee+1"],"picked":"Singing Bowl","floor":38},{"not_picked":["Setup+1","Heel Hook+1","Poisoned Stab+1"],"picked":"Singing Bowl","floor":40},{"not_picked":["Slice+1","Riddle With Holes+1"],"picked":"Cloak And Dagger+1","floor":41},{"not_picked":["Eviscerate+1","Endless Agony+1"],"picked":"Infinite Blades+1","floor":42},{"not_picked":["Crippling Poison+1","Expertise+1"],"picked":"Acrobatics+1","floor":44},{"not_picked":["Quick Slash+1","Acrobatics+1"],"picked":"Blur+1","floor":46},{"not_picked":["Setup+1","Blade Dance+1","Escape Plan+1"],"picked":"Singing Bowl","floor":47},{"not_picked":["Terror+1","Flying Knee+1"],"picked":"Finisher+1","floor":48},{"not_picked":["Cloak And Dagger+1","Acrobatics+1"],"picked":"Accuracy+1","floor":54}],"player_experience":1618341,"relics_obtained":[{"floor":8.0,"key":"Letter Opener"},{"floor":9.0,"key":"Anchor"},{"floor":12.0,"key":"MawBank"},{"floor":14.0,"key":"Toxic Egg 2"},{"floor":23.0,"key":"Tiny Chest"},{"floor":25,"key":"Bottled Lightning"},{"floor":26,"key":"Gremlin Horn"},{"floor":27,"key":"Singing Bowl"},{"floor":30,"key":"Ancient Tea Set"},{"floor":39,"key":"Molten Egg 2"},{"floor":42,"key":"Frozen Egg 2"},{"floor":42,"key":"Potion Belt"},{"floor":44,"key":"Bird Faced Urn"},{"floor":44,"key":"Boot"},{"floor":48,"key":"Meat on the Bone"},{"floor":48,"key":"Ninja Scroll"},{"floor":54,"key":"Centennial Puzzle"},{"floor":54,"key":"HornCleat"}],"event_choices":[{"damage_healed":0.0,"max_hp_gain":0.0,"max_hp_loss":0.0,"gold_gain":0.0,"event_name":"Big Fish","player_choice":"Box","floor":2.0,"gold_loss":0.0,"damage_taken":0.0,"relics_obtained":["Vajra"],"cards_obtained":["Regret"]},{"damage_healed":0.0,"max_hp_gain":0.0,"max_hp_loss":0.0,"gold_gain":0.0,"event_name":"Scrap Ooze","player_choice":"Success","floor":5.0,"gold_loss":0.0,"damage_taken":7.0,"relics_obtained":["Pear"]},{"damage_healed":0.0,"max_hp_gain":0.0,"max_hp_loss":0.0,"gold_gain":0.0,"event_name":"Lab","player_choice":"Got Potions","floor":7.0,"gold_loss":0.0,"damage_taken":0.0},{"damage_healed":0.0,"max_hp_gain":0.0,"max_hp_loss":0.0,"gold_gain":0.0,"event_name":"Match and Keep!","player_choice":"0 cards matched","floor":19.0,"gold_loss":0.0,"damage_taken":0.0,"cards_obtained":[]},{"damage_healed":0,"gold_gain":0,"player_choice":"Inject Mutagens","damage_taken":0,"relics_obtained":["MutagenicStrength"],"max_hp_gain":0,"max_hp_loss":0,"event_name":"Drug Dealer","floor":28,"gold_loss":0},{"damage_healed":0,"gold_gain":0,"player_choice":"1 cards matched","damage_taken":0,"max_hp_gain":0,"max_hp_loss":0,"event_name":"Match and Keep!","floor":37,"gold_loss":0,"cards_obtained":["After Image"]}],"is_beta":false,"boss_relics":[{"not_picked":["Astrolabe","Runic Dome"],"picked":"Fusion Hammer"},{"not_picked":["Velvet Choker","HoveringKite"],"picked":"Black Star"}],"items_purged_floors":[4,29,36,53],"is_endless":false,"potions_floor_spawned":[1,8,12,20,22,24,27,31,35,40,42,44,46],"ascension_level":3}}