{"host":"07ljfmttuzqopd7f","time":1607482368,"event":{"gold_per_floor":[119,137,137,147,1,1,12,37,37,49,49,49,78,94,94,94,94],"floor_reached":16,"playtime":667,"items_purged":[],"score":129,"play_id":"63efa780-753d-4898-9bdb-4a332fd7d740","local_time":"20201208215248","is_ascension_mode":true,"campfire_choices":[{"data":"hermit:Brawl","floor":6,"key":"SMITH"},{"data":"hermit:Showdown","floor":11,"key":"SMITH"},{"floor":15,"key":"REST"}],"neow_cost":"PERCENT_DAMAGE","seed_source_timestamp":10308663449000,"circlet_count":0,"master_deck":["hermit:Strike_Hermit+1","hermit:Strike_Hermit","hermit:Strike_Hermit","hermit:Strike_Hermit+1","hermit:Defend_Hermit","hermit:Defend_Hermit","hermit:Defend_Hermit","hermit:Defend_Hermit","hermit:Snapshot","hermit:Covet","hermit:FlashPowder","hermit:Brawl+1","hermit:HighCaliber","hermit:Showdown+1","hermit:FullyLoaded","hermit:LoneWolf"],"relics":["hermit:Momento","Turnip","Lee\u0027s Waffle","Sundial","Darkstone Periapt","Bag of Marbles"],"potions_floor_usage":[13,16],"damage_taken":[{"damage":1,"enemies":"Cultist","floor":1,"turns":3},{"damage":0,"enemies":"Small Slimes","floor":2,"turns":3},{"damage":10,"enemies":"Jaw Worm","floor":4,"turns":5},{"damage":9,"enemies":"2 Fungi Beasts","floor":7,"turns":3},{"damage":33,"enemies":"3 Sentries","floor":8,"turns":6},{"damage":8,"enemies":"3 Louse","floor":10,"turns":4},{"damage":23,"enemies":"Gremlin Nob","floor":13,"turns":4},{"damage":2,"enemies":"Exordium Thugs","floor":14,"turns":3},{"damage":45,"enemies":"The Guardian","floor":16,"turns":7}],"seed_played":"2777225993083838638","potions_obtained":[{"floor":7,"key":"SteroidPotion"},{"floor":8,"key":"FairyPotion"},{"floor":13,"key":"PowerPotion"},{"floor":14,"key":"BlessingOfTheForge"}],"is_trial":false,"path_per_floor":["M","M","?","M","$","R","M","E","T","M","R","?","E","M","R","B"],"character_chosen":"HERMIT","items_purchased":["Lee\u0027s Waffle"],"campfire_rested":1,"item_purchase_floors":[5],"current_hp_per_floor":[53,53,53,43,82,82,73,40,40,32,32,16,17,15,39,0,0],"gold":94,"neow_bonus":"ONE_RARE_RELIC","is_prod":false,"is_daily":false,"chose_seed":false,"campfire_upgraded":2,"win_rate":0,"timestamp":1607482368,"path_taken":["M","?","?","?","$","R","M","E","T","M","R","?","E","M","R","BOSS"],"build_version":"2020-11-30","purchased_purges":0,"victory":false,"max_hp_per_floor":[75,75,75,75,82,82,82,82,82,82,82,82,82,82,82,82,82],"relic_stats":{"Darkstone Periapt":0,"Lee\u0027s Waffle":39,"counters":[9,38],"Sundial":[2],"Turnip":[2],"obtain_stats":[{"Darkstone Periapt":9,"Lee\u0027s Waffle":5,"Sundial":8,"Turnip":0,"Bag of Marbles":13,"hermit:Momento":0},{"Darkstone Periapt":5,"Lee\u0027s Waffle":3,"Sundial":5,"Turnip":0,"Bag of Marbles":7,"hermit:Momento":0},{"Darkstone Periapt":20,"Lee\u0027s Waffle":11,"Sundial":20,"Turnip":0,"Bag of Marbles":28,"hermit:Momento":0}]},"card_choices":[{"not_picked":["hermit:SprayPray","hermit:LowProfile"],"picked":"hermit:FlashPowder","floor":1},{"not_picked":["hermit:Misfire","hermit:Determination"],"picked":"hermit:Brawl","floor":2},{"not_picked":["hermit:Vantage","hermit:Roulette"],"picked":"hermit:HighCaliber","floor":4},{"not_picked":["hermit:Feint","hermit:TrackingShot"],"picked":"hermit:Showdown","floor":7},{"not_picked":["hermit:Horror","hermit:Showdown","hermit:FlashPowder"],"picked":"SKIP","floor":8},{"not_picked":["hermit:BodyArmor","hermit:TrackingShot"],"picked":"hermit:FullyLoaded","floor":10},{"not_picked":["hermit:FromBeyond","hermit:Vantage"],"picked":"hermit:LoneWolf","floor":13},{"not_picked":["hermit:Scavenge","hermit:Ricochet","hermit:Manifest"],"picked":"SKIP","floor":14}],"player_experience":361048,"relics_obtained":[{"floor":8,"key":"Sundial"},{"floor":9,"key":"Darkstone Periapt"},{"floor":13,"key":"Bag of Marbles"}],"event_choices":[{"damage_healed":0,"gold_gain":0,"player_choice":"Bought 0 Potions","damage_taken":0,"max_hp_gain":0,"max_hp_loss":0,"event_name":"The Woman in Blue","floor":3,"gold_loss":0},{"damage_healed":0,"gold_gain":0,"player_choice":"Entered Light","damage_taken":16,"max_hp_gain":0,"max_hp_loss":0,"event_name":"Shining Light","floor":12,"gold_loss":0,"cards_upgraded":["hermit:Strike_Hermit","hermit:Strike_Hermit"]}],"is_beta":false,"boss_relics":[],"items_purged_floors":[],"is_endless":false,"potions_floor_spawned":[7,8,13,14],"killed_by":"The Guardian","ascension_level":3}}