{"host":"yllrlz30c75z9571","time":1607530755,"event":{"gold_per_floor":[127,202,134,196,196,196,214,252,310,415,471,471,499,521,521,644,644,679,701,407,431,431,431,447,465,465,465,513,513,513,548,548,677,677,710,763,803,585,585,585,610,610,610],"floor_reached":41,"playtime":3437,"items_purged":[],"score":445,"play_id":"37bffa32-eaa9-4c64-a5ba-1e1a411b4685","local_time":"20201209161915","is_ascension_mode":false,"campfire_choices":[{"floor":6,"key":"REST"},{"floor":12,"key":"REST"},{"floor":15,"key":"REST"},{"floor":23,"key":"REST"},{"floor":29,"key":"REST"},{"floor":40,"key":"REST"}],"neow_cost":"NONE","seed_source_timestamp":449628655674300,"circlet_count":0,"master_deck":["blackbeard:BlackbeardStrike","blackbeard:BlackbeardStrike","blackbeard:BlackbeardStrike","blackbeard:BlackbeardStrike","blackbeard:IntimidatingStrike","blackbeard:BlackbeardDefend","blackbeard:BlackbeardDefend","blackbeard:BlackbeardDefend","blackbeard:BlackbeardDefend","blackbeard:Cutlass","BettingIsNotGood","blackbeard:Shrapnel","blackbeard:GoldenStrike","blackbeard:Bandana","blackbeard:Anchor","Burn","blackbeard:WiseDefense","blackbeard:FishingNets","blackbeard:HumongousCannonball","blackbeard:FishingNets","blackbeard:CloakAndCannonball","blackbeard:WiseDefense","blackbeard:MegaUpgrade","blackbeard:FieryDefense","blackbeard:BeatUp+1","blackbeard:RearmingStrike+1","blackbeard:RearmingStrike","blackbeard:GoldenDefense","blackbeard:RearmingStrike","blackbeard:Fencing","blackbeard:TacticalRetreat","blackbeard:TerrorOfTheSeas","blackbeard:PowerHungry","blackbeard:DoubleCannonball","blackbeard:TacticalRetreat","blackbeard:PowderKeg","blackbeard:InfiniteBarrage","Madness","Madness"],"relics":["blackbeard:LoadTheCannons","HushsDoor","Leech","infinitespire:Satchel","hubris:TenFootPole","Potion Belt","construct:WeddingRing","HandDrill","MerchantsRug","Letter Opener","conspire:RunicOctahedron","jedi:fakemustache"],"potions_floor_usage":[16,24,24,28,31,37,41,41],"damage_taken":[{"damage":5,"enemies":"2 Louse","floor":1,"turns":2},{"damage":11,"enemies":"Cultist","floor":4,"turns":8},{"damage":0,"enemies":"Cultist","floor":7,"turns":2},{"damage":1,"enemies":"Jaw Worm","floor":8,"turns":2},{"damage":3,"enemies":"Blue Slaver","floor":9,"turns":4},{"damage":50,"enemies":"Lagavulin","floor":11,"turns":5},{"damage":2,"enemies":"Blue Slaver","floor":13,"turns":2},{"damage":0,"enemies":"Large Slime","floor":14,"turns":3},{"damage":25,"enemies":"The Guardian","floor":16,"turns":8},{"damage":0,"enemies":"Chosen","floor":18,"turns":3},{"damage":12,"enemies":"Shell Parasite","floor":19,"turns":5},{"damage":51,"enemies":"Shelled Parasite and Fungi","floor":21,"turns":4},{"damage":20,"enemies":"Snecko","floor":24,"turns":4},{"damage":12,"enemies":"Centurion and Healer","floor":25,"turns":3},{"damage":4,"enemies":"Snake Plant","floor":28,"turns":3},{"damage":0,"enemies":"Sentry and Sphere","floor":31,"turns":3},{"damage":61,"enemies":"conspire:MysteriousRune","floor":33,"turns":11},{"damage":6,"enemies":"Orb Walker","floor":35,"turns":4},{"damage":5,"enemies":"3 Shapes","floor":36,"turns":4},{"damage":74,"enemies":"Spire Growth","floor":37,"turns":5},{"damage":52,"enemies":"Nightmare","floor":41,"turns":5}],"seed_played":"-484357910326580186","potions_obtained":[{"floor":0,"key":"conspire:TimeTravelPotion"},{"floor":0,"key":"Toxic Potion"},{"floor":0,"key":"Ancient Potion"},{"floor":7,"key":"Strength Potion"},{"floor":11,"key":"Adrenaline Potion"},{"floor":16,"key":"PowerPotion"},{"floor":19,"key":"blackbeard:RumPotion"},{"floor":21,"key":"Toxic Potion"},{"floor":28,"key":"sneckomod:MuddlingPotion"},{"floor":31,"key":"blackbeard:RumPotion"},{"floor":35,"key":"EssenceOfSteel"},{"floor":37,"key":"Swift Potion"}],"is_trial":false,"path_per_floor":["M","?","$","MIM","?","R","M","M","MIM","?","E","R","M","M","R","B",null,"M","M","$","M","?","R","M","M","T","?","M","R","?","M","R_BF","B",null,"M","M","M","$","?","R","NM"],"character_chosen":"BLACKBEARD_CLASS","items_purchased":["blackbeard:Bandana","HandDrill","MerchantsRug","blackbeard:RearmingStrike","jedi:fakemustache","blackbeard:InfiniteBarrage"],"campfire_rested":6,"item_purchase_floors":[3,20,20,20,38,38],"current_hp_per_floor":[70,55,55,50,50,72,73,73,73,69,24,46,45,48,70,51,75,75,65,65,17,17,39,22,12,12,12,11,33,33,35,57,7,75,69,67,13,28,24,46,0,0,0],"gold":610,"neow_bonus":"THREE_SMALL_POTIONS","is_prod":false,"is_daily":false,"chose_seed":false,"campfire_upgraded":0,"win_rate":0.0,"timestamp":1607530755,"path_taken":["M","?","$","?","?","R","M","M","MIM","?","E","R","M","M","R","BOSS","M","M","$","M","?","R","M","M","T","?","M","R","?","M","R_BF","BOSS","M","M","M","$","?","R","NM"],"build_version":"2020-11-30","purchased_purges":0,"victory":false,"max_hp_per_floor":[75,75,75,75,75,75,75,75,75,75,75,75,75,75,75,75,75,75,75,75,75,75,75,75,75,75,75,75,75,75,75,75,75,75,75,75,75,75,75,75,75,75,75],"card_choices":[{"not_picked":[],"picked":"BettingIsNotGood","floor":0},{"not_picked":["blackbeard:TerrorOfTheSeas","blackbeard:WiseDefense"],"picked":"blackbeard:Shrapnel","floor":0},{"not_picked":["blackbeard:WiseDefense","blackbeard:Scrap"],"picked":"blackbeard:GoldenStrike","floor":1},{"not_picked":["blackbeard:GoldenStrike","blackbeard:DangerousBlow"],"picked":"blackbeard:Anchor","floor":4},{"not_picked":["blackbeard:Shrapnel","blackbeard:DeadlyArsenal"],"picked":"blackbeard:WiseDefense","floor":7},{"not_picked":["blackbeard:DangerousBlow","blackbeard:DoubleBottom"],"picked":"blackbeard:FishingNets","floor":8},{"not_picked":["blackbeard:Sharpening","blackbeard:Fencing"],"picked":"blackbeard:HumongousCannonball","floor":9},{"not_picked":["blackbeard:GoldenGuillotine","blackbeard:DeadlyArsenal"],"picked":"blackbeard:FishingNets","floor":11},{"not_picked":["Bomb","blackbeard:DoubleCannonball"],"picked":"blackbeard:CloakAndCannonball","floor":13},{"not_picked":["blackbeard:FishingNets","blackbeard:DeadlyArsenal"],"picked":"blackbeard:WiseDefense","floor":14},{"not_picked":["blackbeard:GoldenGuillotine","blackbeard:BoostMorale"],"picked":"blackbeard:MegaUpgrade","floor":16},{"not_picked":["blackbeard:WiseDefense","blackbeard:PiratesWill"],"picked":"blackbeard:FieryDefense","floor":18},{"not_picked":["blackbeard:BlindAttacks+1","blackbeard:PirateHook"],"picked":"blackbeard:BeatUp+1","floor":19},{"not_picked":["blackbeard:TacticalRetreat+1","blackbeard:WiseDefense"],"picked":"blackbeard:GoldenDefense","floor":21},{"not_picked":["blackbeard:FishingNets","blackbeard:Scrap"],"picked":"blackbeard:RearmingStrike","floor":24},{"not_picked":["blackbeard:BountyHunter","blackbeard:Upgrade"],"picked":"blackbeard:Fencing","floor":25},{"not_picked":["blackbeard:Fencing","blackbeard:JollyRoger"],"picked":"blackbeard:TacticalRetreat","floor":28},{"not_picked":["blackbeard:Upgrade+1","blackbeard:PiratesWill"],"picked":"blackbeard:TerrorOfTheSeas","floor":31},{"not_picked":["blackbeard:PirateStrength","blackbeard:CaptainsHat"],"picked":"blackbeard:PowerHungry","floor":33},{"not_picked":["blackbeard:RearmingStrike+1","blackbeard:TacticalRetreat"],"picked":"blackbeard:DoubleCannonball","floor":35},{"not_picked":["blackbeard:DoubleBottom","blackbeard:GhostInTheRum+1"],"picked":"blackbeard:TacticalRetreat","floor":36},{"not_picked":["blackbeard:PiratesWill","blackbeard:BrownPants+1"],"picked":"blackbeard:PowderKeg","floor":37}],"player_experience":88400,"relics_obtained":[{"floor":4,"key":"infinitespire:Satchel"},{"floor":9,"key":"hubris:TenFootPole"},{"floor":11,"key":"Potion Belt"},{"floor":26,"key":"Letter Opener"}],"event_choices":[{"damage_healed":50,"gold_gain":0,"player_choice":"Embrace Burn","damage_taken":0,"max_hp_gain":0,"max_hp_loss":75,"event_name":"betterThird:BetterShining","floor":5,"gold_loss":0},{"damage_healed":0,"gold_gain":105,"player_choice":"GO ","damage_taken":10,"relics_obtained":[],"max_hp_gain":0,"max_hp_loss":0,"event_name":"betterSkull:BetterSkull","floor":10,"gold_loss":0,"cards_upgraded":[]},{"damage_healed":0,"gold_gain":0,"player_choice":"Ignored","damage_taken":0,"max_hp_gain":0,"max_hp_loss":0,"event_name":"betterNote:BetterNote","floor":22,"gold_loss":0,"cards_obtained":["Strike_R"]},{"damage_healed":0,"gold_gain":0,"player_choice":"Leave","damage_taken":0,"max_hp_gain":0,"max_hp_loss":0,"event_name":"FaceTrader","floor":30,"gold_loss":0},{"damage_healed":0,"gold_gain":0,"player_choice":"Embrace Madness","damage_taken":9,"max_hp_gain":0,"max_hp_loss":0,"event_name":"Winding Halls","floor":39,"gold_loss":0,"cards_obtained":["Madness","Madness"]}],"is_beta":false,"boss_relics":[{"not_picked":["ReplayTheSpireMod:DimensionalGlitch","hubris:RunicObelisk"],"picked":"construct:WeddingRing"},{"not_picked":[]},{"not_picked":["aspiration:RitualDagger","ChewingGum"],"picked":"conspire:RunicOctahedron"},{"not_picked":[]}],"items_purged_floors":[],"is_endless":false,"potions_floor_spawned":[7,11,16,19,21,28,31,35,37],"killed_by":"Nightmare","ascension_level":0}}