{"host":"vvp4eihuvtuugjfx","time":1607529802,"event":{"gold_per_floor":[218,218,148,148,163,196,196,121,121,141,141,141,166,177,177,282,282,302,452,202,219,258,277,305,305,305,340,40,52,83,95,95,196,196,209,224,262,82,242,276,276,289,289,317,336,361,583,583,583,581],"floor_reached":51,"playtime":6016,"items_purged":["Writhe"],"score":1190,"play_id":"84947bff-bb58-48f5-8aad-6b1002af5328","local_time":"20201209170322","is_ascension_mode":true,"campfire_choices":[{"data":"HollowMod:CycloneSlash","floor":7,"key":"SMITH"},{"data":"HollowMod:DashSlash","floor":12,"key":"SMITH"},{"data":"HollowMod:DungDefenderAura","floor":15,"key":"SMITH"},{"data":"HollowMod:HornetsHelp","floor":25,"key":"SMITH"},{"data":"HollowMod:NewLastStag","floor":32,"key":"SMITH"},{"data":"HollowMod:Weaversong","floor":41,"key":"SMITH"},{"data":"HollowMod:InfectedCysts","floor":41,"key":"SMITH"},{"data":"ReplayUltimateDefense","floor":49,"key":"SMITH"},{"data":"HollowMod:CycloneSlash","floor":49,"key":"SMITH"}],"neow_cost":"NONE","seed_source_timestamp":2376375862981600,"circlet_count":0,"master_deck":["HollowMod:NailStrikeStart","HollowMod:NailStrikeStart","HollowMod:NailStrikeStart","HollowMod:NailStrikeStart","HollowMod:FocusHealStart","HollowMod:PogoStrike","HollowMod:CycloneSlash+1","Hallownest:skillLeafShield","Hallownest:skillLeafShield","Hallownest:skillLeafShield","Hallownest:skillLeafShield","HollowMod:DashSlash+1","HollowMod:ShapeofUnn","Hallownest:skillGreenpathMap","HollowMod:HornetsHelp+1","HollowMod:DungDefenderAura+1","HollowMod:SlysStrikes","HollowMod:CrystalDash+1","HollowMod:LifebloodCocoon+1","HollowMod:theNailsmith","HollowMod:VengefulVoid","HollowMod:GreatSlash+1","HollowMod:Weaversong+1","HollowMod:NewLastStag+1","HollowMod:InfectedCysts+1","HollowMod:WraithStrike","HollowMod:ElderbugsWisdom","Voices","Injury","HollowMod:GreatSlash+1","HollowMod:FastStrike","HollowMod:GoodIntentions+1","HollowMod:CycloneSlash+1","HollowMod:SiblingsSouls+1","HollowMod:SiblingsSouls+1","HollowMod:InfectedCysts+1","HollowMod:VengefulVoid","HollowMod:DescendingDark","ReplayUltimateDefense+1","Dramatic Entrance","HollowMod:MidwifesHunger"],"relics":["Replay:Wanted Poster","Hallownest:DreamNailRelic","Replay:WaspNest","Guardian:PocketSentry","Toy Ornithopter","ReplayTheSpireMod:Onyx Gauntlets","Philosopher\u0027s Stone","aspiration:RitualDagger","aspiration:PoetsPen_weak","Hallownest:UnbreakableCardRelic","The Courier","Replay:Ringing Soul","Juzu Bracelet","Counterbalance","aspiration:Lifesprig","InkBottle","Replay:Arrowhead","Hallownest:StagBellStandRelic","Hallownest:GodTamersBeastRelic","Blood Vial","Mango","Nunchaku","Omamori","MerchantsRug","Hallownest:KingsIdolRelic"],"potions_floor_usage":[6,16,31,33,33,39,39,50,50,50,50],"damage_taken":[{"damage":0,"enemies":"Hallownest:monsterHuskGuard","floor":1,"turns":5},{"damage":0,"enemies":"Hallownest:2_Baldur","floor":5,"turns":3},{"damage":3,"enemies":"Hallownest:eliteVengeflyKing","floor":6,"turns":5},{"damage":0,"enemies":"2_ Uuma","floor":10,"turns":3},{"damage":0,"enemies":"Hallownest:eliteCrystalGuardian","floor":13,"turns":5},{"damage":1,"enemies":"Hallownest:Wandering_and_Horned","floor":14,"turns":4},{"damage":19,"enemies":"Hallownest:BossHornet","floor":16,"turns":9},{"damage":9,"enemies":"Hallownest:Guard_and_Sentry","floor":18,"turns":3},{"damage":17,"enemies":"Hallownest:3_Youths","floor":21,"turns":5},{"damage":12,"enemies":"Hallownest:2_Flukemon","floor":22,"turns":4},{"damage":12,"enemies":"Hallownest:2_Flukemon","floor":23,"turns":4},{"damage":21,"enemies":"Hallownest:Nosk","floor":24,"turns":6},{"damage":3,"enemies":"Hallownest:eliteSoulWarrior","floor":27,"turns":4},{"damage":58,"enemies":"Hallownest:3_Mistakes","floor":29,"turns":3},{"damage":9,"enemies":"Hallownest:Nosk","floor":30,"turns":4},{"damage":6,"enemies":"Hallownest:Master_and_Novice","floor":31,"turns":2},{"damage":50,"enemies":"Hallownest:BossGrimm","floor":33,"turns":5},{"damage":3,"enemies":"Hallownest:3_Siblings","floor":35,"turns":4},{"damage":18,"enemies":"Hallownest:Shield_Heavy","floor":36,"turns":2},{"damage":21,"enemies":"Hallownest:Shield_Heavy","floor":39,"turns":3},{"damage":27,"enemies":"Hallownest:Shield_Heavy","floor":39,"turns":2},{"damage":24,"enemies":"Hallownest:Shield_Heavy","floor":39,"turns":3},{"damage":3,"enemies":"Hallownest:Shield_Heavy","floor":39,"turns":2},{"damage":9,"enemies":"Hallownest:StalkingDevout","floor":40,"turns":3},{"damage":50,"enemies":"Hallownest:2_Wing_and_1_Kings","floor":42,"turns":3},{"damage":12,"enemies":"Hallownest:eliteHiveKnight","floor":44,"turns":5},{"damage":36,"enemies":"Hallownest:monsterPrimalAspid","floor":45,"turns":2},{"damage":28,"enemies":"Hallownest:eliteCollector","floor":46,"turns":4},{"damage":13,"enemies":"Hallownest:Radiance","floor":50,"turns":6}],"seed_played":"-1645218394154522109","potions_obtained":[{"floor":5,"key":"FearPotion"},{"floor":13,"key":"Block Potion"},{"floor":14,"key":"Weak Potion"},{"floor":23,"key":"Dexterity Potion"},{"floor":29,"key":"sneckomod:MuddlingPotion"},{"floor":30,"key":"Fire Potion"},{"floor":31,"key":"Dexterity Potion"},{"floor":33,"key":"FearPotion"},{"floor":37,"key":"FairyPotion"},{"floor":42,"key":"ColorlessPotion"},{"floor":45,"key":"FearPotion"},{"floor":46,"key":"LiquidMemories"}],"is_trial":false,"path_per_floor":["M","?","?","?","M","E","R","?","T","M","?","R","E","M","R_BF","B",null,"M","?","?","M","MIM","M","E","R","T","E","?","M","E","M","R","B",null,"M","M","?","?","?","E","R","M","T","E","M","E","$","?","R","B",null],"character_chosen":"THE_BUGKNIGHT","items_purchased":["BargainBundle","MerchantsRug","HollowMod:DescendingDark","ReplayUltimateDefense","FearPotion","FearPotion","DistilledChaos","EntropicBrew","Dramatic Entrance"],"campfire_rested":0,"item_purchase_floors":[47,47,47,47,47,47,47,47,47],"current_hp_per_floor":[75,75,75,75,75,72,72,72,72,72,62,62,62,61,61,47,75,66,66,66,49,37,25,4,4,4,4,7,51,62,75,75,64,93,96,93,72,72,102,105,105,80,94,123,108,119,122,122,122,137],"gold":581,"neow_bonus":"BOSS_RELIC","is_prod":false,"is_daily":false,"chose_seed":false,"campfire_upgraded":9,"win_rate":0,"timestamp":1607529802,"path_taken":["M","?","?","?","?","E","R","?","T","M","?","R","E","M","R_BF","BOSS","M","?","?","?","?","M","E","R","T","E","?","M","E","M","R","BOSS","M","M","?","?","?","E","R","M","T","E","M","E","$","?","R","BOSS"],"build_version":"2020-11-30","purchased_purges":1,"victory":true,"max_hp_per_floor":[75,75,75,75,75,75,75,75,75,75,75,75,75,75,75,75,75,75,75,75,75,75,75,75,75,75,78,81,84,84,87,87,90,93,96,99,102,102,102,105,105,108,122,125,128,131,134,134,134,137],"card_choices":[{"not_picked":["HollowMod:SiblingsSouls","HollowMod:HuntersJournal"],"picked":"HollowMod:CycloneSlash","floor":1},{"not_picked":["HollowMod:DoubleDash","HollowMod:CloakDash"],"picked":"HollowMod:DashSlash","floor":5},{"not_picked":["HollowMod:LifebloodCocoon","HollowMod:CornifersMapStart"],"picked":"HollowMod:ShapeofUnn","floor":6},{"not_picked":["HollowMod:FastStrike","HollowMod:DoubleDash"],"picked":"HollowMod:HornetsHelp","floor":10},{"not_picked":["HollowMod:MothsMistake","HollowMod:ShapeofUnn","HollowMod:GoodIntentions"],"picked":"SKIP","floor":13},{"not_picked":["HollowMod:HeavyBlow","HollowMod:DesolateDive"],"picked":"HollowMod:DungDefenderAura","floor":14},{"not_picked":["HollowMod:LifebloodCore","HollowMod:HornetsHelp"],"picked":"HollowMod:SlysStrikes","floor":16},{"not_picked":["HollowMod:InfectedCysts","HollowMod:FallenFury"],"picked":"HollowMod:CrystalDash+1","floor":18},{"not_picked":["HollowMod:ChannelNail+1","HollowMod:DashSlash"],"picked":"HollowMod:LifebloodCocoon+1","floor":21},{"not_picked":["HollowMod:DescendingDark+1","HollowMod:SoulSplash+1"],"picked":"HollowMod:theNailsmith","floor":22},{"not_picked":["HollowMod:NewGlowingWomb+1","HollowMod:SoulStrike+1"],"picked":"HollowMod:VengefulVoid","floor":23},{"not_picked":["HollowMod:NewGlowingWomb","HollowMod:InfectedCysts"],"picked":"HollowMod:GreatSlash+1","floor":24},{"not_picked":["HollowMod:Grubsong","HollowMod:RecoilStrike+1"],"picked":"HollowMod:Weaversong","floor":27},{"not_picked":["HollowMod:DesolateDive","HollowMod:InfectedAttack"],"picked":"HollowMod:InfectedCysts","floor":29},{"not_picked":["HollowMod:TaintedHusks","HollowMod:CrystalDash","HollowMod:VengefulSpirit"],"picked":"SKIP","floor":30},{"not_picked":["HollowMod:ChannelNail+1","HollowMod:SiblingsSouls"],"picked":"HollowMod:WraithStrike","floor":31},{"not_picked":["HollowMod:theNailsmith","HollowMod:MidwifesHunger"],"picked":"HollowMod:ElderbugsWisdom","floor":33},{"not_picked":["CurseOfTheBell","Replay:Hysterical Blindness"],"picked":"Voices","floor":34},{"not_picked":["Looming Evil","ReplayTheSpireMod:IOU"],"picked":"Writhe","floor":34},{"not_picked":["Pain","ReplayTheSpireMod:Restless Dread"],"picked":"Injury","floor":34},{"not_picked":["HollowMod:SiblingsSouls+1","HollowMod:InfectedAttack"],"picked":"HollowMod:GreatSlash+1","floor":35},{"not_picked":["HollowMod:CoiledNail+1","HollowMod:ChannelNail"],"picked":"HollowMod:FastStrike","floor":36},{"not_picked":["HollowMod:CornifersMapStart+1","HollowMod:WraithStrike"],"picked":"HollowMod:GoodIntentions+1","floor":37},{"not_picked":["HollowMod:FallenFury","HollowMod:NewInfectedGuardian"],"picked":"HollowMod:CycloneSlash","floor":40},{"not_picked":["HollowMod:SharpenedShadows","HollowMod:GrimmsGift+1"],"picked":"HollowMod:SiblingsSouls+1","floor":42},{"not_picked":["HollowMod:SharpenedShadows","HollowMod:PerfectDash+1"],"picked":"HollowMod:SiblingsSouls+1","floor":44},{"not_picked":["HollowMod:NewLittleFool+1","HollowMod:CornifersMapStart"],"picked":"HollowMod:InfectedCysts+1","floor":45},{"not_picked":["HollowMod:DesolateDive","HollowMod:PureNailStrike+1"],"picked":"HollowMod:VengefulVoid","floor":46},{"not_picked":["HollowMod:LordofShades","HollowMod:SoulMaster"],"picked":"HollowMod:MidwifesHunger","floor":50}],"player_experience":684409,"relics_obtained":[{"floor":6,"key":"Bottled Flame"},{"floor":9,"key":"Replay:WaspNest"},{"floor":13,"key":"Toy Ornithopter"},{"floor":22,"key":"The Courier"},{"floor":24,"key":"Regal Pillow"},{"floor":26,"key":"Replay:Ringing Soul"},{"floor":27,"key":"Juzu Bracelet"},{"floor":30,"key":"Counterbalance"},{"floor":40,"key":"Blood Vial"},{"floor":43,"key":"Mango"},{"floor":44,"key":"Nunchaku"},{"floor":46,"key":"Omamori"}],"event_choices":[],"is_beta":false,"boss_relics":[{"not_picked":["Snecko Eye","Astrolabe"],"picked":"Replay:Grab Bag"},{"not_picked":["aspiration:FutureDiary","Fusion Hammer"],"picked":"ReplayTheSpireMod:Onyx Gauntlets"},{"not_picked":["Painkiller Herb","Runic Dome"],"picked":"Philosopher\u0027s Stone"},{"not_picked":["Runic Pyramid","Calling Bell"],"picked":"aspiration:RitualDagger"},{"not_picked":["aspiration:RunicSpoon","aspiration:SilentSkillbook"],"picked":"aspiration:PoetsPen_weak"},{"not_picked":["Honey Jar","Kintsugi"],"picked":"Replay:Ancient Bell"},{"not_picked":["Orichalcum","ReplayFunnel"],"picked":"aspiration:Lifesprig"},{"not_picked":["Matryoshka","Blue Candle"],"picked":"InkBottle"},{"not_picked":["Replay:Multitool","Shovel"],"picked":"Replay:Arrowhead"}],"items_purged_floors":[47],"is_endless":false,"potions_floor_spawned":[5,13,14,23,29,30,31,33,39,39,42,45,46],"ascension_level":1}}