{"host":"pcbz64t4k17ey4z1","time":1607540260,"event":{"gold_per_floor":[119,55,130,63,63,63,95,111,136,136,161,161,158,183,183,257,257,1006,1006,1024,1042,1042,1076,1076,1090,1163,1163,1163,1163],"floor_reached":28,"playtime":901,"items_purged":[],"score":707,"play_id":"b3fb8172-85dd-42ab-abbd-ffb7fb0ac215","local_time":"20201209185740","is_ascension_mode":true,"campfire_choices":[{"data":"Protect","floor":6,"key":"SMITH"},{"data":"StuffTheSpire:Rapture","floor":12,"key":"SMITH"},{"data":"Devotion","floor":15,"key":"SMITH"},{"data":"relicPack:StarPlatinum","floor":24,"key":"SMITH"},{"data":"DeusExMachina","floor":27,"key":"SMITH"}],"neow_cost":"NONE","seed_source_timestamp":1564103744591000,"circlet_count":0,"master_deck":["AscendersBane","Defend_P","Defend_P","Eruption","Vigilance","Protect+1","SignatureMove+1","LikeWater+1","Devotion+1","StuffTheSpire:Rapture+1","DevaForm","DeusExMachina+1","relicPack:StarPlatinum+1","Replay:Anticipation","CommonCold","MasterReality"],"relics":["PureWater","Hammer of Thor","Seething Fire","Anvil of the Gods","NeowsBlessing","StuffTheSpire:RedRose","vexMod:Dragonfruit","infinitespire:Beetle Shell","potionbrewer:DrinkingBird","relicPack:StarArrow","wanderingMiniBosses:MasterThiefsPresence","ReplayTheSpireMod:Ring of Exchange","Matryoshka","aspiration:SeaSaltIceCream","Blood Vial","relicPack:ShieldShield"],"potions_floor_usage":[11,11,18],"damage_taken":[{"damage":0,"enemies":"Jaw Worm","floor":1,"turns":1},{"damage":0,"enemies":"Gremlin Nob","floor":7,"turns":1},{"damage":0,"enemies":"Small Slimes","floor":8,"turns":1},{"damage":9,"enemies":"Lagavulin","floor":11,"turns":4},{"damage":0,"enemies":"2 Louse","floor":13,"turns":7},{"damage":20,"enemies":"3 Sentries","floor":14,"turns":4},{"damage":0,"enemies":"Slime Boss","floor":16,"turns":5},{"damage":3,"enemies":"Chosen","floor":18,"turns":6},{"damage":0,"enemies":"2 Thieves","floor":20,"turns":3},{"damage":7,"enemies":"Shelled Parasite and Fungi","floor":21,"turns":3},{"damage":12,"enemies":"conspire:SneckoGhost","floor":23,"turns":5},{"damage":2,"enemies":"Snake Plant","floor":25,"turns":3},{"damage":46,"enemies":"Book of Stabbing","floor":28,"turns":2}],"seed_played":"4714182314128056456","potions_obtained":[{"floor":1,"key":"Fire Potion"},{"floor":8,"key":"BottledMiracle"},{"floor":13,"key":"SpeedPotion"},{"floor":18,"key":"Elixir"},{"floor":21,"key":"Cursed Concoction"},{"floor":25,"key":"potionbrewer:BoundlessPotion"}],"is_trial":false,"path_per_floor":["M","$","?","$","?","R","E","M","T","?","E","R","M","E","R","B",null,"M","?","M","M","?","E","R","M","T","R","E"],"character_chosen":"WATCHER","items_purchased":["SignatureMove+1","LikeWater+1"],"campfire_rested":0,"item_purchase_floors":[2,4],"current_hp_per_floor":[61,61,50,50,50,50,55,55,55,55,46,46,46,26,26,26,61,58,58,58,51,51,39,39,37,37,37,0,0],"gold":1163,"neow_bonus":"THREE_ENEMY_KILL","is_prod":false,"is_daily":false,"chose_seed":false,"campfire_upgraded":5,"win_rate":0,"timestamp":1607540260,"path_taken":["M","$","?","$","?","R","E","M","T","?","E","R","?","E","R","BOSS","M","?","M","M","?","E","R","M","T","R","E"],"build_version":"2020-11-30","purchased_purges":0,"victory":false,"max_hp_per_floor":[68,68,68,68,68,68,73,73,73,73,73,73,73,73,73,73,73,73,73,73,73,73,73,73,73,73,73,73,73],"card_choices":[{"not_picked":["Replay:ManipulateFuture","EmptyMind"],"picked":"Protect","floor":1},{"not_picked":["Adaptation","FlyingSleeves"],"picked":"Devotion","floor":7},{"not_picked":["Crescendo","FlyingSleeves","FollowUp"],"picked":"SKIP","floor":8},{"not_picked":["StuffTheSpire:Vigor","StuffTheSpire:CelestialWarden"],"picked":"StuffTheSpire:Rapture","floor":10},{"not_picked":["CrushJoints","Crescendo","EmptyMind"],"picked":"SKIP","floor":11},{"not_picked":["TalkToTheHand","EmptyBody"],"picked":"DevaForm","floor":13},{"not_picked":["DeceiveReality","EmptyFist","SashWhip"],"picked":"SKIP","floor":14},{"not_picked":["Replay:LoomingThreat","Blasphemy"],"picked":"DeusExMachina","floor":16},{"not_picked":["Replay:AtTheReady","Replay:BluntJabs"],"picked":"Replay:Anticipation","floor":18},{"not_picked":["ThirdEye","BowlingBash","EmptyFist"],"picked":"SKIP","floor":20},{"not_picked":["FollowUp","EmptyFist","CarveReality"],"picked":"SKIP","floor":21},{"not_picked":["ClearTheMind","CarveReality"],"picked":"MasterReality","floor":23},{"not_picked":["Replay:AtTheReady","FlyingSleeves","Replay:BluntJabs+1"],"picked":"SKIP","floor":25}],"player_experience":3702937,"relics_obtained":[{"floor":7,"key":"vexMod:Dragonfruit"},{"floor":9,"key":"Replay:Baseball"},{"floor":11,"key":"infinitespire:Beetle Shell"},{"floor":14,"key":"potionbrewer:DrinkingBird"},{"floor":18,"key":"wanderingMiniBosses:MasterThiefsPresence"},{"floor":22,"key":"ReplayTheSpireMod:Ring of Exchange"},{"floor":23,"key":"Matryoshka"},{"floor":26,"key":"aspiration:SeaSaltIceCream"},{"floor":26,"key":"Blood Vial"}],"event_choices":[{"damage_healed":0,"gold_gain":75,"player_choice":"Gather Gold","damage_taken":11,"max_hp_gain":0,"max_hp_loss":0,"event_name":"World of Goop","floor":3,"gold_loss":0},{"damage_healed":0,"gold_gain":0,"player_choice":"Ignored","damage_taken":0,"max_hp_gain":0,"max_hp_loss":0,"event_name":"Vampires","floor":19,"gold_loss":0}],"is_beta":false,"boss_relics":[{"not_picked":["vexMod:TanglingVine","Empty Cage"],"picked":"relicPack:StarArrow"}],"items_purged_floors":[],"is_endless":false,"potions_floor_spawned":[1,8,13,18,21,25],"killed_by":"Book of Stabbing","ascension_level":16}}