{"host":"3a1ypf1irl30q4k8","time":1607538026,"event":{"gold_per_floor":[117,133,150,170,56,56,56,56,56,56,91,266,266,286,286,406,406,429,329,239,257,275,275,291,291,291,305,323,344,383,383,383,514,514,527,551,331,352,368,368,412,412,486,486,486],"floor_reached":44,"playtime":2785,"items_purged":["Strike_B","Strike_B"],"score":624,"play_id":"5e1a96e0-b2d5-49b9-a5b4-85e891be32cf","local_time":"20201209182026","is_ascension_mode":true,"campfire_choices":[{"data":"Defragment","floor":6,"key":"SMITH"},{"data":"Capacitor","floor":13,"key":"SMITH"},{"floor":15,"key":"REST"},{"data":"Electrodynamics","floor":23,"key":"SMITH"},{"floor":25,"key":"REST"},{"floor":32,"key":"REST"},{"data":"Fission","floor":40,"key":"SMITH"},{"floor":42,"key":"REST"}],"neow_cost":"NONE","seed_source_timestamp":2371117264421000,"circlet_count":0,"master_deck":["Zap","Dualcast","Glacier+1","Cold Snap","Skim","Defragment+1","Heatsinks","Capacitor+1","Self Repair+1","Electrodynamics+1","Ball Lightning+1","Double Energy+1","Tempest+1","Auto Shields+1","Storm+1","Fission+1","Beam Cell+1","Streamline+1","Chill","Chaos","Chill","Doom and Gloom+1","Chaos+1","Static Discharge","Coolheaded+1","Compile Driver+1"],"relics":["Cracked Core","Golden Idol","White Beast Statue","Dead Branch","Snecko Eye","CaptainsWheel","Molten Egg 2","Pandora\u0027s Box","Happy Flower","Blue Candle"],"potions_floor_usage":[11,18,22,24,27,30,30,30,33,36,39,41,41,44],"damage_taken":[{"damage":2,"enemies":"Jaw Worm","floor":1,"turns":3},{"damage":0,"enemies":"Small Slimes","floor":2,"turns":3},{"damage":1,"enemies":"2 Louse","floor":3,"turns":4},{"damage":7,"enemies":"Large Slime","floor":4,"turns":7},{"damage":21,"enemies":"Lagavulin","floor":11,"turns":7},{"damage":27,"enemies":"Gremlin Gang","floor":14,"turns":6},{"damage":29,"enemies":"Slime Boss","floor":16,"turns":9},{"damage":12,"enemies":"Spheric Guardian","floor":18,"turns":4},{"damage":0,"enemies":"3 Byrds","floor":21,"turns":2},{"damage":2,"enemies":"Snecko","floor":22,"turns":5},{"damage":37,"enemies":"Shelled Parasite and Fungi","floor":24,"turns":5},{"damage":53,"enemies":"Sentry and Sphere","floor":27,"turns":10},{"damage":8,"enemies":"Cultist and Chosen","floor":28,"turns":6},{"damage":10,"enemies":"Centurion and Healer","floor":29,"turns":5},{"damage":15,"enemies":"Gremlin Leader","floor":30,"turns":5},{"damage":33,"enemies":"Collector","floor":33,"turns":10},{"damage":0,"enemies":"3 Darklings","floor":35,"turns":2},{"damage":11,"enemies":"Orb Walker","floor":36,"turns":3},{"damage":0,"enemies":"3 Darklings","floor":38,"turns":2},{"damage":4,"enemies":"4 Shapes","floor":39,"turns":1},{"damage":32,"enemies":"Reptomancer","floor":41,"turns":5},{"damage":79,"enemies":"Nemesis","floor":44,"turns":5}],"seed_played":"-8045682573617240509","potions_obtained":[{"floor":3,"key":"PowerPotion"},{"floor":11,"key":"FairyPotion"},{"floor":14,"key":"FearPotion"},{"floor":16,"key":"Block Potion"},{"floor":18,"key":"Dexterity Potion"},{"floor":21,"key":"AttackPotion"},{"floor":22,"key":"Dexterity Potion"},{"floor":24,"key":"Energy Potion"},{"floor":27,"key":"Energy Potion"},{"floor":28,"key":"AttackPotion"},{"floor":29,"key":"LiquidMemories"},{"floor":30,"key":"SkillPotion"},{"floor":33,"key":"Ancient Potion"},{"floor":35,"key":"DuplicationPotion"},{"floor":36,"key":"GamblersBrew"},{"floor":38,"key":"DistilledChaos"},{"floor":39,"key":"Fire Potion"},{"floor":41,"key":"Energy Potion"}],"is_trial":false,"path_per_floor":["M","M","M","M","$","R","?","?","T","?","E","?","R","M","R","B",null,"M","$","?","M","M","R","M","R","T","M","M","M","E","?","R","B",null,"M","M","$","M","M","R","E","R","T","E"],"character_chosen":"DEFECT","items_purchased":["Heatsinks","Happy Flower","Static Discharge"],"campfire_rested":4,"item_purchase_floors":[5,37,37],"current_hp_per_floor":[73,73,72,65,65,65,65,65,65,65,44,44,44,17,39,17,61,56,56,56,56,61,61,31,53,53,29,28,25,17,17,39,16,61,71,70,70,70,66,66,44,66,66,0,0],"gold":486,"neow_bonus":"TEN_PERCENT_HP_BONUS","is_prod":false,"is_daily":false,"chose_seed":false,"campfire_upgraded":4,"win_rate":0,"timestamp":1607538026,"path_taken":["M","M","M","M","$","R","?","?","T","?","E","?","R","M","R","BOSS","M","$","?","M","M","R","M","R","T","M","M","?","E","?","R","BOSS","M","M","$","M","?","R","E","R","T","E"],"build_version":"2020-11-30","purchased_purges":2,"victory":false,"max_hp_per_floor":[82,82,82,82,82,82,82,76,76,76,76,76,76,76,76,76,76,76,76,76,76,76,76,76,76,76,76,76,76,76,76,76,76,76,76,76,76,76,76,76,76,76,76,76,76],"relic_stats":{"Happy Flower":[4],"counters":[22,109],"Golden Idol":120,"Dead Branch":[47],"Blue Candle":[0],"Snecko Eye":[124,145,148,131],"Pandora\u0027s Box":["Beam Cell","Streamline","Chill","Chaos","Chill","Doom and Gloom"],"obtain_stats":[{"CaptainsWheel":26,"Happy Flower":37,"Golden Idol":8,"Dead Branch":11,"Blue Candle":41,"Snecko Eye":17,"Molten Egg 2":30,"Pandora\u0027s Box":34,"Cracked Core":0,"White Beast Statue":9},{"CaptainsWheel":11,"Happy Flower":18,"Golden Idol":4,"Dead Branch":5,"Blue Candle":21,"Snecko Eye":7,"Molten Egg 2":15,"Pandora\u0027s Box":16,"Cracked Core":0,"White Beast Statue":4},{"CaptainsWheel":55,"Happy Flower":96,"Golden Idol":17,"Dead Branch":24,"Blue Candle":104,"Snecko Eye":39,"Molten Egg 2":81,"Pandora\u0027s Box":91,"Cracked Core":0,"White Beast Statue":17}]},"card_choices":[{"not_picked":["Barrage","Force Field"],"picked":"Glacier","floor":1},{"not_picked":["Compile Driver","Barrage"],"picked":"Cold Snap","floor":2},{"not_picked":["Hologram","Meteor Strike"],"picked":"Skim","floor":3},{"not_picked":["Gash","Skim"],"picked":"Defragment","floor":4},{"not_picked":["Beam Cell","Double Energy"],"picked":"Capacitor","floor":11},{"not_picked":["Undo","Tempest"],"picked":"Self Repair","floor":14},{"not_picked":["Thunder Strike","Core Surge"],"picked":"Electrodynamics","floor":16},{"not_picked":["Turbo","Blizzard","Streamline"],"picked":"SKIP","floor":18},{"not_picked":["Genetic Algorithm","Redo"],"picked":"Ball Lightning+1","floor":21},{"not_picked":["Chill","Melter"],"picked":"Double Energy+1","floor":22},{"not_picked":["Cold Snap","Sweeping Beam+1","Redo"],"picked":"SKIP","floor":24},{"not_picked":["Streamline","Go for the Eyes","Sweeping Beam"],"picked":"SKIP","floor":27},{"not_picked":["White Noise","Genetic Algorithm"],"picked":"Tempest+1","floor":28},{"not_picked":["Hologram","Loop"],"picked":"Auto Shields+1","floor":29},{"not_picked":["Electrodynamics","Turbo+1"],"picked":"Storm+1","floor":30},{"not_picked":["Reboot","Rainbow"],"picked":"Fission","floor":33},{"not_picked":["Go for the Eyes+1","Fusion+1"],"picked":"Chaos+1","floor":35},{"not_picked":["Aggregate","Stack+1","Chaos"],"picked":"SKIP","floor":36},{"not_picked":["Cold Snap+1","Ball Lightning+1"],"picked":"Coolheaded+1","floor":38},{"not_picked":["Turbo","Leap","Rebound+1"],"picked":"SKIP","floor":39},{"not_picked":["Turbo+1","Reprogram"],"picked":"Compile Driver+1","floor":41}],"player_experience":797183,"relics_obtained":[{"floor":9,"key":"White Beast Statue"},{"floor":11,"key":"Dead Branch"},{"floor":26,"key":"CaptainsWheel"},{"floor":30,"key":"Molten Egg 2"},{"floor":41,"key":"Blue Candle"}],"event_choices":[{"damage_healed":0,"gold_gain":0,"player_choice":"Grow","damage_taken":0,"max_hp_gain":0,"max_hp_loss":0,"event_name":"Living Wall","floor":7,"gold_loss":0,"cards_upgraded":["Glacier"]},{"damage_healed":0,"gold_gain":0,"player_choice":"Lose Max HP","damage_taken":0,"relics_obtained":["Golden Idol"],"max_hp_gain":0,"max_hp_loss":6,"event_name":"Golden Idol","floor":8,"gold_loss":0},{"damage_healed":0,"gold_gain":0,"player_choice":"Searched \u00270\u0027 times","damage_taken":0,"max_hp_gain":0,"max_hp_loss":0,"event_name":"Dead Adventurer","floor":10,"gold_loss":0},{"damage_healed":0,"gold_gain":175,"player_choice":"AGREE","damage_taken":0,"max_hp_gain":0,"max_hp_loss":0,"event_name":"Liars Game","floor":12,"gold_loss":0,"cards_obtained":["Doubt"]},{"cards_removed":["Doubt"],"damage_healed":0,"gold_gain":0,"player_choice":"Upgrade and Remove","damage_taken":0,"max_hp_gain":0,"max_hp_loss":0,"event_name":"Designer","floor":20,"gold_loss":90,"cards_upgraded":["Strike_B"]},{"damage_healed":0,"gold_gain":0,"player_choice":"Upgraded","damage_taken":0,"max_hp_gain":0,"max_hp_loss":0,"event_name":"Upgrade Shrine","floor":31,"gold_loss":0,"cards_upgraded":["Self Repair"]}],"is_beta":false,"boss_relics":[{"not_picked":["Ectoplasm","SlaversCollar"],"picked":"Snecko Eye"},{"not_picked":["SacredBark","Velvet Choker"],"picked":"Pandora\u0027s Box"}],"items_purged_floors":[5,19],"is_endless":false,"potions_floor_spawned":[3,11,14,16,18,21,22,24,27,28,29,30,33,35,36,38,39,41],"killed_by":"Nemesis","ascension_level":7}}