{"host":"vbpsgjg8f7u53q3b","time":1607506940,"event":{"gold_per_floor":[117,128,128,143,154,154,154],"floor_reached":6,"playtime":275,"items_purged":[],"score":38,"play_id":"4822227c-68ab-47c0-b84f-f529ce83f7f8","local_time":"20201209104220","is_ascension_mode":false,"campfire_choices":[],"neow_cost":"NONE","seed_source_timestamp":640411976323700,"circlet_count":0,"master_deck":["TheRailgun:Strike","TheRailgun:Strike","TheRailgun:Strike","TheRailgun:Strike","TheRailgun:Defend","TheRailgun:Defend","TheRailgun:Defend","TheRailgun:Defend","TheRailgun:Discharge","TheRailgun:Static","TheRailgun:Zip","TheRailgun:Iron_Dust_Field","TheRailgun:Thundershock","TheRailgun:Magnetic_Movement","TheRailgun:Iron_Dust_Sword"],"relics":["TheRailgun:CoinRelic","Replay:Ringing Soul"],"potions_floor_usage":[],"damage_taken":[{"damage":6,"enemies":"Cultist","floor":1,"turns":3},{"damage":0,"enemies":"Small Slimes","floor":2,"turns":3},{"damage":0,"enemies":"Jaw Worm","floor":4,"turns":4},{"damage":10,"enemies":"Looter","floor":5,"turns":4},{"damage":28,"enemies":"Gremlin Nob","floor":6,"turns":4}],"seed_played":"-921476586794219034","potions_obtained":[],"is_trial":false,"path_per_floor":["M","M","?","M","M","E"],"character_chosen":"THE_DEFAULT","items_purchased":[],"campfire_rested":0,"item_purchase_floors":[],"current_hp_per_floor":[71,71,29,32,25,0,0],"gold":154,"neow_bonus":"TEN_PERCENT_HP_BONUS","is_prod":false,"is_daily":false,"chose_seed":false,"campfire_upgraded":0,"win_rate":0.0,"timestamp":1607506940,"path_taken":["M","?","?","M","M","E"],"build_version":"2020-11-30","purchased_purges":0,"victory":false,"max_hp_per_floor":[77,77,77,80,83,83,83],"relic_stats":{"counters":[5,18],"obtain_stats":[{"Replay:Ringing Soul":3,"TheRailgun:CoinRelic":0},{"Replay:Ringing Soul":2,"TheRailgun:CoinRelic":0},{"Replay:Ringing Soul":6,"TheRailgun:CoinRelic":0}]},"card_choices":[{"not_picked":["TheRailgun:Battery_Pack","TheRailgun:Iron_Dust_Vial"],"picked":"TheRailgun:Iron_Dust_Field","floor":1},{"not_picked":["TheRailgun:Coin_Flip","TheRailgun:Gekota_Phone"],"picked":"TheRailgun:Thundershock","floor":2},{"not_picked":["TheRailgun:Recharge","TheRailgun:Spark"],"picked":"TheRailgun:Magnetic_Movement","floor":4},{"not_picked":["TheRailgun:Coin_Flip","TheRailgun:Electric_Fence"],"picked":"TheRailgun:Iron_Dust_Sword","floor":5}],"player_experience":49679,"relics_obtained":[],"event_choices":[{"damage_healed":0,"gold_gain":0,"player_choice":"Success","damage_taken":42,"relics_obtained":["Replay:Ringing Soul"],"max_hp_gain":0,"max_hp_loss":0,"event_name":"Scrap Ooze","floor":3,"gold_loss":0}],"is_beta":false,"boss_relics":[],"items_purged_floors":[],"is_endless":true,"potions_floor_spawned":[],"killed_by":"Gremlin Nob","ascension_level":0}}