{"host":"99ad87xtd5ypi7ii","time":1607542064,"event":{"gold_per_floor":[13,32,32,45,57,57,77,77,77,95,65,80,99,127,127,232,232,251,251,251,271,271,271],"floor_reached":22,"playtime":1313,"items_purged":[],"score":244,"play_id":"8a68f8a0-80c1-4a8a-90e1-85b78d478ade","local_time":"20201209202744","is_ascension_mode":true,"campfire_choices":[{"data":"blademaster:Meditate","floor":6,"key":"SMITH"},{"data":"blademaster:LeechingStrike","floor":8,"key":"SMITH"},{"data":"blademaster:Overcharge","floor":15,"key":"SMITH"}],"neow_cost":"NO_GOLD","seed_source_timestamp":315068371331700,"circlet_count":0,"master_deck":["blademaster:Strike","blademaster:Strike","blademaster:Strike","blademaster:Defend","blademaster:Defend","blademaster:Defend","blademaster:Defend","blademaster:RagingBlow","blademaster:HighVoltage","blademaster:Meditate+1","blademaster:Overcharge+1","blademaster:LeechingStrike+1","blademaster:Havoc","blademaster:Safeguard","blademaster:UnrelentingWind","blademaster:EnchantedCuirass","CurseOfTheBell","blademaster:DaggerAndCloak","blademaster:WindSlash"],"relics":["blademaster:DancersAmulet","Mercury Hourglass","Pantograph","Calling Bell","Tiny Chest","construct:BoolHorns","Shuriken","Matryoshka"],"potions_floor_usage":[1,10,14,16,18],"damage_taken":[{"damage":3,"enemies":"Jaw Worm","floor":1,"turns":5},{"damage":9,"enemies":"Cultist","floor":2,"turns":7},{"damage":4,"enemies":"Small Slimes","floor":4,"turns":8},{"damage":0,"enemies":"Exordium Wildlife","floor":5,"turns":4},{"damage":6,"enemies":"Large Slime","floor":7,"turns":5},{"damage":0,"enemies":"Lots of Slimes","floor":10,"turns":1},{"damage":3,"enemies":"Blue Slaver","floor":12,"turns":4},{"damage":10,"enemies":"Looter","floor":13,"turns":4},{"damage":18,"enemies":"Gremlin Nob","floor":14,"turns":4},{"damage":46,"enemies":"Slime Boss","floor":16,"turns":9},{"damage":40,"enemies":"3 Byrds","floor":18,"turns":6},{"damage":43,"enemies":"Spheric Guardian","floor":21,"turns":6},{"damage":4,"enemies":"3 Cultists","floor":22,"turns":3}],"seed_played":"-6632022715270317544","potions_obtained":[{"floor":1,"key":"Fruit Juice"},{"floor":4,"key":"Dexterity Potion"},{"floor":7,"key":"SmokeBomb"},{"floor":11,"key":"PowerPotion"},{"floor":11,"key":"FairyPotion"},{"floor":13,"key":"CultistPotion"},{"floor":16,"key":"Energy Potion"},{"floor":21,"key":"BlessingOfTheForge"}],"is_trial":false,"path_per_floor":["M","M","?","M","M","R","M","R","T","M","?","M","M","E","R","B",null,"M","?","?","M","M"],"character_chosen":"THE_BLADEMASTER","items_purchased":[],"campfire_rested":0,"item_purchase_floors":[],"current_hp_per_floor":[91,82,82,78,81,81,78,78,78,86,86,89,85,78,78,59,94,57,57,57,23,24,24],"gold":271,"neow_bonus":"TWENTY_PERCENT_HP_BONUS","is_prod":false,"is_daily":false,"chose_seed":false,"campfire_upgraded":3,"win_rate":0,"timestamp":1607542064,"path_taken":["M","M","?","?","M","R","M","R","T","M","?","?","M","E","R","BOSS","M","?","?","M","M"],"build_version":"2020-11-30","purchased_purges":0,"victory":false,"max_hp_per_floor":[94,94,94,94,94,94,94,94,94,94,94,94,94,94,94,94,94,94,94,94,94,94,94],"card_choices":[{"not_picked":["blademaster:TraverseCut","blademaster:Thrust"],"picked":"blademaster:Meditate","floor":1},{"not_picked":["blademaster:Quickness","blademaster:ThunderSlash"],"picked":"blademaster:Overcharge","floor":2},{"not_picked":["blademaster:Frenzy","blademaster:Momentum"],"picked":"blademaster:LeechingStrike","floor":4},{"not_picked":["blademaster:Quickness","blademaster:AwakeningDefend"],"picked":"blademaster:Havoc","floor":5},{"not_picked":["blademaster:Overcharge","blademaster:ThunderingOpener"],"picked":"blademaster:Safeguard","floor":7},{"not_picked":["blademaster:Flurry","blademaster:Discharge"],"picked":"blademaster:UnrelentingWind","floor":10},{"not_picked":["blademaster:AwakeningStrike","blademaster:KiBarrier","blademaster:CombatPrep"],"picked":"SKIP","floor":12},{"not_picked":["blademaster:RollingTyphoon","blademaster:ChargingUp","blademaster:BloodyBlow"],"picked":"SKIP","floor":13},{"not_picked":["blademaster:ChargingUp","blademaster:Slice","blademaster:Rupture"],"picked":"SKIP","floor":14},{"not_picked":["blademaster:StanceMastery","blademaster:ColdBlood"],"picked":"blademaster:EnchantedCuirass","floor":16},{"not_picked":["blademaster:DragonStrike","blademaster:AwakeningDefend"],"picked":"blademaster:DaggerAndCloak","floor":18},{"not_picked":["blademaster:Stability","blademaster:ThunderSlash"],"picked":"blademaster:WindSlash","floor":21}],"player_experience":689464,"relics_obtained":[{"floor":9,"key":"Mercury Hourglass"},{"floor":14,"key":"Pantograph"},{"floor":14,"key":"blademaster:StrongPerk"},{"floor":17,"key":"Tiny Chest"},{"floor":17,"key":"construct:BoolHorns"},{"floor":17,"key":"Shuriken"}],"event_choices":[{"cards_removed":["blademaster:Strike"],"damage_healed":0,"gold_gain":0,"player_choice":"Purged","damage_taken":0,"max_hp_gain":0,"max_hp_loss":0,"event_name":"Purifier","floor":3,"gold_loss":0},{"damage_healed":0,"gold_gain":0,"player_choice":"Bought 2 Potions","damage_taken":0,"max_hp_gain":0,"max_hp_loss":0,"event_name":"The Woman in Blue","floor":11,"gold_loss":0},{"damage_healed":0,"gold_gain":0,"player_choice":"Ignored","damage_taken":0,"max_hp_gain":0,"max_hp_loss":0,"event_name":"Ghosts","floor":19,"gold_loss":0},{"damage_healed":0,"gold_gain":0,"player_choice":"Gave Potion","damage_taken":0,"relics_obtained":["Matryoshka"],"max_hp_gain":0,"max_hp_loss":0,"event_name":"WeMeetAgain","floor":20,"gold_loss":0}],"is_beta":false,"boss_relics":[{"not_picked":["SlaversCollar","Runesmith:UraniumAnvil"],"picked":"Calling Bell"}],"items_purged_floors":[],"is_endless":false,"potions_floor_spawned":[1,4,7,13,16,21],"killed_by":"3 Cultists","ascension_level":3}}