{"host":"mli1kjx8eh35fx4e","time":1607497176,"event":{"gold_per_floor":[127,138,155,173,173,173,208,208,279,295,336,336,365,365,365,461,461,480,480,494,494,507,539,556,582,582,597,627,638,638,668,668,668,668],"floor_reached":33,"playtime":2899,"items_purged":[],"score":429,"play_id":"6cfa77f1-c76a-4f2e-88c2-482c3f490893","local_time":"20201209015936","is_ascension_mode":false,"campfire_choices":[{"floor":6,"key":"REST"},{"data":"Pot Of Greed","floor":8,"key":"SMITH"},{"data":"IllusionOfStrength","floor":12,"key":"SMITH"},{"data":"Malady","floor":15,"key":"SMITH"},{"floor":32,"key":"REST"}],"neow_cost":"NONE","seed_source_timestamp":2410198899271100,"circlet_count":0,"master_deck":["Strike_Witch","Strike_Witch","Strike_Witch","Strike_Witch","Defend_Witch","Defend_Witch","Defend_Witch","Defend_Witch","Hexguard","ZombieSpit","BettingIsNotGood","Pot Of Greed+1","Bewitch","Pot Of Greed","Malady+1","Schadenfreude","SummonBatFamiliar+1","Athame","CrystalResonance","IllusionOfStrength+1","BloodSabbath+1","UnnaturalEnergy","TwistedMind","RoilingBarrier","Languid","stsjorbsmod:Withering","Pot Of Greed","hubris:InfiniteBlow+5","MementoMori+1","GrimVengeance","IllOmen","MercuryWand","WretchedNails+1","EternalThirst","TwistedMind"],"relics":["BlackCat","HushsDoor","GuppysTail","Grinning Jar","Runesmith:AutoHammer","MagicDraw1","infinitespire:PuzzleCube","hubris:Metronome","strawberrySpire:Dictionifier","GuppysHairball","Shuriken","GodSword6","halation:BlackBeret","aspiration:StickyExplosives_weak"],"potions_floor_usage":[11,22,24,31],"damage_taken":[{"damage":4,"enemies":"Hallownest:2_MossCreeps","floor":1,"turns":6},{"damage":10,"enemies":"Hallownest:2_Tiktiks_and_1_Crawlid","floor":2,"turns":5},{"damage":3,"enemies":"Hallownest:2_Baldur","floor":3,"turns":4},{"damage":0,"enemies":"Hallownest:monsterMossCharger","floor":4,"turns":4},{"damage":8,"enemies":"Hallownest:eliteVengeflyKing","floor":7,"turns":10},{"damage":5,"enemies":"Hallownest:Guard_and_Warrior","floor":10,"turns":9},{"damage":0,"enemies":"Hallownest:eliteCrystalGuardian","floor":11,"turns":6},{"damage":0,"enemies":"Hallownest:eliteVengeflyKing","floor":13,"turns":4},{"damage":5,"enemies":"Hallownest:BossFalseKnight","floor":16,"turns":8},{"damage":3,"enemies":"theJungle:Flameango_and_Byrd","floor":18,"turns":4},{"damage":4,"enemies":"theJungle:MUSHROOMGANG","floor":20,"turns":4},{"damage":0,"enemies":"theJungle:Lyon","floor":22,"turns":2},{"damage":4,"enemies":"theJungle:MamaSnecko","floor":23,"turns":4},{"damage":14,"enemies":"theJungle:2_Flameangoes","floor":24,"turns":4},{"damage":23,"enemies":"theJungle:2_Phrogs","floor":25,"turns":6},{"damage":4,"enemies":"theJungle:SlimyTreeVines","floor":27,"turns":3},{"damage":0,"enemies":"theJungle:2_Snecko_Cultists","floor":28,"turns":3},{"damage":13,"enemies":"theJungle:2_Flameangoes","floor":29,"turns":4},{"damage":0,"enemies":"Nightmare","floor":31,"turns":7},{"damage":24,"enemies":"theJungle:TotemBoss","floor":33,"turns":4}],"seed_played":"-3646187268172840553","potions_obtained":[{"floor":1,"key":"Swift Potion"},{"floor":10,"key":"LifebloodPotion"},{"floor":11,"key":"sneckomod:MuddlingPotion"},{"floor":16,"key":"SpeedPotion"},{"floor":18,"key":"ColorlessPotion"},{"floor":24,"key":"Strength Potion"}],"is_trial":false,"path_per_floor":["M","M","M","M","?","R","E","R","T","M","E","R","E","?","R","B",null,"M","?","M","?","M","E","M","E","T","M","M","M","T","NM","R","B"],"character_chosen":"WITCH","items_purchased":["GuppysHairball"],"campfire_rested":2,"item_purchase_floors":[17],"current_hp_per_floor":[63,57,54,54,54,67,59,59,59,54,54,54,59,59,59,59,57,54,54,50,50,55,51,37,14,14,18,18,5,5,5,22,0,0],"gold":668,"neow_bonus":"RANDOM_COMMON_RELIC","is_prod":false,"is_daily":false,"chose_seed":false,"campfire_upgraded":3,"win_rate":0.0,"timestamp":1607497176,"path_taken":["M","M","M","M","?","R","E","R","T","M","E","R","E","?","R","BOSS","M","?","M","?","M","E","M","E","T","M","M","?","?","NM","R","BOSS"],"build_version":"2020-11-30","purchased_purges":0,"victory":false,"max_hp_per_floor":[67,67,67,67,67,67,67,67,67,67,67,67,67,67,67,67,57,57,57,57,57,57,57,57,57,57,57,57,57,57,57,57,57,57],"card_choices":[{"not_picked":[],"picked":"BettingIsNotGood","floor":0},{"not_picked":["Atonement","Decrepify"],"picked":"Bewitch","floor":1},{"not_picked":["RiteOfWinter","RiteOfAutumn"],"picked":"Malady","floor":2},{"not_picked":["BlackShield","KarmaDrain"],"picked":"Schadenfreude","floor":3},{"not_picked":["MercuryWand","BlackBolt"],"picked":"SummonBatFamiliar","floor":4},{"not_picked":["Pillage","MortusClaw"],"picked":"Athame","floor":7},{"not_picked":["GnarledBody","Puncture"],"picked":"CrystalResonance","floor":10},{"not_picked":["Thundercloud","CursedBlade"],"picked":"IllusionOfStrength","floor":11},{"not_picked":["SkullFlask","RiteOfAutumn"],"picked":"BloodSabbath","floor":13},{"not_picked":["RiteOfSpring","BloodSabbath"],"picked":"UnnaturalEnergy","floor":16},{"not_picked":["SummonBatFamiliar+1","Demonfyre"],"picked":"TwistedMind","floor":18},{"not_picked":["MercuryWand","MementoMori"],"picked":"RoilingBarrier","floor":20},{"not_picked":["ReplayTheSpireMod:Echoes of Time","infinitespire:TheBestDefense"],"picked":"hubris:InfiniteBlow+5","floor":21},{"not_picked":["CursedBlade","SummonOwlFamiliar","Foresight"],"picked":"SKIP","floor":22},{"not_picked":["BleedOut","Pillage"],"picked":"MementoMori+1","floor":23},{"not_picked":["Decrepify","Atonement"],"picked":"GrimVengeance","floor":24},{"not_picked":["BlackShield","Foresight+1"],"picked":"IllOmen","floor":25},{"not_picked":["Atonement","MementoMori+1"],"picked":"MercuryWand","floor":27},{"not_picked":["Shrooms","MementoMori"],"picked":"WretchedNails+1","floor":28},{"not_picked":["TwistedMind","RiteOfSummer"],"picked":"EternalThirst","floor":29},{"not_picked":["Broomstick","SummonBatFamiliar"],"picked":"TwistedMind","floor":31}],"player_experience":621328,"relics_obtained":[{"floor":7,"key":"Runesmith:AutoHammer"},{"floor":9,"key":"MagicDraw1"},{"floor":11,"key":"infinitespire:PuzzleCube"},{"floor":13,"key":"hubris:Metronome"},{"floor":23,"key":"Shuriken"},{"floor":25,"key":"GodSword6"},{"floor":26,"key":"halation:BlackBeret"},{"floor":31,"key":"aspiration:StickyExplosives_weak"}],"event_choices":[],"is_beta":false,"boss_relics":[{"not_picked":["Empty Cage","aspiration:SecretTechniqueScroll"],"picked":"strawberrySpire:Dictionifier"},{"not_picked":[]}],"items_purged_floors":[],"is_endless":false,"potions_floor_spawned":[1,10,11,16,18,20,24],"killed_by":"theJungle:TotemBoss","ascension_level":0}}