{"host":"og6lam4kt3nibbw0","time":1607540504,"event":{"gold_per_floor":[359,359,6,6,60,60,88,13,13,13,24,24,37,37,37,111,111,124,143,143,143,43,69,69,119,173,173,193,193,203,42,42,42,42],"floor_reached":33,"playtime":954,"items_purged":["Strike_G","Strike_G"],"score":518,"play_id":"3ba0ce18-3f8e-4f1c-981f-8b061996ce2a","local_time":"20201210040144","is_ascension_mode":true,"campfire_choices":[{"floor":6.0,"key":"REST"},{"floor":12.0,"key":"REST"},{"data":"Bouncing Flask","floor":15.0,"key":"SMITH"},{"floor":24.0,"key":"REST"},{"data":"Venomology","floor":27.0,"key":"SMITH"},{"floor":32.0,"key":"REST"}],"neow_cost":"PERCENT_DAMAGE","seed_source_timestamp":535350129329400,"circlet_count":0,"master_deck":["AscendersBane","Strike_G","Strike_G","Defend_G","Defend_G","Defend_G","Survivor","Neutralize","Noxious Fumes","Bouncing Flask+1","Dagger Throw","Noxious Fumes","Venomology+1","Tactician"],"special_seed":0,"relics":["Ring of the Snake","Regal Pillow","InkBottle","Bag of Marbles","Incense Burner","Blue Candle","Empty Cage","Juzu Bracelet","Letter Opener","Dream Catcher","PrismaticShard"],"potions_floor_usage":[33,33],"damage_taken":[{"damage":6.0,"enemies":"Small Slimes","floor":1.0,"turns":5.0},{"damage":24.0,"enemies":"3 Sentries","floor":7.0,"turns":8.0},{"damage":12.0,"enemies":"Jaw Worm","floor":11.0,"turns":4.0},{"damage":0.0,"enemies":"2 Louse","floor":13.0,"turns":1.0},{"damage":18.0,"enemies":"Slime Boss","floor":16.0,"turns":7.0},{"damage":0.0,"enemies":"Spheric Guardian","floor":18.0,"turns":3.0},{"damage":9.0,"enemies":"Chosen","floor":19.0,"turns":5.0},{"damage":37.0,"enemies":"Book of Stabbing","floor":23.0,"turns":5.0},{"damage":24.0,"enemies":"Snake Plant","floor":28.0,"turns":4.0},{"damage":16.0,"enemies":"Centurion and Healer","floor":30.0,"turns":5.0},{"damage":52,"enemies":"Collector","floor":33,"turns":7}],"seed_played":"-6393488683245043304","potions_obtained":[{"floor":1.0,"key":"AttackPotion"},{"floor":7.0,"key":"SteroidPotion"},{"floor":14.0,"key":"Fire Potion"},{"floor":14.0,"key":"Fire Potion"},{"floor":16.0,"key":"PowerPotion"},{"floor":28.0,"key":"EntropicBrew"},{"floor":30.0,"key":"Energy Potion"}],"is_trial":false,"path_per_floor":["M","?","$","?","T","R","E","$","T","?","M","R","M","?","R","B",null,"M","M","T","?","$","E","R","?","T","R","M","?","M","$","R","B"],"character_chosen":"THE_SILENT","items_purchased":["Noxious Fumes","InkBottle","PrismaticShard"],"campfire_rested":4,"item_purchase_floors":[3,3,31],"current_hp_per_floor":[38,27,27,27,27,61,37,37,37,30,18,52,52,52,52,34,58,58,49,49,49,49,12,46,40,40,40,16,21,5,5,39,0,0],"gold":42,"neow_bonus":"TWO_FIFTY_GOLD","is_prod":false,"is_daily":false,"chose_seed":false,"campfire_upgraded":2,"win_rate":0,"timestamp":1607540504,"path_taken":["M","?","$","?","?","R","E","$","T","?","M","R","M","?","R","BOSS","M","M","?","?","$","E","R","?","T","R","M","?","M","?","R","BOSS"],"build_version":"2020-11-30","purchased_purges":2,"victory":false,"max_hp_per_floor":[66,66,66,66,66,66,66,66,66,66,66,66,66,66,66,66,66,66,66,66,66,66,66,66,66,66,66,66,66,66,66,66,66,66],"card_choices":[{"not_picked":["Distraction","Concentrate"],"picked":"Backflip","floor":1.0},{"not_picked":["Terror","Infinite Blades"],"picked":"Bouncing Flask","floor":7.0},{"not_picked":["Acrobatics","Dagger Spray"],"picked":"Dagger Throw","floor":11.0},{"not_picked":["Slice","Well Laid Plans"],"picked":"Noxious Fumes","floor":13.0},{"not_picked":["Bullet Time","Burst"],"picked":"Venomology","floor":16.0},{"not_picked":["Dagger Spray","Footwork","PiercingWail+1"],"picked":"SKIP","floor":18.0},{"not_picked":["Bane","Eviscerate+1","Heel Hook"],"picked":"SKIP","floor":19.0},{"not_picked":["Dodge and Roll","Deflect","Venomology"],"picked":"SKIP","floor":23.0},{"not_picked":["Underhanded Strike","Predator","Riddle With Holes"],"picked":"SKIP","floor":28.0},{"not_picked":["Terror","Deadly Poison"],"picked":"Tactician","floor":30.0}],"player_experience":757667,"relics_obtained":[{"floor":5.0,"key":"Bag of Marbles"},{"floor":7.0,"key":"Incense Burner"},{"floor":9.0,"key":"Blue Candle"},{"floor":23.0,"key":"Letter Opener"},{"floor":26.0,"key":"Dream Catcher"}],"event_choices":[{"damage_healed":0.0,"max_hp_gain":0.0,"max_hp_loss":0.0,"gold_gain":0.0,"event_name":"Scrap Ooze","player_choice":"Success","floor":2.0,"gold_loss":0.0,"damage_taken":11.0,"relics_obtained":["Regal Pillow"]},{"damage_healed":0.0,"max_hp_gain":0.0,"max_hp_loss":0.0,"gold_gain":0.0,"event_name":"Liars Game","player_choice":"Ignored","floor":4.0,"gold_loss":0.0,"damage_taken":0.0},{"cards_removed":["Defend_G"],"damage_healed":0.0,"max_hp_gain":0.0,"max_hp_loss":0.0,"gold_gain":0.0,"event_name":"Golden Wing","player_choice":"Card Removal","floor":10.0,"gold_loss":0.0,"damage_taken":7.0},{"damage_healed":0.0,"max_hp_gain":0.0,"max_hp_loss":0.0,"gold_gain":0.0,"event_name":"Lab","player_choice":"Got Potions","floor":14.0,"gold_loss":0.0,"damage_taken":0.0},{"damage_healed":0.0,"max_hp_gain":0.0,"max_hp_loss":0.0,"gold_gain":0.0,"event_name":"WeMeetAgain","player_choice":"Gave Potion","floor":21.0,"gold_loss":0.0,"damage_taken":0.0,"relics_obtained":["Juzu Bracelet"]},{"damage_healed":0.0,"max_hp_gain":0.0,"max_hp_loss":0.0,"gold_gain":50.0,"event_name":"FaceTrader","player_choice":"Touch","floor":25.0,"gold_loss":0.0,"damage_taken":6.0},{"cards_removed":["Backflip"],"damage_healed":5.0,"max_hp_gain":0.0,"max_hp_loss":0.0,"gold_gain":0.0,"event_name":"Bonfire Elementals","player_choice":"Offered Common","floor":29.0,"gold_loss":0.0,"damage_taken":0.0},{"cards_removed":["Backflip"],"damage_healed":5.0,"max_hp_gain":0.0,"max_hp_loss":0.0,"gold_gain":0.0,"event_name":"Bonfire Elementals","player_choice":"Offered Special","floor":29.0,"gold_loss":0.0,"damage_taken":0.0}],"is_beta":false,"boss_relics":[{"not_picked":["Runic Pyramid","Philosopher\u0027s Stone"],"picked":"Empty Cage"}],"items_purged_floors":[8,22],"is_endless":false,"potions_floor_spawned":[1,7,16,18,19,28,30],"killed_by":"Collector","ascension_level":20}}