{"host":"x6p78d0jjxip90i1","time":1607446343,"event":{"gold_per_floor":[109,109],"floor_reached":1,"playtime":221,"items_purged":[],"score":7,"play_id":"fca66273-4e3d-4438-8266-bab0c31bff69","local_time":"20201209005223","daily_mods":["Heirloom","Flight"],"is_ascension_mode":false,"campfire_choices":[],"neow_cost":"","seed_source_timestamp":0,"circlet_count":0,"master_deck":["LagranYue:BaseAttackCard","LagranYue:BaseAttackCard","LagranYue:BaseAttackCard","LagranYue:BaseDefendCard","LagranYue:BaseDefendCard","LagranYue:BaseDefendCard","LagranYue:AttackTopazCard","LagranYue:SkillBrokenSwordCard","LagranYue:BaseAttackCard","LagranYue:BaseDefendCard"],"relics":["LagranYue:ArmsProficiencyRelics","qcfpunch:Spiky_Bracers","qcfpunch:White_Boots","qcfpunch:Handcuffs","qcfpunch:Army_Boots","qcfpunch:Chain_With_Nametags","qcfpunch:Combat_Fatigues","qcfpunch:Rainbow_Brush","mysticmod:CrystalBall","LagranYue:RandomDrawCardRelic","Runesmith:Locket"],"potions_floor_usage":[],"damage_taken":[{"damage":2,"enemies":"Small Slimes","floor":1,"turns":4}],"seed_played":"-1727707218366380195","potions_obtained":[],"is_trial":true,"path_per_floor":["M"],"character_chosen":"LagranYueCharacter","items_purchased":[],"campfire_rested":0,"item_purchase_floors":[],"current_hp_per_floor":[73,73],"gold":109,"neow_bonus":"","is_prod":false,"is_daily":false,"chose_seed":false,"campfire_upgraded":0,"win_rate":0,"timestamp":1607446343,"path_taken":["M"],"build_version":"2020-11-30","purchased_purges":0,"victory":false,"max_hp_per_floor":[75,75],"relic_stats":{"counters":[1,4],"obtain_stats":[{"qcfpunch:Combat_Fatigues":0,"qcfpunch:Spiky_Bracers":0,"qcfpunch:Army_Boots":0,"mysticmod:CrystalBall":0,"LagranYue:RandomDrawCardRelic":0,"LagranYue:ArmsProficiencyRelics":0,"Runesmith:Locket":0,"qcfpunch:Handcuffs":0,"qcfpunch:White_Boots":0,"qcfpunch:Chain_With_Nametags":0,"qcfpunch:Rainbow_Brush":0},{"qcfpunch:Combat_Fatigues":0,"qcfpunch:Spiky_Bracers":0,"qcfpunch:Army_Boots":0,"mysticmod:CrystalBall":0,"LagranYue:RandomDrawCardRelic":0,"LagranYue:ArmsProficiencyRelics":0,"Runesmith:Locket":0,"qcfpunch:Handcuffs":0,"qcfpunch:White_Boots":0,"qcfpunch:Chain_With_Nametags":0,"qcfpunch:Rainbow_Brush":0},{"qcfpunch:Combat_Fatigues":0,"qcfpunch:Spiky_Bracers":0,"qcfpunch:Army_Boots":0,"mysticmod:CrystalBall":0,"LagranYue:RandomDrawCardRelic":0,"LagranYue:ArmsProficiencyRelics":0,"Runesmith:Locket":0,"qcfpunch:Handcuffs":0,"qcfpunch:White_Boots":0,"qcfpunch:Chain_With_Nametags":0,"qcfpunch:Rainbow_Brush":0}]},"card_choices":[{"not_picked":["LagranYue:AttackTopazCard","LagranYue:SkillBrokenSwordCard","LagranYue:MultipleThornsCard"],"picked":"SKIP","floor":1}],"player_experience":79872,"relics_obtained":[],"event_choices":[],"is_beta":false,"boss_relics":[],"items_purged_floors":[],"is_endless":false,"potions_floor_spawned":[],"killed_by":"Small Slimes","ascension_level":0}}