{"host":"dtz8fhk52srfoofc","time":1607487671,"event":{"gold_per_floor":[901,205,219,46,60,60,70,70,95,109,134,134,134,158,158,260,260,271,3,22,32,51,51,51,81,81,81,97,114,129,129,129,232,232,246,261,261,271,282,312,312,412,438,438,453,503,538,20,20,20],"floor_reached":51,"playtime":3340,"items_purged":["Normality","Doubt"],"score":1115,"play_id":"02de2f06-65fd-45aa-a87c-448b3e3331f2","local_time":"20201208222111","is_ascension_mode":true,"campfire_choices":[{"floor":6.0,"key":"RECALL"},{"data":"theWildCard:Arsene","floor":8.0,"key":"SMITH"},{"floor":15.0,"key":"REST"},{"data":"theWildCard:FinalHour","floor":15.0,"key":"SMITH"},{"data":"theWildCard:AllOutAttack","floor":23.0,"key":"SMITH"},{"data":"theWildCard:MasterPlan","floor":27.0,"key":"SMITH"},{"data":"theWildCard:Proficiency","floor":32.0,"key":"SMITH"},{"floor":41.0,"key":"REST"},{"data":"theWildCard:Providence","floor":41.0,"key":"SMITH"},{"floor":44,"key":"REST"},{"data":"theWildCard:AllOutAttack","floor":44,"key":"SMITH"},{"floor":49,"key":"REST"},{"data":"infinitespire:Collect","floor":49,"key":"SMITH"}],"neow_cost":"NONE","seed_source_timestamp":2086128668706800,"circlet_count":0,"master_deck":["theWildCard:BasicStrike","theWildCard:BasicStrike","theWildCard:BasicStrike","theWildCard:BasicStrike","theWildCard:BasicDefend","theWildCard:BasicDefend+1","theWildCard:BasicDefend","theWildCard:BasicDefend","theWildCard:CallToAdventure","theWildCard:Arsene+1","theWildCard:ArcaneArts+1","theWildCard:Providence+1","theWildCard:MagicalMight","theWildCard:Patience","theWildCard:StingingStrike","theWildCard:AllOutAttack+1","theWildCard:PaleRider","theWildCard:Patience","theWildCard:ArcanaArtistry","theWildCard:Salvation","theWildCard:Michael","theWildCard:FinalHour+1","theWildCard:Loki","Reckless Charge+1","theWildCard:Caesar","theWildCard:ArcaneArts","theWildCard:ArcaneArts","theWildCard:MagicalMight","theWildCard:Polydeuces","theWildCard:MasterPlan+1","theWildCard:ArcaneArts+1","theWildCard:Alice+1","theWildCard:Proficiency+1","theWildCard:Satanael","CurseOfTheBell","theWildCard:Metatron+1","theWildCard:Impatience+1","AscendersBane","theWildCard:ArchaicAssault+1","theWildCard:PaleRider+1","theWildCard:StingingStrike+1","theWildCard:EnergizedStroke+1","infinitespire:Collect+1","AscendersBane","theWildCard:AllOutAttack+1","theWildCard:UnendingRitual","theWildCard:MagicMettle","theWildCard:ChangingDestiny","theWildCard:ArcaneArts","theWildCard:ArchaicAssault"],"special_seed":0,"relics":["theWildCard:VelvetContract","aspiration:Nostalgia","PureWater","War Paint","Vajra","FossilizedHelix","Centennial Puzzle","aspiration:ChemicalBlood","infinitespire:Magic Flask","aspiration:EmptySkull","Cursed Key","aspiration:FetidBarrel","Happy Flower","beaked:ShinyBauble","infinitespire:CheckeredPen","Bottled Flame","MutagenicStrength","Calling Bell","Pen Nib","aspiration:StickyExplosives_weak","Incense Burner","infinitespire:Satchel","Gambling Chip","Nunchaku","theWildCard:Evoker","Meat on the Bone","Juzu Bracelet","Pear"],"potions_floor_usage":[50,50],"damage_taken":[{"damage":0.0,"enemies":"infinitespire:Voidling","floor":1.0,"turns":2.0},{"damage":0.0,"enemies":"Small Slimes","floor":3.0,"turns":2.0},{"damage":0.0,"enemies":"2 Louse","floor":5.0,"turns":1.0},{"damage":0.0,"enemies":"Blue Slaver","floor":7.0,"turns":2.0},{"damage":0.0,"enemies":"Lots of Slimes","floor":10.0,"turns":2.0},{"damage":0.0,"enemies":"Gremlin Nob","floor":11.0,"turns":3.0},{"damage":23.0,"enemies":"The Guardian","floor":16.0,"turns":3.0},{"damage":0.0,"enemies":"Spheric Guardian","floor":18.0,"turns":2.0},{"damage":0.0,"enemies":"3 Byrds","floor":20.0,"turns":1.0},{"damage":0.0,"enemies":"3 Cultists","floor":21.0,"turns":3.0},{"damage":0.0,"enemies":"Shelled Parasite and Fungi","floor":22.0,"turns":3.0},{"damage":0.0,"enemies":"Gremlin Leader","floor":25.0,"turns":2.0},{"damage":0.0,"enemies":"Centurion and Healer","floor":28.0,"turns":2.0},{"damage":0.0,"enemies":"Snecko","floor":29.0,"turns":3.0},{"damage":0.0,"enemies":"Snake Plant","floor":30.0,"turns":1.0},{"damage":20.0,"enemies":"Collector","floor":33.0,"turns":3.0},{"damage":0.0,"enemies":"Orb Walker","floor":35.0,"turns":1.0},{"damage":0.0,"enemies":"3 Darklings","floor":36.0,"turns":1.0},{"damage":12.0,"enemies":"4 Shapes","floor":38.0,"turns":1.0},{"damage":0.0,"enemies":"Jaw Worm Horde","floor":39.0,"turns":2.0},{"damage":24.0,"enemies":"Reptomancer","floor":40.0,"turns":3.0},{"damage":0.0,"enemies":"infinitespire:Three Voidlings","floor":42.0,"turns":1.0},{"damage":17.0,"enemies":"Nightmare_Alpha","floor":42.0,"turns":3.0},{"damage":4,"enemies":"Sphere and 2 Shapes","floor":45,"turns":1},{"damage":0,"enemies":"Mind Bloom Boss Battle","floor":46,"turns":2},{"damage":0,"enemies":"Nemesis","floor":47,"turns":1},{"damage":2,"enemies":"Donu and Deca","floor":50,"turns":3}],"seed_played":"3656532102613739878","potions_obtained":[{"floor":1.0,"key":"SpeedPotion"},{"floor":3.0,"key":"SmokeBomb"},{"floor":7.0,"key":"CultistPotion"},{"floor":16.0,"key":"AttackPotion"},{"floor":16.0,"key":"SteroidPotion"},{"floor":16.0,"key":"EntropicBrew"},{"floor":18.0,"key":"Explosive Potion"},{"floor":20.0,"key":"Weak Potion"},{"floor":30.0,"key":"AttackPotion"},{"floor":33.0,"key":"Fire Potion"},{"floor":33.0,"key":"PowerPotion"},{"floor":40.0,"key":"EssenceOfSteel"},{"floor":42,"key":"LiquidMemories"},{"floor":45,"key":"Explosive Potion"}],"is_trial":false,"path_per_floor":["M","$","M","$","M","R","M","R","T","M","E","?","?","T","R","B",null,"M","$","M","M","M","R","AVR","E","T","R","M","M","M","?","R","B",null,"M","M","?","M","M","E","R","?","T","R","M","?","E","$","R","B",null],"character_chosen":"THE_WILD_CARD","items_purchased":["War Paint","theWildCard:Providence","theWildCard:MagicalMight","Vajra","FossilizedHelix","theWildCard:Patience","theWildCard:AllOutAttack","theWildCard:PaleRider","theWildCard:Patience","aspiration:FetidBarrel","Happy Flower","Juzu Bracelet","Pear","theWildCard:ArcaneArts","theWildCard:ArchaicAssault"],"campfire_rested":4,"item_purchase_floors":[2,2,2,2,2,2,4,4,4,19,19,48,48,48,48],"current_hp_per_floor":[60,60,60,60,60,60,60,60,60,60,60,60,23,23,41,19,60,60,60,60,60,60,60,60,60,60,60,60,60,60,60,60,40,60,60,60,60,48,48,24,42,25,25,43,39,39,39,49,70,68],"gold":20,"neow_bonus":"NOSTALGIA","is_prod":false,"is_daily":false,"chose_seed":false,"campfire_upgraded":8,"win_rate":0,"timestamp":1607487671,"path_taken":["M","$","M","$","?","R","M","R","T","M","E","?","?","?","R","BOSS","M","$","M","M","M","R","AVR","E","T","R","?","M","M","?","R","BOSS","M","M","?","M","M","E","R","?","T","R","M","?","E","$","R","BOSS"],"build_version":"2020-11-30","purchased_purges":2,"victory":true,"max_hp_per_floor":[60,60,60,60,60,60,60,60,60,60,60,60,60,60,60,60,60,60,60,60,60,60,60,60,60,60,60,60,60,60,60,60,60,60,60,60,60,60,60,60,60,60,60,60,60,60,60,70,70,70],"card_choices":[{"not_picked":["theWildCard:MagicalMight","theWildCard:PowerOfTheArcana"],"picked":"theWildCard:ArcaneArts","floor":1.0},{"not_picked":["theWildCard:ArcaneArts","theWildCard:EnergizedStroke"],"picked":"theWildCard:StingingStrike","floor":3.0},{"not_picked":["theWildCard:ManOfManyFaces","theWildCard:MagicalMight"],"picked":"theWildCard:ArcanaArtistry","floor":5.0},{"not_picked":["theWildCard:MagicMettle","theWildCard:StingingStrike"],"picked":"theWildCard:Salvation","floor":7.0},{"not_picked":["theWildCard:ArcaneArts","theWildCard:StalwartBlade"],"picked":"theWildCard:Michael","floor":10.0},{"not_picked":["theWildCard:TheGreatSeal","theWildCard:StingingStrike"],"picked":"theWildCard:FinalHour","floor":11.0},{"not_picked":["theWildCard:Desolation","theWildCard:FinalHour"],"picked":"theWildCard:Caesar","floor":16.0},{"not_picked":["theWildCard:Abstinence","theWildCard:Scathach"],"picked":"theWildCard:ArcaneArts","floor":18.0},{"not_picked":["theWildCard:Unburden","theWildCard:Patience+1"],"picked":"theWildCard:ArcaneArts","floor":20.0},{"not_picked":["theWildCard:Overwhelm","theWildCard:StalwartBlade"],"picked":"theWildCard:MagicalMight","floor":21.0},{"not_picked":["theWildCard:SeveringSlash","theWildCard:CryOfAgony"],"picked":"theWildCard:Polydeuces","floor":22.0},{"not_picked":["theWildCard:StalwartBlade","theWildCard:TheArcanaUnleashed"],"picked":"theWildCard:MasterPlan","floor":25.0},{"not_picked":["theWildCard:TheGreatSeal","theWildCard:Michael"],"picked":"theWildCard:ArcaneArts+1","floor":28.0},{"not_picked":["theWildCard:Proficiency","theWildCard:MagicMettle+1"],"picked":"theWildCard:Alice+1","floor":29.0},{"not_picked":["theWildCard:CryOfAgony","theWildCard:Sakuya+1"],"picked":"theWildCard:Proficiency","floor":30.0},{"not_picked":["theWildCard:TheArcanaUnleashed","theWildCard:FuelForTheFire"],"picked":"theWildCard:Satanael","floor":33.0},{"not_picked":["theWildCard:IdentityTheft+1","theWildCard:Michael+1"],"picked":"theWildCard:Metatron+1","floor":35.0},{"not_picked":["theWildCard:MagicalMight","theWildCard:Michael+1"],"picked":"theWildCard:Impatience+1","floor":36.0},{"not_picked":["theWildCard:MaskChange+1","theWildCard:StingingStrike"],"picked":"theWildCard:PaleRider+1","floor":38.0},{"not_picked":["theWildCard:UnderLockAndKey","theWildCard:Patience+1"],"picked":"theWildCard:StingingStrike+1","floor":39.0},{"not_picked":["theWildCard:Scathach+1","theWildCard:StalwartBlade"],"picked":"theWildCard:EnergizedStroke+1","floor":40.0},{"not_picked":["infinitespire:Execution","infinitespire:TheBestDefense"],"picked":"infinitespire:Collect","floor":42},{"not_picked":["theWildCard:MagicalMight","theWildCard:SeveringSlash"],"picked":"theWildCard:UnendingRitual","floor":45},{"not_picked":["theWildCard:Michael","theWildCard:SeveringSlash"],"picked":"theWildCard:MagicMettle","floor":46},{"not_picked":["theWildCard:Impatience","theWildCard:Patience"],"picked":"theWildCard:ChangingDestiny","floor":47}],"player_experience":175683,"relics_obtained":[{"floor":11.0,"key":"Centennial Puzzle"},{"floor":14.0,"key":"aspiration:EmptySkull"},{"floor":25.0,"key":"infinitespire:CheckeredPen"},{"floor":26.0,"key":"Bottled Flame"},{"floor":34.0,"key":"Pen Nib"},{"floor":34.0,"key":"aspiration:StickyExplosives_weak"},{"floor":34.0,"key":"Incense Burner"},{"floor":40.0,"key":"infinitespire:Satchel"},{"floor":42,"key":"Gambling Chip"},{"floor":43,"key":"Nunchaku"},{"floor":46,"key":"theWildCard:Evoker"},{"floor":47,"key":"Meat on the Bone"}],"event_choices":[{"damage_healed":0.0,"max_hp_gain":0.0,"max_hp_loss":0.0,"gold_gain":1.0,"event_name":"betterThird:BetterScrap","player_choice":"Relic Relic Card ","floor":13.0,"gold_loss":0.0,"damage_taken":37.0,"cards_obtained":["Reckless Charge","Tools of the Trade"]},{"damage_healed":0.0,"max_hp_gain":0.0,"max_hp_loss":0.0,"gold_gain":0.0,"event_name":"Drug Dealer","player_choice":"Inject Mutagens","floor":31.0,"gold_loss":0.0,"damage_taken":0.0,"relics_obtained":["MutagenicStrength"]},{"damage_healed":0.0,"max_hp_gain":0.0,"max_hp_loss":0.0,"gold_gain":3.0,"event_name":"betterStone:BetterStone","player_choice":"3","floor":37.0,"gold_loss":0.0,"damage_taken":0.0,"cards_obtained":["theWildCard:ArchaicAssault"]},{"damage_healed":0,"gold_gain":3,"player_choice":"3","damage_taken":0,"max_hp_gain":0,"max_hp_loss":0,"event_name":"betterStone:BetterStone","floor":42,"gold_loss":0,"cards_obtained":["theWildCard:AllOutAttack"]},{"damage_healed":0,"gold_gain":0,"player_choice":"Fight","damage_taken":0,"max_hp_gain":0,"max_hp_loss":0,"event_name":"MindBloom","floor":46,"gold_loss":0}],"is_beta":false,"boss_relics":[{"not_picked":["beaked:MawFillet","Tiny House"],"picked":"Cursed Key"},{"not_picked":["Astrolabe","infinitespire:Cupcake"],"picked":"Calling Bell"}],"items_purged_floors":[48,48],"is_endless":false,"potions_floor_spawned":[1,3,7,16,18,20,30,33,38,40,42,45],"ascension_level":4}}