{"host":"m6aaltr68g9tvoay","time":1607495910,"event":{"gold_per_floor":[118,132,132,143,156,156,172,207,207,357,357,357,357,374,374,445,445,456,456,456,471,491,491,491,491],"floor_reached":24,"playtime":844,"items_purged":[],"score":376,"play_id":"fd08b627-70ae-4e48-95fd-972111bb8090","local_time":"20201208223830","is_ascension_mode":true,"campfire_choices":[{"data":"Dagger Spray","floor":6.0,"key":"SMITH"},{"data":"Glass Knife","floor":11.0,"key":"SMITH"},{"floor":15.0,"key":"REST"},{"floor":23,"key":"REST"}],"neow_cost":"CURSE","seed_source_timestamp":275150896020700,"circlet_count":0,"master_deck":["AscendersBane","Strike_G","Strike_G","Strike_G","Strike_G","Defend_G","Defend_G","Defend_G","Defend_G","Defend_G","Survivor","Neutralize","Dagger Spray+1","Backflip","Slice","Backstab","Corpse Explosion","Glass Knife+1","Venomology","Dagger Throw","Caltrops","Flechettes"],"special_seed":0,"relics":["Ring of the Snake","FossilizedHelix","Torii","Blue Candle","Pear","Empty Cage","Enchiridion"],"potions_floor_usage":[16,18,22,24],"damage_taken":[{"damage":0.0,"enemies":"2 Louse","floor":1.0,"turns":4.0},{"damage":0.0,"enemies":"Cultist","floor":2.0,"turns":4.0},{"damage":0.0,"enemies":"Small Slimes","floor":4.0,"turns":3.0},{"damage":8.0,"enemies":"3 Louse","floor":5.0,"turns":2.0},{"damage":0.0,"enemies":"Looter","floor":7.0,"turns":3.0},{"damage":18.0,"enemies":"Gremlin Nob","floor":8.0,"turns":4.0},{"damage":0.0,"enemies":"Red Slaver","floor":14.0,"turns":2.0},{"damage":63,"enemies":"Slime Boss","floor":16,"turns":11},{"damage":12,"enemies":"Spheric Guardian","floor":18,"turns":4},{"damage":31,"enemies":"Chosen","floor":21,"turns":3},{"damage":8,"enemies":"Shelled Parasite and Fungi","floor":22,"turns":6},{"damage":44,"enemies":"Gremlin Leader","floor":24,"turns":5}],"seed_played":"391404142777806855","potions_obtained":[{"floor":2.0,"key":"Explosive Potion"},{"floor":7.0,"key":"SteroidPotion"},{"floor":14.0,"key":"Dexterity Potion"},{"floor":18,"key":"BlessingOfTheForge"}],"is_trial":false,"path_per_floor":["M","M","?","M","M","R","M","E","T","?","R","?","T","M","R","B",null,"M","?","?","M","M","R","E"],"character_chosen":"THE_SILENT","items_purchased":[],"campfire_rested":2,"item_purchase_floors":[],"current_hp_per_floor":[59,59,59,59,51,51,51,33,33,33,33,33,43,43,65,2,58,46,46,25,22,14,36,0,0],"gold":491,"neow_bonus":"ONE_RARE_RELIC","is_prod":false,"is_daily":false,"chose_seed":false,"campfire_upgraded":2,"win_rate":0,"timestamp":1607495910,"path_taken":["M","M","?","M","?","R","M","E","T","?","R","?","?","?","R","BOSS","M","?","?","M","?","R","E"],"build_version":"2020-11-30","purchased_purges":0,"victory":false,"max_hp_per_floor":[66,66,66,66,66,66,66,66,66,66,66,66,76,76,76,76,76,76,76,76,76,76,76,76,76],"card_choices":[{"not_picked":["Leg Sweep","Caltrops"],"picked":"Dagger Spray","floor":1.0},{"not_picked":["Poisoned Stab","Concentrate"],"picked":"Backflip","floor":2.0},{"not_picked":["Dagger Throw","Dodge and Roll"],"picked":"Slice","floor":4.0},{"not_picked":["Noxious Fumes","Dagger Spray"],"picked":"Backstab","floor":5.0},{"not_picked":["Prepared","Dagger Spray"],"picked":"Corpse Explosion","floor":7.0},{"not_picked":["Choke","Reflex"],"picked":"Glass Knife","floor":8.0},{"not_picked":["Bane","Skewer","Reflex"],"picked":"SKIP","floor":14.0},{"not_picked":["Tools of the Trade","Wraith Form v2"],"picked":"Venomology","floor":16},{"not_picked":["Deflect","Reflex"],"picked":"Dagger Throw","floor":18},{"not_picked":["Crippling Poison","Poisoned Stab"],"picked":"Caltrops","floor":21},{"not_picked":["Setup+1","Skewer"],"picked":"Flechettes","floor":22}],"player_experience":1202908,"relics_obtained":[{"floor":8.0,"key":"Torii"},{"floor":9.0,"key":"Blue Candle"},{"floor":13.0,"key":"Pear"},{"floor":20,"key":"Enchiridion"}],"event_choices":[{"cards_removed":["Clumsy"],"damage_healed":0.0,"max_hp_gain":0.0,"max_hp_loss":0.0,"gold_gain":0.0,"event_name":"Fountain of Cleansing","player_choice":"Removed Curses","floor":3.0,"gold_loss":0.0,"damage_taken":0.0},{"damage_healed":0.0,"max_hp_gain":0.0,"max_hp_loss":0.0,"gold_gain":150.0,"event_name":"Liars Game","player_choice":"AGREE","floor":10.0,"gold_loss":0.0,"damage_taken":0.0,"cards_obtained":["Doubt"]},{"damage_healed":0.0,"max_hp_gain":0.0,"max_hp_loss":0.0,"gold_gain":0.0,"event_name":"Shining Light","player_choice":"Ignored","floor":12.0,"gold_loss":0.0,"damage_taken":0.0},{"damage_healed":0,"gold_gain":0,"player_choice":"Ignored","damage_taken":0,"max_hp_gain":0,"max_hp_loss":0,"event_name":"Ghosts","floor":19,"gold_loss":0},{"damage_healed":0,"gold_gain":0,"player_choice":"Obtained Book","damage_taken":21,"max_hp_gain":0,"max_hp_loss":0,"event_name":"Cursed Tome","floor":20,"gold_loss":0}],"is_beta":false,"boss_relics":[{"not_picked":["Velvet Choker","Ectoplasm"],"picked":"Empty Cage"}],"items_purged_floors":[],"is_endless":false,"potions_floor_spawned":[2,7,14,18],"killed_by":"Gremlin Leader","ascension_level":18}}