{"host":"sqkk9o2m8hbeeiah","time":1607511324,"event":{"gold_per_floor":[119,194,194,194,137,137,149,149,199,230,230,230,255,187,187,310,310,323,323,323,384,384,44,130,130,157,157,296,320,235,235,235,235,235],"floor_reached":33,"playtime":2124,"items_purged":[],"score":261,"play_id":"d533dc2d-dae3-4a27-872d-c314ae324319","local_time":"20201209215524","is_ascension_mode":false,"campfire_choices":[{"floor":6.0,"key":"REST"},{"data":"somnambulantmod: Cower","floor":8.0,"key":"SMITH"},{"data":"somnambulantmod: DarkeningMind","floor":11.0,"key":"SMITH"},{"floor":15.0,"key":"REST"},{"floor":25,"key":"REST"},{"floor":27,"key":"REST"},{"floor":32,"key":"REST"}],"neow_cost":"NONE","seed_source_timestamp":0,"circlet_count":0,"master_deck":["somnambulantmod: SomnambulantStrike","somnambulantmod: SomnambulantStrike+1","somnambulantmod: SomnambulantStrike+1","somnambulantmod: SomnambulantStrike","somnambulantmod: SomnambulantStrike","somnambulantmod: Defend_Somnambulant","somnambulantmod: Defend_Somnambulant+1","somnambulantmod: Defend_Somnambulant+1","somnambulantmod: Defend_Somnambulant","somnambulantmod: Defend_Somnambulant","somnambulantmod: QuickNap+1","somnambulantmod: PrimingPunch+1","somnambulantmod: HorrificThought","somnambulantmod: Reject+1","somnambulantmod: Cower+1","somnambulantmod: DarkeningMind+1","Injury","somnambulantmod: MindWave","somnambulantmod: TimeCompression","somnambulantmod: Amnausea","somnambulantmod: Pinch","Replay:BluntJabs","somnambulantmod: BadIdea+1","Apotheosis","somnambulantmod: SleepingBody+1","somnambulantmod: SickeningSwathe","somnambulantmod: Trauma+1"],"special_seed":0,"relics":["somnambulantmod: DreamJournal","trackpad:SappingStone","Happy Flower","trackpad:HandOfMidas","Golden Idol","Ring of Chaos","MealTicket","Bottled Tornado","Bronze Scales","Smiling Mask"],"potions_floor_usage":[22,24,24,28],"damage_taken":[{"damage":2.0,"enemies":"2 Louse","floor":1.0,"turns":3.0},{"damage":2.0,"enemies":"Small Slimes","floor":7.0,"turns":5.0},{"damage":7.0,"enemies":"Replay:BlueRogue","floor":10.0,"turns":6.0},{"damage":0.0,"enemies":"Cultist","floor":13.0,"turns":4.0},{"damage":33.0,"enemies":"The Guardian","floor":16.0,"turns":17.0},{"damage":16,"enemies":"Spheric Guardian","floor":18,"turns":7},{"damage":0,"enemies":"Chosen","floor":21,"turns":3},{"damage":0,"enemies":"Snake Plant","floor":22,"turns":1},{"damage":22,"enemies":"Slavers","floor":24,"turns":6},{"damage":0,"enemies":"Centurion and Healer","floor":28,"turns":3},{"damage":21,"enemies":"Shelled Parasite and Fungi","floor":29,"turns":4},{"damage":86,"enemies":"Collector","floor":33,"turns":6}],"seed_played":"7522464364057304180","potions_obtained":[{"floor":4.0,"key":"SteroidPotion"},{"floor":4.0,"key":"SmokeBomb"},{"floor":4.0,"key":"Strength Potion"},{"floor":7.0,"key":"AttackPotion"},{"floor":16.0,"key":"Languid Potion"},{"floor":18,"key":"Dexterity Potion"},{"floor":24,"key":"Fire Potion"}],"is_trial":false,"path_per_floor":["M","?","?","?","$","R","M","R","T","E","R","?","M","$","R","B",null,"M","?","?","M","M","$","E","R","T","R","M","M","?","$","R","B"],"character_chosen":"THE_SOMNAMBULANT","items_purchased":["somnambulantmod: Reject+1","somnambulantmod: TimeCompression","Apotheosis","MealTicket"],"campfire_rested":5,"item_purchase_floors":[5,14,23,23],"current_hp_per_floor":[68,57,57,57,57,72,70,70,70,63,63,63,63,63,74,41,74,58,58,58,58,58,58,36,60,60,78,78,57,57,72,80,0,0],"gold":235,"neow_bonus":"RANDOM_COMMON_RELIC","is_prod":false,"is_daily":false,"chose_seed":false,"campfire_upgraded":2,"win_rate":0,"timestamp":1607511324,"path_taken":["M","?","?","?","$","R","?","R","T","E","R","?","M","$","R","BOSS","M","?","?","M","M","$","E","R","T","R","M","M","?","?","R","BOSS"],"build_version":"2020-11-30","purchased_purges":0,"victory":false,"max_hp_per_floor":[70,70,70,70,70,72,72,72,72,72,72,72,72,72,74,74,74,74,74,74,74,74,74,74,76,76,78,78,78,78,78,80,80,80],"card_choices":[{"not_picked":["somnambulantmod: TrepanningBlow","somnambulantmod: Unknow"],"picked":"somnambulantmod: HorrificThought","floor":1.0},{"not_picked":["somnambulantmod: Unknow","somnambulantmod: Harden"],"picked":"somnambulantmod: Cower","floor":7.0},{"not_picked":["somnambulantmod: BadIdea","somnambulantmod: Pinch"],"picked":"somnambulantmod: DarkeningMind","floor":10.0},{"not_picked":["somnambulantmod: HeavyLids","somnambulantmod: Reject"],"picked":"somnambulantmod: MindWave","floor":13.0},{"not_picked":["somnambulantmod: Withdraw","somnambulantmod: Mindlessness"],"picked":"somnambulantmod: Amnausea","floor":16.0},{"not_picked":["somnambulantmod: HorrificThought+1","somnambulantmod: Overshare"],"picked":"somnambulantmod: Pinch","floor":18},{"not_picked":["somnambulantmod: RecurringDream","somnambulantmod: LeechFears"],"picked":"somnambulantmod: BadIdea+1","floor":21},{"not_picked":["somnambulantmod: Cower","somnambulantmod: Unknow+1"],"picked":"somnambulantmod: SleepingBody+1","floor":24},{"not_picked":["somnambulantmod: RacingThoughts","somnambulantmod: Bloom"],"picked":"somnambulantmod: SickeningSwathe","floor":28},{"not_picked":["somnambulantmod: ShowerThought","somnambulantmod: Reject"],"picked":"somnambulantmod: Trauma+1","floor":29}],"player_experience":775149,"relics_obtained":[{"floor":9.0,"key":"Happy Flower"},{"floor":10.0,"key":"trackpad:HandOfMidas"},{"floor":24,"key":"Bottled Tornado"},{"floor":26,"key":"Bronze Scales"}],"event_choices":[{"damage_healed":0.0,"max_hp_gain":0.0,"max_hp_loss":0.0,"gold_gain":75.0,"event_name":"World of Goop","player_choice":"Gather Gold","floor":2.0,"gold_loss":0.0,"damage_taken":11.0},{"damage_healed":0.0,"max_hp_gain":0.0,"max_hp_loss":0.0,"gold_gain":0.0,"event_name":"Lab","player_choice":"Got Potions","floor":4.0,"gold_loss":0.0,"damage_taken":0.0},{"damage_healed":0.0,"max_hp_gain":0.0,"max_hp_loss":0.0,"gold_gain":0.0,"event_name":"Golden Idol","player_choice":"Take Wound","floor":12.0,"gold_loss":0.0,"damage_taken":0.0,"relics_obtained":["Golden Idol"],"cards_obtained":["Injury"]},{"cards_removed":["somnambulantmod: Cower"],"damage_healed":0,"gold_gain":0,"player_choice":"Take \u0026 Give","damage_taken":0,"max_hp_gain":0,"max_hp_loss":0,"event_name":"betterNote:BetterNote","floor":19,"gold_loss":0,"cards_obtained":["Replay:BluntJabs"]},{"damage_healed":0,"gold_gain":0,"player_choice":"Ignored","damage_taken":0,"max_hp_gain":0,"max_hp_loss":0,"event_name":"Ghosts","floor":20,"gold_loss":0},{"damage_healed":0,"gold_gain":0,"player_choice":"Obtained Relic","damage_taken":0,"relics_obtained":["Smiling Mask"],"max_hp_gain":0,"max_hp_loss":0,"event_name":"Addict","floor":30,"gold_loss":85}],"is_beta":false,"boss_relics":[{"not_picked":["Ectoplasm","Fusion Hammer"],"picked":"Ring of Chaos"}],"items_purged_floors":[],"is_endless":false,"potions_floor_spawned":[7,16,18,21,24],"killed_by":"Collector","ascension_level":0}}