{"host":"agga6lej02o7kt08","time":1607532356,"event":{"gold_per_floor":[117,42,56,71,86,113,113,126,126,96,125,141,173,193,193,296,296,315,121,138,155,172,205,81,111,111,111,111,128,159,177,177,282,282,302,302,95,114,114,114,140,90,170,196,196,301,301,314,314,377,377,377,200,239,275],"floor_reached":56,"playtime":3585,"items_purged":["Strike_G","hubris:Compulsion","ReplayTheSpireMod:Doomed","Strike_G","hubris:Disease","hubris:Compulsion"],"score":1339,"play_id":"d0ed39c9-8508-4a8b-bb75-f41afe9c212a","local_time":"20201210014556","is_ascension_mode":true,"campfire_choices":[{"data":"Noxious Fumes","floor":15.0,"key":"SMITH"},{"data":"Pot Of Greed","floor":15.0,"key":"SMITH"},{"data":"Pot Of Greed","floor":27,"key":"SMITH"},{"data":"Envenom","floor":27,"key":"SMITH"},{"floor":32,"key":"REST"},{"data":"REME_ShadowForm","floor":40,"key":"SMITH"},{"data":"Pot Of Greed","floor":40,"key":"SMITH"},{"floor":49,"key":"RECALL"},{"data":"Blade Dance","floor":52,"key":"SMITH"},{"data":"Catalyst","floor":52,"key":"SMITH"}],"neow_cost":"NONE","seed_source_timestamp":718702780401400,"circlet_count":0,"master_deck":["Defend_G","Survivor","Neutralize","TreasureHunter","Glass Knife","Pot Of Greed+1","Pot Of Greed+1","Noxious Fumes+1","Escape Plan","Envenom+1","Blade Dance+1","Catalyst+1","Escape Plan+1","REME_ShadowForm+1","Accuracy","Cloak And Dagger+1","Pot Of Greed+1","Venomology","Backflip"],"special_seed":0,"relics":["Ring of the Snake","REME_ComplimentaryCards","aspiration:DSix","Grinning Jar","Tiny Chest","Bronze Scales","Oddly Smooth Stone","Smiling Mask","Replay:Arrowhead","Replay:Kaleidoscope","Kintsugi","Snake Skull","Juzu Bracelet","Cauldron","Lantern","Bottled Lightning","Ginger","hubris:PeanutButter","aspiration:StickyExplosives_weak","Tough Bandages","Cursed Key","TheAbacus","hubris:DeckOfHolding","REME_HourglassOfDeath","Potion Belt","PreservedInsect","REME_ArchaeologicalTools","CeramicFish","Kunai","hubris:TinFlute","Mummified Hand"],"potions_floor_usage":[25,25,41,41,50,54,55,55,55,55,55],"damage_taken":[{"damage":0.0,"enemies":"Cultist","floor":1.0,"turns":4.0},{"damage":0.0,"enemies":"2 Louse","floor":3.0,"turns":3.0},{"damage":0.0,"enemies":"Jaw Worm","floor":4.0,"turns":5.0},{"damage":5.0,"enemies":"Blue Slaver","floor":5.0,"turns":4.0},{"damage":13.0,"enemies":"Replay:BlueRogue","floor":6.0,"turns":8.0},{"damage":0.0,"enemies":"Red Slaver","floor":8.0,"turns":4.0},{"damage":41.0,"enemies":"Gremlin Nob","floor":11.0,"turns":6.0},{"damage":1.0,"enemies":"Looter","floor":12.0,"turns":3.0},{"damage":0.0,"enemies":"Replay:BlueRogue","floor":13.0,"turns":6.0},{"damage":0.0,"enemies":"Gremlin Gang","floor":14.0,"turns":4.0},{"damage":10.0,"enemies":"Hexaghost","floor":16.0,"turns":10.0},{"damage":0.0,"enemies":"3 Byrds","floor":18.0,"turns":3.0},{"damage":4.0,"enemies":"2 Thieves","floor":20.0,"turns":3.0},{"damage":15.0,"enemies":"Snake Plant","floor":21.0,"turns":3.0},{"damage":0.0,"enemies":"3 Cultists","floor":22.0,"turns":4.0},{"damage":12.0,"enemies":"Book of Stabbing","floor":23.0,"turns":4.0},{"damage":11,"enemies":"Slavers","floor":25,"turns":5},{"damage":20,"enemies":"Snecko","floor":29,"turns":6},{"damage":0,"enemies":"Gremlin Leader","floor":30,"turns":4},{"damage":0,"enemies":"Centurion and Healer","floor":31,"turns":4},{"damage":24,"enemies":"Automaton","floor":33,"turns":8},{"damage":0,"enemies":"3 Shapes","floor":35,"turns":4},{"damage":0,"enemies":"3 Darklings","floor":38,"turns":4},{"damage":0,"enemies":"Reptomancer","floor":41,"turns":4},{"damage":19,"enemies":"Nemesis","floor":44,"turns":5},{"damage":0,"enemies":"Reptomancer","floor":46,"turns":3},{"damage":0,"enemies":"4 Shapes","floor":48,"turns":1},{"damage":5,"enemies":"Replay:Hell Engine","floor":50,"turns":8},{"damage":17,"enemies":"Shield and Spear","floor":54,"turns":5},{"damage":63,"enemies":"The Heart","floor":55,"turns":6}],"seed_played":"6835649108187383266","potions_obtained":[{"floor":4.0,"key":"Explosive Potion"},{"floor":5.0,"key":"Explosive Potion"},{"floor":10.0,"key":"Explosive Potion"},{"floor":10.0,"key":"LiquidMemories"},{"floor":12.0,"key":"Elixir"},{"floor":14.0,"key":"SteroidPotion"},{"floor":16.0,"key":"Block Potion"},{"floor":18.0,"key":"Adrenaline Potion"},{"floor":21.0,"key":"SkillPotion"},{"floor":22.0,"key":"Poison Potion"},{"floor":24.0,"key":"Block Potion"},{"floor":24.0,"key":"PowerPotion"},{"floor":30,"key":"Explosive Potion"},{"floor":33,"key":"Death Potion"},{"floor":35,"key":"CunningPotion"},{"floor":44,"key":"SteroidPotion"},{"floor":54,"key":"Reflective Coating"}],"is_trial":false,"path_per_floor":["M","$","M","M","M","E","?","M","T","?","E","M","E","M","R","B",null,"M","$","M","M","M","E","$","E","T","R","?","M","E","M","R","B",null,"M","?","$","M","T","R","E","$","T","E","?","E","?","M","R","B",null,"R","$","E","B",null],"character_chosen":"THE_SILENT","items_purchased":["Snake Skull","Cauldron","TheAbacus","Kunai"],"campfire_rested":1,"item_purchase_floors":[19,24,37,53],"current_hp_per_floor":[70,70,70,70,65,52,57,57,57,57,16,15,15,15,15,5,75,75,75,71,56,56,44,44,33,33,33,33,13,13,13,35,11,75,75,75,75,75,75,75,75,75,75,56,56,56,56,56,56,51,75,75,75,70,7],"gold":275,"neow_bonus":"RANDOM_EVENT","is_prod":false,"is_daily":false,"chose_seed":false,"campfire_upgraded":8,"win_rate":0,"timestamp":1607532356,"path_taken":["M","?","M","M","?","E","?","M","T","?","E","M","E","M","R","BOSS","M","$","M","M","M","E","$","E","T","R","?","M","E","M","R","BOSS","M","?","$","M","?","R","E","$","T","E","?","E","?","M","R","BOSS","R","$","E","BOSS"],"build_version":"2020-11-30","purchased_purges":6,"victory":true,"max_hp_per_floor":[70,70,70,70,70,70,75,75,75,75,75,75,75,75,75,75,75,75,75,75,75,75,75,75,75,75,75,75,75,75,75,75,75,75,75,75,75,75,75,75,75,75,75,75,75,75,75,75,75,75,75,75,75,75,75],"card_choices":[{"not_picked":["Slice","Backstab","Quick Slash"],"picked":"SKIP","floor":1.0},{"not_picked":["Leg Sweep","ReplayTheSpireMod:The Works","Flying Knee"],"picked":"SKIP","floor":3.0},{"not_picked":["Fluid Movement","Outmaneuver"],"picked":"Glass Knife","floor":4.0},{"not_picked":["Caltrops","Bane","Deflect"],"picked":"SKIP","floor":5.0},{"not_picked":["Dagger Throw","Sucker Punch"],"picked":"Noxious Fumes","floor":6.0},{"not_picked":["Acrobatics","Dagger Throw","Toxin Wave"],"picked":"SKIP","floor":8.0},{"not_picked":["Heel Hook","REME_ShadowForm","Bouncing Flask"],"picked":"SKIP","floor":11.0},{"not_picked":["Tactician","Predator"],"picked":"Escape Plan","floor":12.0},{"not_picked":["Hidden Blade","Bane","Setup"],"picked":"SKIP","floor":13.0},{"not_picked":["Quick Slash","Sucker Punch","Flying Knee"],"picked":"SKIP","floor":14.0},{"not_picked":["Grand Finale","ReplayTheSpireMod:From All Sides"],"picked":"Envenom","floor":16.0},{"not_picked":["Accuracy","Dagger Spray","hubris:SlightOfHand"],"picked":"SKIP","floor":18.0},{"not_picked":["ReplayTheSpireMod:The Works","Prepared+1","hubris:SlightOfHand"],"picked":"SKIP","floor":20.0},{"not_picked":["Finisher+1","Deflect","Outmaneuver"],"picked":"SKIP","floor":21.0},{"not_picked":["Accuracy","Expertise"],"picked":"Blade Dance","floor":22.0},{"not_picked":["Dagger Throw","Slice+1","Hidden Blade"],"picked":"SKIP","floor":23.0},{"not_picked":["REME_ShadowStrike","Infinite Blades"],"picked":"Catalyst","floor":25},{"not_picked":["Slice","Backstab"],"picked":"Escape Plan+1","floor":29},{"not_picked":["Endless Agony","Outmaneuver","ReplayTheSpireMod:Exploit Weakness"],"picked":"SKIP","floor":30},{"not_picked":["Atom Bomb","ReplayTheSpireMod:Shiv Toss","Prepared"],"picked":"SKIP","floor":31},{"not_picked":["Tools of the Trade","Corpse Explosion"],"picked":"REME_ShadowForm","floor":33},{"not_picked":["Poisoned Stab+1","Catalyst+1","Sneak Up"],"picked":"SKIP","floor":35},{"not_picked":["Poisoned Stab","Concentrate"],"picked":"Cloak And Dagger","floor":38},{"not_picked":["Replay:Poison Smokescreen+1","Caltrops","Hidden Blade"],"picked":"SKIP","floor":41},{"not_picked":["Bane","hubris:Counter+1"],"picked":"Venomology","floor":44},{"not_picked":["Slice+1","Infinite Blades"],"picked":"Backflip","floor":46},{"not_picked":["Quick Slash","Slice","Flying Knee"],"picked":"SKIP","floor":48},{"not_picked":["Outmaneuver+1","hubris:SlightOfHand","Deadly Poison"],"picked":"SKIP","floor":54}],"player_experience":1024096,"relics_obtained":[{"floor":6.0,"key":"aspiration:DSix"},{"floor":6.0,"key":"Grinning Jar"},{"floor":9.0,"key":"Tiny Chest"},{"floor":11.0,"key":"Bronze Scales"},{"floor":11.0,"key":"Oddly Smooth Stone"},{"floor":13.0,"key":"Smiling Mask"},{"floor":13.0,"key":"Replay:Arrowhead"},{"floor":16.0,"key":"Replay:Kaleidoscope"},{"floor":23.0,"key":"Juzu Bracelet"},{"floor":25,"key":"Lantern"},{"floor":25,"key":"Bottled Lightning"},{"floor":26,"key":"Ginger"},{"floor":30,"key":"hubris:PeanutButter"},{"floor":30,"key":"aspiration:StickyExplosives_weak"},{"floor":33,"key":"Tough Bandages"},{"floor":39,"key":"hubris:DeckOfHolding"},{"floor":41,"key":"REME_HourglassOfDeath"},{"floor":41,"key":"Potion Belt"},{"floor":44,"key":"PreservedInsect"},{"floor":44,"key":"REME_ArchaeologicalTools"},{"floor":46,"key":"CeramicFish"},{"floor":54,"key":"hubris:TinFlute"},{"floor":54,"key":"Mummified Hand"}],"event_choices":[{"cards_removed":["Defend_G"],"damage_healed":0.0,"max_hp_gain":0.0,"max_hp_loss":0.0,"gold_gain":0.0,"event_name":"Living Wall","player_choice":"Forget","floor":0.0,"gold_loss":0.0,"damage_taken":0.0},{"damage_healed":0.0,"max_hp_gain":5.0,"max_hp_loss":0.0,"gold_gain":0.0,"event_name":"Big Fish","player_choice":"Donut","floor":7.0,"gold_loss":0.0,"damage_taken":0.0},{"damage_healed":0.0,"max_hp_gain":0.0,"max_hp_loss":0.0,"gold_gain":0.0,"event_name":"The Woman in Blue","player_choice":"Bought 2 Potions","floor":10.0,"gold_loss":0.0,"damage_taken":0.0},{"damage_healed":0,"gold_gain":0,"cards_transformed":["Strike_G"],"player_choice":"Transformed","damage_taken":0,"max_hp_gain":0,"max_hp_loss":0,"event_name":"Transmorgrifier","floor":36,"gold_loss":0,"cards_obtained":["Accuracy"]},{"damage_healed":0,"gold_gain":0,"player_choice":"0 cards matched","damage_taken":0,"max_hp_gain":0,"max_hp_loss":0,"event_name":"Match and Keep!","floor":45,"gold_loss":0,"cards_obtained":[]}],"is_beta":false,"boss_relics":[{"not_picked":["aspiration:FutureDiary","Pandora\u0027s Box"],"picked":"Kintsugi"},{"not_picked":["hubris:Stopwatch","Empty Cage"],"picked":"Cursed Key"}],"items_purged_floors":[2,19,24,37,42,53],"is_endless":false,"potions_floor_spawned":[4,5,12,14,16,18,21,22,30,33,35,44,54],"ascension_level":1}}