{"host":"qbnk2vkaq38efxaz","time":1607475266,"event":{"gold_per_floor":[109,125,135,145,145,177,102,102,102,117,117,147,127,141,141,238,238,258,271,290,307,323,323,356,356,424,424,424,424,424,25,25,124,124,137,147,1146,1146,1146,1146],"floor_reached":39,"playtime":4338,"items_purged":["Defend_R","Decay"],"score":436,"play_id":"b8324b65-4960-4ba3-a053-4e3e082efe3e","local_time":"20201208165426","is_ascension_mode":false,"campfire_choices":[{"data":"Uppercut","floor":8.0,"key":"SMITH"},{"data":"True Grit","floor":15.0,"key":"SMITH"},{"floor":23.0,"key":"REST"},{"data":"Barricade","floor":25.0,"key":"SMITH"},{"data":"Iron Wave","floor":27.0,"key":"SMITH"},{"floor":32.0,"key":"REST"}],"neow_cost":"PERCENT_DAMAGE","seed_source_timestamp":0,"circlet_count":0,"master_deck":["Strike_R","Strike_R","Defend_R","Defend_R","Defend_R","Headbutt","Shrug It Off","Headbutt","Uppercut+1","True Grit+1","Disarm","Barricade+1","Ghostly Armor+1","Ghostly Armor","Iron Wave+1","Feel No Pain","Dropkick","Metallicize","Feed","Shrug It Off+1","Normality","Normality"],"special_seed":0,"relics":["Burning Blood","Kunai","Sundial","InkBottle","Bottled Lightning","Philosopher\u0027s Stone","Potion Belt","Bottled Flame","Oddly Smooth Stone","TheAbacus","Cursed Key"],"potions_floor_usage":[],"damage_taken":[{"damage":2.0,"enemies":"2 Louse","floor":1.0,"turns":3.0},{"damage":3.0,"enemies":"Small Slimes","floor":2.0,"turns":4.0},{"damage":1.0,"enemies":"Cultist","floor":3.0,"turns":3.0},{"damage":1.0,"enemies":"3 Louse","floor":4.0,"turns":6.0},{"damage":34.0,"enemies":"Lagavulin","floor":6.0,"turns":6.0},{"damage":1.0,"enemies":"2 Fungi Beasts","floor":10.0,"turns":3.0},{"damage":14.0,"enemies":"Gremlin Nob","floor":12.0,"turns":5.0},{"damage":3.0,"enemies":"Large Slime","floor":14.0,"turns":6.0},{"damage":10.0,"enemies":"The Guardian","floor":16.0,"turns":11.0},{"damage":6.0,"enemies":"Chosen","floor":18.0,"turns":7.0},{"damage":10.0,"enemies":"Shell Parasite","floor":19.0,"turns":7.0},{"damage":31.0,"enemies":"3 Cultists","floor":20.0,"turns":7.0},{"damage":4.0,"enemies":"Centurion and Healer","floor":21.0,"turns":8.0},{"damage":57.0,"enemies":"Sentry and Sphere","floor":22.0,"turns":12.0},{"damage":15.0,"enemies":"Book of Stabbing","floor":24.0,"turns":12.0},{"damage":41.0,"enemies":"Collector","floor":33.0,"turns":21.0},{"damage":10.0,"enemies":"3 Darklings","floor":35.0,"turns":11.0},{"damage":13,"enemies":"3 Shapes","floor":36,"turns":8},{"damage":88,"enemies":"2 Orb Walkers","floor":39,"turns":5}],"seed_played":"-1356893107732300457","potions_obtained":[{"floor":3.0,"key":"LiquidBronze"},{"floor":4.0,"key":"Strength Potion"},{"floor":10.0,"key":"Dexterity Potion"},{"floor":14.0,"key":"LiquidMemories"},{"floor":16.0,"key":"Explosive Potion"},{"floor":24.0,"key":"Fire Potion"}],"is_trial":false,"path_per_floor":["M","M","M","M","?","E","$","R","T","M","?","E","?","M","R","B",null,"M","M","M","M","M","R","E","R","T","R","?","?","?","$","R","B",null,"M","M","?","?","?"],"character_chosen":"IRONCLAD","items_purchased":["Metallicize","TheAbacus","EssenceOfSteel"],"campfire_rested":2,"item_purchase_floors":[31,31,31],"current_hp_per_floor":[60,63,68,73,78,50,50,50,50,55,52,44,44,47,47,43,85,85,81,56,58,7,32,23,23,23,23,23,23,23,23,48,13,85,81,77,77,77,0,0],"gold":1146,"neow_bonus":"REMOVE_TWO","is_prod":false,"is_daily":false,"chose_seed":false,"campfire_upgraded":4,"win_rate":0,"timestamp":1607475266,"path_taken":["M","M","M","M","?","E","$","R","T","M","?","E","?","M","R","BOSS","M","M","?","M","M","R","E","R","T","R","?","?","?","$","R","BOSS","M","M","?","?","?"],"build_version":"2020-11-30","purchased_purges":2,"victory":false,"max_hp_per_floor":[80,80,80,80,85,85,85,85,85,85,85,85,85,85,85,85,85,85,85,85,85,85,85,85,85,85,85,85,85,85,85,85,85,85,85,88,88,84,84,84],"card_choices":[{"not_picked":["Perfected Strike","Blood for Blood","Flex"],"picked":"SKIP","floor":1.0},{"not_picked":["Carnage","Searing Blow"],"picked":"Headbutt","floor":2.0},{"not_picked":["Reckless Charge","Dark Embrace"],"picked":"Shrug It Off","floor":3.0},{"not_picked":["Reckless Charge","Flex"],"picked":"Headbutt","floor":4.0},{"not_picked":["Evolve","Combust"],"picked":"Uppercut","floor":6.0},{"not_picked":["Uppercut","Body Slam"],"picked":"True Grit","floor":10.0},{"not_picked":["Flex","Heavy Blade"],"picked":"Disarm","floor":12.0},{"not_picked":["Thunderclap","Battle Trance","Sword Boomerang"],"picked":"SKIP","floor":14.0},{"not_picked":["Feed","Brutality"],"picked":"Barricade","floor":16.0},{"not_picked":["Heavy Blade","Carnage","Sword Boomerang"],"picked":"SKIP","floor":18.0},{"not_picked":["Anger+1","Dual Wield","Sword Boomerang"],"picked":"SKIP","floor":19.0},{"not_picked":["Armaments","Warcry"],"picked":"Ghostly Armor+1","floor":20.0},{"not_picked":["Reckless Charge","Anger","True Grit"],"picked":"SKIP","floor":21.0},{"not_picked":["Demon Form","Hemokinesis"],"picked":"Ghostly Armor","floor":22.0},{"not_picked":["Rage","Flex"],"picked":"Iron Wave","floor":24.0},{"not_picked":["Offering","Bludgeon"],"picked":"Feed","floor":33.0},{"not_picked":["Thunderclap+1","Twin Strike+1","Power Through+1"],"picked":"SKIP","floor":35},{"not_picked":["Iron Wave","Feel No Pain+1"],"picked":"Shrug It Off+1","floor":36}],"player_experience":48162,"relics_obtained":[{"floor":6.0,"key":"Kunai"},{"floor":9.0,"key":"Sundial"},{"floor":12.0,"key":"Bottled Lightning"},{"floor":24.0,"key":"Potion Belt"},{"floor":26.0,"key":"Bottled Flame"}],"event_choices":[{"damage_healed":0.0,"max_hp_gain":5.0,"max_hp_loss":0.0,"gold_gain":0.0,"event_name":"Big Fish","player_choice":"Donut","floor":5.0,"gold_loss":0.0,"damage_taken":0.0},{"damage_healed":0.0,"max_hp_gain":0.0,"max_hp_loss":0.0,"gold_gain":0.0,"event_name":"Scrap Ooze","player_choice":"Success","floor":11.0,"gold_loss":0.0,"damage_taken":3.0,"relics_obtained":["InkBottle"]},{"damage_healed":0.0,"max_hp_gain":0.0,"max_hp_loss":0.0,"gold_gain":0.0,"event_name":"The Woman in Blue","player_choice":"Bought 1 Potion","floor":13.0,"gold_loss":0.0,"damage_taken":0.0},{"damage_healed":0.0,"max_hp_gain":0.0,"max_hp_loss":0.0,"gold_gain":0.0,"event_name":"Forgotten Altar","player_choice":"Smashed Altar","floor":28.0,"gold_loss":0.0,"damage_taken":0.0,"cards_obtained":["Decay"]},{"damage_healed":0.0,"max_hp_gain":0.0,"max_hp_loss":0.0,"gold_gain":0.0,"event_name":"The Mausoleum","player_choice":"Opened","floor":29.0,"gold_loss":0.0,"damage_taken":0.0,"relics_obtained":["Oddly Smooth Stone"]},{"damage_healed":0.0,"max_hp_gain":0.0,"max_hp_loss":0.0,"gold_gain":0.0,"cards_transformed":["Bash","Strike_R"],"event_name":"Drug Dealer","player_choice":"Became Test Subject","floor":30.0,"gold_loss":0.0,"damage_taken":0.0,"cards_obtained":["Feel No Pain","Dropkick"]},{"damage_healed":0,"gold_gain":999,"player_choice":"Gold","damage_taken":0,"max_hp_gain":0,"max_hp_loss":0,"event_name":"MindBloom","floor":37,"gold_loss":0,"cards_obtained":["Normality","Normality"]},{"damage_healed":0,"gold_gain":0,"player_choice":"Max HP","damage_taken":0,"max_hp_gain":0,"max_hp_loss":4,"event_name":"Winding Halls","floor":38,"gold_loss":0},{"damage_healed":0,"gold_gain":0,"player_choice":"Fight","damage_taken":0,"max_hp_gain":0,"max_hp_loss":0,"event_name":"Mysterious Sphere","floor":39,"gold_loss":0}],"is_beta":false,"boss_relics":[{"not_picked":["Tiny House","Snecko Eye"],"picked":"Philosopher\u0027s Stone"},{"not_picked":["SacredBark","Astrolabe"],"picked":"Cursed Key"}],"items_purged_floors":[7,31],"is_endless":false,"potions_floor_spawned":[3,4,10,14,16,18,19,24],"killed_by":"2 Orb Walkers","ascension_level":0}}