{"host":"plluk4al3qmxlp2w","time":1607512992,"event":{"gold_per_floor":[109,121,121,140,154,154,188,218,294,294,294],"floor_reached":10,"playtime":432,"items_purged":[],"score":78,"play_id":"e8da012b-13f8-454d-832a-ccf412b4485b","local_time":"20201209032312","is_ascension_mode":true,"campfire_choices":[{"data":"Leg Sweep","floor":6,"key":"SMITH"}],"neow_cost":"NONE","seed_source_timestamp":817408227536900,"circlet_count":0,"master_deck":["Strike_G","Strike_G","Strike_G","Strike_G","Strike_G","Defend_G","Defend_G","Defend_G","Defend_G","Defend_G","Survivor","Neutralize","Leg Sweep+1","Prepared","Toxin Wave+1","Backflip","Backflip","Backflip"],"relics":["Ring of the Snake","Tough Bandages"],"potions_floor_usage":[5,5,10],"damage_taken":[{"damage":4,"enemies":"Jaw Worm","floor":1,"turns":6},{"damage":3,"enemies":"Small Slimes","floor":2,"turns":5},{"damage":1,"enemies":"Cultist","floor":4,"turns":4},{"damage":0,"enemies":"Lots of Slimes","floor":5,"turns":3},{"damage":20,"enemies":"Lagavulin","floor":7,"turns":11},{"damage":62,"enemies":"Gremlin Nob","floor":10,"turns":5}],"seed_played":"-8431219322033720218","potions_obtained":[{"floor":1,"key":"FearPotion"},{"floor":2,"key":"BlessingOfTheForge"},{"floor":7,"key":"Venom Potion"}],"is_trial":false,"path_per_floor":["M","M","?","M","M","R","E","?","T","E"],"character_chosen":"THE_SILENT","items_purchased":[],"campfire_rested":0,"item_purchase_floors":[],"current_hp_per_floor":[66,63,63,62,62,62,42,42,42,0,0],"gold":294,"neow_bonus":"THREE_CARDS","is_prod":false,"is_daily":false,"chose_seed":false,"campfire_upgraded":1,"win_rate":0,"timestamp":1607512992,"path_taken":["M","M","?","M","M","R","E","?","T","E"],"build_version":"2020-11-30","purchased_purges":0,"victory":false,"max_hp_per_floor":[70,70,70,70,70,70,70,70,70,70,70],"card_choices":[{"not_picked":["Setup","Outmaneuver"],"picked":"Leg Sweep","floor":0},{"not_picked":["ReplayTheSpireMod:Tripwire","Endless Agony"],"picked":"Prepared","floor":1},{"not_picked":["Outmaneuver","Blur"],"picked":"Toxin Wave","floor":2},{"not_picked":["Dagger Spray","Terror"],"picked":"Backflip","floor":4},{"not_picked":["Predator","Riddle With Holes"],"picked":"Backflip","floor":5},{"not_picked":["Dodge and Roll","Footwork"],"picked":"Backflip","floor":7}],"player_experience":262101,"relics_obtained":[{"floor":7,"key":"Tough Bandages"}],"event_choices":[{"damage_healed":0,"gold_gain":0,"player_choice":"Grow","damage_taken":0,"max_hp_gain":0,"max_hp_loss":0,"event_name":"Living Wall","floor":3,"gold_loss":0,"cards_upgraded":["Toxin Wave"]},{"damage_healed":0,"gold_gain":30,"player_choice":"Searched \u00272\u0027 times","damage_taken":0,"max_hp_gain":0,"max_hp_loss":0,"event_name":"Dead Adventurer","floor":8,"gold_loss":0}],"is_beta":false,"boss_relics":[],"items_purged_floors":[],"is_endless":false,"potions_floor_spawned":[1,2,7],"killed_by":"Gremlin Nob","ascension_level":3}}