{"host":"l8lm1goh5xm9tkuw","time":1607497181,"event":{"gold_per_floor":[120,120,80,91,91,91,91,91],"floor_reached":7,"playtime":341,"items_purged":["LightAttack"],"score":53,"play_id":"745d9ed3-dc6a-4a5a-81ce-f1dbff9e1985","local_time":"20201209145941","is_ascension_mode":true,"campfire_choices":[{"data":"Dodge","floor":6,"key":"SMITH"}],"neow_cost":"NONE","seed_source_timestamp":2732464824734,"circlet_count":0,"master_deck":["Dodge+1","LightDefense","LightAttack","LightDefense","LightDefense","LightDefense","ChargeAndCover+1","FocusedStrikes","ExtractFuel+1","BladeWhirl"],"relics":["PageOfLibrarian","DaveBox","testmod-TestBox","REME_ComplimentaryCards","testmod-LifeArmor","DiscerningMonocle","Question Card","LetterFromLob","Garlic","Technique","DemoMod:PoisonVial"],"potions_floor_usage":[7,7],"damage_taken":[{"damage":16,"enemies":"Small Slimes","floor":1,"turns":8},{"damage":8,"enemies":"2 Louse","floor":4,"turns":5},{"damage":35,"enemies":"3 Sentries","floor":7,"turns":11}],"seed_played":"-6193520601186449733","potions_obtained":[{"floor":3,"key":"Doom Potion"},{"floor":3,"key":"JyouchiReiPotion"},{"floor":3,"key":"ExcitationPotion"}],"is_trial":false,"path_per_floor":["M","?","?","M","$","R","E"],"character_chosen":"Librarian","items_purchased":["Garlic","Technique","DemoMod:PoisonVial","Energy Potion"],"campfire_rested":0,"item_purchase_floors":[5,5,5,5],"current_hp_per_floor":[38,38,38,36,36,36,9,9],"gold":91,"neow_bonus":"REMOVE_CARD","is_prod":false,"is_daily":false,"chose_seed":false,"campfire_upgraded":1,"win_rate":0,"timestamp":1607497181,"path_taken":["M","?","?","?","$","R","E"],"build_version":"2020-11-30","purchased_purges":1,"victory":false,"max_hp_per_floor":[67,67,67,68,68,68,68,68],"card_choices":[{"not_picked":["PuppetBlockade","FlashingStrike","EnergyShield"],"picked":"ExtractFuel","floor":1},{"not_picked":["HighKick","EnergyCycle","StartinOutLightly","UnavoidableGaze","Leap_lor"],"picked":"SKIP","floor":4}],"player_experience":297380,"relics_obtained":[{"floor":1,"key":"Question Card"},{"floor":1,"key":"LetterFromLob"}],"event_choices":[{"damage_healed":0,"gold_gain":0,"player_choice":"Ignored","damage_taken":0,"max_hp_gain":0,"max_hp_loss":0,"event_name":"Liars Game","floor":2,"gold_loss":0},{"damage_healed":0,"gold_gain":0,"player_choice":"Bought 3 Potions","damage_taken":0,"max_hp_gain":0,"max_hp_loss":0,"event_name":"The Woman in Blue","floor":3,"gold_loss":0}],"is_beta":false,"boss_relics":[],"items_purged_floors":[5],"is_endless":false,"potions_floor_spawned":[],"killed_by":"3 Sentries","ascension_level":7}}