{"host":"lw874zp3en0pz6a7","time":1607497736,"event":{"gold_per_floor":[211,228,228,252,275,275,311,311,311,22,41,41,71,109,109,109,109],"floor_reached":16,"playtime":1358,"items_purged":[],"score":110,"play_id":"9aabfb1c-1a14-4f86-9053-3c368b9e5519","local_time":"20201209150856","is_ascension_mode":false,"campfire_choices":[{"data":"AdministrixMod:Katabasis","floor":6,"key":"SMITH"},{"data":"AdministrixMod:LuminaryPath","floor":12,"key":"SMITH"},{"data":"AdministrixMod:RisingSunPrince","floor":15,"key":"SMITH"}],"neow_cost":"NONE","seed_source_timestamp":713635562538900,"circlet_count":0,"master_deck":["AdministrixMod:Strike_Administrix","AdministrixMod:Strike_Administrix","AdministrixMod:Strike_Administrix","AdministrixMod:Strike_Administrix","AdministrixMod:RedCloak","AdministrixMod:Defend_Administrix","AdministrixMod:Defend_Administrix","AdministrixMod:Defend_Administrix","AdministrixMod:Defend_Administrix","AdministrixMod:BlueCloak","AdministrixMod:Katabasis+1","AdministrixMod:PassageOfAges","AdministrixMod:LuminaryPath+1","AdministrixMod:RisingSunPrince+1","AdministrixMod:CastOffRegrets"],"relics":["AdministrixMod:ConductorRitualBaton","LagranYue:RandomDrawCardRelic","Golden Idol","HollowMod:LifeEnderRelic","keyreminder:keyreminder","Matryoshka","Odd Mushroom","Ice Cream"],"potions_floor_usage":[7,14],"damage_taken":[{"damage":0,"enemies":"Cultist","floor":1,"turns":4},{"damage":0,"enemies":"2 Louse","floor":2,"turns":3},{"damage":0,"enemies":"Jaw Worm","floor":4,"turns":5},{"damage":8,"enemies":"Large Slime","floor":5,"turns":9},{"damage":23,"enemies":"Gremlin Nob","floor":7,"turns":4},{"damage":0,"enemies":"Looter","floor":11,"turns":3},{"damage":7,"enemies":"The Mushroom Lair","floor":13,"turns":5},{"damage":4,"enemies":"HollowMod:MossKnight","floor":14,"turns":13},{"damage":35,"enemies":"Fading Forest","floor":16,"turns":9}],"seed_played":"-1363752613033601012","potions_obtained":[{"floor":1,"key":"Venom Potion"},{"floor":4,"key":"Dexterity Potion"},{"floor":5,"key":"DuplicationPotion"}],"is_trial":false,"path_per_floor":["M","M","?","M","M","R","E","?","T","$","M","R","?","E","R","B"],"character_chosen":"TheAdministrix","items_purchased":["Matryoshka","AdministrixMod:RisingSunPrince"],"campfire_rested":0,"item_purchase_floors":[10,10],"current_hp_per_floor":[65,65,49,49,41,41,18,23,23,23,23,23,16,12,12,0,0],"gold":109,"neow_bonus":"HUNDRED_GOLD","is_prod":false,"is_daily":false,"chose_seed":false,"campfire_upgraded":3,"win_rate":0.0,"timestamp":1607497736,"path_taken":["M","M","?","M","M","R","E","?","T","?","M","R","?","E","R","BOSS"],"build_version":"2020-11-30","purchased_purges":0,"victory":false,"max_hp_per_floor":[65,65,65,65,65,65,65,70,70,70,70,70,70,70,70,70,70],"card_choices":[{"not_picked":["AdministrixMod:DiversionaryTactic","AdministrixMod:NoblePath"],"picked":"AdministrixMod:Katabasis","floor":1},{"not_picked":["AdministrixMod:Metempsychosis","AdministrixMod:Katabasis","AdministrixMod:NoblePath"],"picked":"SKIP","floor":2},{"not_picked":["AdministrixMod:ExtolVirtue","AdministrixMod:RegentEdict"],"picked":"AdministrixMod:PassageOfAges","floor":4},{"not_picked":["AdministrixMod:ImmortalGrace","AdministrixMod:TouchOfCinnabar","AdministrixMod:SipOfSparks"],"picked":"SKIP","floor":5},{"not_picked":["AdministrixMod:DiversionaryTactic","AdministrixMod:Wuji"],"picked":"AdministrixMod:LuminaryPath","floor":7},{"not_picked":["AdministrixMod:BishamonBlessing","AdministrixMod:CenturiesAscent","AdministrixMod:ChooseYourEnd"],"picked":"SKIP","floor":11},{"not_picked":["AdministrixMod:ShadowPlay","AdministrixMod:XianArts"],"picked":"AdministrixMod:CastOffRegrets","floor":13},{"not_picked":["AdministrixMod:RebukeDesires","AdministrixMod:Transcension","AdministrixMod:Mastermind"],"picked":"SKIP","floor":14}],"player_experience":193695,"relics_obtained":[{"floor":7,"key":"HollowMod:LifeEnderRelic"},{"floor":13,"key":"Odd Mushroom"},{"floor":14,"key":"Ice Cream"}],"event_choices":[{"damage_healed":0,"gold_gain":0,"player_choice":"Take Damage","damage_taken":16,"relics_obtained":["Golden Idol"],"max_hp_gain":0,"max_hp_loss":0,"event_name":"Golden Idol","floor":3,"gold_loss":0},{"damage_healed":0,"gold_gain":0,"player_choice":"Donut","damage_taken":0,"max_hp_gain":5,"max_hp_loss":0,"event_name":"Big Fish","floor":8,"gold_loss":0},{"damage_healed":0,"gold_gain":0,"player_choice":"Fought Mushrooms","damage_taken":0,"max_hp_gain":0,"max_hp_loss":0,"event_name":"Mushrooms","floor":13,"gold_loss":0}],"is_beta":false,"boss_relics":[],"items_purged_floors":[],"is_endless":false,"potions_floor_spawned":[1,4,5],"killed_by":"Fading Forest","ascension_level":0}}