{"host":"a9gsz7kv8aebwp1f","time":1607488921,"event":{"gold_per_floor":[218,46,46,60,77,77,97,116,116,116,43,54,54,65,65,160,160,177,177,187,200,200,200],"floor_reached":22,"playtime":991,"items_purged":[],"score":279,"play_id":"be1c18b3-14fb-4c74-bb9b-731cbf54ddc4","local_time":"20201209134201","is_ascension_mode":true,"campfire_choices":[{"data":"White Noise","floor":6,"key":"SMITH"},{"data":"Dualcast","floor":10,"key":"SMITH"},{"floor":15,"key":"REST"}],"neow_cost":"NONE","seed_source_timestamp":100856515006900,"circlet_count":0,"master_deck":["AscendersBane","Strike_B","Strike_B","Defend_B","Defend_B","Defend_B","Zap","Dualcast+1","White Noise+1","Blind","Melter","Force Field","Glacier","Go for the Eyes","BootSequence","White Noise","Coolheaded","Rip and Tear","Thunder Strike","Stack+1","Beam Cell+1","Auto Shields+1"],"relics":["Cracked Core","Art of War","Potion Belt","Empty Cage","MutagenicStrength"],"potions_floor_usage":[20,21],"damage_taken":[{"damage":0,"enemies":"Small Slimes","floor":1,"turns":3},{"damage":0,"enemies":"Cultist","floor":4,"turns":3},{"damage":3,"enemies":"2 Louse","floor":5,"turns":3},{"damage":0,"enemies":"Looter","floor":7,"turns":3},{"damage":9,"enemies":"2 Fungi Beasts","floor":8,"turns":5},{"damage":0,"enemies":"Large Slime","floor":12,"turns":5},{"damage":22,"enemies":"Gremlin Gang","floor":14,"turns":5},{"damage":33,"enemies":"Hexaghost","floor":16,"turns":13},{"damage":0,"enemies":"Spheric Guardian","floor":18,"turns":2},{"damage":28,"enemies":"3 Byrds","floor":20,"turns":5},{"damage":15,"enemies":"Centurion and Healer","floor":21,"turns":15},{"damage":22,"enemies":"Cultist and Chosen","floor":22,"turns":4}],"seed_played":"-5143631998094481631","potions_obtained":[{"floor":4,"key":"Strength Potion"},{"floor":7,"key":"Fire Potion"},{"floor":14,"key":"Dexterity Potion"},{"floor":16,"key":"Explosive Potion"}],"is_trial":false,"path_per_floor":["M","$","?","M","M","R","M","M","T","R","$","M","?","M","R","B",null,"M","?","M","M","M"],"character_chosen":"DEFECT","items_purchased":["Blind","Melter","White Noise"],"campfire_rested":1,"item_purchase_floors":[2,2,11],"current_hp_per_floor":[68,68,68,68,65,65,65,56,56,56,56,56,44,22,44,11,59,59,59,31,16,0,0],"gold":200,"neow_bonus":"HUNDRED_GOLD","is_prod":false,"is_daily":false,"chose_seed":false,"campfire_upgraded":2,"win_rate":0,"timestamp":1607488921,"path_taken":["M","$","?","?","M","R","M","M","T","R","$","M","?","M","R","BOSS","M","?","M","M","M"],"build_version":"2020-11-30","purchased_purges":0,"victory":false,"max_hp_per_floor":[75,75,75,75,75,75,75,75,75,75,75,75,75,75,75,75,75,75,75,75,75,75,75],"card_choices":[{"not_picked":["Go for the Eyes","Cold Snap"],"picked":"White Noise","floor":1},{"not_picked":["Stack","Rebound"],"picked":"Force Field","floor":4},{"not_picked":["Redo","Rebound"],"picked":"Glacier","floor":5},{"not_picked":["Doom and Gloom","Sweeping Beam"],"picked":"Go for the Eyes","floor":7},{"not_picked":["Self Repair","Aggregate"],"picked":"BootSequence","floor":8},{"not_picked":["Stack","Storm"],"picked":"Coolheaded","floor":12},{"not_picked":["Sweeping Beam","Rainbow"],"picked":"Rip and Tear","floor":14},{"not_picked":["Reboot","Hyperbeam"],"picked":"Thunder Strike","floor":16},{"not_picked":["Hologram","Scrape"],"picked":"Stack+1","floor":18},{"not_picked":["FTL","Hello World"],"picked":"Beam Cell+1","floor":20},{"not_picked":["Cold Snap","Coolheaded+1"],"picked":"Auto Shields+1","floor":21}],"player_experience":411092,"relics_obtained":[{"floor":9,"key":"Art of War"}],"event_choices":[{"cards_removed":["Strike_B"],"damage_healed":0,"gold_gain":0,"player_choice":"Offered Basic","damage_taken":0,"max_hp_gain":0,"max_hp_loss":0,"event_name":"Bonfire Elementals","floor":3,"gold_loss":0},{"damage_healed":0,"gold_gain":0,"player_choice":"Success","damage_taken":12,"relics_obtained":["Potion Belt"],"max_hp_gain":0,"max_hp_loss":0,"event_name":"Scrap Ooze","floor":13,"gold_loss":0},{"damage_healed":0,"gold_gain":0,"player_choice":"Inject Mutagens","damage_taken":0,"relics_obtained":["MutagenicStrength"],"max_hp_gain":0,"max_hp_loss":0,"event_name":"Drug Dealer","floor":19,"gold_loss":0}],"is_beta":false,"boss_relics":[{"not_picked":["Philosopher\u0027s Stone","Sozu"],"picked":"Empty Cage"}],"items_purged_floors":[],"is_endless":false,"potions_floor_spawned":[4,7,14,16],"killed_by":"Cultist and Chosen","ascension_level":11}}