{"host":"3q9keoo8j4hzgybw","time":1607526706,"event":{"gold_per_floor":[114,114,114,126,142,174,174,189,189,223,255,342,354,366,378,491,503,503,503,503,503,503,503,503,503,503,503,503,503,503,503,503,503,503,503,428,428,428,428,428,428,428,428,428,428,428,177,177,177,177],"floor_reached":51,"playtime":1877,"items_purged":["Defend_R","Defend_R"],"score":878,"play_id":"7ef053a1-ac56-402b-b485-ccfbe518a452","local_time":"20201209161146","is_ascension_mode":false,"campfire_choices":[{"data":"Iron Wave","floor":7,"key":"SMITH"},{"data":"Inflame","floor":13,"key":"SMITH"},{"data":"Iron Wave","floor":15,"key":"SMITH"},{"data":"Inflame","floor":28,"key":"SMITH"},{"data":"Inflame","floor":30,"key":"SMITH"},{"data":"Battle Trance","floor":32,"key":"SMITH"},{"data":"Iron Wave","floor":44,"key":"SMITH"},{"data":"Flex","floor":49,"key":"SMITH"}],"neow_cost":"NONE","seed_source_timestamp":2036012125500,"circlet_count":0,"master_deck":["Strike_R","Strike_R","Strike_R","Strike_R","Bash","Flex+1","Iron Wave+1","Iron Wave+1","Iron Wave+1","Inflame+1","Pommel Strike","Anger+1","Inflame+1","Iron Wave+1","Battle Trance+1","Inflame+1","Inflame+1","Cleave+1","Rage+1"],"relics":["Burning Blood","NeowsBlessing","Paper Frog","Question Card","MawBank","Thread and Needle","Ectoplasm","Dream Catcher","Orichalcum","Mummified Hand","Philosopher\u0027s Stone","Ornamental Fan","Bronze Scales","FossilizedHelix","Pen Nib"],"potions_floor_usage":[16,16,23,35,41,50,50,50],"damage_taken":[{"damage":0,"enemies":"Small Slimes","floor":1,"turns":1},{"damage":0,"enemies":"Jaw Worm","floor":4,"turns":1},{"damage":0,"enemies":"Cultist","floor":5,"turns":1},{"damage":24,"enemies":"3 Sentries","floor":6,"turns":11},{"damage":6,"enemies":"3 Louse","floor":8,"turns":3},{"damage":22,"enemies":"Lagavulin","floor":10,"turns":6},{"damage":7,"enemies":"Blue Slaver","floor":11,"turns":4},{"damage":40,"enemies":"The Guardian","floor":16,"turns":11},{"damage":0,"enemies":"Spheric Guardian","floor":18,"turns":3},{"damage":0,"enemies":"Chosen","floor":20,"turns":3},{"damage":38,"enemies":"Slavers","floor":23,"turns":6},{"damage":3,"enemies":"Centurion and Healer","floor":24,"turns":5},{"damage":10,"enemies":"Gremlin Leader","floor":25,"turns":6},{"damage":0,"enemies":"Snake Plant","floor":27,"turns":3},{"damage":1,"enemies":"Cultist and Chosen","floor":31,"turns":4},{"damage":41,"enemies":"Champ","floor":33,"turns":7},{"damage":1,"enemies":"3 Shapes","floor":35,"turns":4},{"damage":19,"enemies":"3 Darklings","floor":38,"turns":4},{"damage":23,"enemies":"Sphere and 2 Shapes","floor":40,"turns":5},{"damage":14,"enemies":"Nemesis","floor":41,"turns":5},{"damage":0,"enemies":"Giant Head","floor":46,"turns":5},{"damage":6,"enemies":"4 Shapes","floor":48,"turns":4},{"damage":19,"enemies":"Time Eater","floor":50,"turns":4}],"seed_played":"4696019318820326611","potions_obtained":[{"floor":5,"key":"Energy Potion"},{"floor":8,"key":"Energy Potion"},{"floor":10,"key":"BloodPotion"},{"floor":11,"key":"DuplicationPotion"},{"floor":23,"key":"Fruit Juice"},{"floor":25,"key":"Explosive Potion"},{"floor":27,"key":"BloodPotion"},{"floor":38,"key":"DistilledChaos"},{"floor":41,"key":"DuplicationPotion"},{"floor":46,"key":"HeartOfIron"}],"is_trial":false,"path_per_floor":["M","?","?","M","M","E","R","M","T","E","M","?","R","T","R","B",null,"M","$","M","?","?","E","M","E","T","M","R","?","R","M","R","B",null,"M","$","?","M","?","M","E","?","T","R","?","E","$","M","R","B",null],"character_chosen":"IRONCLAD","items_purchased":["Pen Nib"],"campfire_rested":0,"item_purchase_floors":[47],"current_hp_per_floor":[80,73,73,79,80,62,62,62,62,46,45,34,34,34,34,16,80,80,80,80,65,65,38,41,37,37,43,43,73,73,78,78,43,90,90,90,90,77,77,60,70,70,70,70,70,76,76,76,76,63],"gold":177,"neow_bonus":"THREE_ENEMY_KILL","is_prod":false,"is_daily":false,"chose_seed":false,"campfire_upgraded":8,"win_rate":0.0,"timestamp":1607526706,"path_taken":["M","?","?","M","?","E","R","M","T","E","M","?","R","?","R","BOSS","M","$","M","?","?","E","M","E","T","?","R","?","R","M","R","BOSS","M","$","?","M","?","?","E","?","T","R","?","E","$","M","R","BOSS"],"build_version":"2020-11-30","purchased_purges":2,"victory":true,"max_hp_per_floor":[80,80,80,80,80,80,80,80,80,80,80,80,80,80,80,80,80,80,80,80,85,85,90,90,90,90,90,90,90,90,90,90,90,90,90,90,90,90,90,90,90,85,85,85,85,85,85,85,85,85],"card_choices":[{"not_picked":["Headbutt","Warcry"],"picked":"Flex","floor":1},{"not_picked":["Clash","Anger"],"picked":"Iron Wave","floor":4},{"not_picked":["Flex","True Grit"],"picked":"Iron Wave","floor":5},{"not_picked":["Bloodletting","Bludgeon","Sword Boomerang"],"picked":"SKIP","floor":6},{"not_picked":["Headbutt","Dual Wield"],"picked":"Inflame","floor":8},{"not_picked":["Sword Boomerang","Warcry","Armaments","Berserk"],"picked":"SKIP","floor":10},{"not_picked":["Armaments","Sword Boomerang","Shrug It Off"],"picked":"Pommel Strike","floor":11},{"not_picked":["Twin Strike","Ghostly Armor","Thunderclap"],"picked":"Anger+1","floor":18},{"not_picked":["Clash","Perfected Strike","Metallicize"],"picked":"Inflame","floor":20},{"not_picked":["Hemokinesis","Warcry","Pommel Strike","Perfected Strike"],"picked":"SKIP","floor":23},{"not_picked":["Rupture","Pommel Strike","Offering"],"picked":"Battle Trance","floor":24},{"not_picked":["Twin Strike","True Grit","Shrug It Off","Carnage"],"picked":"SKIP","floor":25},{"not_picked":["Pommel Strike+1","Pummel","Double Tap"],"picked":"Inflame","floor":27},{"not_picked":["Bloodletting","Combust","Clothesline","Feel No Pain"],"picked":"SKIP","floor":31},{"not_picked":["Sword Boomerang+1","Clash+1","Seeing Red"],"picked":"Inflame","floor":35},{"not_picked":["Hemokinesis","Entrench","Headbutt"],"picked":"Cleave+1","floor":38},{"not_picked":["Shrug It Off","Flame Barrier","Searing Blow","Second Wind"],"picked":"SKIP","floor":40},{"not_picked":["Hemokinesis+1","Headbutt","Anger","Berserk"],"picked":"SKIP","floor":41},{"not_picked":["Body Slam+1","Perfected Strike","Sever Soul+1","Shrug It Off+1"],"picked":"SKIP","floor":46},{"not_picked":["Clothesline","Thunderclap+1","Flex+1"],"picked":"Rage+1","floor":48}],"player_experience":43328,"relics_obtained":[{"floor":6,"key":"Paper Frog"},{"floor":9,"key":"Question Card"},{"floor":10,"key":"MawBank"},{"floor":14,"key":"Thread and Needle"},{"floor":23,"key":"Dream Catcher"},{"floor":25,"key":"Orichalcum"},{"floor":26,"key":"Mummified Hand"},{"floor":41,"key":"Ornamental Fan"},{"floor":43,"key":"Bronze Scales"},{"floor":46,"key":"FossilizedHelix"}],"event_choices":[{"cards_removed":["Defend_R"],"damage_healed":0,"gold_gain":0,"player_choice":"Card Removal","damage_taken":7,"max_hp_gain":0,"max_hp_loss":0,"event_name":"Golden Wing","floor":2,"gold_loss":0},{"cards_removed":["Strike_R"],"damage_healed":0,"gold_gain":0,"player_choice":"Took Card","damage_taken":0,"max_hp_gain":0,"max_hp_loss":0,"event_name":"NoteForYourself","floor":3,"gold_loss":0,"cards_obtained":["Iron Wave"]},{"damage_healed":0,"gold_gain":75,"player_choice":"Gather Gold","damage_taken":11,"max_hp_gain":0,"max_hp_loss":0,"event_name":"World of Goop","floor":12,"gold_loss":0},{"damage_healed":0,"gold_gain":0,"player_choice":"Shed Blood","damage_taken":20,"max_hp_gain":5,"max_hp_loss":0,"event_name":"Forgotten Altar","floor":21,"gold_loss":0},{"damage_healed":0,"gold_gain":0,"player_choice":"Copied","damage_taken":0,"max_hp_gain":0,"max_hp_loss":0,"event_name":"Duplicator","floor":22,"gold_loss":0,"cards_obtained":["Iron Wave"]},{"damage_healed":30,"gold_gain":0,"player_choice":"Heal","damage_taken":0,"max_hp_gain":0,"max_hp_loss":0,"event_name":"The Library","floor":29,"gold_loss":0},{"damage_healed":0,"gold_gain":0,"player_choice":"Forge","damage_taken":0,"max_hp_gain":0,"max_hp_loss":0,"event_name":"Accursed Blacksmith","floor":39,"gold_loss":0,"cards_upgraded":["Inflame"]},{"damage_healed":0,"gold_gain":0,"player_choice":"Max HP","damage_taken":0,"max_hp_gain":0,"max_hp_loss":5,"event_name":"Winding Halls","floor":42,"gold_loss":0},{"cards_removed":["Defend_R"],"damage_healed":0,"gold_gain":0,"player_choice":"Removed Skill","damage_taken":0,"max_hp_gain":0,"max_hp_loss":0,"event_name":"Falling","floor":45,"gold_loss":0}],"is_beta":false,"boss_relics":[{"not_picked":["SacredBark","Fusion Hammer"],"picked":"Ectoplasm"},{"not_picked":["Mark of Pain","Velvet Choker"],"picked":"Philosopher\u0027s Stone"}],"items_purged_floors":[36,47],"is_endless":false,"potions_floor_spawned":[5,8,10,11,23,25,27,38,41,46],"ascension_level":0}}