{"host":"g1nobhbyuiiqkluq","time":1607480305,"event":{"gold_per_floor":[114,132,132,148,164,164,60,60,86,102,131,131,160,177,177,277,377,392,412,422,441,13,13,43,43,67,96,96,296,307,319,319,419,419,438,453,453,20,34,63,75,101,113,155,167,190,202,214,226,238,250,262,52,52,52],"floor_reached":54,"playtime":3086,"items_purged":["Voices","Warcry","Normality","Run Through"],"score":1365,"play_id":"36aa892e-5e4d-40b7-8b3e-1e3c66b03dab","local_time":"20201208181825","daily_mods":["Draft","Binary","Lethality","Terminal","Uncertain Future"],"is_ascension_mode":true,"campfire_choices":[{"data":"True Grit","floor":6.0,"key":"SMITH"},{"data":"True Grit","floor":8.0,"key":"SMITH"},{"data":"Uppercut","floor":15.0,"key":"SMITH"},{"data":"Berserk","floor":23.0,"key":"SMITH"},{"floor":25.0,"key":"RECALL"},{"data":"Shockwave","floor":32.0,"key":"SMITH"},{"data":"Apotheosis","floor":41.0,"key":"SMITH"},{"floor":45.0,"key":"REST"},{"floor":49.0,"key":"REST"},{"data":"Limit Break","floor":52,"key":"SMITH"}],"neow_cost":"","seed_source_timestamp":0,"circlet_count":0,"master_deck":["Burning Pact","ReplayTheSpireMod:Limb From Limb","Armaments","ReplayReversal","conspire:ExplosiveBarrier","Shockwave+1","Shrug It Off","Armaments","Uppercut+1","True Grit+1","Dark Embrace","Pommel Strike","Headbutt","Shrug It Off","Berserk+1","True Grit+1","Bludgeon","Body Slam","Apotheosis+1","Inflame","Limit Break+1","Disarm+1","Flame Barrier","Dark Embrace"],"special_seed":0,"relics":["Snecko Eye","King of Hearts","hubris:ToyBattleship","Replay:Wanted Poster","Pen Nib","halation:AfternoonTea","Replay:Baseball","hubris:Towel","Painkiller Herb","halation:EternalFortune","BargainBundle","conspire:GlowingRock","MawBank","Letter Opener","Centennial Puzzle"],"potions_floor_usage":[54,54],"damage_taken":[{"damage":0.0,"enemies":"2 Louse","floor":1.0,"turns":2.0},{"damage":0.0,"enemies":"Cultist","floor":2.0,"turns":1.0},{"damage":0.0,"enemies":"conspire:RoseBush","floor":4.0,"turns":2.0},{"damage":0.0,"enemies":"Looter","floor":5.0,"turns":1.0},{"damage":0.0,"enemies":"Red Slaver","floor":10.0,"turns":1.0},{"damage":0.0,"enemies":"Replay:BlueRogue","floor":11.0,"turns":3.0},{"damage":0.0,"enemies":"Gremlin Nob","floor":13.0,"turns":2.0},{"damage":0.0,"enemies":"Large Slime","floor":14.0,"turns":2.0},{"damage":0.0,"enemies":"Fading Forest","floor":16.0,"turns":11.0},{"damage":0.0,"enemies":"Chosen","floor":18.0,"turns":2.0},{"damage":0.0,"enemies":"Spheric Guardian","floor":19.0,"turns":2.0},{"damage":0.0,"enemies":"Snake Plant","floor":20.0,"turns":2.0},{"damage":10.0,"enemies":"Sentry and Sphere","floor":21.0,"turns":5.0},{"damage":0.0,"enemies":"Gremlin Leader","floor":24.0,"turns":4.0},{"damage":9.0,"enemies":"Replay:Snechameleon","floor":27.0,"turns":3.0},{"damage":0.0,"enemies":"Centurion and Healer","floor":30.0,"turns":2.0},{"damage":0.0,"enemies":"Shelled Parasite and Fungi","floor":31.0,"turns":1.0},{"damage":2.0,"enemies":"Collector","floor":33.0,"turns":4.0},{"damage":2.0,"enemies":"Orb Walker","floor":35.0,"turns":3.0},{"damage":5.0,"enemies":"3 Shapes","floor":36.0,"turns":3.0},{"damage":1.0,"enemies":"Spire Growth","floor":39.0,"turns":3.0},{"damage":1.0,"enemies":"Giant Head","floor":40.0,"turns":4.0},{"damage":0.0,"enemies":"Transient","floor":42.0,"turns":5.0},{"damage":30.0,"enemies":"Nemesis","floor":44.0,"turns":5.0},{"damage":9.0,"enemies":"Writhing Mass","floor":46.0,"turns":4.0},{"damage":0,"enemies":"Awakened One","floor":50,"turns":4},{"damage":34,"enemies":"Shield and Spear","floor":54,"turns":3}],"seed_played":"-549038467016527320","potions_obtained":[{"floor":2.0,"key":"BloodPotion"},{"floor":4.0,"key":"FearPotion"},{"floor":10.0,"key":"SpeedPotion"},{"floor":12.0,"key":"SmokeBomb"},{"floor":12.0,"key":"Strength Potion"},{"floor":13.0,"key":"LiquidMemories"},{"floor":20.0,"key":"Energy Potion"},{"floor":30.0,"key":"DuplicationPotion"},{"floor":36.0,"key":"BloodPotion"},{"floor":42.0,"key":"Ancient Potion"},{"floor":44.0,"key":"Dexterity Potion"}],"is_trial":true,"path_per_floor":["M","M","?","M","M","R","$","R","T","M","E","?","E","M","R","B",null,"M","M","M","M","$","R","E","R","T","E","?","?","M","M","R","B",null,"?","?","?","T","?","E","T","?","T","E","T","?","?","?","T","B",null,"T","T","E"],"character_chosen":"IRONCLAD","items_purchased":["True Grit","Body Slam","Apotheosis","BargainBundle","conspire:GlowingRock","Fire Potion","Flashbang","Dark Embrace"],"campfire_rested":2,"item_purchase_floors":[7,22,22,38,38,38,38,53],"current_hp_per_floor":[72,72,72,72,72,72,72,71,70,69,68,67,66,65,64,63,62,61,60,59,49,49,49,49,49,49,40,40,40,40,40,40,38,44,42,43,45,44,43,42,41,40,39,9,20,23,13,13,23,32,31,30,29,0,0],"gold":52,"neow_bonus":"","is_prod":false,"is_daily":false,"chose_seed":false,"campfire_upgraded":7,"win_rate":0,"timestamp":1607480305,"path_taken":["M","M","?","M","M","R","$","R","T","M","E","?","E","?","R","BOSS","M","M","M","M","$","R","E","R","T","E","?","?","?","M","R","BOSS","?","?","?","T","?","E","T","?","T","E","T","?","?","?","T","BOSS","T","T","E"],"build_version":"2020-11-30","purchased_purges":4,"victory":false,"max_hp_per_floor":[78,77,76,75,74,73,72,71,70,69,68,67,66,65,64,63,62,61,60,59,58,57,56,55,54,53,52,51,50,49,48,47,46,45,44,43,45,44,43,42,41,40,39,38,37,36,35,34,33,32,31,30,29,29,29],"relic_stats":{"Centennial Puzzle":[6],"counters":[27,84],"Snecko Eye":[238,222,222,187],"Pen Nib":[7],"Letter Opener":[93],"MawBank":156,"obtain_stats":[{"BargainBundle":38,"Painkiller Herb":34,"King of Hearts":11,"Pen Nib":24,"Letter Opener":43,"hubris:Towel":28,"MawBank":40,"Replay:Wanted Poster":17,"Replay:Baseball":27,"conspire:GlowingRock":38,"Centennial Puzzle":44,"Snecko Eye":0,"halation:EternalFortune":37,"hubris:ToyBattleship":13,"halation:AfternoonTea":26},{"BargainBundle":20,"Painkiller Herb":18,"King of Hearts":6,"Pen Nib":14,"Letter Opener":23,"hubris:Towel":15,"MawBank":22,"Replay:Wanted Poster":9,"Replay:Baseball":15,"conspire:GlowingRock":20,"Centennial Puzzle":24,"Snecko Eye":0,"halation:EternalFortune":20,"hubris:ToyBattleship":7,"halation:AfternoonTea":14},{"BargainBundle":56,"Painkiller Herb":50,"King of Hearts":10,"Pen Nib":40,"Letter Opener":68,"hubris:Towel":43,"MawBank":63,"Replay:Wanted Poster":25,"Replay:Baseball":43,"conspire:GlowingRock":56,"Centennial Puzzle":73,"Snecko Eye":0,"halation:EternalFortune":56,"hubris:ToyBattleship":12,"halation:AfternoonTea":40}]},"card_choices":[{"not_picked":["Flex","Abandon"],"picked":"Burning Pact","floor":0.0},{"not_picked":["Armaments","Defy Death"],"picked":"ReplayTheSpireMod:Limb From Limb","floor":0.0},{"not_picked":["Run Through","Iron Wave"],"picked":"Armaments","floor":0.0},{"not_picked":["Anger","Clash"],"picked":"ReplayReversal","floor":0.0},{"not_picked":["Combust","Wild Strike"],"picked":"conspire:ExplosiveBarrier","floor":0.0},{"not_picked":["hubris:CleavingFinish","Seeing Red"],"picked":"Shockwave","floor":0.0},{"not_picked":["Flex","Perfected Strike"],"picked":"Shrug It Off","floor":0.0},{"not_picked":["BarbarianYell","Blood for Blood"],"picked":"Warcry","floor":0.0},{"not_picked":["Flex","BarbarianYell"],"picked":"Run Through","floor":0.0},{"not_picked":["Combust","Replay:Undeath\u0027s Touch"],"picked":"Armaments","floor":0.0},{"not_picked":["Defy Death","Intimidate"],"picked":"Uppercut","floor":0.0},{"not_picked":["Twin Strike","Combust"],"picked":"True Grit","floor":0.0},{"not_picked":["Replay:Undeath\u0027s Touch","Sword Boomerang"],"picked":"Dark Embrace","floor":0.0},{"not_picked":["Flex","Seeing Red"],"picked":"Pommel Strike","floor":0.0},{"not_picked":["ReplayTheSpireMod:Strike From Hell","Armaments"],"picked":"Headbutt","floor":0.0},{"not_picked":["Sentinel"],"picked":"Shrug It Off","floor":1.0},{"not_picked":["Clothesline","Pummel"],"picked":"SKIP","floor":2.0},{"not_picked":["Wild Strike","Shrug It Off"],"picked":"SKIP","floor":4.0},{"not_picked":["Pommel Strike"],"picked":"Berserk","floor":5.0},{"not_picked":["Battle Trance","Shrug It Off"],"picked":"SKIP","floor":10.0},{"not_picked":["ReplayTheSpireMod:Stacked","Shrug It Off"],"picked":"SKIP","floor":11.0},{"not_picked":["Abandon","Heavy Blade"],"picked":"SKIP","floor":13.0},{"not_picked":["Iron Wave","Pummel"],"picked":"SKIP","floor":14.0},{"not_picked":["Exhume"],"picked":"Bludgeon","floor":16.0},{"not_picked":["Pommel Strike+1","Searing Blow"],"picked":"SKIP","floor":18.0},{"not_picked":["Combust","Anger"],"picked":"SKIP","floor":19.0},{"not_picked":["Run Through","Replay:Undeath\u0027s Touch"],"picked":"SKIP","floor":20.0},{"not_picked":["Sentinel","Pommel Strike+1"],"picked":"SKIP","floor":21.0},{"not_picked":["Bloodletting","Sword Boomerang"],"picked":"SKIP","floor":24.0},{"not_picked":["Thunderclap","Ghostly Armor"],"picked":"SKIP","floor":27.0},{"not_picked":["ReplayTheSpireMod:Strike From Hell","Perfected Strike"],"picked":"SKIP","floor":30.0},{"not_picked":["ReplayTheSpireMod:Muscle Training"],"picked":"Inflame","floor":31.0},{"not_picked":["conspire:Purge"],"picked":"Limit Break","floor":33.0},{"not_picked":["Havoc","Iron Wave"],"picked":"SKIP","floor":35.0},{"not_picked":["Warcry","Sword Boomerang+1"],"picked":"SKIP","floor":36.0},{"not_picked":["Perfected Strike+1"],"picked":"Disarm+1","floor":39.0},{"not_picked":["Twin Strike","conspire:Charge"],"picked":"SKIP","floor":40.0},{"not_picked":["Uppercut","ReplayReversal"],"picked":"SKIP","floor":42.0},{"not_picked":["Iron Wave","Pommel Strike"],"picked":"SKIP","floor":44.0},{"not_picked":["Armaments"],"picked":"Flame Barrier","floor":46.0}],"player_experience":3011986,"relics_obtained":[{"floor":11.0,"key":"King of Hearts"},{"floor":13.0,"key":"hubris:ToyBattleship"},{"floor":24.0,"key":"Pen Nib"},{"floor":26.0,"key":"halation:AfternoonTea"},{"floor":27.0,"key":"Replay:Baseball"},{"floor":40.0,"key":"MawBank"},{"floor":43.0,"key":"Letter Opener"},{"floor":44.0,"key":"Centennial Puzzle"}],"event_choices":[{"damage_healed":0.0,"max_hp_gain":0.0,"max_hp_loss":0.0,"gold_gain":0.0,"event_name":"Lab","player_choice":"Got Potions","floor":12.0,"gold_loss":0.0,"damage_taken":0.0},{"damage_healed":0.0,"max_hp_gain":0.0,"max_hp_loss":0.0,"gold_gain":200.0,"event_name":"Wheel of Change","player_choice":"Gold","floor":29.0,"gold_loss":0.0,"damage_taken":0.0},{"damage_healed":0.0,"max_hp_gain":0.0,"max_hp_loss":0.0,"gold_gain":0.0,"event_name":"SensoryStone","player_choice":"Memory 3","floor":47.0,"gold_loss":0.0,"damage_taken":10.0},{"damage_healed":0.0,"max_hp_gain":0.0,"max_hp_loss":0.0,"gold_gain":0.0,"event_name":"The Moai Head","player_choice":"Ignored","floor":48.0,"gold_loss":0.0,"damage_taken":0.0}],"is_beta":false,"boss_relics":[{"not_picked":["halation:Prosthetics","halation:Yufonium"],"picked":"Replay:Wanted Poster"},{"not_picked":["Kintsugi","halation:PinkAlligatorPlush"],"picked":"Painkiller Herb"}],"items_purged_floors":[7,22,38,53],"is_endless":false,"potions_floor_spawned":[2,4,10,13,16,18,20,30,31,36,42,44],"killed_by":"Shield and Spear","ascension_level":9}}