{"host":"fhxl2fgdj3q38u11","time":1607495266,"event":{"gold_per_floor":[114,114,129,129,144,183,198,237,237,276,276,315,315,354,354,467,467,493,290,305,338,338,377,377,409,409,409,452,452,493,564,564,735,735,786,846,918,1008,1008,1083,1019,1092,1092,1184,1184,1248,1514,1587,1587,1621],"floor_reached":51,"playtime":6120,"items_purged":[],"score":1207,"play_id":"e2edfece-840b-46e7-8375-90de87bacf13","local_time":"20201208222746","daily_mods":["SealedDeck","Purple Cards","Elite Swarm"],"is_ascension_mode":false,"campfire_choices":[{"data":"Echo Form","floor":13.0,"key":"SMITH"},{"data":"ReplayTheSpireMod:Fabricate Wheel","floor":15.0,"key":"SMITH"},{"data":"DevaForm","floor":24.0,"key":"SMITH"},{"data":"Wish","floor":32.0,"key":"SMITH"},{"data":"Reboot","floor":49.0,"key":"SMITH"}],"neow_cost":"","seed_source_timestamp":0,"circlet_count":0,"master_deck":["SandsOfTime","Perseverance","EmptyBody","CutThroughFate","Evaluate","Replay:AtTheReady","Storm","Static Discharge","Sunder","Rebound","Replay:DivineShield","Machine Learning","Alpha","SpiritShield","Echo Form+1","Vault","DevaForm+1","Genetic Algorithm","SpiritShield","Auto Shields","Biased Cognition","Replay:AtTheReady","Electrodynamics","SpiritShield","Wish+1","Mirror Shield","Seek","Evaluate+1","DeusExMachina","FIFO Queue","Amplify","Replay:Sssssssssshield","Reboot+1"],"special_seed":18605,"relics":["Cracked Core","CeramicFish","Replay:WaspNest","Boot","Meat on the Bone","Smiling Mask","Replay:Bandana","Busted Crown","DollysMirror","Prayer Wheel","hubris:Towel","ReplayTheSpireMod:Lightbulb","Question Card","Mummified Hand","hubris:Icosahedron","hubris:Spice","hubris:BottledHeart","Emotion Chip","Snecko Eye","Shovel","hubris:ToyBattleship","Replay:Towering Pillar of Hats","Prayer Wheel","hubris:Zylophone","StoneCalendar","hubris:NiceRug","Replay:Accelerometer"],"potions_floor_usage":[],"damage_taken":[{"damage":0.0,"enemies":"2 Louse","floor":1.0,"turns":2.0},{"damage":0.0,"enemies":"Cultist","floor":3.0,"turns":3.0},{"damage":0.0,"enemies":"Jaw Worm","floor":5.0,"turns":3.0},{"damage":0.0,"enemies":"Lagavulin","floor":6.0,"turns":7.0},{"damage":9.0,"enemies":"Lots of Slimes","floor":7.0,"turns":4.0},{"damage":0.0,"enemies":"Replay:BlueRogue","floor":8.0,"turns":5.0},{"damage":0.0,"enemies":"Lagavulin","floor":10.0,"turns":7.0},{"damage":0.0,"enemies":"Replay:BlueRogue","floor":12.0,"turns":6.0},{"damage":9.0,"enemies":"Gremlin Nob","floor":14.0,"turns":4.0},{"damage":0.0,"enemies":"Slime Boss","floor":16.0,"turns":6.0},{"damage":0.0,"enemies":"3 Byrds","floor":18.0,"turns":4.0},{"damage":0.0,"enemies":"Spheric Guardian","floor":20.0,"turns":6.0},{"damage":6.0,"enemies":"Snake Plant","floor":21.0,"turns":7.0},{"damage":0.0,"enemies":"Replay:Snechameleon","floor":23.0,"turns":7.0},{"damage":21.0,"enemies":"Slavers","floor":25.0,"turns":5.0},{"damage":0.0,"enemies":"Gremlin Leader","floor":28.0,"turns":4.0},{"damage":0.0,"enemies":"Replay:Snechameleon","floor":30.0,"turns":4.0},{"damage":0.0,"enemies":"Centurion and Healer","floor":31.0,"turns":5.0},{"damage":0.0,"enemies":"Pondfish","floor":33.0,"turns":11.0},{"damage":0.0,"enemies":"3 Darklings","floor":35.0,"turns":4.0},{"damage":0.0,"enemies":"Orb Walker","floor":36.0,"turns":3.0},{"damage":0.0,"enemies":"2 Orb Walkers","floor":37.0,"turns":4.0},{"damage":0.0,"enemies":"4 Shapes","floor":38.0,"turns":3.0},{"damage":0.0,"enemies":"R_Hoarder","floor":40.0,"turns":10.0},{"damage":0.0,"enemies":"Reptomancer","floor":42.0,"turns":4.0},{"damage":0.0,"enemies":"R_Hoarder","floor":44.0,"turns":6.0},{"damage":0.0,"enemies":"Nemesis","floor":46.0,"turns":4.0},{"damage":0.0,"enemies":"hubris:Merchant","floor":47.0,"turns":5.0},{"damage":0.0,"enemies":"Giant Head","floor":48.0,"turns":7.0},{"damage":0,"enemies":"Replay:Hell Engine","floor":50,"turns":11}],"seed_played":"4494449258677458329","potions_obtained":[{"floor":1.0,"key":"Adrenaline Potion"},{"floor":5.0,"key":"PowerPotion"},{"floor":6.0,"key":"Dexterity Potion"},{"floor":8.0,"key":"ColorlessPotion"},{"floor":14.0,"key":"Milkshake"},{"floor":23.0,"key":"FearPotion"},{"floor":25.0,"key":"EssenceOfSteel"},{"floor":28.0,"key":"Milkshake"},{"floor":35.0,"key":"Milkshake"},{"floor":47.0,"key":"Flashbang"}],"is_trial":false,"path_per_floor":["M","$","M","?","M","E","M","E","T","E","?","E","R","E","R","B",null,"M","$","M","M","?","E","R","E","T","?","E","?","E","M","R","B",null,"M","M","?","M","?","E","$","E","T","E","?","E","$","E","R","B",null],"character_chosen":"DEFECT","items_purchased":["DollysMirror","Auto Shields","FIFO Queue","DistilledChaos"],"campfire_rested":0,"item_purchase_floors":[19,19,41,47],"current_hp_per_floor":[75,75,75,75,75,75,66,66,66,66,66,66,66,57,57,57,75,75,75,75,69,69,69,69,48,48,48,56,1,1,1,1,1,1,1,1,1,1,1,1,1,1,1,1,1,1,1,1,1,1],"gold":1621,"neow_bonus":"","is_prod":false,"is_daily":true,"chose_seed":false,"campfire_upgraded":5,"win_rate":0,"timestamp":1607495266,"path_taken":["M","$","M","?","M","E","?","E","T","E","?","E","R","E","R","BOSS","M","$","?","M","?","E","R","E","T","?","E","?","E","M","R","BOSS","M","M","?","M","?","E","$","E","T","E","?","E","$","E","R","BOSS"],"build_version":"2020-11-30","purchased_purges":0,"victory":true,"max_hp_per_floor":[75,75,75,75,75,75,75,75,75,75,75,75,75,75,75,75,75,75,75,75,75,75,75,75,75,75,75,83,1,1,1,1,1,1,1,1,1,1,1,1,1,1,1,1,1,1,1,1,1,1],"card_choices":[{"not_picked":["Crescendo","Consecrate"],"picked":"Rebound","floor":1.0},{"not_picked":["FlyingSleeves","Streamline"],"picked":"Replay:DivineShield","floor":3.0},{"not_picked":["Prostrate","Tempest","Recycle"],"picked":"SKIP","floor":5.0},{"not_picked":["Scrawl","ReplayTheSpireMod:Omega Cannon"],"picked":"Alpha","floor":6.0},{"not_picked":["Crescendo","ReplayTheSpireMod:Repulse","FlurryOfBlows"],"picked":"SKIP","floor":7.0},{"not_picked":["Seek","Vault"],"picked":"SpiritShield","floor":8.0},{"not_picked":["Rainbow","Brilliance"],"picked":"Echo Form","floor":10.0},{"not_picked":["Replay:LoomingThreat","Hyperbeam"],"picked":"Vault","floor":12.0},{"not_picked":["Meteor Strike","Thunder Strike"],"picked":"ReplayTheSpireMod:Fabricate Wheel","floor":14.0},{"not_picked":["Vault","Seek"],"picked":"DevaForm","floor":16.0},{"not_picked":[],"picked":"Genetic Algorithm","floor":18.0},{"not_picked":["SandsOfTime"],"picked":"SKIP","floor":20.0},{"not_picked":[],"picked":"Replay:AtTheReady","floor":21.0},{"not_picked":["FollowUp"],"picked":"SKIP","floor":21.0},{"not_picked":[],"picked":"Electrodynamics","floor":23.0},{"not_picked":["Ragnarok"],"picked":"SKIP","floor":25.0},{"not_picked":["Alpha"],"picked":"SpiritShield","floor":28.0},{"not_picked":["Alpha"],"picked":"Wish","floor":30.0},{"not_picked":["CrushJoints","Sunder"],"picked":"SKIP","floor":31.0},{"not_picked":["WreathOfFlame","FearNoEvil+1"],"picked":"SKIP","floor":31.0},{"not_picked":["DevaForm"],"picked":"Mirror Shield","floor":33.0},{"not_picked":["Replay:ManipulateFuture","CrushJoints+1"],"picked":"SKIP","floor":35.0},{"not_picked":["Rebound+1","Cold Snap+1"],"picked":"SKIP","floor":35.0},{"not_picked":["Conserve Battery+1"],"picked":"Seek","floor":36.0},{"not_picked":["CrushJoints+1","ThirdEye"],"picked":"SKIP","floor":36.0},{"not_picked":["Gash+1"],"picked":"Evaluate+1","floor":38.0},{"not_picked":["Ball Lightning+1","SashWhip+1"],"picked":"SKIP","floor":38.0},{"not_picked":["hubris:SpecializedCircuitry"],"picked":"DeusExMachina","floor":40.0},{"not_picked":["Meteor Strike"],"picked":"Amplify","floor":42.0},{"not_picked":["Ragnarok","Omniscience"],"picked":"SKIP","floor":44.0},{"not_picked":["Rainbow","Fission"],"picked":"SKIP","floor":46.0},{"not_picked":[],"picked":"Replay:Sssssssssshield","floor":47.0},{"not_picked":["Conclude"],"picked":"SKIP","floor":47.0},{"not_picked":["Wallop"],"picked":"SKIP","floor":47.0},{"not_picked":["ReplaySort"],"picked":"SKIP","floor":47.0},{"not_picked":["Halt"],"picked":"SKIP","floor":47.0},{"not_picked":["BattleHymn"],"picked":"SKIP","floor":47.0},{"not_picked":["Sadistic Nature"],"picked":"SKIP","floor":47.0},{"not_picked":["Meteor Strike"],"picked":"Reboot","floor":48.0}],"player_experience":773024,"relics_obtained":[{"floor":6.0,"key":"CeramicFish"},{"floor":8.0,"key":"Replay:WaspNest"},{"floor":9.0,"key":"Boot"},{"floor":10.0,"key":"Meat on the Bone"},{"floor":12.0,"key":"Smiling Mask"},{"floor":14.0,"key":"Replay:Bandana"},{"floor":23.0,"key":"ReplayTheSpireMod:Lightbulb"},{"floor":25.0,"key":"Question Card"},{"floor":26.0,"key":"Mummified Hand"},{"floor":28.0,"key":"hubris:Spice"},{"floor":30.0,"key":"Emotion Chip"},{"floor":37.0,"key":"Shovel"},{"floor":40.0,"key":"hubris:Spice"},{"floor":42.0,"key":"hubris:ToyBattleship"},{"floor":43.0,"key":"Replay:Towering Pillar of Hats"},{"floor":44.0,"key":"hubris:Zylophone"},{"floor":46.0,"key":"StoneCalendar"},{"floor":48.0,"key":"Replay:Accelerometer"}],"event_choices":[{"damage_healed":0.0,"max_hp_gain":0.0,"max_hp_loss":0.0,"gold_gain":0.0,"event_name":"Match and Keep!","player_choice":"1 cards matched","floor":4.0,"gold_loss":0.0,"damage_taken":0.0,"cards_obtained":["Machine Learning"]},{"cards_removed":["CrushJoints"],"damage_healed":0.0,"max_hp_gain":0.0,"max_hp_loss":0.0,"gold_gain":0.0,"event_name":"Wheel of Change","player_choice":"Card Removal","floor":11.0,"gold_loss":0.0,"damage_taken":0.0},{"damage_healed":0.0,"max_hp_gain":0.0,"max_hp_loss":0.0,"gold_gain":0.0,"event_name":"Mysterious Sphere","player_choice":"Fight","floor":37.0,"gold_loss":0.0,"damage_taken":0.0},{"damage_healed":0.0,"max_hp_gain":0.0,"max_hp_loss":0.0,"gold_gain":0.0,"event_name":"Winding Halls","player_choice":"Max HP","floor":39.0,"gold_loss":0.0,"damage_taken":0.0},{"damage_healed":0.0,"max_hp_gain":0.0,"max_hp_loss":0.0,"gold_gain":0.0,"event_name":"SensoryStone","player_choice":"Memory 1","floor":45.0,"gold_loss":0.0,"damage_taken":0.0}],"is_beta":false,"boss_relics":[{"not_picked":["hubris:ScarierMask","Painkiller Herb"],"picked":"Busted Crown"},{"not_picked":["SlaversCollar","Fusion Hammer"],"picked":"Snecko Eye"}],"items_purged_floors":[],"is_endless":false,"potions_floor_spawned":[1,5,6,8,14,23,25,28,30,33,35,36,37,40,46,48],"ascension_level":0}}