{"host":"dk2z91z2zpxxiy2a","time":1607534910,"event":{"gold_per_floor":[211,230,80,92,92,123,123,123,123,48,48,62,73,83,83,186,186,201,141,141,141],"floor_reached":20,"playtime":964,"items_purged":["hermit:Strike_Hermit"],"score":174,"play_id":"b6918145-d013-4720-bee5-6ac1c66df728","local_time":"20201209122830","is_ascension_mode":false,"campfire_choices":[{"data":"hermit:PistolWhip","floor":7,"key":"SMITH"},{"floor":15,"key":"REST"}],"neow_cost":"NONE","seed_source_timestamp":1634691659070400,"circlet_count":0,"master_deck":["hermit:Strike_Hermit","hermit:Strike_Hermit","hermit:Strike_Hermit","hermit:Defend_Hermit","hermit:Defend_Hermit","hermit:Defend_Hermit","hermit:Defend_Hermit","hermit:Snapshot","hermit:Covet","hermit:Snipe","hermit:LowProfile","hermit:NoHoldsBarred","hermit:Deadeye","hermit:Brawl","hermit:PistolWhip+1","hermit:Glare","hermit:Quickdraw","hermit:Horror","hermit:Misfire","hermit:HoleUp","hermit:LowProfile","hermit:RoundhouseKick","hermit:TrackingShot+1","hermit:Glare+1"],"relics":["hermit:ClaspedLocket","Orrery","White Beast Statue","keyreminder:keyreminder","halation:EternalFortune","Pen Nib","hubris:Icosahedron"],"potions_floor_usage":[20,20,20],"damage_taken":[{"damage":1,"enemies":"conspire:RoseBush","floor":1,"turns":3},{"damage":3,"enemies":"Jaw Worm","floor":2,"turns":3},{"damage":4,"enemies":"Cultist","floor":4,"turns":4},{"damage":13,"enemies":"Replay:BlueRogue","floor":6,"turns":4},{"damage":8,"enemies":"Exordium Wildlife","floor":12,"turns":4},{"damage":2,"enemies":"Blue Slaver","floor":13,"turns":2},{"damage":0,"enemies":"Lots of Slimes","floor":14,"turns":1},{"damage":27,"enemies":"The Guardian","floor":16,"turns":7},{"damage":15,"enemies":"Spheric Guardian","floor":18,"turns":4},{"damage":7,"enemies":"2 Thieves","floor":19,"turns":4},{"damage":57,"enemies":"3 Cultists","floor":20,"turns":5}],"seed_played":"4681714242967064609","potions_obtained":[{"floor":1,"key":"ColorlessPotion"},{"floor":2,"key":"PowerPotion"},{"floor":12,"key":"LiquidBronze"},{"floor":16,"key":"BlessingOfTheForge"}],"is_trial":false,"path_per_floor":["M","M","$","M","?","E","R","?","T","$","?","M","M","M","R","B",null,"M","M","M"],"character_chosen":"HERMIT","items_purchased":["Orrery"],"campfire_rested":1,"item_purchase_floors":[3],"current_hp_per_floor":[74,71,71,67,67,54,54,57,57,57,57,49,47,47,70,43,78,63,56,0,0],"gold":141,"neow_bonus":"HUNDRED_GOLD","is_prod":false,"is_daily":false,"chose_seed":false,"campfire_upgraded":1,"win_rate":0.0,"timestamp":1607534910,"path_taken":["M","M","$","M","?","E","R","?","T","$","?","M","?","M","R","BOSS","M","M","?"],"build_version":"2020-11-30","purchased_purges":1,"victory":false,"max_hp_per_floor":[75,75,75,75,75,75,75,78,78,78,78,78,78,78,78,78,78,78,78,78,78],"relic_stats":{"counters":[11,41],"Pen Nib":[4],"obtain_stats":[{"keyreminder:keyreminder":6,"hermit:ClaspedLocket":17,"hubris:Icosahedron":11,"Orrery":3,"halation:EternalFortune":8,"Pen Nib":9,"hermit:Momento":0,"White Beast Statue":6},{"keyreminder:keyreminder":4,"hermit:ClaspedLocket":8,"hubris:Icosahedron":4,"Orrery":2,"halation:EternalFortune":4,"Pen Nib":4,"hermit:Momento":0,"White Beast Statue":4},{"keyreminder:keyreminder":14,"hermit:ClaspedLocket":28,"hubris:Icosahedron":14,"Orrery":6,"halation:EternalFortune":14,"Pen Nib":14,"hermit:Momento":0,"White Beast Statue":14}]},"card_choices":[{"not_picked":["hermit:Dive","hermit:LuckOfTheDraw"],"picked":"hermit:Snipe","floor":1},{"not_picked":["hermit:TrackingShot","hermit:HoleUp"],"picked":"hermit:LowProfile","floor":2},{"not_picked":["hermit:Cheat","hermit:SprayPray"],"picked":"hermit:NoHoldsBarred","floor":3},{"not_picked":["hermit:Ricochet","hermit:Malice"],"picked":"hermit:Deadeye","floor":3},{"not_picked":["hermit:ItchyTrigger","hermit:FullyLoaded"],"picked":"hermit:Brawl","floor":3},{"not_picked":["hermit:Cheat","hermit:Headshot"],"picked":"hermit:PistolWhip","floor":3},{"not_picked":["hermit:Manifest","hermit:CalledShot"],"picked":"hermit:Glare","floor":3},{"not_picked":["hermit:Brawl","hermit:BigShot"],"picked":"hermit:Quickdraw","floor":4},{"not_picked":["hermit:FinalCanter","hermit:Ricochet"],"picked":"hermit:Horror","floor":6},{"not_picked":["hermit:Manifest","hermit:PistolWhip"],"picked":"hermit:Misfire","floor":12},{"not_picked":["hermit:Misfire","hermit:Vantage"],"picked":"hermit:HoleUp","floor":13},{"not_picked":["hermit:Desperado","hermit:Midnight"],"picked":"hermit:LowProfile","floor":14},{"not_picked":["hermit:Reprieve","hermit:HighNoon"],"picked":"hermit:RoundhouseKick","floor":16},{"not_picked":["hermit:Headshot+1","hermit:Maintenance"],"picked":"hermit:TrackingShot+1","floor":18},{"not_picked":["hermit:HighCaliber+1","hermit:DeadMansHand+1"],"picked":"hermit:Glare+1","floor":19}],"player_experience":448246,"relics_obtained":[{"floor":6,"key":"White Beast Statue"},{"floor":9,"key":"Pen Nib"}],"event_choices":[{"damage_healed":0,"gold_gain":0,"player_choice":"Leave","damage_taken":0,"max_hp_gain":0,"max_hp_loss":0,"event_name":"conspire:Investor","floor":5,"gold_loss":0}],"is_beta":false,"boss_relics":[{"not_picked":["halation:SmartPhone","aspiration:RunicSpoon"],"picked":"hermit:ClaspedLocket"}],"items_purged_floors":[10],"is_endless":false,"potions_floor_spawned":[1,2,12,13,14,16,18,19],"killed_by":"3 Cultists","ascension_level":0}}