{"host":"wl5kcyk3ocgwii71","time":1607543196,"event":{"gold_per_floor":[218,233,251,261,281,281,306,306,306,319,337,337,3,3,3,126,126,150,150,10,29,42,78,99,99,99,99,99,123,146,182,182,301,301,326,659,659,233,280,280,315,315,315,331,331,104,104,137,137,137,137,137,61,61,61],"floor_reached":54,"playtime":2333,"items_purged":["Strike_G","Strike_G","Strike_G"],"score":948,"play_id":"f8a171d3-0802-425c-bf53-257344cc1166","local_time":"20201209114636","is_ascension_mode":true,"campfire_choices":[{"data":"Noxious Fumes","floor":6,"key":"SMITH"},{"floor":8,"key":"REST"},{"floor":12,"key":"REST"},{"floor":15,"key":"REST"},{"floor":25,"key":"REST"},{"floor":27,"key":"REST"},{"floor":32,"key":"REST"},{"floor":40,"key":"REST"},{"floor":42,"key":"RECALL"},{"floor":45,"key":"REST"},{"floor":49,"key":"REST"}],"neow_cost":"NONE","seed_source_timestamp":436651863545200,"circlet_count":0,"master_deck":["Strike_G+1","Strike_G+1","Defend_G","Defend_G+1","Defend_G","Defend_G","Defend_G+1","Survivor","Neutralize+1","Dagger Throw","Deflect+1","Accuracy+1","Noxious Fumes+1","Infinite Blades","Hidden Blade+1","After Image","Blade Dance+1","Cloak And Dagger","Finisher","Footwork+1","Bane+1","Cloak And Dagger+1","Backflip","Replay:Bag of Tricks+1","Blade Dance+1","Accuracy"],"relics":["Ring of the Snake","Gremlin Food","ReplayTheSpireMod:Lightbulb","Singing Bowl","ChewingGum","Orichalcum","Thread and Needle","Replay:Bottled Flurry","Black Star","Bag of Marbles","TwistedFunnel","Replay:Kaleidoscope","Replay:Accelerometer","Chameleon Ring","War Paint","Toy Ornithopter","Replay:Mystery Machine"],"potions_floor_usage":[7,16,16,22,33,39,39,50,50],"damage_taken":[{"damage":4,"enemies":"Cultist","floor":1,"turns":6},{"damage":0,"enemies":"Jaw Worm","floor":2,"turns":5},{"damage":0,"enemies":"2 Louse","floor":3,"turns":2},{"damage":7,"enemies":"Lots of Slimes","floor":4,"turns":8},{"damage":6,"enemies":"Looter","floor":5,"turns":4},{"damage":31,"enemies":"Lagavulin","floor":7,"turns":5},{"damage":0,"enemies":"2 Fungi Beasts","floor":10,"turns":4},{"damage":12,"enemies":"3 Louse","floor":11,"turns":5},{"damage":16,"enemies":"The Guardian","floor":16,"turns":10},{"damage":4,"enemies":"Spheric Guardian","floor":18,"turns":5},{"damage":2,"enemies":"Chosen","floor":21,"turns":5},{"damage":16,"enemies":"Snake Plant","floor":22,"turns":5},{"damage":28,"enemies":"Replay:Snechameleon","floor":23,"turns":7},{"damage":6,"enemies":"Centurion and Healer","floor":24,"turns":6},{"damage":0,"enemies":"3 Cultists","floor":29,"turns":4},{"damage":19,"enemies":"Sentry and Sphere","floor":30,"turns":6},{"damage":13,"enemies":"Book of Stabbing","floor":31,"turns":5},{"damage":16,"enemies":"Champ","floor":33,"turns":12},{"damage":9,"enemies":"3 Shapes","floor":35,"turns":5},{"damage":33,"enemies":"2 Orb Walkers","floor":39,"turns":5},{"damage":2,"enemies":"Nemesis","floor":41,"turns":9},{"damage":8,"enemies":"3 Darklings","floor":44,"turns":5},{"damage":30,"enemies":"Reptomancer","floor":48,"turns":6},{"damage":70,"enemies":"Awakened One","floor":50,"turns":12},{"damage":69,"enemies":"Shield and Spear","floor":54,"turns":3}],"seed_played":"1858979901924096856","potions_obtained":[{"floor":3,"key":"SpeedPotion"},{"floor":4,"key":"Swift Potion"},{"floor":7,"key":"SkillPotion"},{"floor":16,"key":"GhostInAJar"},{"floor":18,"key":"SteroidPotion"},{"floor":23,"key":"Fire Potion"},{"floor":28,"key":"Guardian:BlockOnCardUsePotion"},{"floor":39,"key":"Strength Potion"},{"floor":41,"key":"GamblersBrew"},{"floor":44,"key":"Weak Potion"},{"floor":52,"key":"GamblersBrew"},{"floor":52,"key":"Energy Potion"}],"is_trial":false,"path_per_floor":["M","M","M","M","M","R","E","R","T","M","M","R","$","?","R","B",null,"M","?","$","M","M","E","M","R","T","R","?","M","M","E","R","B",null,"M","?","?","$","?","R","E","R","T","M","R","$","?","E","R","B",null,"R","$","E"],"character_chosen":"THE_SILENT","items_purchased":["Singing Bowl","Finisher","Bag of Marbles","TwistedFunnel","War Paint","Accuracy","LiquidBronze"],"campfire_rested":9,"item_purchase_floors":[13,20,38,38,46,46,53],"current_hp_per_floor":[59,59,59,52,46,46,15,36,36,36,24,45,45,28,49,33,61,57,57,57,57,41,13,7,28,28,49,49,51,32,21,43,27,64,57,57,57,57,26,50,50,50,50,42,66,66,82,54,79,19,68,68,68,0,0],"gold":61,"neow_bonus":"HUNDRED_GOLD","is_prod":false,"is_daily":false,"chose_seed":false,"campfire_upgraded":1,"win_rate":0,"timestamp":1607543196,"path_taken":["M","M","?","M","M","R","E","R","T","M","M","R","?","?","R","BOSS","M","?","?","M","M","E","M","R","T","R","?","?","M","E","R","BOSS","M","?","?","$","?","R","E","R","T","M","R","$","?","E","R","BOSS","R","$","E"],"build_version":"2020-11-30","purchased_purges":3,"victory":false,"max_hp_per_floor":[70,70,70,70,70,70,70,70,70,70,70,70,70,70,70,70,70,70,70,70,72,72,72,72,72,72,72,72,74,74,76,76,76,76,78,78,78,78,80,80,82,82,82,82,82,82,82,84,84,84,84,84,84,84,84],"card_choices":[{"not_picked":["Distraction","Dash"],"picked":"Dagger Throw","floor":1},{"not_picked":["Poisoned Stab","Dagger Throw"],"picked":"Deflect","floor":2},{"not_picked":["Concentrate","Deflect"],"picked":"Accuracy","floor":3},{"not_picked":["Sucker Punch","Poisoned Stab"],"picked":"Bouncing Flask","floor":4},{"not_picked":["Flechettes","Dagger Throw"],"picked":"Noxious Fumes","floor":5},{"not_picked":["Replay:Poison Smokescreen","Outmaneuver"],"picked":"Infinite Blades","floor":7},{"not_picked":["Finisher","Acrobatics"],"picked":"Hidden Blade","floor":10},{"not_picked":["Deflect","ReplayTheSpireMod:Shiv Toss","Unload"],"picked":"SKIP","floor":11},{"not_picked":["Phantasmal Killer","Envenom"],"picked":"After Image","floor":16},{"not_picked":["Outmaneuver","Tactician"],"picked":"Blade Dance","floor":18},{"not_picked":["Acrobatics","Poisoned Stab","Eviscerate"],"picked":"Singing Bowl","floor":21},{"not_picked":["Sucker Punch+1","Cloak And Dagger"],"picked":"Footwork+1","floor":22},{"not_picked":["Catalyst+1","Prepared"],"picked":"Bane+1","floor":23},{"not_picked":["Noxious Fumes+1","Sucker Punch"],"picked":"Cloak And Dagger","floor":24},{"not_picked":["Flying Knee+1","Acrobatics","Poisoned Stab"],"picked":"Singing Bowl","floor":29},{"not_picked":["Cloak And Dagger","Prepared"],"picked":"Backflip","floor":30},{"not_picked":["Endless Agony","ReplayTheSpireMod:Shiv Toss","Atom Bomb"],"picked":"Singing Bowl","floor":31},{"not_picked":["ReplayTheSpireMod:Necrosis","Phantasmal Killer"],"picked":"Replay:Bag of Tricks","floor":33},{"not_picked":["Poisoned Stab+1","Underhanded Strike+1","Cloak And Dagger+1"],"picked":"Singing Bowl","floor":35},{"not_picked":["Dagger Throw","Concentrate+1","PiercingWail+1"],"picked":"Singing Bowl","floor":39},{"not_picked":["Tools of the Trade","Prepared+1","Poisoned Stab"],"picked":"Singing Bowl","floor":41},{"not_picked":["Sucker Punch+1","Distraction+1"],"picked":"Blade Dance+1","floor":44},{"not_picked":["Bane","Expertise+1","Unload"],"picked":"Singing Bowl","floor":48}],"player_experience":343398,"relics_obtained":[{"floor":7,"key":"Gremlin Food"},{"floor":9,"key":"ReplayTheSpireMod:Lightbulb"},{"floor":23,"key":"Orichalcum"},{"floor":26,"key":"Thread and Needle"},{"floor":31,"key":"Replay:Bottled Flurry"},{"floor":39,"key":"Replay:Kaleidoscope"},{"floor":41,"key":"Replay:Accelerometer"},{"floor":41,"key":"Chameleon Ring"},{"floor":48,"key":"Toy Ornithopter"},{"floor":48,"key":"Replay:Mystery Machine"}],"event_choices":[{"damage_healed":0,"gold_gain":0,"player_choice":"Take Damage","damage_taken":17,"relics_obtained":["Golden Idol"],"max_hp_gain":0,"max_hp_loss":0,"event_name":"Golden Idol","floor":14,"gold_loss":0},{"damage_healed":0,"gold_gain":0,"player_choice":"Read","damage_taken":0,"max_hp_gain":0,"max_hp_loss":0,"event_name":"The Library","floor":19,"gold_loss":0,"cards_obtained":["Cloak And Dagger"]},{"damage_healed":0,"gold_gain":0,"player_choice":"Got Potions","damage_taken":0,"max_hp_gain":0,"max_hp_loss":0,"event_name":"Lab","floor":28,"gold_loss":0},{"damage_healed":0,"gold_gain":333,"player_choice":"Gave Idol","damage_taken":0,"max_hp_gain":0,"max_hp_loss":0,"event_name":"The Moai Head","floor":36,"relics_lost":["Golden Idol"],"gold_loss":0},{"damage_healed":0,"gold_gain":0,"player_choice":"Ignored","damage_taken":0,"max_hp_gain":0,"max_hp_loss":0,"event_name":"Tomb of Lord Red Mask","floor":37,"gold_loss":0},{"damage_healed":0,"gold_gain":0,"player_choice":"Fight","damage_taken":0,"max_hp_gain":0,"max_hp_loss":0,"event_name":"Mysterious Sphere","floor":39,"gold_loss":0},{"cards_removed":["Bouncing Flask"],"damage_healed":16,"gold_gain":0,"player_choice":"Offered Uncommon","damage_taken":0,"max_hp_gain":0,"max_hp_loss":0,"event_name":"Bonfire Elementals","floor":47,"gold_loss":0}],"is_beta":false,"boss_relics":[{"not_picked":["Cursed Key","Coffee Dripper"],"picked":"ChewingGum"},{"not_picked":["Snecko Scales","Snecko Eye"],"picked":"Black Star"}],"items_purged_floors":[13,20,38],"is_endless":false,"potions_floor_spawned":[3,4,7,16,18,23,29,39,41,44],"killed_by":"Shield and Spear","ascension_level":6}}