{"host":"vkn5295jy2rrqx8j","time":1607554797,"event":{"gold_per_floor":[118,118,393,55,75,75,110,110,110,121,148,160,160,180,180,180,180],"floor_reached":16,"playtime":498,"items_purged":["Regret"],"score":220,"play_id":"a26d079e-6448-4e78-9ff2-d0c5bc15ed7b","local_time":"20201210075957","is_ascension_mode":true,"campfire_choices":[{"data":"Quick Slash","floor":6,"key":"SMITH"},{"floor":8,"key":"REST"},{"data":"Footwork","floor":13,"key":"SMITH"},{"data":"Footwork","floor":15,"key":"SMITH"}],"neow_cost":"NONE","seed_source_timestamp":5283623866000,"circlet_count":0,"master_deck":["AscendersBane","Strike_G","Strike_G","Strike_G","Strike_G","Strike_G","Defend_G","Defend_G","Defend_G","Defend_G","Defend_G","Survivor","Neutralize+1","Masterful Stab","Cloak And Dagger","Tactician","Flying Knee","Quick Slash+1","Footwork+1","Leg Sweep","Underhanded Strike+1","Footwork+1"],"relics":["Ring of the Snake","TheAbacus","Anchor","Molten Egg 2","Orichalcum"],"potions_floor_usage":[11,16],"damage_taken":[{"damage":0,"enemies":"Cultist","floor":1,"turns":3},{"damage":10,"enemies":"Small Slimes","floor":5,"turns":5},{"damage":21,"enemies":"Gremlin Nob","floor":7,"turns":4},{"damage":0,"enemies":"Jaw Worm","floor":10,"turns":3},{"damage":3,"enemies":"3 Sentries","floor":11,"turns":7},{"damage":4,"enemies":"Looter","floor":12,"turns":4},{"damage":0,"enemies":"Large Slime","floor":14,"turns":7},{"damage":40,"enemies":"Hexaghost","floor":16,"turns":14}],"seed_played":"7333155273422569191","potions_obtained":[{"floor":7,"key":"Fire Potion"},{"floor":12,"key":"FearPotion"}],"is_trial":false,"path_per_floor":["M","?","?","$","M","R","E","R","T","M","E","M","R","M","R","B"],"character_chosen":"THE_SILENT","items_purchased":["TheAbacus","Tactician","Flying Knee"],"campfire_rested":1,"item_purchase_floors":[4,4,4],"current_hp_per_floor":[59,59,59,59,49,49,28,47,47,47,44,40,40,40,40,0,0],"gold":180,"neow_bonus":"THREE_CARDS","is_prod":false,"is_daily":false,"chose_seed":false,"campfire_upgraded":3,"win_rate":0,"timestamp":1607554797,"path_taken":["M","?","?","$","?","R","E","R","T","M","E","M","R","M","R","BOSS"],"build_version":"2020-11-30","purchased_purges":1,"victory":false,"max_hp_per_floor":[66,66,66,66,66,66,66,66,66,66,66,66,66,66,66,66,66],"card_choices":[{"not_picked":["Dodge and Roll","Prepared"],"picked":"Masterful Stab","floor":0},{"not_picked":["Poisoned Stab","Distraction"],"picked":"Cloak And Dagger","floor":1},{"not_picked":["Bouncing Flask","Poisoned Stab"],"picked":"Quick Slash","floor":5},{"not_picked":["Deadly Poison","Underhanded Strike"],"picked":"Footwork","floor":7},{"not_picked":["Accuracy","Catalyst"],"picked":"Leg Sweep","floor":10},{"not_picked":["Catalyst","Deadly Poison","Sucker Punch+1"],"picked":"SKIP","floor":11},{"not_picked":["Outmaneuver","PiercingWail"],"picked":"Underhanded Strike+1","floor":12},{"not_picked":["PiercingWail","Slice+1"],"picked":"Footwork","floor":14}],"player_experience":772420,"relics_obtained":[{"floor":7,"key":"Anchor"},{"floor":9,"key":"Molten Egg 2"},{"floor":11,"key":"Orichalcum"}],"event_choices":[{"damage_healed":0,"gold_gain":0,"player_choice":"Grow","damage_taken":0,"max_hp_gain":0,"max_hp_loss":0,"event_name":"Living Wall","floor":2,"gold_loss":0,"cards_upgraded":["Neutralize"]},{"damage_healed":0,"gold_gain":275,"player_choice":"Desecrate","damage_taken":0,"max_hp_gain":0,"max_hp_loss":0,"event_name":"Golden Shrine","floor":3,"gold_loss":0,"cards_obtained":["Regret"]}],"is_beta":false,"boss_relics":[],"items_purged_floors":[4],"is_endless":false,"potions_floor_spawned":[7,12],"killed_by":"Hexaghost","ascension_level":20}}