{"host":"g0j05wwvpvh6wxob","time":1607514314,"event":{"gold_per_floor":[113,132,146,146,146,146,176,176,226,226,242,261,277,297,356,460,460,473,490,21,21,33,33,67,31,67,67,80,92,92,17,17,122,122,141,155,155,211,211,211,227,254,254,354,354,354,354],"floor_reached":46,"playtime":5711,"items_purged":["Pain"],"score":697,"play_id":"9e32b20b-1ca7-46ad-bad3-a9d536c35779","local_time":"20201209034514","daily_mods":["Draft","Heirloom","Cursed Run"],"is_ascension_mode":false,"campfire_choices":[{"data":"TheCursedMod:SpitefulPray","floor":6.0,"key":"SMITH"},{"data":"TheCursedMod:CircleOfAbyss","floor":8.0,"key":"SMITH"},{"data":"Magnetism","floor":23.0,"key":"SMITH"},{"data":"MysticUnburial","floor":27.0,"key":"SMITH"},{"data":"ReplayTheSpireMod:Black Plague","floor":32.0,"key":"SMITH"},{"data":"Intelligence","floor":40.0,"key":"SMITH"}],"neow_cost":"","seed_source_timestamp":581237744926300,"circlet_count":0,"master_deck":["TheCursedMod:SpitefulPray+1","TheCursedMod:Hemoplague","MercuryWand","hermit:Manifest","TheCursedMod:CircleOfCorruption+1","Atonement","TheCursedMod:CursedAmulet","KarmaDrain","hermit:NoHoldsBarred","hermit:Midnight","hermit:Vantage","hermit:LoneWolf","hermit:Headshot","TheCursedMod:CursedStaff","hermit:Glare","TheCursedMod:CircleOfCorruption+1","GrimVengeance","hermit:CalledShot","TheCursedMod:CircleOfAbyss+1","hubris:NaturalOne","TheCursedMod:Wield","CrystalResonance","MysticUnburial+1","Demonfyre","TheCursedMod:ForbiddenAlchemy","hubris:Disease","EvilEye","TheCursedMod:RavingStaff+1","MagicFang","TheCursedMod:WearCloak+1","hermit:Brawl","Magnetism+1","TheCursedMod:CircleOfCorruption+1","Intelligence+1","ReplayTheSpireMod:Black Plague+1","TheCursedMod:CircleOfBlood","hermit:CalledShot+1","Spreading Infection","SummonOwlFamiliar+1","SoulBarrier","TheCursedMod:SpitefulPlan+1","TheCursedMod:RavingStaff+1","GrimVengeance+1","GrimVengeance+1","ReplayTheSpireMod:Faulty Equipment","TheCursedMod:DemonSword","IllOmen","hermit:DeadMansHand","stsjorbsmod:Withering","TheCursedMod:CursedArmor","AscendersBane","Madness","hermit:Grudge","infinitespire:TheBestDefense","RoilingBarrier+1"],"special_seed":0,"relics":["Cursed Key","Darkstone Periapt","Du-Vu Doll","hermit:CharredGlove","hubris:Towel","halation:PinkSoulGem","aspiration:TomeofQuesting","Blue Doll","hubris:Icosahedron","halation:KoshaPiece","aspiration:SecretTechniqueScroll","Replay:Bottled Eggs","conspire:GiftBox","Frozen Egg 2","halation:WeightlessCrab","vexMod:MysteryBossChallenge","Pandora\u0027s Box","Ring of Hypnosis","ReplayTheSpireMod:Ring of Challenge","Guardian:PocketSentry","Ancient Tea Set","hubris:Backtick","Replay:Wax Seal","Strange Spoon"],"potions_floor_usage":[],"damage_taken":[{"damage":0.0,"enemies":"Jaw Worm","floor":1.0,"turns":2.0},{"damage":4.0,"enemies":"Small Slimes","floor":2.0,"turns":2.0},{"damage":0.0,"enemies":"2 Louse","floor":3.0,"turns":1.0},{"damage":6.0,"enemies":"Lagavulin","floor":7.0,"turns":5.0},{"damage":5.0,"enemies":"Blue Slaver","floor":11.0,"turns":3.0},{"damage":3.0,"enemies":"Exordium Thugs","floor":12.0,"turns":3.0},{"damage":0.0,"enemies":"Red Slaver","floor":13.0,"turns":1.0},{"damage":1.0,"enemies":"Gremlin Gang","floor":14.0,"turns":2.0},{"damage":2.0,"enemies":"Lagavulin Event","floor":15.0,"turns":3.0},{"damage":12.0,"enemies":"Hexaghost","floor":16.0,"turns":6.0},{"damage":4.0,"enemies":"Spheric Guardian","floor":18.0,"turns":3.0},{"damage":0.0,"enemies":"Chosen","floor":19.0,"turns":3.0},{"damage":21.0,"enemies":"Snake Plant","floor":22.0,"turns":4.0},{"damage":12.0,"enemies":"Nightmare","floor":24.0,"turns":7.0},{"damage":0.0,"enemies":"Snecko","floor":26.0,"turns":4.0},{"damage":0.0,"enemies":"Snecko","floor":28.0,"turns":3.0},{"damage":0.0,"enemies":"3 Cultists","floor":29.0,"turns":2.0},{"damage":48.0,"enemies":"Automaton","floor":33.0,"turns":8.0},{"damage":0.0,"enemies":"Orb Walker","floor":35.0,"turns":3.0},{"damage":2.0,"enemies":"3 Darklings","floor":36.0,"turns":2.0},{"damage":14.0,"enemies":"Maw","floor":38.0,"turns":9.0},{"damage":41.0,"enemies":"4 Shapes","floor":41.0,"turns":4.0},{"damage":66.0,"enemies":"Nightmare","floor":42.0,"turns":8.0}],"seed_played":"3025513718283990550","potions_obtained":[{"floor":2.0,"key":"FearPotion"},{"floor":11.0,"key":"Fire Potion"},{"floor":12.0,"key":"Slimebound:ThreeZeroPotion"},{"floor":13.0,"key":"Swift Potion"},{"floor":19.0,"key":"DuplicationPotion"},{"floor":22.0,"key":"BlessingOfTheForge"},{"floor":29.0,"key":"EssenceOfSteel"},{"floor":35.0,"key":"Venom Potion"},{"floor":36.0,"key":"GamblersBrew"},{"floor":38.0,"key":"Fruit Juice"}],"is_trial":true,"path_per_floor":["M","M","M","?","?","R","E","R","T","?","M","M","M","M","R_BF","B",null,"M","M","$","?","M","R","NM","$","MIM","R","M","M","?","$","R","B",null,"M","M","?","M","?","R","M","NM","T","?","AVR","M"],"character_chosen":"HERMIT","items_purchased":["Replay:Bottled Eggs","TheCursedMod:WearCloak+1","hermit:Brawl","Magnetism","hermit:CalledShot+1","TheCursedMod:RavingStaff+1","GrimVengeance+1"],"campfire_rested":0,"item_purchase_floors":[20,20,20,20,25,31,31],"current_hp_per_floor":[75,71,71,71,71,71,65,65,71,71,72,69,69,68,66,63,93,89,89,89,89,68,68,64,64,70,70,70,70,70,70,70,32,105,105,103,109,102,108,108,71,7,13,13,13,13,13],"gold":354,"neow_bonus":"","is_prod":false,"is_daily":false,"chose_seed":false,"campfire_upgraded":6,"win_rate":0,"timestamp":1607514314,"path_taken":["M","M","M","?","?","R","E","R","T","?","M","M","M","M","R_BF","BOSS","M","M","$","?","M","R","NM","?","MIM","R","?","M","?","$","R","BOSS","M","M","?","M","?","R","M","NM","T","?","AVR","?"],"build_version":"2020-11-30","purchased_purges":1,"victory":false,"max_hp_per_floor":[75,75,75,75,75,75,75,75,81,81,87,87,87,87,87,93,93,93,93,93,93,93,93,93,93,99,99,99,99,99,99,99,105,105,105,105,111,116,122,122,122,122,128,128,128,128,128],"card_choices":[{"not_picked":["TheCursedMod:FuryStrike","WickedThoughts"],"picked":"TheCursedMod:SpitefulPray","floor":0.0},{"not_picked":["hermit:Feint","TheCursedMod:FleshFromBone"],"picked":"TheCursedMod:Hemoplague","floor":0.0},{"not_picked":["SaltCircle","hermit:ItchyTrigger"],"picked":"MercuryWand","floor":0.0},{"not_picked":["Pillage","hermit:LowProfile"],"picked":"hermit:Manifest","floor":0.0},{"not_picked":["LivingBomb","KarmaDrain"],"picked":"TheCursedMod:CircleOfCorruption","floor":0.0},{"not_picked":["TheCursedMod:SmokeScreen","Shrooms"],"picked":"Atonement","floor":0.0},{"not_picked":["TheCursedMod:Stigma","BlackShield"],"picked":"TheCursedMod:CursedAmulet","floor":0.0},{"not_picked":["TheCursedMod:TacticalStrike","TheCursedMod:ReleasedStrength"],"picked":"KarmaDrain","floor":0.0},{"not_picked":["hermit:Ricochet","hermit:Feint"],"picked":"hermit:NoHoldsBarred","floor":0.0},{"not_picked":["hermit:ItchyTrigger","BleedOut"],"picked":"hermit:Midnight","floor":0.0},{"not_picked":["Pillage","TheCursedMod:ReleasedStrength"],"picked":"hermit:Vantage","floor":0.0},{"not_picked":["hermit:Misfire","TheCursedMod:CircleOfFlame"],"picked":"hermit:LoneWolf","floor":0.0},{"not_picked":["hermit:Ricochet","hermit:GhostlyPresence"],"picked":"hermit:Headshot","floor":0.0},{"not_picked":["hermit:Ricochet","Demonfyre"],"picked":"TheCursedMod:CursedStaff","floor":0.0},{"not_picked":["hermit:HighCaliber","KarmaDrain"],"picked":"hermit:Glare","floor":0.0},{"not_picked":["hermit:LowProfile","TheCursedMod:Wield"],"picked":"TheCursedMod:CircleOfCorruption","floor":1.0},{"not_picked":["Schadenfreude","BoneCarving"],"picked":"GrimVengeance","floor":2.0},{"not_picked":["GhoulTouch","hermit:NoHoldsBarred"],"picked":"hermit:CalledShot","floor":3.0},{"not_picked":["Pillage","RoilingBarrier"],"picked":"TheCursedMod:CircleOfAbyss","floor":7.0},{"not_picked":["TheCursedMod:SmokeScreen","GhoulTouch"],"picked":"TheCursedMod:Wield","floor":11.0},{"not_picked":["hermit:Spite","TheCursedMod:Torture"],"picked":"CrystalResonance","floor":12.0},{"not_picked":["TheCursedMod:SpitefulPray","GrimVengeance"],"picked":"MysticUnburial","floor":13.0},{"not_picked":["hermit:Roulette","hermit:BodyArmor"],"picked":"Demonfyre","floor":14.0},{"not_picked":["Broomstick","TheCursedMod:Wield"],"picked":"TheCursedMod:ForbiddenAlchemy","floor":15.0},{"not_picked":["SummonToadFamiliar","hermit:OverwhelmingPower"],"picked":"EvilEye","floor":16.0},{"not_picked":["SaltCircle","hermit:BodyArmor"],"picked":"TheCursedMod:RavingStaff+1","floor":18.0},{"not_picked":["hermit:Showdown+1","hermit:FullyLoaded+1"],"picked":"MagicFang","floor":19.0},{"not_picked":["BoneCarving","TheCursedMod:CircleOfAmplification"],"picked":"TheCursedMod:CircleOfCorruption","floor":22.0},{"not_picked":["hermit:OverwhelmingPower","UnluckySeven"],"picked":"Intelligence","floor":24.0},{"not_picked":["infinitespire:Fortify","infinitespire:FinalStrike"],"picked":"ReplayTheSpireMod:Black Plague","floor":24.0},{"not_picked":["hermit:SprayPray","Demonfyre"],"picked":"TheCursedMod:CircleOfBlood","floor":24.0},{"not_picked":["TheCursedMod:RapidMovement","hermit:BigShot+1"],"picked":"SummonOwlFamiliar+1","floor":26.0},{"not_picked":["Decrepify","BlackBolt"],"picked":"SoulBarrier","floor":28.0},{"not_picked":["TheCursedMod:Wield","BalefulWard"],"picked":"TheCursedMod:SpitefulPlan+1","floor":29.0},{"not_picked":["hermit:HeroicBravado","UnnaturalEnergy"],"picked":"TheCursedMod:DemonSword","floor":33.0},{"not_picked":["TheCursedMod:SpitefulStrike+1","TheCursedMod:TroublousMinions"],"picked":"IllOmen","floor":35.0},{"not_picked":["hermit:Manifest+1","TheCursedMod:CircleOfFlame+1"],"picked":"hermit:DeadMansHand","floor":36.0},{"not_picked":["Demonfyre+1","GhoulTouch+1"],"picked":"TheCursedMod:CursedArmor","floor":38.0},{"not_picked":["TheCursedMod:CircleOfBlood","TheCursedMod:RapidMovement+1"],"picked":"hermit:Grudge","floor":41.0},{"not_picked":["infinitespire:Oblivion","infinitespire:Execution"],"picked":"infinitespire:TheBestDefense","floor":42.0},{"not_picked":["GnarledBody","hermit:Gestalt"],"picked":"RoilingBarrier+1","floor":42.0}],"player_experience":135403,"relics_obtained":[{"floor":7.0,"key":"aspiration:TomeofQuesting"},{"floor":9.0,"key":"Blue Doll"},{"floor":15.0,"key":"halation:KoshaPiece"},{"floor":24.0,"key":"conspire:GiftBox"},{"floor":26.0,"key":"Frozen Egg 2"},{"floor":26.0,"key":"halation:WeightlessCrab"},{"floor":37.0,"key":"Ring of Hypnosis"},{"floor":37.0,"key":"ReplayTheSpireMod:Ring of Challenge"},{"floor":42.0,"key":"Guardian:PocketSentry"},{"floor":43.0,"key":"Ancient Tea Set"}],"event_choices":[{"damage_healed":0.0,"max_hp_gain":0.0,"max_hp_loss":0.0,"gold_gain":0.0,"event_name":"Dead Adventurer","player_choice":"Searched \u00271\u0027 times","floor":15.0,"gold_loss":0.0,"damage_taken":0.0},{"cards_removed":["ReplayTheSpireMod:Splinters"],"damage_healed":0.0,"max_hp_gain":0.0,"max_hp_loss":0.0,"gold_gain":0.0,"event_name":"Purifier","player_choice":"Purged","floor":21.0,"gold_loss":0.0,"damage_taken":0.0},{"cards_removed":["hubris:Disease"],"damage_healed":0.0,"max_hp_gain":0.0,"max_hp_loss":0.0,"gold_gain":0.0,"event_name":"betterNote:BetterNote","player_choice":"Give","floor":30.0,"gold_loss":0.0,"damage_taken":0.0,"cards_obtained":["ReplayTheSpireMod:Splinters"]},{"damage_healed":0.0,"max_hp_gain":0.0,"max_hp_loss":0.0,"gold_gain":3.0,"event_name":"betterStone:BetterStone","player_choice":"3","floor":39.0,"gold_loss":0.0,"damage_taken":0.0,"cards_obtained":["Madness"]},{"damage_healed":0.0,"max_hp_gain":0.0,"max_hp_loss":0.0,"gold_gain":100.0,"event_name":"Golden Shrine","player_choice":"Pray","floor":44.0,"gold_loss":0.0,"damage_taken":0.0}],"is_beta":false,"boss_relics":[{"not_picked":["energizedSpire:RedRose","Runic Dome"],"picked":"aspiration:SecretTechniqueScroll"},{"not_picked":["aspiration:MobileForge","hubris:TerracottaHorce"],"picked":"vexMod:MysteryBossChallenge"}],"items_purged_floors":[45],"is_endless":true,"potions_floor_spawned":[2,11,12,13,19,22,29,35,36,38],"killed_by":"3 Darklings","ascension_level":0}}