{"host":"dekhxjxhillho72f","time":1607545039,"event":{"gold_per_floor":[113,288,288,288,303,336,355,375,429,429,460,83,108,122,122,248,248,231,231,256,276,27,27,48,48,48],"floor_reached":25,"playtime":1591,"items_purged":["hermit:Ricochet","Doubt"],"score":240,"play_id":"4c64a816-694a-4318-a4d5-9d92571a3de8","local_time":"20201209211719","is_ascension_mode":false,"campfire_choices":[{"data":"hermit:Maintenance","floor":10,"key":"SMITH"},{"data":"hermit:Quickdraw","floor":15,"key":"SMITH"},{"data":"hermit:Glare","floor":23,"key":"SMITH"}],"neow_cost":"NONE","seed_source_timestamp":20522150715454,"circlet_count":0,"master_deck":["hermit:Strike_Hermit","hermit:Strike_Hermit","hermit:Strike_Hermit","hermit:Strike_Hermit","hermit:Defend_Hermit","hermit:Defend_Hermit","hermit:Defend_Hermit","hermit:Defend_Hermit","hermit:Snapshot","hermit:Covet","hermit:TakeCover","hermit:Glare+1","hermit:Maintenance+1","hermit:Quickdraw+1","hermit:Gambit","hermit:TakeCover","hermit:Showdown+1"],"relics":["hermit:Momento","Golden Idol","Pear","Orichalcum","Toy Ornithopter","ClockworkSouvenir","Oddly Smooth Stone","Black Star","Nloth\u0027s Gift","Cauldron"],"potions_floor_usage":[11,13,13,13,13,13,13,16,21,24,24,25,25],"damage_taken":[{"damage":0,"enemies":"Jaw Worm","floor":1,"turns":1},{"damage":0,"enemies":"2 Louse","floor":5,"turns":1},{"damage":0,"enemies":"Lagavulin","floor":6,"turns":1},{"damage":4,"enemies":"Cultist","floor":7,"turns":4},{"damage":7,"enemies":"3 Louse","floor":8,"turns":6},{"damage":6,"enemies":"3 Sentries","floor":11,"turns":6},{"damage":11,"enemies":"Red Slaver","floor":13,"turns":6},{"damage":0,"enemies":"Blue Slaver","floor":14,"turns":5},{"damage":21,"enemies":"Hexaghost","floor":16,"turns":13},{"damage":11,"enemies":"2 Thieves","floor":18,"turns":4},{"damage":52,"enemies":"3 Byrds","floor":20,"turns":11},{"damage":7,"enemies":"Cultist and Chosen","floor":21,"turns":10},{"damage":2,"enemies":"Snake Plant","floor":24,"turns":6},{"damage":45,"enemies":"3 Cultists","floor":25,"turns":5}],"seed_played":"-2403653525582804676","potions_obtained":[{"floor":1,"key":"Strength Potion"},{"floor":4,"key":"SteroidPotion"},{"floor":4,"key":"DistilledChaos"},{"floor":7,"key":"EntropicBrew"},{"floor":11,"key":"PowerPotion"},{"floor":14,"key":"PowerPotion"},{"floor":22,"key":"SkillPotion"},{"floor":22,"key":"SteroidPotion"},{"floor":24,"key":"EssenceOfSteel"}],"is_trial":false,"path_per_floor":["M","?","?","?","M","E","M","M","T","R","E","$","M","M","R","B",null,"M","?","M","M","$","R","M","M"],"character_chosen":"HERMIT","items_purchased":["ClockworkSouvenir","Oddly Smooth Stone","Cauldron"],"campfire_rested":0,"item_purchase_floors":[12,12,22],"current_hp_per_floor":[75,75,57,57,57,67,63,56,56,56,50,50,69,69,69,53,85,74,74,22,20,20,20,28,0,0],"gold":48,"neow_bonus":"THREE_ENEMY_KILL","is_prod":false,"is_daily":false,"chose_seed":false,"campfire_upgraded":3,"win_rate":0.0,"timestamp":1607545039,"path_taken":["M","?","?","?","M","E","M","M","T","R","E","$","?","M","R","BOSS","M","?","?","M","$","R","M","M"],"build_version":"2020-11-30","purchased_purges":2,"victory":false,"max_hp_per_floor":[75,75,75,75,75,85,85,85,85,85,85,85,85,85,85,85,85,85,85,85,85,85,85,85,85,85],"relic_stats":{"counters":[14,79],"Golden Idol":73,"Black Star":0,"Nloth\u0027s Gift":0,"Orichalcum":[66],"obtain_stats":[{"Cauldron":22,"Pear":6,"NeowsBlessing":0,"Golden Idol":3,"Oddly Smooth Stone":12,"Black Star":17,"Nloth\u0027s Gift":19,"Orichalcum":9,"hermit:Momento":0,"Toy Ornithopter":11,"ClockworkSouvenir":12},{"Cauldron":12,"Pear":3,"NeowsBlessing":0,"Golden Idol":1,"Oddly Smooth Stone":6,"Black Star":9,"Nloth\u0027s Gift":10,"Orichalcum":5,"hermit:Momento":0,"Toy Ornithopter":6,"ClockworkSouvenir":6},{"Cauldron":68,"Pear":3,"NeowsBlessing":0,"Golden Idol":1,"Oddly Smooth Stone":19,"Black Star":43,"Nloth\u0027s Gift":47,"Orichalcum":13,"hermit:Momento":0,"Toy Ornithopter":19,"ClockworkSouvenir":19}],"Toy Ornithopter":60},"card_choices":[{"not_picked":["hermit:CursedWeapon","hermit:Midnight"],"picked":"hermit:TakeCover","floor":1},{"not_picked":["hermit:BigShot","hermit:Malice"],"picked":"hermit:Ricochet","floor":5},{"not_picked":["hermit:PistolWhip","hermit:Adapt"],"picked":"hermit:Glare","floor":6},{"not_picked":["hermit:CalledShot","hermit:Headshot"],"picked":"hermit:Maintenance","floor":7},{"not_picked":["hermit:Headshot","hermit:Misfire","hermit:Midnight"],"picked":"SKIP","floor":8},{"not_picked":["hermit:Adapt","hermit:GoldenBullet","hermit:Snipe"],"picked":"SKIP","floor":11},{"not_picked":["hermit:Scavenge","hermit:Malice"],"picked":"hermit:Quickdraw","floor":13},{"not_picked":["hermit:Vantage","hermit:Ricochet","hermit:Coalescence"],"picked":"SKIP","floor":14},{"not_picked":["hermit:RoundhouseKick","hermit:HeroicBravado"],"picked":"hermit:Gambit","floor":16},{"not_picked":["hermit:TrackingShot","hermit:BigShot"],"picked":"hermit:TakeCover","floor":18},{"not_picked":["hermit:NoHoldsBarred+1","hermit:Feint"],"picked":"hermit:Showdown+1","floor":20},{"not_picked":["hermit:Cheat+1","hermit:Misfire","hermit:LuckOfTheDraw+1"],"picked":"SKIP","floor":21},{"not_picked":["hermit:Misfire","hermit:Dissolve","hermit:Roulette"],"picked":"SKIP","floor":24}],"player_experience":247877,"relics_obtained":[{"floor":6,"key":"Pear"},{"floor":9,"key":"Orichalcum"},{"floor":11,"key":"Toy Ornithopter"}],"event_choices":[{"damage_healed":0,"gold_gain":175,"player_choice":"AGREE","damage_taken":113,"max_hp_gain":0,"max_hp_loss":0,"event_name":"betterThird:BetterSerpent","floor":2,"gold_loss":0},{"damage_healed":0,"gold_gain":0,"player_choice":"Take Damage","damage_taken":18,"relics_obtained":["Golden Idol"],"max_hp_gain":0,"max_hp_loss":0,"event_name":"Golden Idol","floor":3,"gold_loss":0},{"damage_healed":0,"gold_gain":0,"player_choice":"Got Potions","damage_taken":0,"max_hp_gain":0,"max_hp_loss":0,"event_name":"Lab","floor":4,"gold_loss":0},{"damage_healed":0,"gold_gain":0,"player_choice":"Traded Relic","damage_taken":0,"relics_obtained":["Nloth\u0027s Gift"],"max_hp_gain":0,"max_hp_loss":0,"event_name":"N\u0027loth","floor":19,"relics_lost":["NeowsBlessing"],"gold_loss":0}],"is_beta":false,"boss_relics":[{"not_picked":["Velvet Choker","Tiny House"],"picked":"Black Star"}],"items_purged_floors":[12,22],"is_endless":false,"potions_floor_spawned":[1,5,7,11,14,24],"killed_by":"3 Cultists","ascension_level":0}}