{"host":"32dedufnxebqtmo3","time":1607552158,"event":{"gold_per_floor":[118,118,40,52,67,93,121,121,121,136,167,192,210,223,223,325,325,344,357,405,405,405,405,127,155,208,228,143,143,177,177,177,273,300,329,329,359,371,0,12,56,68,80,105,117,129,185,209,221,233],"floor_reached":51,"playtime":2298,"items_purged":["Decay","RobotSpaceExplorer:Strike","RobotSpaceExplorer:Strike","RobotSpaceExplorer:Strike","RobotSpaceExplorer:Defend","RobotSpaceExplorer:Defend"],"score":994,"play_id":"6b404be5-9c4d-41d3-82a9-971437686cb5","local_time":"20201209141558","is_ascension_mode":false,"campfire_choices":[{"data":"RobotSpaceExplorer:Blitz","floor":8,"key":"SMITH"},{"data":"RobotSpaceExplorer:StarLightning","floor":15,"key":"SMITH"},{"data":"RobotSpaceExplorer:ScrapToss","floor":23,"key":"SMITH"},{"data":"RobotSpaceExplorer:StarLightning","floor":29,"key":"SMITH"},{"data":"RobotSpaceExplorer:Pulsar","floor":32,"key":"SMITH"},{"data":"RobotSpaceExplorer:MiniBoosters","floor":40,"key":"SMITH"},{"data":"Madness","floor":42,"key":"SMITH"},{"data":"Madness","floor":45,"key":"SMITH"},{"data":"RobotSpaceExplorer:LuckyStrike","floor":49,"key":"SMITH"}],"neow_cost":"CURSE","seed_source_timestamp":220467799210000,"circlet_count":0,"master_deck":["RobotSpaceExplorer:Defend+1","RobotSpaceExplorer:Scan","RobotSpaceExplorer:MiniLasers","RobotSpaceExplorer:MetalStrike","RobotSpaceExplorer:StarLightning+1","RobotSpaceExplorer:Blitz+1","RobotSpaceExplorer:TurboDodge","RobotSpaceExplorer:GearShield","RobotSpaceExplorer:ScrapMissile","RobotSpaceExplorer:Ammunition+1","RobotSpaceExplorer:ScrapToss+1","RobotSpaceExplorer:LuckyStrike+1","RobotSpaceExplorer:ScrapShield","RobotSpaceExplorer:StarLightning+1","RobotSpaceExplorer:Pulsar+1","Dramatic Entrance","RobotSpaceExplorer:ScrapShield+1","RobotSpaceExplorer:Pulsar","RobotSpaceExplorer:Blaster+1","RobotSpaceExplorer:LuckyStrike+1","RobotSpaceExplorer:MiniBoosters+1","Madness+1","Madness+1","RobotSpaceExplorer:ScrapMissile"],"relics":["RobotSpaceExplorer:TurboCore","Eternal Feather","Nunchaku","Kunai","Matryoshka","Vajra","Gremlin Horn","Juzu Bracelet","MerchantsRug","StrikeDummy","Sundial","CeramicFish","Singing Bowl","PreservedInsect","FaceOfCleric","Astrolabe","MawBank","Red Mask","Mummified Hand","The Courier","Pen Nib"],"potions_floor_usage":[18,41,50],"damage_taken":[{"damage":3,"enemies":"Jaw Worm","floor":1,"turns":4},{"damage":0,"enemies":"Cultist","floor":4,"turns":3},{"damage":0,"enemies":"Small Slimes","floor":5,"turns":3},{"damage":5,"enemies":"3 Sentries","floor":6,"turns":12},{"damage":17,"enemies":"Lagavulin","floor":7,"turns":7},{"damage":0,"enemies":"2 Fungi Beasts","floor":10,"turns":3},{"damage":8,"enemies":"Gremlin Nob","floor":11,"turns":4},{"damage":0,"enemies":"Lagavulin","floor":12,"turns":5},{"damage":0,"enemies":"Blue Slaver","floor":13,"turns":3},{"damage":1,"enemies":"Looter","floor":14,"turns":3},{"damage":1,"enemies":"The Guardian","floor":16,"turns":7},{"damage":0,"enemies":"3 Byrds","floor":18,"turns":4},{"damage":0,"enemies":"Chosen","floor":19,"turns":3},{"damage":0,"enemies":"Slavers","floor":25,"turns":2},{"damage":0,"enemies":"Snecko","floor":27,"turns":3},{"damage":0,"enemies":"Gremlin Leader","floor":30,"turns":3},{"damage":14,"enemies":"Champ","floor":33,"turns":10},{"damage":0,"enemies":"3 Shapes","floor":35,"turns":2},{"damage":0,"enemies":"Reptomancer","floor":41,"turns":2},{"damage":0,"enemies":"Orb Walker","floor":44,"turns":1},{"damage":0,"enemies":"Giant Head","floor":47,"turns":5},{"damage":0,"enemies":"Jaw Worm Horde","floor":48,"turns":1},{"damage":0,"enemies":"Donu and Deca","floor":50,"turns":7}],"seed_played":"-9170717389886208653","potions_obtained":[{"floor":1,"key":"Dexterity Potion"},{"floor":4,"key":"LiquidMemories"},{"floor":5,"key":"Explosive Potion"},{"floor":14,"key":"SteroidPotion"},{"floor":18,"key":"Fruit Juice"},{"floor":27,"key":"Dexterity Potion"}],"is_trial":false,"path_per_floor":["M","?","$","M","M","E","E","R","T","M","E","E","M","M","R","B",null,"M","M","T","?","?","R","$","E","T","M","?","R","E","?","R","B",null,"M","T","?","?","?","R","E","R","T","M","R","?","E","M","R","B",null],"character_chosen":"RobotSpaceExplorer","items_purchased":["RobotSpaceExplorer:StarLightning","RobotSpaceExplorer:StarLightning","RobotSpaceExplorer:Pulsar","Dramatic Entrance","MerchantsRug"],"campfire_rested":0,"item_purchase_floors":[3,24,24,24,24],"current_hp_per_floor":[72,72,72,72,72,67,50,59,59,59,51,51,51,50,59,58,75,80,80,80,80,80,80,80,80,80,80,80,80,82,82,82,71,85,86,86,75,86,86,86,89,89,89,92,92,92,93,96,96,97],"gold":245,"neow_bonus":"ONE_RARE_RELIC","is_prod":false,"is_daily":false,"chose_seed":false,"campfire_upgraded":9,"win_rate":1,"timestamp":1607552158,"path_taken":["M","?","$","?","?","E","E","R","T","M","E","E","?","M","R","BOSS","M","M","?","?","?","R","$","E","T","M","?","R","E","?","R","BOSS","M","?","?","?","?","R","E","R","T","M","R","?","E","M","R","BOSS"],"build_version":"2020-11-30","purchased_purges":6,"victory":true,"max_hp_per_floor":[75,75,75,75,75,75,75,75,75,75,75,75,75,75,75,75,75,80,80,80,80,80,80,80,80,80,80,80,80,82,82,82,85,85,86,86,86,86,86,86,89,89,89,92,92,92,93,96,96,97],"relic_stats":{"Gremlin Horn":[13,13],"Singing Bowl":10,"counters":[23,97],"CeramicFish":72,"Astrolabe":["RobotSpaceExplorer:Jetpack","RobotSpaceExplorer:Blaster","RobotSpaceExplorer:LuckyStrike"],"Eternal Feather":18,"PreservedInsect":184,"Pen Nib":[4],"Juzu Bracelet":2,"MawBank":180,"Nunchaku":[27],"FaceOfCleric":7,"Sundial":[2],"Mummified Hand":[2],"Kunai":[62],"obtain_stats":[{"MerchantsRug":24,"Gremlin Horn":12,"Singing Bowl":28,"CeramicFish":26,"Astrolabe":34,"Vajra":11,"RobotSpaceExplorer:RoboCore":0,"Eternal Feather":2,"PreservedInsect":30,"The Courier":43,"Pen Nib":47,"Juzu Bracelet":20,"War Paint":20,"MawBank":36,"RobotSpaceExplorer:TurboCore":17,"Nunchaku":6,"Matryoshka":9,"FaceOfCleric":31,"Sundial":26,"Mummified Hand":41,"WingedGreaves":0,"Red Mask":39,"Kunai":7,"StrikeDummy":25},{"MerchantsRug":13,"Gremlin Horn":8,"Singing Bowl":15,"CeramicFish":14,"Astrolabe":17,"Vajra":7,"RobotSpaceExplorer:RoboCore":0,"Eternal Feather":1,"PreservedInsect":16,"The Courier":19,"Pen Nib":21,"Juzu Bracelet":13,"War Paint":13,"MawBank":18,"RobotSpaceExplorer:TurboCore":11,"Nunchaku":4,"Matryoshka":5,"FaceOfCleric":16,"Sundial":14,"Mummified Hand":19,"WingedGreaves":0,"Red Mask":18,"Kunai":5,"StrikeDummy":14},{"MerchantsRug":61,"Gremlin Horn":41,"Singing Bowl":66,"CeramicFish":63,"Astrolabe":79,"Vajra":36,"RobotSpaceExplorer:RoboCore":0,"Eternal Feather":4,"PreservedInsect":69,"The Courier":83,"Pen Nib":89,"Juzu Bracelet":61,"War Paint":61,"MawBank":81,"RobotSpaceExplorer:TurboCore":54,"Nunchaku":22,"Matryoshka":29,"FaceOfCleric":69,"Sundial":63,"Mummified Hand":83,"WingedGreaves":0,"Red Mask":81,"Kunai":29,"StrikeDummy":63}]},"card_choices":[{"not_picked":["RobotSpaceExplorer:GlueSpray","RobotSpaceExplorer:Counterblock"],"picked":"RobotSpaceExplorer:MetalStrike","floor":1},{"not_picked":["RobotSpaceExplorer:MetalStrike","RobotSpaceExplorer:Counterblock"],"picked":"RobotSpaceExplorer:Blitz","floor":4},{"not_picked":["RobotSpaceExplorer:Counterblock","RobotSpaceExplorer:SurgingShield"],"picked":"RobotSpaceExplorer:TurboDodge","floor":5},{"not_picked":["RobotSpaceExplorer:SwiftStep","RobotSpaceExplorer:JunkDive"],"picked":"RobotSpaceExplorer:BigMissile","floor":6},{"not_picked":["RobotSpaceExplorer:FrostMissile","RobotSpaceExplorer:Electropulse"],"picked":"RobotSpaceExplorer:GearShield","floor":7},{"not_picked":["RobotSpaceExplorer:GlueShot","RobotSpaceExplorer:FranticSearch"],"picked":"RobotSpaceExplorer:ScrapMissile","floor":10},{"not_picked":["RobotSpaceExplorer:FranticSearch","RobotSpaceExplorer:JunkDive","RobotSpaceExplorer:GlueShot"],"picked":"SKIP","floor":11},{"not_picked":["RobotSpaceExplorer:ShockKick","RobotSpaceExplorer:Wormhole"],"picked":"RobotSpaceExplorer:Ammunition","floor":12},{"not_picked":["RobotSpaceExplorer:FranticSearch","RobotSpaceExplorer:Probe"],"picked":"RobotSpaceExplorer:ScrapToss","floor":13},{"not_picked":["RobotSpaceExplorer:ScrapToss","RobotSpaceExplorer:Ammunition"],"picked":"RobotSpaceExplorer:LuckyStrike","floor":14},{"not_picked":["RobotSpaceExplorer:ShovelStrike+1","RobotSpaceExplorer:FrostMissile"],"picked":"RobotSpaceExplorer:ScrapShield","floor":18},{"not_picked":["RobotSpaceExplorer:Smokescreen","RobotSpaceExplorer:MetalStrike"],"picked":"RobotSpaceExplorer:SurgingShield","floor":19},{"not_picked":["RobotSpaceExplorer:StunGrenade","RobotSpaceExplorer:ShockKick+1"],"picked":"RobotSpaceExplorer:ScrapShield+1","floor":25},{"not_picked":["RobotSpaceExplorer:DoubleBlock","RobotSpaceExplorer:SwiftStep+1"],"picked":"RobotSpaceExplorer:Pulsar","floor":27},{"not_picked":["RobotSpaceExplorer:ShockKick","RobotSpaceExplorer:JunkDive","RobotSpaceExplorer:ShovelStrike"],"picked":"Singing Bowl","floor":30},{"not_picked":["RobotSpaceExplorer:BlastShield","RobotSpaceExplorer:Arsenal","RobotSpaceExplorer:Asteroid"],"picked":"Singing Bowl","floor":33},{"not_picked":["RobotSpaceExplorer:FranticSearch+1","RobotSpaceExplorer:TurboDodge+1"],"picked":"RobotSpaceExplorer:MiniBoosters","floor":35},{"not_picked":["RobotSpaceExplorer:JunkDive","RobotSpaceExplorer:SwiftStep+1","RobotSpaceExplorer:Smokescreen+1"],"picked":"Singing Bowl","floor":41},{"not_picked":["RobotSpaceExplorer:DoubleBlock","RobotSpaceExplorer:ToxicBomb","RobotSpaceExplorer:PowerGlove+1"],"picked":"Singing Bowl","floor":44},{"not_picked":["RobotSpaceExplorer:Pulsar+1","RobotSpaceExplorer:SurgingStrike+1"],"picked":"RobotSpaceExplorer:ScrapMissile","floor":47},{"not_picked":["RobotSpaceExplorer:SwiftStep+1","RobotSpaceExplorer:BigMissile+1","RobotSpaceExplorer:ImprovisedAttack"],"picked":"Singing Bowl","floor":48}],"player_experience":665035,"relics_obtained":[{"floor":6,"key":"Nunchaku"},{"floor":7,"key":"Kunai"},{"floor":9,"key":"Matryoshka"},{"floor":11,"key":"Vajra"},{"floor":12,"key":"Gremlin Horn"},{"floor":20,"key":"Juzu Bracelet"},{"floor":20,"key":"War Paint"},{"floor":25,"key":"StrikeDummy"},{"floor":26,"key":"Sundial"},{"floor":26,"key":"CeramicFish"},{"floor":30,"key":"PreservedInsect"},{"floor":36,"key":"MawBank"},{"floor":41,"key":"Mummified Hand"},{"floor":43,"key":"The Courier"},{"floor":47,"key":"Pen Nib"}],"event_choices":[{"damage_healed":0,"gold_gain":0,"player_choice":"Gave Potion","damage_taken":0,"relics_obtained":["Eternal Feather"],"max_hp_gain":0,"max_hp_loss":0,"event_name":"WeMeetAgain","floor":2,"gold_loss":0},{"damage_healed":0,"gold_gain":0,"player_choice":"Ignored","damage_taken":0,"max_hp_gain":0,"max_hp_loss":0,"event_name":"Vampires","floor":21,"gold_loss":0},{"damage_healed":0,"gold_gain":0,"player_choice":"Ignored","damage_taken":0,"max_hp_gain":0,"max_hp_loss":0,"event_name":"Ghosts","floor":22,"gold_loss":0},{"damage_healed":0,"gold_gain":0,"player_choice":"Obtained Relic","damage_taken":0,"relics_obtained":["Singing Bowl"],"max_hp_gain":0,"max_hp_loss":0,"event_name":"Addict","floor":28,"gold_loss":85},{"damage_healed":0,"gold_gain":0,"player_choice":"Trade","damage_taken":0,"relics_obtained":["FaceOfCleric"],"max_hp_gain":0,"max_hp_loss":0,"event_name":"FaceTrader","floor":31,"gold_loss":0},{"damage_healed":0,"gold_gain":0,"player_choice":"Embrace Madness","damage_taken":11,"max_hp_gain":0,"max_hp_loss":0,"event_name":"Winding Halls","floor":37,"gold_loss":0,"cards_obtained":["Madness","Madness"]},{"cards_removed":["RobotSpaceExplorer:Jetpack"],"damage_healed":11,"gold_gain":0,"player_choice":"Offered Uncommon","damage_taken":0,"max_hp_gain":0,"max_hp_loss":0,"event_name":"Bonfire Elementals","floor":38,"gold_loss":0},{"damage_healed":0,"gold_gain":0,"player_choice":"Paid","damage_taken":0,"relics_obtained":["Red Mask"],"max_hp_gain":0,"max_hp_loss":0,"event_name":"Tomb of Lord Red Mask","floor":39,"gold_loss":383},{"cards_removed":["RobotSpaceExplorer:BigMissile"],"damage_healed":0,"gold_gain":0,"player_choice":"Purged","damage_taken":0,"max_hp_gain":0,"max_hp_loss":0,"event_name":"Purifier","floor":46,"gold_loss":0}],"is_beta":false,"boss_relics":[{"not_picked":["Fusion Hammer","Ectoplasm"],"picked":"RobotSpaceExplorer:TurboCore"},{"not_picked":["Runic Dome","Calling Bell"],"picked":"Astrolabe"}],"items_purged_floors":[3,3,24,24,24,24],"is_endless":false,"potions_floor_spawned":[1,4,5,14,16,18,27,35],"ascension_level":0}}