{"host":"jqa9y4qkalbx8qgz","time":1607515036,"event":{"gold_per_floor":[116,116,131,144,162,188,188,215,215,215,234,269,14,43,43,143,143,156,175,141,141,141,167,183,218,218,218,218,248,248,265,265,362,362,381,391,6,73,118,144,144,194,194,194,223,243,100,117,117,217,217,210,209,211,211,221,241,237,256,256,278,275,17,17,37,37,106,106,101,101,104,110,209,209,209,199,247,256,256,264,116,127,127,205,205,203,209,209,209,209,223,243,250,274,277,279,279,282,338,338,401,401,405,482,482,520,532,558,558,612,664,667,667],"floor_reached":112,"playtime":7081,"items_purged":["Strike_P","Strike_P","Strike_P","Defend_P+1"],"score":2959,"play_id":"5586e81f-f5c9-455b-97c7-f9db8a49c906","local_time":"20201209145716","is_ascension_mode":true,"campfire_choices":[{"data":"Ragnarok","floor":7.0,"key":"SMITH"},{"data":"Eruption","floor":10.0,"key":"SMITH"},{"data":"CutThroughFate","floor":15.0,"key":"SMITH"},{"data":"LessonLearned","floor":27.0,"key":"SMITH"},{"data":"infinitespire:Execution","floor":32.0,"key":"SMITH"},{"data":"DevaForm","floor":41.0,"key":"SMITH"},{"data":"ConjureBlade","floor":44.0,"key":"SMITH"},{"data":"Replay:LoomingThreat","floor":49.0,"key":"SMITH"},{"data":"Replay:SS_forest_5","floor":66,"key":"SMITH"},{"floor":74,"key":"RECALL"}],"neow_cost":"NONE","seed_source_timestamp":0,"circlet_count":0,"master_deck":["Defend_P+1","Defend_P+1","Eruption+1","Vigilance+1","BowlingBash+1","FlurryOfBlows+1","Crescendo+1","CutThroughFate+1","Ragnarok+1","Perseverance+1","EmptyBody+1","Evaluate+1","WreathOfFlame+1","LessonLearned+1","AbeCurse","Evaluate+1","Meditate+1","ThirdEye+1","Ghostly+1","Ghostly+1","Ghostly+1","Ghostly+1","Ghostly+1","TalkToTheHand+1","Protect+1","Ragnarok+1","ReplayTheSpireMod:Echoes of Time+1","infinitespire:Starlight+1","infinitespire:Execution+1","ClearTheMind+1","DevaForm+1","Wireheading+1","ConjureBlade+1","Replay:LoomingThreat+1","Ragnarok+1","Eruption+1","Replay:SS_forest_5+1","Fasting2+1","Alpha+1","WheelKick","Tantrum+1","infinitespire:Oblivion+1","Nirvana+1","infinitespire:UltimateForm","Wish+1","Looming Evil","JustLucky+1","ReplayUltimateDefense+1","ThirdEye","FlyingSleeves","Ragnarok+1","MasterReality+1"],"special_seed":0,"relics":["Slimebound:AbsorbEndCombat","Replay:Bottled Snecko","Vajra","Quantum Egg","OrangePellets","Oddly Smooth Stone","Abe\u0027s Treasure","Nunchaku","Replay:Bottled Eggs","Eternal Feather","infinitespire:Satchel","ClockworkSouvenir","SlaversCollar","Coffee Dripper","infinitespire:Joker Card","Ancient Tea Set","wanderingMiniBosses:ThiefScarf","FossilizedHelix","infinitespire:PuzzleCube","infinitespire:Lychee Nut","Regal Pillow","Toy Ornithopter","Busted Crown","Durian","Lantern","Replay:Arrowhead","WingedGreaves","Golden Egg","Replay:Baseball","Fusion Hammer","Blue Doll","Juzu Bracelet","infinitespire:EmpoweringShard","Chemical X","Black Star","Counterbalance","Ring of Fury","Ring of Peace","StoneCalendar","Blue Candle","Replay:Wax Seal","MealTicket","Bag of Marbles","infinitespire:Midas Blood","infinitespire:Magic Flask","Singing Bowl","Ice Cream","Honey Jar","infinitespire:Cubic Diamond","Omamori","PreservedInsect","Dead Branch","Frozen Egg 2","Gremlin Food","Replay:Rubber Ducky","infinitespire:ShieldingShard","MawBank"],"potions_floor_usage":[58,76],"damage_taken":[{"damage":0.0,"enemies":"Small Slimes","floor":1.0,"turns":4.0},{"damage":13.0,"enemies":"infinitespire:Voidling","floor":3.0,"turns":3.0},{"damage":0.0,"enemies":"2 Louse","floor":4.0,"turns":3.0},{"damage":13.0,"enemies":"Lots of Slimes","floor":5.0,"turns":4.0},{"damage":18.0,"enemies":"Lagavulin","floor":6.0,"turns":5.0},{"damage":0.0,"enemies":"Gremlin Nob","floor":8.0,"turns":2.0},{"damage":0.0,"enemies":"3 Louse","floor":11.0,"turns":2.0},{"damage":3.0,"enemies":"3 Sentries","floor":12.0,"turns":3.0},{"damage":1.0,"enemies":"Replay:BlueRogue","floor":14.0,"turns":3.0},{"damage":5.0,"enemies":"Fading Forest","floor":16.0,"turns":11.0},{"damage":0.0,"enemies":"Shell Parasite","floor":18.0,"turns":2.0},{"damage":0.0,"enemies":"Spheric Guardian","floor":19.0,"turns":2.0},{"damage":22.0,"enemies":"Cultist and Chosen","floor":20.0,"turns":6.0},{"damage":1.0,"enemies":"Gremlin Leader","floor":23.0,"turns":4.0},{"damage":0.0,"enemies":"Centurion and Healer","floor":24.0,"turns":4.0},{"damage":7.0,"enemies":"Slavers","floor":25.0,"turns":6.0},{"damage":0.0,"enemies":"Gremlin Leader","floor":29.0,"turns":2.0},{"damage":0.0,"enemies":"Shelled Parasite and Fungi","floor":31.0,"turns":2.0},{"damage":0.0,"enemies":"Champ","floor":33.0,"turns":6.0},{"damage":0.0,"enemies":"Orb Walker","floor":35.0,"turns":4.0},{"damage":0.0,"enemies":"3 Darklings","floor":36.0,"turns":2.0},{"damage":2.0,"enemies":"Jaw Worm Horde","floor":38.0,"turns":5.0},{"damage":1.0,"enemies":"2 Orb Walkers","floor":39.0,"turns":5.0},{"damage":6.0,"enemies":"Nightmare","floor":40.0,"turns":6.0},{"damage":0.0,"enemies":"Mind Bloom Boss Battle","floor":42.0,"turns":4.0},{"damage":0.0,"enemies":"Nemesis","floor":45.0,"turns":5.0},{"damage":0.0,"enemies":"Spire Growth","floor":46.0,"turns":2.0},{"damage":0.0,"enemies":"Writhing Mass","floor":48.0,"turns":4.0},{"damage":0.0,"enemies":"Donu and Deca","floor":50.0,"turns":6.0},{"damage":0,"enemies":"Jaw Worm","floor":52,"turns":4},{"damage":0,"enemies":"Cultist","floor":53,"turns":3},{"damage":0,"enemies":"2 Louse","floor":54,"turns":4},{"damage":0,"enemies":"Looter","floor":56,"turns":3},{"damage":0,"enemies":"3 Sentries","floor":57,"turns":2},{"damage":0,"enemies":"2 Fungi Beasts","floor":58,"turns":4},{"damage":0,"enemies":"Lagavulin","floor":59,"turns":3},{"damage":2,"enemies":"Gremlin Nob","floor":61,"turns":6},{"damage":1,"enemies":"Exordium Wildlife","floor":62,"turns":6},{"damage":0,"enemies":"3 Sentries","floor":65,"turns":4},{"damage":0,"enemies":"Fading Forest","floor":67,"turns":8},{"damage":10,"enemies":"3 Byrds","floor":69,"turns":4},{"damage":0,"enemies":"Chosen","floor":71,"turns":3},{"damage":2,"enemies":"Snake Plant","floor":72,"turns":3},{"damage":36,"enemies":"Nightmare_Alpha","floor":76,"turns":9},{"damage":0,"enemies":"Slavers","floor":78,"turns":5},{"damage":0,"enemies":"Snecko","floor":80,"turns":4},{"damage":20,"enemies":"Cultist and Chosen","floor":82,"turns":2},{"damage":0,"enemies":"Collector","floor":84,"turns":4},{"damage":0,"enemies":"3 Darklings","floor":86,"turns":4},{"damage":0,"enemies":"Orb Walker","floor":87,"turns":2},{"damage":0,"enemies":"R_Hoarder","floor":91,"turns":3},{"damage":0,"enemies":"Transient","floor":92,"turns":5},{"damage":0,"enemies":"Nightmare","floor":93,"turns":4},{"damage":0,"enemies":"Giant Head","floor":95,"turns":4},{"damage":0,"enemies":"R_Hoarder","floor":98,"turns":5},{"damage":0,"enemies":"4 Shapes","floor":99,"turns":4},{"damage":0,"enemies":"infinitespire:MassOfShapes","floor":101,"turns":7},{"damage":0,"enemies":"Small Slimes","floor":103,"turns":2},{"damage":0,"enemies":"2 Louse","floor":106,"turns":3},{"damage":0,"enemies":"Lagavulin","floor":108,"turns":2},{"damage":0,"enemies":"3 Sentries","floor":110,"turns":1},{"damage":69,"enemies":"Nightmare_Alpha","floor":112,"turns":1}],"seed_played":"-2362955319677622717","potions_obtained":[{"floor":3.0,"key":"Weak Potion"},{"floor":6.0,"key":"LiquidMemories"},{"floor":11.0,"key":"Reflective Coating"},{"floor":12.0,"key":"PowerPotion"},{"floor":23.0,"key":"CultistPotion"},{"floor":25.0,"key":"Languid Potion"},{"floor":29.0,"key":"Strength Potion"},{"floor":57,"key":"Fruit Juice"},{"floor":58,"key":"GamblersBrew"},{"floor":80,"key":"GamblersBrew"},{"floor":103,"key":"SmokeBomb"},{"floor":108,"key":"Death Potion"}],"is_trial":false,"path_per_floor":["M","?","M","M","M","E","R","E","T","R","M","E","$","E","R","B",null,"M","M","M","?","?","E","M","E","T","R","?","E","AVR","M","R","B",null,"M","M","$","M","?","NM","R","?","T","R","E","M","$","M","R","B",null,"M","M","M","?","M","E","M","E","T","E","M","$","?","E","R","B",null,"M","?","M","M","?","R","?","NM","T","E","R","M","$","M","R","B",null,"M","M","?","AVR","?","E","M","NM","T","E","?","R","E","M","R","B",null,"M","?","?","M","?","E","R","E","T","NM"],"character_chosen":"WATCHER","items_purchased":["OrangePellets","Evaluate","infinitespire:Joker Card","Replay:LoomingThreat","Golden Egg","Chemical X"],"campfire_rested":0,"item_purchase_floors":[13,13,37,47,63,81],"current_hp_per_floor":[72,72,59,59,46,28,28,28,28,28,28,25,25,24,24,19,72,72,72,50,36,32,31,31,24,24,39,39,39,39,39,41,41,41,41,41,41,39,38,35,41,30,30,30,30,30,30,30,30,30,30,30,30,30,30,30,35,40,40,40,38,40,40,33,40,40,40,40,40,40,40,40,40,40,40,24,24,30,40,40,40,22,40,40,40,40,40,40,40,40,40,40,40,40,40,30,40,42,44,44,46,46,48,44,44,50,17,22,52,54,54,0,0],"gold":667,"neow_bonus":"RANDOM_EVENT","is_prod":false,"is_daily":false,"chose_seed":false,"campfire_upgraded":9,"win_rate":0,"timestamp":1607515036,"path_taken":["M","?","M","M","M","E","R","E","T","R","?","E","$","E","R","BOSS","M","M","M","?","?","E","M","E","T","R","?","E","AVR","M","R","BOSS","M","M","?","M","?","NM","R","?","T","R","E","M","$","M","R","BOSS","M","M","M","?","M","E","?","E","T","E","M","$","?","E","R","BOSS","M","?","?","M","?","R","?","NM","T","E","R","M","$","M","R","BOSS","M","M","?","AVR","?","E","M","NM","T","E","?","R","E","M","R","BOSS","M","?","?","M","?","E","R","E","T","NM"],"build_version":"2020-11-30","purchased_purges":4,"victory":false,"max_hp_per_floor":[72,72,72,72,72,72,72,72,72,72,72,72,72,72,72,72,72,72,72,72,36,41,41,41,41,41,41,41,41,41,41,41,41,41,41,41,41,41,41,41,41,30,30,30,30,30,30,30,30,30,30,30,30,30,30,30,35,40,40,40,40,40,40,40,40,40,40,40,40,40,40,40,40,40,40,40,40,40,40,40,40,40,40,40,40,40,40,40,40,40,40,40,40,40,40,40,40,42,44,44,46,46,48,48,48,50,50,52,52,54,54,54,54],"relic_stats":{"Regal Pillow":0,"Singing Bowl":14,"counters":[183,985],"Blue Candle":[4],"Dead Branch":[3],"Eternal Feather":91,"StoneCalendar":[97],"PreservedInsect":288,"Juzu Bracelet":1,"MawBank":0,"OrangePellets":[20],"Nunchaku":[29],"Busted Crown":90,"MealTicket":0,"Black Star":6,"Chemical X":[2],"obtain_stats":[{"Golden Egg":54,"Replay:Accelerometer":24,"infinitespire:Cubic Diamond":105,"Ginger":9,"Boot":13,"Sling":0,"Old Coin":44,"Blood Vial":76,"Replay:Ringing Soul":71,"infinitespire:ShieldingShard":112,"Sundial":44,"MealTicket":93,"Fusion Hammer":68,"HandDrill":53,"Replay:Wax Seal":44,"Replay:Bottled Steam":9,"Counterbalance":0,"Blue Candle":69,"Eternal Feather":26,"Pen Nib":43,"Guardian:PocketSentry":15,"infinitespire:Magic Flask":95,"SlaversCollar":17,"infinitespire:Lychee Nut":42,"infinitespire:Broken Mirror":50,"MutagenicStrength":19,"Bird Faced Urn":65,"Unceasing Top":13,"Abe\u0027s Treasure":17,"infinitespire:PuzzleCube":40,"Lantern":46,"Regal Pillow":43,"Torii":39,"Singing Bowl":98,"Replay:Purple Gloves":0,"Blue Doll":0,"StoneCalendar":0,"Replay:Multitool":47,"Bag of Preparation":86,"Ancient Tea Set":6,"Smiling Mask":42,"Pet Ghost":42,"Replay:Rubber Ducky":40,"Shovel":14,"Matryoshka":67,"Ring of Peace":90,"Toolbox":40,"WingedGreaves":61,"Chemical X":81,"Replay:Bottled Eggs":46,"Potion Belt":23,"Replay:M_StaffOfTheSnake":4,"Damaru":23,"infinitespire:Joker Card":37,"PreservedInsect":108,"Omamori":72,"Ring of Greed":44,"infinitespire:Lucky Rock":84,"Frozen Egg 2":43,"MawBank":46,"GoldenEye":42,"Replay:Arrowhead":31,"sneckomod:BabySnecko":28,"Busted Crown":51,"Ornamental Fan":7,"Ring of Misfortune":44,"Garlic":42,"Durian":0,"Art of War":47,"Slimebound:AbsorbEndCombat":105,"ReplayTheSpireMod:Lightbulb":29,"Toy Ornithopter":41,"wanderingMiniBosses:Inkheart":31,"infinitespire:Midas Blood":95,"Ice Cream":98,"Divine Protection":54,"Calipers":61,"CeramicFish":40,"Vajra":21,"Sozu":34,"Centennial Puzzle":0,"HornCleat":53,"Honey Jar":34,"Prayer Wheel":41,"Iron Hammer":54,"Toxic Egg 2":41,"Happy Flower":43,"wanderingMiniBosses:ThiefScarf":38,"ReplayTheSpireMod:CursedCoin":4,"Replay:Grab Bag":34,"Dead Branch":108,"Oddly Smooth Stone":38,"Ring of Chaos":17,"Replay:Kaleidoscope":44,"Question Card":72,"OrangePellets":0,"Replay:Baseball":65,"ReplayTheSpireMod:Shallot":106,"Bronze Scales":11,"Simple Rune":27,"Onion Ring":58,"Black Star":34,"Nloth\u0027s Gift":28,"ReplayTheSpireMod:TigerMarble":43,"infinitespire:EmpoweringShard":78,"Grinning Jar":11,"Mirror":42,"Pocketwatch":0,"NlothsMask":2,"Meat on the Bone":95,"ReplayFunnel":42,"Replay:PocketPolymizer":30,"Melange":38,"CloakClasp":0,"Incense Burner":0,"Juzu Bracelet":47,"Replay:Mystery Machine":45,"ClockworkSouvenir":0,"Frozen Eye":62,"Replay:Bandana":39,"Nunchaku":45,"Dream Catcher":13,"Mummified Hand":27,"Pantograph":45,"Tiny Chest":25,"Red Mask":25,"Replay:Bottled Snecko":7,"Runic Pyramid":91,"Gremlin Food":46,"infinitespire:CursedDice":93,"Quantum Egg":25,"infinitespire:FocusingShard":67,"Orichalcum":48,"Medical Kit":50,"Mercury Hourglass":58,"Strange Spoon":0,"Anchor":9,"CaptainsWheel":0,"Pondfish Scales":92,"infinitespire:Satchel":29,"HolyWater":56,"Ring of Fury":90,"Snack Pack":0,"Coffee Dripper":17,"Bag of Marbles":76,"Membership Card":69,"PureWater":0,"FossilizedHelix":8,"TungstenRod":98},{"Golden Egg":27,"Replay:Accelerometer":70,"infinitespire:Cubic Diamond":179,"Ginger":120,"Boot":36,"Sling":55,"Old Coin":79,"Blood Vial":164,"Replay:Ringing Soul":162,"infinitespire:ShieldingShard":182,"Sundial":108,"MealTicket":174,"Fusion Hammer":161,"HandDrill":26,"Replay:Wax Seal":79,"Replay:Bottled Steam":33,"Counterbalance":83,"Blue Candle":161,"Eternal Feather":137,"Pen Nib":22,"Guardian:PocketSentry":7,"infinitespire:Magic Flask":175,"SlaversCollar":8,"infinitespire:Lychee Nut":146,"infinitespire:Broken Mirror":149,"MutagenicStrength":39,"Bird Faced Urn":159,"Unceasing Top":63,"Abe\u0027s Treasure":131,"infinitespire:PuzzleCube":145,"Lantern":109,"Regal Pillow":146,"Torii":143,"Singing Bowl":176,"Replay:Purple Gloves":113,"Blue Doll":55,"StoneCalendar":113,"Replay:Multitool":81,"Bag of Preparation":169,"Ancient Tea Set":86,"Smiling Mask":145,"Pet Ghost":107,"Replay:Rubber Ducky":20,"Shovel":7,"Matryoshka":160,"Ring of Peace":171,"Toolbox":144,"WingedGreaves":158,"Chemical X":167,"Replay:Bottled Eggs":24,"Potion Belt":42,"Replay:M_StaffOfTheSnake":57,"Damaru":13,"infinitespire:Joker Card":142,"PreservedInsect":181,"Omamori":163,"Ring of Greed":79,"infinitespire:Lucky Rock":168,"Frozen Egg 2":107,"MawBank":24,"GoldenEye":107,"Replay:Arrowhead":15,"sneckomod:BabySnecko":14,"Busted Crown":150,"Ornamental Fan":3,"Ring of Misfortune":79,"Garlic":22,"Durian":28,"Art of War":54,"Slimebound:AbsorbEndCombat":179,"ReplayTheSpireMod:Lightbulb":72,"Toy Ornithopter":51,"wanderingMiniBosses:Inkheart":74,"infinitespire:Midas Blood":175,"Ice Cream":176,"Divine Protection":112,"Calipers":157,"CeramicFish":20,"Vajra":11,"Sozu":102,"Centennial Puzzle":83,"HornCleat":26,"Honey Jar":75,"Prayer Wheel":79,"Iron Hammer":27,"Toxic Egg 2":51,"Happy Flower":79,"wanderingMiniBosses:ThiefScarf":143,"ReplayTheSpireMod:CursedCoin":84,"Replay:Grab Bag":102,"Dead Branch":181,"Oddly Smooth Stone":77,"Ring of Chaos":38,"Replay:Kaleidoscope":108,"Question Card":163,"OrangePellets":28,"Replay:Baseball":160,"ReplayTheSpireMod:Shallot":179,"Bronze Scales":5,"Simple Rune":97,"Onion Ring":155,"Black Star":16,"Nloth\u0027s Gift":43,"ReplayTheSpireMod:TigerMarble":52,"infinitespire:EmpoweringShard":166,"Grinning Jar":61,"Mirror":145,"Pocketwatch":28,"NlothsMask":84,"Meat on the Bone":174,"ReplayFunnel":22,"Replay:PocketPolymizer":45,"Melange":77,"CloakClasp":0,"Incense Burner":28,"Juzu Bracelet":54,"Replay:Mystery Machine":53,"ClockworkSouvenir":28,"Frozen Eye":158,"Replay:Bandana":19,"Nunchaku":80,"Dream Catcher":89,"Mummified Hand":71,"Pantograph":53,"Tiny Chest":14,"Red Mask":43,"Replay:Bottled Snecko":119,"Runic Pyramid":171,"Gremlin Food":147,"infinitespire:CursedDice":173,"Quantum Egg":96,"infinitespire:FocusingShard":160,"Orichalcum":110,"Medical Kit":149,"Mercury Hourglass":155,"Strange Spoon":113,"Anchor":3,"CaptainsWheel":113,"Pondfish Scales":172,"infinitespire:Satchel":138,"HolyWater":153,"Ring of Fury":171,"Snack Pack":28,"Coffee Dripper":65,"Bag of Marbles":164,"Membership Card":161,"PureWater":0,"FossilizedHelix":120,"TungstenRod":175},{"Golden Egg":172,"Replay:Accelerometer":347,"infinitespire:Cubic Diamond":978,"Ginger":739,"Boot":206,"Sling":288,"Old Coin":380,"Blood Vial":914,"Replay:Ringing Soul":908,"infinitespire:ShieldingShard":984,"Sundial":675,"MealTicket":956,"Fusion Hammer":904,"HandDrill":164,"Replay:Wax Seal":380,"Replay:Bottled Steam":198,"Counterbalance":394,"Blue Candle":904,"Eternal Feather":804,"Pen Nib":133,"Guardian:PocketSentry":41,"infinitespire:Magic Flask":960,"SlaversCollar":53,"infinitespire:Lychee Nut":840,"infinitespire:Broken Mirror":851,"MutagenicStrength":220,"Bird Faced Urn":892,"Unceasing Top":314,"Abe\u0027s Treasure":780,"infinitespire:PuzzleCube":836,"Lantern":680,"Regal Pillow":840,"Torii":825,"Singing Bowl":965,"Replay:Purple Gloves":706,"Blue Doll":288,"StoneCalendar":706,"Replay:Multitool":386,"Bag of Preparation":938,"Ancient Tea Set":404,"Smiling Mask":836,"Pet Ghost":663,"Replay:Rubber Ducky":122,"Shovel":41,"Matryoshka":896,"Ring of Peace":944,"Toolbox":830,"WingedGreaves":886,"Chemical X":932,"Replay:Bottled Eggs":147,"Potion Belt":227,"Replay:M_StaffOfTheSnake":292,"Damaru":79,"infinitespire:Joker Card":820,"PreservedInsect":983,"Omamori":911,"Ring of Greed":380,"infinitespire:Lucky Rock":934,"Frozen Egg 2":663,"MawBank":147,"GoldenEye":663,"Replay:Arrowhead":90,"sneckomod:BabySnecko":86,"Busted Crown":857,"Ornamental Fan":19,"Ring of Misfortune":380,"Garlic":133,"Durian":181,"Art of War":281,"Slimebound:AbsorbEndCombat":978,"ReplayTheSpireMod:Lightbulb":356,"Toy Ornithopter":260,"wanderingMiniBosses:Inkheart":364,"infinitespire:Midas Blood":960,"Ice Cream":965,"Divine Protection":700,"Calipers":880,"CeramicFish":122,"Vajra":70,"Sozu":635,"Centennial Puzzle":394,"HornCleat":164,"Honey Jar":371,"Prayer Wheel":380,"Iron Hammer":172,"Toxic Egg 2":260,"Happy Flower":380,"wanderingMiniBosses:ThiefScarf":825,"ReplayTheSpireMod:CursedCoin":398,"Replay:Grab Bag":635,"Dead Branch":983,"Oddly Smooth Stone":375,"Ring of Chaos":217,"Replay:Kaleidoscope":675,"Question Card":911,"OrangePellets":181,"Replay:Baseball":896,"ReplayTheSpireMod:Shallot":978,"Bronze Scales":28,"Simple Rune":610,"Onion Ring":873,"Black Star":98,"Nloth\u0027s Gift":229,"ReplayTheSpireMod:TigerMarble":267,"infinitespire:EmpoweringShard":928,"Grinning Jar":309,"Mirror":836,"Pocketwatch":181,"NlothsMask":398,"Meat on the Bone":956,"ReplayFunnel":133,"Replay:PocketPolymizer":237,"Melange":375,"CloakClasp":0,"Incense Burner":181,"Juzu Bracelet":281,"Replay:Mystery Machine":274,"ClockworkSouvenir":181,"Frozen Eye":886,"Replay:Bandana":115,"Nunchaku":383,"Dream Catcher":416,"Mummified Hand":351,"Pantograph":274,"Tiny Chest":86,"Red Mask":229,"Replay:Bottled Snecko":733,"Runic Pyramid":944,"Gremlin Food":845,"infinitespire:CursedDice":952,"Quantum Egg":607,"infinitespire:FocusingShard":896,"Orichalcum":686,"Medical Kit":851,"Mercury Hourglass":873,"Strange Spoon":706,"Anchor":19,"CaptainsWheel":706,"Pondfish Scales":947,"infinitespire:Satchel":806,"HolyWater":868,"Ring of Fury":944,"Snack Pack":181,"Coffee Dripper":327,"Bag of Marbles":914,"Membership Card":904,"PureWater":0,"FossilizedHelix":739,"TungstenRod":960}],"Toy Ornithopter":5},"card_choices":[{"not_picked":["EmptyBody","ForeignInfluence"],"picked":"BowlingBash","floor":1.0},{"not_picked":["Replay:ManipulateFuture","PathToVictory"],"picked":"FlurryOfBlows","floor":3.0},{"not_picked":["Consecrate","EmptyFist"],"picked":"Crescendo","floor":4.0},{"not_picked":["EmptyBody","DeceiveReality"],"picked":"CutThroughFate","floor":5.0},{"not_picked":["Collect","PathToVictory"],"picked":"Ragnarok","floor":6.0},{"not_picked":["Wallop","SashWhip"],"picked":"Perseverance","floor":8.0},{"not_picked":["FlyingSleeves","JustLucky"],"picked":"EmptyBody","floor":11.0},{"not_picked":["InnerPeace","PathToVictory","Halt"],"picked":"SKIP","floor":12.0},{"not_picked":["Pray","BattleHymn"],"picked":"WreathOfFlame","floor":14.0},{"not_picked":["Wish","ConjureBlade"],"picked":"LessonLearned","floor":16.0},{"not_picked":["PathToVictory","CutThroughFate"],"picked":"Evaluate","floor":18.0},{"not_picked":["Protect","Prostrate"],"picked":"Meditate+1","floor":19.0},{"not_picked":["SignatureMove","Devotion"],"picked":"ThirdEye+1","floor":20.0},{"not_picked":["Prostrate+1","FlurryOfBlows+1"],"picked":"TalkToTheHand+1","floor":23.0},{"not_picked":["EmptyFist","CutThroughFate","Worship+1"],"picked":"SKIP","floor":24.0},{"not_picked":["SashWhip+1","Crescendo"],"picked":"Protect","floor":25.0},{"not_picked":["SashWhip","MentalFortress","Replay:AtTheReady"],"picked":"SKIP","floor":29.0},{"not_picked":["Protect","Conclude"],"picked":"ClearTheMind","floor":31.0},{"not_picked":["MasterReality","LessonLearned"],"picked":"DevaForm","floor":33.0},{"not_picked":["Replay:AtTheReady+1","FlurryOfBlows+1","WaveOfTheHand"],"picked":"SKIP","floor":35.0},{"not_picked":["CarveReality+1","Meditate"],"picked":"Wireheading","floor":36.0},{"not_picked":["Wallop","BattleHymn","InnerPeace"],"picked":"SKIP","floor":38.0},{"not_picked":["Replay:AtTheReady+1","Consecrate+1"],"picked":"ConjureBlade","floor":40.0},{"not_picked":["FollowUp","Protect+1","Meditate"],"picked":"SKIP","floor":45.0},{"not_picked":["Swivel+1","FollowUp","Replay:BluntJabs"],"picked":"SKIP","floor":46.0},{"not_picked":["ThirdEye","Study","Evaluate"],"picked":"SKIP","floor":48.0},{"not_picked":["ConjureBlade","Blasphemy"],"picked":"Ragnarok","floor":50.0},{"not_picked":["CutThroughFate"],"picked":"SKIP","floor":52},{"not_picked":["EmptyBody"],"picked":"SKIP","floor":53},{"not_picked":["Evaluate"],"picked":"SKIP","floor":54},{"not_picked":["Crescendo"],"picked":"SKIP","floor":56},{"not_picked":["Swivel"],"picked":"SKIP","floor":57},{"not_picked":["FlurryOfBlows"],"picked":"SKIP","floor":58},{"not_picked":["ReachHeaven"],"picked":"SKIP","floor":59},{"not_picked":[],"picked":"Fasting2","floor":61},{"not_picked":["Consecrate"],"picked":"SKIP","floor":62},{"not_picked":["Replay:Cycle"],"picked":"SKIP","floor":65},{"not_picked":[],"picked":"Alpha","floor":67},{"not_picked":["WaveOfTheHand+1"],"picked":"SKIP","floor":69},{"not_picked":[],"picked":"WheelKick","floor":71},{"not_picked":["CarveReality"],"picked":"SKIP","floor":72},{"not_picked":["infinitespire:DeathsTouch","ReplayTheSpireMod:Haul"],"picked":"infinitespire:Oblivion","floor":76},{"not_picked":["CarveReality"],"picked":"SKIP","floor":76},{"not_picked":["Prostrate"],"picked":"SKIP","floor":78},{"not_picked":["EmptyMind"],"picked":"SKIP","floor":80},{"not_picked":[],"picked":"Nirvana","floor":82},{"not_picked":["ReplayTheSpireMod:Echoes of Time","infinitespire:Fortify"],"picked":"infinitespire:UltimateForm","floor":84},{"not_picked":[],"picked":"Wish","floor":84},{"not_picked":["Replay:BluntJabs+1"],"picked":"SKIP","floor":86},{"not_picked":["Prostrate+1"],"picked":"SKIP","floor":87},{"not_picked":["Prostrate+1"],"picked":"SKIP","floor":87},{"not_picked":["FlyingSleeves+1"],"picked":"SKIP","floor":91},{"not_picked":["FlyingSleeves"],"picked":"SKIP","floor":92},{"not_picked":[],"picked":"JustLucky+1","floor":93},{"not_picked":["Weave"],"picked":"SKIP","floor":95},{"not_picked":[],"picked":"ReplayUltimateDefense","floor":96},{"not_picked":["Replay:AtTheReady+1"],"picked":"Singing Bowl","floor":98},{"not_picked":["FlyingSleeves+1"],"picked":"Singing Bowl","floor":99},{"not_picked":["Devotion"],"picked":"Singing Bowl","floor":101},{"not_picked":["Consecrate","ThirdEye"],"picked":"Singing Bowl","floor":103},{"not_picked":["FlyingSleeves","Study"],"picked":"Singing Bowl","floor":106},{"not_picked":["BowlingBash","Ragnarok"],"picked":"Singing Bowl","floor":108},{"not_picked":["MasterReality+1","BowlingBash"],"picked":"Singing Bowl","floor":110}],"player_experience":164709,"relics_obtained":[{"floor":6.0,"key":"Replay:Bottled Snecko"},{"floor":8.0,"key":"Ancient Tea Set"},{"floor":9.0,"key":"Vajra"},{"floor":12.0,"key":"Quantum Egg"},{"floor":14.0,"key":"Oddly Smooth Stone"},{"floor":23.0,"key":"Nunchaku"},{"floor":25.0,"key":"Replay:Bottled Eggs"},{"floor":26.0,"key":"Eternal Feather"},{"floor":29.0,"key":"infinitespire:Satchel"},{"floor":38.0,"key":"Ancient Tea Set"},{"floor":38.0,"key":"wanderingMiniBosses:ThiefScarf"},{"floor":39.0,"key":"FossilizedHelix"},{"floor":40.0,"key":"infinitespire:PuzzleCube"},{"floor":42.0,"key":"infinitespire:Lychee Nut"},{"floor":43.0,"key":"Regal Pillow"},{"floor":45.0,"key":"Toy Ornithopter"},{"floor":57,"key":"Durian"},{"floor":59,"key":"Lantern"},{"floor":60,"key":"Replay:Arrowhead"},{"floor":61,"key":"WingedGreaves"},{"floor":65,"key":"Replay:Baseball"},{"floor":76,"key":"Blue Doll"},{"floor":77,"key":"Juzu Bracelet"},{"floor":78,"key":"infinitespire:EmpoweringShard"},{"floor":90,"key":"Ring of Fury"},{"floor":90,"key":"Ring of Peace"},{"floor":91,"key":"StoneCalendar"},{"floor":91,"key":"Blue Candle"},{"floor":93,"key":"Replay:Wax Seal"},{"floor":93,"key":"MealTicket"},{"floor":94,"key":"Bag of Marbles"},{"floor":95,"key":"infinitespire:Midas Blood"},{"floor":95,"key":"infinitespire:Magic Flask"},{"floor":98,"key":"Singing Bowl"},{"floor":98,"key":"Ice Cream"},{"floor":108,"key":"PreservedInsect"},{"floor":108,"key":"Dead Branch"},{"floor":110,"key":"Frozen Egg 2"},{"floor":110,"key":"Gremlin Food"},{"floor":111,"key":"Replay:Rubber Ducky"}],"event_choices":[{"cards_removed":["Strike_P"],"damage_healed":0.0,"max_hp_gain":0.0,"max_hp_loss":0.0,"gold_gain":0.0,"event_name":"Bonfire Elementals","player_choice":"Offered Basic","floor":2.0,"gold_loss":0.0,"damage_taken":0.0},{"damage_healed":0.0,"max_hp_gain":0.0,"max_hp_loss":36.0,"gold_gain":0.0,"event_name":"Ghosts","player_choice":"Became a Ghost","floor":21.0,"gold_loss":0.0,"damage_taken":0.0,"cards_obtained":["Ghostly","Ghostly","Ghostly","Ghostly","Ghostly"]},{"damage_healed":0.0,"max_hp_gain":5.0,"max_hp_loss":0.0,"gold_gain":0.0,"event_name":"Forgotten Altar","player_choice":"Shed Blood","floor":22.0,"gold_loss":0.0,"damage_taken":9.0},{"damage_healed":0.0,"max_hp_gain":0.0,"max_hp_loss":0.0,"gold_gain":0.0,"event_name":"Duplicator","player_choice":"Copied","floor":28.0,"gold_loss":0.0,"damage_taken":0.0,"cards_obtained":["Ragnarok"]},{"damage_healed":0.0,"max_hp_gain":0.0,"max_hp_loss":0.0,"gold_gain":0.0,"event_name":"Mysterious Sphere","player_choice":"Fight","floor":39.0,"gold_loss":0.0,"damage_taken":0.0},{"damage_healed":0.0,"max_hp_gain":0.0,"max_hp_loss":0.0,"gold_gain":0.0,"event_name":"MindBloom","player_choice":"Fight","floor":42.0,"gold_loss":0.0,"damage_taken":0.0},{"damage_healed":0,"gold_gain":0,"player_choice":"3 cards matched","damage_taken":0,"max_hp_gain":0,"max_hp_loss":0,"event_name":"Match and Keep!","floor":55,"gold_loss":0,"cards_obtained":["FlyingSleeves","Eruption","Replay:SS_forest_5"]},{"cards_removed":["FlyingSleeves"],"damage_healed":0,"gold_gain":0,"player_choice":"Card Removal","damage_taken":7,"max_hp_gain":0,"max_hp_loss":0,"event_name":"Golden Wing","floor":64,"gold_loss":0},{"damage_healed":0,"gold_gain":0,"player_choice":"Bought 0 Potions","damage_taken":0,"max_hp_gain":0,"max_hp_loss":0,"event_name":"The Woman in Blue","floor":70,"gold_loss":0},{"damage_healed":0,"gold_gain":99,"player_choice":"Stole From Cult","damage_taken":0,"max_hp_gain":0,"max_hp_loss":0,"event_name":"Nest","floor":73,"gold_loss":0},{"damage_healed":0,"gold_gain":0,"player_choice":"Read","damage_taken":0,"max_hp_gain":0,"max_hp_loss":0,"event_name":"The Library","floor":75,"gold_loss":0,"cards_obtained":["Tantrum"]},{"damage_healed":0,"gold_gain":0,"player_choice":"Ignored","damage_taken":0,"max_hp_gain":0,"max_hp_loss":0,"event_name":"Tomb of Lord Red Mask","floor":88,"gold_loss":0},{"damage_healed":0,"gold_gain":0,"player_choice":"Memory 3","damage_taken":10,"max_hp_gain":0,"max_hp_loss":0,"event_name":"SensoryStone","floor":96,"gold_loss":0},{"damage_healed":0,"gold_gain":75,"player_choice":"Touch","damage_taken":4,"max_hp_gain":0,"max_hp_loss":0,"event_name":"FaceTrader","floor":104,"gold_loss":0},{"damage_healed":0,"gold_gain":0,"player_choice":"Success","damage_taken":33,"relics_obtained":["Omamori"],"max_hp_gain":0,"max_hp_loss":0,"event_name":"Scrap Ooze","floor":107,"gold_loss":0}],"is_beta":false,"boss_relics":[{"not_picked":["Replay:Ancient Bell","Runic Pyramid"],"picked":"Abe\u0027s Treasure"},{"not_picked":["Ring of Chaos","ChewingGum"],"picked":"Coffee Dripper"},{"not_picked":["ReplayTheSpireMod:DimensionalGlitch","Replay:Wanted Poster"],"picked":"Busted Crown"},{"not_picked":["Snecko Eye","Philosopher\u0027s Stone"],"picked":"Fusion Hammer"},{"not_picked":["Tiny House","ReplayTheSpireMod:Onyx Gauntlets"],"picked":"Black Star"},{"not_picked":["ReplayTheSpireMod:DimensionalGlitch","ChewingGum"],"picked":"Honey Jar"}],"items_purged_floors":[13,30,37,89],"is_endless":true,"potions_floor_spawned":[3,6,11,12,16,23,24,25,29,35,36,45,48,57,58,62,65,69,71,80,86,91,98,103,108],"killed_by":"Nightmare_Alpha","ascension_level":1}}