{"host":"16pupetwkpt1jfy9","time":1607482062,"event":{"gold_per_floor":[116,116,41,41,41,41,57,69,119,119,134,134,146,159,159,258,258,273,290,190,205,205,205,220,220,220],"floor_reached":25,"playtime":947,"items_purged":["Defend_R","Strike_R"],"score":195,"play_id":"74c8e307-9013-4039-9096-34049dfa4d30","local_time":"20201208214742","is_ascension_mode":false,"campfire_choices":[{"floor":6,"key":"RECALL"},{"data":"Anger","floor":10,"key":"SMITH"},{"data":"Pommel Strike","floor":12,"key":"SMITH"},{"data":"Battle Trance","floor":15,"key":"SMITH"},{"data":"Anger","floor":23,"key":"SMITH"}],"neow_cost":"NONE","seed_source_timestamp":612332546942100,"circlet_count":0,"master_deck":["Strike_R","Strike_R","Defend_R","Inflame+1","Pommel Strike+1","Anger+1","Battle Trance+1","Anger+1","Dual Wield"],"relics":["Burning Blood","Empty Cage"],"potions_floor_usage":[13,16,21],"damage_taken":[{"damage":2,"enemies":"Small Slimes","floor":1,"turns":5},{"damage":11,"enemies":"Jaw Worm","floor":7,"turns":3},{"damage":1,"enemies":"Cultist","floor":8,"turns":3},{"damage":2,"enemies":"Blue Slaver","floor":11,"turns":2},{"damage":0,"enemies":"Looter","floor":13,"turns":1},{"damage":7,"enemies":"3 Louse","floor":14,"turns":2},{"damage":50,"enemies":"Hexaghost","floor":16,"turns":5},{"damage":10,"enemies":"2 Thieves","floor":18,"turns":2},{"damage":5,"enemies":"Chosen","floor":19,"turns":2},{"damage":20,"enemies":"Centurion and Healer","floor":21,"turns":3},{"damage":21,"enemies":"Snake Plant","floor":24,"turns":2},{"damage":40,"enemies":"Shelled Parasite and Fungi","floor":25,"turns":2}],"seed_played":"8003217114863731587","potions_obtained":[{"floor":1,"key":"DistilledChaos"},{"floor":14,"key":"Ancient Potion"},{"floor":19,"key":"DuplicationPotion"}],"is_trial":false,"path_per_floor":["M","?","$","?","?","R","M","M","T","R","M","R","M","M","R","B",null,"M","M","$","M","?","R","M","M"],"character_chosen":"IRONCLAD","items_purchased":[],"campfire_rested":0,"item_purchase_floors":[],"current_hp_per_floor":[80,73,73,73,73,73,68,73,73,73,77,77,80,79,79,35,80,76,77,77,63,48,48,33,0,0],"gold":220,"neow_bonus":"REMOVE_CARD","is_prod":false,"is_daily":false,"chose_seed":false,"campfire_upgraded":4,"win_rate":0.0,"timestamp":1607482062,"path_taken":["M","?","$","?","?","R","M","M","T","R","M","R","M","M","R","BOSS","M","M","$","M","?","R","M","M"],"build_version":"2020-11-30","purchased_purges":2,"victory":false,"max_hp_per_floor":[80,80,80,80,80,80,80,80,80,80,80,80,80,80,80,80,80,80,80,80,80,85,85,85,85,85],"card_choices":[{"not_picked":["Flame Barrier","Flex"],"picked":"Inflame","floor":1},{"not_picked":["Shrug It Off","Warcry"],"picked":"Pommel Strike","floor":7},{"not_picked":["Heavy Blade","Warcry"],"picked":"Anger","floor":8},{"not_picked":["Carnage","Havoc","Dropkick"],"picked":"SKIP","floor":11},{"not_picked":["Intimidate","Rage"],"picked":"Battle Trance","floor":13},{"not_picked":["Spot Weakness","Body Slam","Dark Embrace"],"picked":"SKIP","floor":14},{"not_picked":["Clash","Intimidate"],"picked":"Anger","floor":18},{"not_picked":["Shockwave+1","Body Slam+1"],"picked":"Dual Wield","floor":19},{"not_picked":["Shrug It Off+1","Sever Soul+1","Headbutt"],"picked":"SKIP","floor":21},{"not_picked":["True Grit+1","Cleave","Berserk"],"picked":"SKIP","floor":24}],"player_experience":57736,"relics_obtained":[],"event_choices":[{"cards_removed":["Defend_R"],"damage_healed":0,"gold_gain":0,"player_choice":"Card Removal","damage_taken":7,"max_hp_gain":0,"max_hp_loss":0,"event_name":"Golden Wing","floor":2,"gold_loss":0},{"cards_removed":["Defend_R"],"damage_healed":0,"gold_gain":0,"player_choice":"Forget","damage_taken":0,"max_hp_gain":0,"max_hp_loss":0,"event_name":"Living Wall","floor":4,"gold_loss":0},{"damage_healed":0,"gold_gain":0,"player_choice":"Upgraded","damage_taken":0,"max_hp_gain":0,"max_hp_loss":0,"event_name":"Upgrade Shrine","floor":5,"gold_loss":0,"cards_upgraded":["Inflame"]},{"damage_healed":0,"gold_gain":0,"player_choice":"Shed Blood","damage_taken":20,"max_hp_gain":5,"max_hp_loss":0,"event_name":"Forgotten Altar","floor":22,"gold_loss":0}],"is_beta":false,"boss_relics":[{"not_picked":["Sozu","SlaversCollar"],"picked":"Empty Cage"}],"items_purged_floors":[3,20],"is_endless":false,"potions_floor_spawned":[1,14,19],"killed_by":"Shelled Parasite and Fungi","ascension_level":0}}