{"host":"knkiqlnt7kg6m7j2","time":1607516667,"event":{"gold_per_floor":[114,13,13,13,13,43,56,72,72,72,86,105,117,29,29,128,128,141,158,158,34,68,95,15,29,29,29,29,29,29,129,129,226,226,238,81,93,112,112,112,145,145,177,209,223,223,239,250,250,250],"floor_reached":51,"playtime":4299,"items_purged":["Koishi:BasicDefend","Koishi:BasicStrike","Koishi:BasicDefend"],"score":975,"play_id":"48dc0348-4d8a-4501-9f0c-36012e377487","local_time":"20201209202427","is_ascension_mode":false,"campfire_choices":[{"data":"Koishi:JumpScare","floor":10.0,"key":"SMITH"},{"data":"Koishi:UnseenTerror","floor":15,"key":"SMITH"},{"data":"Koishi:Untouchable","floor":27,"key":"SMITH"},{"data":"Koishi:UnconsciousUrges","floor":29,"key":"SMITH"},{"data":"Luminous:Abyss_Heart_Luminous","floor":32,"key":"SMITH"},{"data":"Koishi:VengefulSpirit","floor":40,"key":"SMITH"},{"data":"Koishi:GhostParty","floor":42,"key":"SMITH"},{"data":"Koishi:Vanish","floor":46,"key":"SMITH"},{"data":"Koishi:SubconsciousSweep","floor":49,"key":"SMITH"}],"neow_cost":"NONE","seed_source_timestamp":420837652797200,"circlet_count":0,"master_deck":["Koishi:BasicStrike","Koishi:BasicDefend","Koishi:Provoke","Koishi:HauntingSlash","Koishi:UnseenTerror+1","Koishi:GhostParty+1","Koishi:PhantomStrike","Koishi:Vanish+1","Panache+1","Koishi:JumpScare+1","Forethought","Koishi:SubconsciousSweep+1","Koishi:Untouchable+1","Koishi:UnconsciousUrges+1","Luminous:Abyss_Heart_Luminous+1","Luminous:Defend_Luminous","Koishi:VengefulSpirit+1","Acrobatics+1","MostiFishMod:UniPurple+1","Koishi:TremblingHands","Hightail+1"],"special_seed":0,"relics":["Koishi:ImaginaryFriend","DaveBox","NeowsBlessing","BrkXgEgg","PrismaticShard","Question Card","HornCleat","DianPoetry","ImportantClient","GuanYuAspect","Bottled Tornado","Pen Nib","Pear","MutagenicStrength","DianDianMeat","Toxic Egg 2","MetatronsCube","ImprovedEquipment","Pocketwatch","Du-Vu Doll"],"potions_floor_usage":[41,41,50,50],"damage_taken":[{"damage":0.0,"enemies":"Cultist","floor":1.0,"turns":1.0},{"damage":0.0,"enemies":"3 Sentries","floor":6.0,"turns":3.0},{"damage":0.0,"enemies":"2 Louse","floor":7.0,"turns":1.0},{"damage":4.0,"enemies":"Jaw Worm","floor":8.0,"turns":5.0},{"damage":5.0,"enemies":"Exordium Wildlife","floor":11.0,"turns":6.0},{"damage":14.0,"enemies":"Exordium Thugs","floor":12.0,"turns":4.0},{"damage":0,"enemies":"Looter","floor":13,"turns":4},{"damage":3,"enemies":"Hexaghost","floor":16,"turns":12},{"damage":3,"enemies":"Spheric Guardian","floor":18,"turns":5},{"damage":0,"enemies":"3 Byrds","floor":19,"turns":4},{"damage":0,"enemies":"Snake Plant","floor":22,"turns":7},{"damage":27,"enemies":"Book of Stabbing","floor":23,"turns":5},{"damage":3,"enemies":"Snake Plant","floor":25,"turns":4},{"damage":19,"enemies":"Colosseum Slavers","floor":31,"turns":5},{"damage":2,"enemies":"Colosseum Nobs","floor":31,"turns":5},{"damage":0,"enemies":"Automaton","floor":33,"turns":12},{"damage":10,"enemies":"3 Darklings","floor":35,"turns":5},{"damage":3,"enemies":"3 Shapes","floor":37,"turns":5},{"damage":0,"enemies":"Spire Growth","floor":38,"turns":5},{"damage":16,"enemies":"Nemesis","floor":41,"turns":7},{"damage":0,"enemies":"Jaw Worm Horde","floor":43,"turns":7},{"damage":10,"enemies":"Giant Head","floor":44,"turns":7},{"damage":4,"enemies":"Jaw Worm Horde","floor":45,"turns":4},{"damage":14,"enemies":"3 Darklings","floor":47,"turns":3},{"damage":0,"enemies":"Spire Growth","floor":48,"turns":4},{"damage":9,"enemies":"Time Eater","floor":50,"turns":9}],"seed_played":"-6370888520113646999","potions_obtained":[{"floor":8.0,"key":"BlessingOfTheForge"},{"floor":11.0,"key":"DuplicationPotion"},{"floor":23,"key":"Ancient Potion"},{"floor":39,"key":"SteroidPotion"},{"floor":39,"key":"Energy Potion"},{"floor":45,"key":"Weak Potion"},{"floor":47,"key":"DistilledChaos"}],"is_trial":false,"path_per_floor":["M","$","?","?","?","E","M","M","T","R","M","M","M","$","R","B",null,"M","M","?","$","MIM","E","$","M","T","R","?","R","?","?","R","B",null,"M","$","M","M","?","R","E","R","MIM","E","M","R","M","M","R","B",null],"character_chosen":"KOISHI","items_purchased":["Koishi:GhostParty","Koishi:PhantomStrike","Koishi:SubconsciousSweep","Koishi:Untouchable","Koishi:VengefulSpirit","Koishi:TremblingHands"],"campfire_rested":0,"item_purchase_floors":[2,2,14,14,21,36],"current_hp_per_floor":[60,60,53,53,58,58,58,57,57,57,65,61,65,65,65,65,33,33,33,33,33,33,33,33,33,38,38,38,38,38,44,44,45,46,46,48,51,53,53,53,98,98,122,130,130,130,130,130,130,130],"gold":250,"neow_bonus":"THREE_ENEMY_KILL","is_prod":false,"is_daily":false,"chose_seed":false,"campfire_upgraded":9,"win_rate":1,"timestamp":1607516667,"path_taken":["M","$","?","?","?","E","M","M","T","R","?","M","M","$","R","BOSS","M","M","?","$","?","E","$","M","T","R","?","R","?","?","R","BOSS","M","$","M","M","?","R","E","R","MIM","E","M","R","M","M","R","BOSS"],"build_version":"2020-11-30","purchased_purges":3,"victory":true,"max_hp_per_floor":[60,60,60,60,65,65,65,65,65,65,65,65,65,65,65,65,33,33,33,33,33,33,33,33,33,43,43,43,43,43,44,44,46,46,46,49,53,53,53,53,130,130,130,130,130,130,130,130,130,130],"card_choices":[{"not_picked":["Koishi:PhantomStrike","Koishi:SubterraneanRose"],"picked":"Koishi:UnseenTerror","floor":1.0},{"not_picked":["Shockwave","WatchEyeChange_purple","Gatherer:Liquidism"],"picked":"Panache+1","floor":6.0},{"not_picked":["Hologram","ConstancyOfTheConventionalTruth","SwordExtraction","TheCursedMod:SpitefulStrike"],"picked":"SKIP","floor":7.0},{"not_picked":["Vengeance","TheCursedMod:SurpriseAttack","Compile Driver"],"picked":"Koishi:JumpScare","floor":8.0},{"not_picked":["LifeCuttingSword","PulseMagic","Heel Hook"],"picked":"Forethought","floor":11.0},{"not_picked":["JustLucky","Realm_recovery_purpleEX","Dagger Spray","Singularity"],"picked":"SKIP","floor":12.0},{"not_picked":["ThirdEye","Ball Lightning","Gatherer:EnergyBasket","PhosphoricSlash"],"picked":"SKIP","floor":13},{"not_picked":["Koishi:YoukaiPolygraph","CrescentMoonSlash","Hemokinesis"],"picked":"Koishi:UnconsciousUrges","floor":18},{"not_picked":["WindmillStrike","TheCursedMod:CircleOfCorruption+1","CherryBlossomFlashing"],"picked":"Luminous:Abyss_Heart_Luminous","floor":19},{"not_picked":["LowerRealmReflectionSlash","Koishi:BloodcurdlingScream","Koishi:PhantomStrike"],"picked":"MostiFishMod:NeverNightCountry+1","floor":23},{"not_picked":["Gatherer:QuickSynthesis+1","DoubleSpark","FlashingScatteredFlowers+1","Clothesline+1"],"picked":"SKIP","floor":25},{"not_picked":["Luminosity+1","TheCursedMod:CircleOfWindfury+1","Luminous:Dark_Pressure_Void+1"],"picked":"Acrobatics+1","floor":31},{"not_picked":["Luminous:Ethereal_Form_Luminous+1","Rainbow+1","MostiFishMod:Volcan+1"],"picked":"MostiFishMod:UniPurple+1","floor":33},{"not_picked":["Pommel Strike","Second Wind+1","Koishi:PhantomBarrier+1","Perfected Strike"],"picked":"SKIP","floor":35},{"not_picked":["StateErode_purple+1","Acceleration+1","Gatherer:ScentOfRosmari+1"],"picked":"Hightail+1","floor":37},{"not_picked":["Underhanded Strike","Luminous:Blinding_Pillar_Luminous+1","EnergyRecoil+1","TheCursedMod:CursedMace+1"],"picked":"SKIP","floor":38},{"not_picked":["Gatherer:WitheringStrike","MostiFishMod:MusicBox+1","ClowCardTheVoice+1","Steam+1"],"picked":"SKIP","floor":41},{"not_picked":["ThoughtCuttingSword","ClowCardTheMaze+1","ClearTheMind+1","Swift Strike+1"],"picked":"SKIP","floor":44},{"not_picked":["MostiFishMod:PerfectParry+1","JustLucky+1","Gatherer:Uplift","TheCursedMod:FleshFromBone+1"],"picked":"SKIP","floor":45},{"not_picked":["TheCursedMod:SpreadPlague+1","ClowCardThePower","GalacticHalo+1","TurningAngelCut+1"],"picked":"SKIP","floor":47},{"not_picked":["Good Instincts+1","Luminous:Accumulation_Luminous+1","Gatherer:AcidicSpray+1","Luminous:Sympathy_Luminous+1"],"picked":"SKIP","floor":48}],"player_experience":120631,"relics_obtained":[{"floor":1.0,"key":"PrismaticShard"},{"floor":1.0,"key":"Question Card"},{"floor":6.0,"key":"HornCleat"},{"floor":9.0,"key":"DianPoetry"},{"floor":16,"key":"ImportantClient"},{"floor":22,"key":"Bottled Tornado"},{"floor":23,"key":"Pen Nib"},{"floor":26,"key":"Pear"},{"floor":31,"key":"DianDianMeat"},{"floor":31,"key":"Toxic Egg 2"},{"floor":41,"key":"ImprovedEquipment"},{"floor":43,"key":"Pocketwatch"},{"floor":44,"key":"Du-Vu Doll"}],"event_choices":[{"cards_removed":["Koishi:BasicStrike"],"damage_healed":0.0,"max_hp_gain":0.0,"max_hp_loss":0.0,"gold_gain":0.0,"event_name":"Golden Wing","player_choice":"Card Removal","floor":3.0,"gold_loss":0.0,"damage_taken":7.0},{"damage_healed":0.0,"max_hp_gain":0.0,"max_hp_loss":0.0,"gold_gain":0.0,"cards_transformed":["Koishi:BasicStrike"],"event_name":"Living Wall","player_choice":"Change","floor":4.0,"gold_loss":0.0,"damage_taken":0.0,"cards_obtained":["Koishi:Vanish"]},{"damage_healed":0.0,"max_hp_gain":5.0,"max_hp_loss":0.0,"gold_gain":0.0,"event_name":"Big Fish","player_choice":"Donut","floor":5.0,"gold_loss":0.0,"damage_taken":0.0},{"cards_removed":["Koishi:BasicDefend"],"damage_healed":0,"gold_gain":0,"player_choice":"Took Card","damage_taken":0,"max_hp_gain":0,"max_hp_loss":0,"event_name":"NoteForYourself","floor":20,"gold_loss":0,"cards_obtained":["Luminous:Defend_Luminous"]},{"damage_healed":0,"gold_gain":0,"player_choice":"Inject Mutagens","damage_taken":0,"relics_obtained":["MutagenicStrength"],"max_hp_gain":0,"max_hp_loss":0,"event_name":"Drug Dealer","floor":28,"gold_loss":0},{"damage_healed":0,"gold_gain":0,"player_choice":"Ignored","damage_taken":0,"max_hp_gain":0,"max_hp_loss":0,"event_name":"Vampires","floor":30,"gold_loss":0},{"damage_healed":0,"gold_gain":0,"player_choice":"Fight","damage_taken":0,"max_hp_gain":0,"max_hp_loss":0,"event_name":"Colosseum","floor":31,"gold_loss":0},{"damage_healed":0,"gold_gain":0,"player_choice":"Fought Nobs","damage_taken":0,"max_hp_gain":0,"max_hp_loss":0,"event_name":"Colosseum","floor":31,"gold_loss":0},{"damage_healed":0,"gold_gain":0,"player_choice":"Got Potions","damage_taken":0,"max_hp_gain":0,"max_hp_loss":0,"event_name":"Lab","floor":39,"gold_loss":0}],"is_beta":false,"boss_relics":[{"not_picked":["SynthV:MejaisSoulstealer","SlaversCollar"],"picked":"GuanYuAspect"},{"not_picked":["Snecko Eye","ChiXiaoBlade"],"picked":"MetatronsCube"}],"items_purged_floors":[21,24,36],"is_endless":false,"potions_floor_spawned":[8,11,23,31,31,33,37,45,47,48],"ascension_level":0}}