{"host":"87fdiiwflhrwsj8a","time":1607551906,"event":{"gold_per_floor":[114,77,88,88,88,88,114,129,156,179,193,212,212,212],"floor_reached":13,"playtime":223,"items_purged":[],"score":220,"play_id":"40029f28-2978-48f5-9868-e12d1234cd4f","local_time":"20201209171146","is_ascension_mode":true,"campfire_choices":[{"data":"Crystallizer","floor":6.0,"key":"SMITH"}],"neow_cost":"NONE","seed_source_timestamp":106655211431400,"circlet_count":0,"master_deck":["AscendersBane","Strike_B","Strike_B","Strike_B","Strike_B","Defend_B","Defend_B","Defend_B","Defend_B","Zap","Dualcast","Ball Lightning","Crystallizer+1","Gash","FIFO Queue","ReplayTheSpireMod:Calculation Training","Coolheaded"],"special_seed":0,"relics":["Cracked Core","NeowsBlessing","Chameleon Ring","ReplayTheSpireMod:Ninjato","Blue Doll","Odd Mushroom"],"potions_floor_usage":[10],"damage_taken":[{"damage":0.0,"enemies":"Cultist","floor":1.0,"turns":1.0},{"damage":0.0,"enemies":"Jaw Worm","floor":3.0,"turns":1.0},{"damage":0.0,"enemies":"Gremlin Nob","floor":7.0,"turns":1.0},{"damage":7.0,"enemies":"2 Louse","floor":8.0,"turns":3.0},{"damage":13,"enemies":"The Mushroom Lair","floor":10,"turns":3},{"damage":19,"enemies":"Exordium Thugs","floor":11,"turns":4},{"damage":9,"enemies":"Red Slaver","floor":12,"turns":3},{"damage":17,"enemies":"3 Louse","floor":13,"turns":1}],"seed_played":"4204674702181441357","potions_obtained":[{"floor":3.0,"key":"FocusPotion"},{"floor":10,"key":"SpeedPotion"},{"floor":11,"key":"Languid Potion"}],"is_trial":false,"path_per_floor":["M","$","M","?","T","R","E","M","T","?","M","M","M"],"character_chosen":"DEFECT","items_purchased":["Crystallizer"],"campfire_rested":0,"item_purchase_floors":[2],"current_hp_per_floor":[64,64,64,64,64,64,64,57,57,44,25,16,0,0],"gold":212,"neow_bonus":"THREE_ENEMY_KILL","is_prod":false,"is_daily":false,"chose_seed":false,"campfire_upgraded":1,"win_rate":0,"timestamp":1607551906,"path_taken":["M","?","M","?","?","R","E","M","T","?","M","?","M"],"build_version":"2020-11-30","purchased_purges":0,"victory":false,"max_hp_per_floor":[71,71,71,71,71,71,71,71,71,71,71,71,71,71],"card_choices":[{"not_picked":["StuffTheSpire:NuclearReactor","StuffTheSpire:Synthwave"],"picked":"Ball Lightning","floor":1.0},{"not_picked":["Panic Button","Turbo","Tempest"],"picked":"SKIP","floor":3.0},{"not_picked":["Doom and Gloom","StuffTheSpire:ShieldGenerator"],"picked":"Gash","floor":7.0},{"not_picked":["ReplayGash","Barrage","StuffTheSpire:LoadUp"],"picked":"SKIP","floor":8.0},{"not_picked":["BootSequence","Ball Lightning"],"picked":"FIFO Queue","floor":10},{"not_picked":["Auto Shields","Force Field"],"picked":"ReplayTheSpireMod:Calculation Training","floor":11},{"not_picked":["BootSequence","Compile Driver"],"picked":"Coolheaded","floor":12}],"player_experience":2512876,"relics_obtained":[{"floor":5.0,"key":"Chameleon Ring"},{"floor":7.0,"key":"ReplayTheSpireMod:Ninjato"},{"floor":9.0,"key":"Blue Doll"},{"floor":10,"key":"Odd Mushroom"}],"event_choices":[{"damage_healed":0,"gold_gain":0,"player_choice":"Fought Mushrooms","damage_taken":0,"max_hp_gain":0,"max_hp_loss":0,"event_name":"Mushrooms","floor":10,"gold_loss":0}],"is_beta":false,"boss_relics":[],"items_purged_floors":[],"is_endless":false,"potions_floor_spawned":[3,10,11],"killed_by":"3 Louse","ascension_level":20}}