{"host":"3qkmyeoym75lj4wn","time":1607473231,"event":{"gold_per_floor":[115,133,58,23,23,23,50,67,93,93,93,104,134,165,165,165,165],"floor_reached":16,"playtime":374,"items_purged":["Strike_B"],"score":216,"play_id":"185b025e-2aa8-4aab-a0f1-85d1d87576f4","local_time":"20201209002031","is_ascension_mode":true,"campfire_choices":[{"data":"Sweeping Beam","floor":6,"key":"SMITH"},{"floor":11,"key":"REST"},{"data":"Electrodynamics","floor":15,"key":"SMITH"}],"neow_cost":"NONE","seed_source_timestamp":48896037938700,"circlet_count":0,"master_deck":["AscendersBane","Strike_B","Strike_B+1","Strike_B","Defend_B","Defend_B","Defend_B","Defend_B","Zap+1","Dualcast","Sweeping Beam+1","Cold Snap+1","Sunder","Pain","Electrodynamics+1"],"relics":["Cracked Core","Oddly Smooth Stone","Bronze Scales","WarpedTongs","Kunai","Pantograph"],"potions_floor_usage":[16],"damage_taken":[{"damage":1,"enemies":"Cultist","floor":1,"turns":3},{"damage":16,"enemies":"Small Slimes","floor":2,"turns":3},{"damage":26,"enemies":"3 Sentries","floor":7,"turns":6},{"damage":0,"enemies":"2 Louse","floor":8,"turns":2},{"damage":4,"enemies":"Looter","floor":12,"turns":2},{"damage":25,"enemies":"Lagavulin","floor":14,"turns":5},{"damage":37,"enemies":"The Guardian","floor":16,"turns":8}],"seed_played":"7758462455557791612","potions_obtained":[{"floor":2,"key":"BlessingOfTheForge"},{"floor":12,"key":"SmokeBomb"},{"floor":14,"key":"AttackPotion"}],"is_trial":false,"path_per_floor":["M","M","$","?","?","R","E","M","T","?","R","M","?","E","R","B"],"character_chosen":"DEFECT","items_purchased":[],"campfire_rested":1,"item_purchase_floors":[],"current_hp_per_floor":[63,47,47,64,43,43,17,17,17,17,38,34,34,9,9,0,0],"gold":165,"neow_bonus":"UPGRADE_CARD","is_prod":false,"is_daily":false,"chose_seed":false,"campfire_upgraded":2,"win_rate":0,"timestamp":1607473231,"path_taken":["M","M","$","?","?","R","E","M","T","?","R","?","?","E","R","BOSS"],"build_version":"2020-11-30","purchased_purges":1,"victory":false,"max_hp_per_floor":[71,71,71,71,71,71,71,71,71,71,71,71,71,71,71,71,71],"relic_stats":{"counters":[7,29],"Bronze Scales":[45],"Pantograph":25,"Kunai":[0],"obtain_stats":[{"Bronze Scales":9,"Pantograph":14,"Oddly Smooth Stone":7,"Kunai":13,"Cracked Core":0,"WarpedTongs":10},{"Bronze Scales":4,"Pantograph":6,"Oddly Smooth Stone":3,"Kunai":5,"Cracked Core":0,"WarpedTongs":4},{"Bronze Scales":14,"Pantograph":21,"Oddly Smooth Stone":12,"Kunai":16,"Cracked Core":0,"WarpedTongs":14}],"WarpedTongs":[14]},"card_choices":[{"not_picked":["Compile Driver","Redo"],"picked":"Sweeping Beam","floor":1},{"not_picked":["Capacitor","FTL"],"picked":"Cold Snap","floor":2},{"not_picked":["Redo","Skim","Beam Cell"],"picked":"SKIP","floor":7},{"not_picked":["Beam Cell","Stack"],"picked":"Sunder","floor":8},{"not_picked":["Gash","Darkness"],"picked":"Electrodynamics","floor":12},{"not_picked":["Recycle","Turbo","Hello World"],"picked":"SKIP","floor":14}],"player_experience":1587895,"relics_obtained":[{"floor":7,"key":"Oddly Smooth Stone"},{"floor":9,"key":"Bronze Scales"},{"floor":14,"key":"Pantograph"}],"event_choices":[{"damage_healed":17,"gold_gain":0,"player_choice":"Healed","damage_taken":0,"max_hp_gain":0,"max_hp_loss":0,"event_name":"The Cleric","floor":4,"gold_loss":35},{"damage_healed":0,"gold_gain":0,"player_choice":"Entered Light","damage_taken":21,"max_hp_gain":0,"max_hp_loss":0,"event_name":"Shining Light","floor":5,"gold_loss":0,"cards_upgraded":["Cold Snap","Strike_B"]},{"damage_healed":0,"gold_gain":0,"player_choice":"Rummage","damage_taken":0,"relics_obtained":["WarpedTongs"],"max_hp_gain":0,"max_hp_loss":0,"event_name":"Accursed Blacksmith","floor":10,"gold_loss":0,"cards_obtained":["Pain"]},{"damage_healed":0,"gold_gain":30,"player_choice":"Searched \u00272\u0027 times","damage_taken":0,"relics_obtained":["Kunai"],"max_hp_gain":0,"max_hp_loss":0,"event_name":"Dead Adventurer","floor":13,"gold_loss":0}],"is_beta":false,"boss_relics":[],"items_purged_floors":[3],"is_endless":false,"potions_floor_spawned":[2,12,14],"killed_by":"The Guardian","ascension_level":20}}