{"host":"0vkf1k7bkmi4whcf","time":1607521714,"event":{"gold_per_floor":[136,152,152,152,164,194,194,219,274,274,292,292,121,132,132,205,205,215,215,235,235,42,77,77,95,95,95,194,194,204,224,224,296,296,314,314,4,0,20,20,48,48,74,14,28,47,62,76,76,76,76,76,21,47,47,47],"floor_reached":55,"playtime":2329,"items_purged":["Pain"],"score":1275,"play_id":"b133f584-b186-4fe8-8c76-80411c277c92","local_time":"20201209144834","is_ascension_mode":true,"campfire_choices":[{"data":"Theboundaryofcreation_purpleEX","floor":7,"key":"SMITH"},{"data":"RuptureOfTimeAndSpace_purple","floor":10,"key":"SMITH"},{"data":"WeekHit_purple","floor":15,"key":"SMITH"},{"data":"Charmbait_purple","floor":24,"key":"SMITH"},{"data":"Charmbait_purple","floor":27,"key":"SMITH"},{"data":"ContainerChange_purple","floor":32,"key":"SMITH"},{"data":"DimensionStaggered_purple","floor":40,"key":"SMITH"},{"floor":49,"key":"RECALL"},{"data":"Monsters_DoubleDeathButterfly_purple","floor":52,"key":"SMITH"}],"neow_cost":"NONE","seed_source_timestamp":257681534684400,"circlet_count":0,"master_deck":["AscendersBane","AT_purpleEX","AT_purpleEX","AT_purpleEX","AT_purpleEX","Defend_purpleEX","Defend_purpleEX","Defend_purpleEX","Defend_purpleEX","Observe_purple_1","Observe_purple_2+1","RuptureOfTimeAndSpace_purple+1","Nest_LightFlightworm_purple+1","SfantasyHide_purple","PurpleNeedle_purple","Extrememeaning_purpleEX","OmniscientAndOmnipotent_Monster_purple","Mirror_FormAndEmptin_purple","Theboundaryofcreation_purpleEX+1","OmniscientAndOmnipotent_Monster_purple","Fancifulhole_purple","DimensionStaggered_purple","WeekHit_purple+1","Boundary_of_Extermination_purpleEX","Realm_recovery_purpleEX","DimensionStaggered_purple+1","BarrageBoundary_PipeDream_purple","Charmbait_purple+1","ContainerChange_purple+1","Observe_purple_1","OmniscientAndOmnipotent_Monster_purple","MeetDecomposer_purple","Know_ledgeAbilityRealm_purple","Charmbait_purple+1","StateErode_purple","FragmentationRealm_purple","Umbrella_purple","Monsters_DoubleDeathButterfly_purple+1","MonsterNeedle_purple","Writhe","Charmbait_purple","ExternalForce_HighSpeedFlying_purple","OmniscientAndOmnipotent_Monster_purple","CommonSense_AntiCommonSense_purple+1","Theboundaryofcreation_purpleEX+1","RuptureOfTimeAndSpace_purple","FragmentationRealm_purple","Boundary_DynamicStaticEquilibrium_purple+1","WatchEyeChange_purple","WeekHit_purple","Boundary_of_Extermination_purpleEX","CommonSense_AntiCommonSense_purple","Erosivefilter_purple","Bait_HighSpeedFlying_purple"],"relics":["Boundary_crack","Memoryfragments_purpleEX","Meat on the Bone","Pear","MealTicket","SlaversCollar","MutagenicStrength","CrazyTorch:ReiMu","WarpedTongs","RedLine:ReiMu","Membership Card","PreservedInsect","Red Mask","RuthlessExorcism:ReiMu","Ancient Tea Set","Blood Vial"],"potions_floor_usage":[6,25,45,46,50,50],"damage_taken":[{"damage":0,"enemies":"2 Louse","floor":1,"turns":4},{"damage":0,"enemies":"Small Slimes","floor":2,"turns":4},{"damage":0,"enemies":"Jaw Worm","floor":5,"turns":3},{"damage":21,"enemies":"3 Sentries","floor":6,"turns":9},{"damage":17,"enemies":"Lagavulin","floor":8,"turns":7},{"damage":9,"enemies":"Gremlin Gang","floor":11,"turns":6},{"damage":0,"enemies":"Looter","floor":14,"turns":4},{"damage":21,"enemies":"Hexaghost","floor":16,"turns":5},{"damage":8,"enemies":"2 Thieves","floor":18,"turns":2},{"damage":0,"enemies":"Chosen","floor":20,"turns":3},{"damage":38,"enemies":"Book of Stabbing","floor":23,"turns":6},{"damage":6,"enemies":"Centurion and Healer","floor":25,"turns":3},{"damage":7,"enemies":"Chosen and Byrds","floor":30,"turns":2},{"damage":0,"enemies":"Snake Plant","floor":31,"turns":2},{"damage":26,"enemies":"Automaton","floor":33,"turns":5},{"damage":21,"enemies":"3 Darklings","floor":35,"turns":3},{"damage":14,"enemies":"3 Shapes","floor":39,"turns":5},{"damage":25,"enemies":"Nemesis","floor":41,"turns":3},{"damage":13,"enemies":"Spire Growth","floor":45,"turns":4},{"damage":0,"enemies":"Writhing Mass","floor":46,"turns":3},{"damage":14,"enemies":"Maw","floor":47,"turns":6},{"damage":34,"enemies":"Transient","floor":48,"turns":5},{"damage":20,"enemies":"Donu and Deca","floor":50,"turns":5},{"damage":33,"enemies":"Shield and Spear","floor":54,"turns":3},{"damage":60,"enemies":"The Heart","floor":55,"turns":8}],"seed_played":"7114489249392367617","potions_obtained":[{"floor":1,"key":"EssenceOfSteel"},{"floor":11,"key":"ColorlessPotion"},{"floor":14,"key":"Explosive Potion"},{"floor":25,"key":"Energy Potion"},{"floor":47,"key":"SpeedPotion"},{"floor":48,"key":"Explosive Potion"}],"is_trial":false,"path_per_floor":["M","M","?","?","M","E","R","E","T","R","M","?","$","M","R","B",null,"M","?","M","?","$","E","R","M","T","R","?","?","M","M","R","B",null,"M","?","$","?","M","R","E","?","T","$","M","M","M","M","R","B",null,"R","$","E","B"],"character_chosen":"Youkari","items_purchased":["WeekHit_purple","Boundary_of_Extermination_purpleEX","Realm_recovery_purpleEX","MeetDecomposer_purple","Know_ledgeAbilityRealm_purple","Membership Card","PreservedInsect","Charmbait_purple","ExternalForce_HighSpeedFlying_purple","RuptureOfTimeAndSpace_purple","FragmentationRealm_purple","CommonSense_AntiCommonSense_purple","Erosivefilter_purple"],"campfire_rested":0,"item_purchase_floors":[13,13,13,22,22,37,37,37,37,44,44,53,53],"current_hp_per_floor":[67,70,70,70,70,51,51,49,49,49,57,40,55,60,60,56,74,70,70,70,70,80,52,52,51,51,51,51,51,49,49,49,35,69,51,71,80,80,71,71,46,46,46,61,52,57,51,34,34,34,69,69,80,57,0,0],"gold":47,"neow_bonus":"UPGRADE_CARD","is_prod":false,"is_daily":false,"chose_seed":false,"campfire_upgraded":8,"win_rate":0,"timestamp":1607521714,"path_taken":["M","M","?","?","M","E","R","E","T","R","M","?","?","?","R","BOSS","M","?","?","?","$","E","R","M","T","R","?","?","M","M","R","BOSS","M","?","$","?","M","R","E","?","T","$","?","M","M","M","R","BOSS","R","$","E","BOSS"],"build_version":"2020-11-30","purchased_purges":1,"victory":false,"max_hp_per_floor":[70,70,70,70,70,70,70,80,80,80,80,80,80,80,80,80,80,80,80,80,80,80,80,80,80,80,80,80,80,80,80,80,80,80,80,80,80,80,80,80,80,80,80,80,80,80,80,80,80,80,80,80,80,80,80,80],"relic_stats":{"Blood Vial":2,"counters":[25,110],"MealTicket":60,"PreservedInsect":127,"obtain_stats":[{"Pear":8,"DemoMod:GlassGuonStoneRelic":1,"PreservedInsect":37,"Boundary_crack":0,"Ancient Tea Set":43,"WarpedTongs":29,"RedLine:ReiMu":34,"Blood Vial":54,"SlaversCollar":17,"MutagenicStrength":21,"CrazyTorch:ReiMu":23,"MealTicket":9,"Red Mask":38,"Membership Card":37,"Memoryfragments_purpleEX":0,"Meat on the Bone":6,"RuthlessExorcism:ReiMu":41},{"Pear":5,"DemoMod:GlassGuonStoneRelic":1,"PreservedInsect":16,"Boundary_crack":0,"Ancient Tea Set":18,"WarpedTongs":12,"RedLine:ReiMu":15,"Blood Vial":24,"SlaversCollar":8,"MutagenicStrength":10,"CrazyTorch:ReiMu":11,"MealTicket":5,"Red Mask":16,"Membership Card":16,"Memoryfragments_purpleEX":0,"Meat on the Bone":4,"RuthlessExorcism:ReiMu":18},{"Pear":27,"DemoMod:GlassGuonStoneRelic":4,"PreservedInsect":68,"Boundary_crack":0,"Ancient Tea Set":76,"WarpedTongs":56,"RedLine:ReiMu":65,"Blood Vial":102,"SlaversCollar":42,"MutagenicStrength":47,"CrazyTorch:ReiMu":53,"MealTicket":27,"Red Mask":68,"Membership Card":68,"Memoryfragments_purpleEX":0,"Meat on the Bone":20,"RuthlessExorcism:ReiMu":76}],"Meat on the Bone":60,"WarpedTongs":[34]},"card_choices":[{"not_picked":["MNeedle_purple","PurpleNeedle_purple"],"picked":"RuptureOfTimeAndSpace_purple","floor":1},{"not_picked":["Shallow_ocean_purpleEX","Bait_Toxicbait_purple"],"picked":"Nest_LightFlightworm_purple","floor":2},{"not_picked":["AdvanceAttack_purple","OmniscientAndOmnipotent_Monster_purple"],"picked":"Theboundaryofcreation_purpleEX","floor":5},{"not_picked":["Fantasy_PerpetualMotionMachine_purple","MNeedle_purple"],"picked":"OmniscientAndOmnipotent_Monster_purple","floor":6},{"not_picked":["Umbrella_purple","DarkRealmRedLine_purple"],"picked":"Fancifulhole_purple","floor":8},{"not_picked":["PositiveMatter_Antimatter_Universe_purple","Realm_recovery_purpleEX"],"picked":"DimensionStaggered_purple","floor":11},{"not_picked":["Umbrella_purple","ButterflyHabitatTemple_purple"],"picked":"DimensionStaggered_purple","floor":14},{"not_picked":["KnowledgeAbilityRealm_purple","Know_ledgeAbilityRealm_purple"],"picked":"BarrageBoundary_PipeDream_purple","floor":16},{"not_picked":["StateErode_purple","Worldmountain_purple"],"picked":"Charmbait_purple","floor":18},{"not_picked":["CommonSense_AntiCommonSense_purple","PurpleNeedle_purple"],"picked":"OmniscientAndOmnipotent_Monster_purple","floor":20},{"not_picked":["RuptureOfTimeAndSpace_purple","Line_surface_state_purple"],"picked":"Charmbait_purple","floor":23},{"not_picked":["Umbrella_purple","Shallow_ocean_purpleEX"],"picked":"StateErode_purple","floor":25},{"not_picked":["AdvanceAttack_purple","Mirror_FormAndEmptin_purple+1"],"picked":"FragmentationRealm_purple","floor":30},{"not_picked":["ExistenceContinue_purple","Anti_communist_purple"],"picked":"Umbrella_purple","floor":31},{"not_picked":["Price_of_realm_purpleEX","Fancifulhole_purple"],"picked":"Monsters_DoubleDeathButterfly_purple","floor":33},{"not_picked":["EighthInstrument_OneDividesIntoTwo_purple","MeetDecomposer_purple"],"picked":"MonsterNeedle_purple","floor":35},{"not_picked":["WeekHit_purple","DimensionStaggered_purple"],"picked":"OmniscientAndOmnipotent_Monster_purple","floor":39},{"not_picked":["Boundary_LightAndDark_purple","Shallow_ocean_purpleEX"],"picked":"CommonSense_AntiCommonSense_purple+1","floor":41},{"not_picked":["Line_surface_state_purple+1","Umbrella_purple"],"picked":"Boundary_DynamicStaticEquilibrium_purple+1","floor":45},{"not_picked":["Charmbait_purple","Boundary_DynamicStaticEquilibrium_purple+1"],"picked":"WatchEyeChange_purple","floor":46},{"not_picked":["Computing_the_future_purpleEX","SharpContractionReality_purple"],"picked":"WeekHit_purple","floor":47},{"not_picked":["StateDuplicate_purple","Mirror_FormAndEmptin_purple"],"picked":"Boundary_of_Extermination_purpleEX","floor":48},{"not_picked":["Worldmountain_purple","Mirror_FormAndEmptin_purple"],"picked":"Bait_HighSpeedFlying_purple","floor":54}],"player_experience":689796,"relics_obtained":[{"floor":6,"key":"Meat on the Bone"},{"floor":8,"key":"Pear"},{"floor":9,"key":"MealTicket"},{"floor":23,"key":"CrazyTorch:ReiMu"},{"floor":41,"key":"RuthlessExorcism:ReiMu"},{"floor":43,"key":"Ancient Tea Set"},{"floor":54,"key":"Blood Vial"}],"event_choices":[{"damage_healed":0,"gold_gain":0,"player_choice":"Grow","damage_taken":0,"max_hp_gain":0,"max_hp_loss":0,"event_name":"Living Wall","floor":4,"gold_loss":0,"cards_upgraded":["Nest_LightFlightworm_purple"]},{"damage_healed":0,"gold_gain":0,"player_choice":"2 cards matched","damage_taken":0,"max_hp_gain":0,"max_hp_loss":0,"event_name":"Match and Keep!","floor":19,"gold_loss":0,"cards_obtained":["ContainerChange_purple","Observe_purple_1"]},{"damage_healed":0,"gold_gain":0,"player_choice":"Inject Mutagens","damage_taken":0,"relics_obtained":["MutagenicStrength"],"max_hp_gain":0,"max_hp_loss":0,"event_name":"Drug Dealer","floor":21,"gold_loss":0},{"damage_healed":0,"gold_gain":99,"player_choice":"Steal","damage_taken":0,"max_hp_gain":0,"max_hp_loss":0,"event_name":"betterThird:BetterNest","floor":28,"gold_loss":0},{"damage_healed":0,"gold_gain":0,"player_choice":"Rummage","damage_taken":0,"relics_obtained":["WarpedTongs"],"max_hp_gain":0,"max_hp_loss":0,"event_name":"Accursed Blacksmith","floor":29,"gold_loss":0,"cards_obtained":["Pain"]},{"damage_healed":20,"gold_gain":0,"player_choice":"Writhe","damage_taken":0,"max_hp_gain":0,"max_hp_loss":0,"event_name":"Winding Halls","floor":36,"gold_loss":0,"cards_obtained":["Writhe"]},{"damage_healed":0,"gold_gain":0,"player_choice":"Paid","damage_taken":0,"relics_obtained":["Red Mask"],"max_hp_gain":0,"max_hp_loss":0,"event_name":"Tomb of Lord Red Mask","floor":38,"gold_loss":4},{"damage_healed":0,"gold_gain":0,"player_choice":"Copied","damage_taken":0,"max_hp_gain":0,"max_hp_loss":0,"event_name":"Duplicator","floor":42,"gold_loss":0,"cards_obtained":["Theboundaryofcreation_purpleEX"]}],"is_beta":false,"boss_relics":[{"not_picked":["Coffee Dripper","Cursed Key"],"picked":"SlaversCollar"},{"not_picked":["Black Star","Silver_Glasses"],"picked":"RedLine:ReiMu"}],"items_purged_floors":[37],"is_endless":false,"potions_floor_spawned":[1,11,14,16,18,23,25,33,39,47,48],"killed_by":"The Heart","ascension_level":13}}