{"host":"cjmwurvrz00ml9vd","time":1607548066,"event":{"gold_per_floor":[113,213,226,226,226,226,259,259,259,19,35,47,47,62,62,166,166,179,199,199,52,52,52,79,79,79,92,92,92],"floor_reached":28,"playtime":985,"items_purged":[],"score":361,"play_id":"3bf7fcb5-9492-4761-a544-0f4a5cdc6fe7","local_time":"20201209220746","is_ascension_mode":false,"campfire_choices":[{"data":"PathToVictory","floor":6,"key":"SMITH"},{"data":"Alpha","floor":13,"key":"SMITH"},{"data":"Replay:Cycle","floor":15,"key":"SMITH"},{"floor":23,"key":"REST"},{"floor":25,"key":"REST"}],"neow_cost":"","seed_source_timestamp":721711310001200,"circlet_count":0,"master_deck":["Strike_P","Strike_P","Strike_P","Strike_P","Defend_P","Defend_P","Defend_P","Defend_P","Eruption","Vigilance","JustLucky+1","Weave","Replay:ManipulateFuture","ThirdEye","PathToVictory+1","Replay:Cycle+1","Alpha+1","CutThroughFate+1","MarkedMod:OneThousandNeedles","MarkedMod:FirstStrike+1"],"relics":["PureWater","WingedGreaves","Onion Ring","vexMod:Dragonfruit","SlaversCollar","Bronze Scales","Regal Pillow","Replay:WaspNest"],"potions_floor_usage":[7,16,16,28],"damage_taken":[{"damage":1,"enemies":"2 Louse","floor":1,"turns":3},{"damage":2,"enemies":"Cultist","floor":3,"turns":4},{"damage":0,"enemies":"Gremlin Nob","floor":7,"turns":2},{"damage":1,"enemies":"Jaw Worm","floor":11,"turns":2},{"damage":1,"enemies":"3 Louse","floor":12,"turns":2},{"damage":0,"enemies":"2 Fungi Beasts","floor":14,"turns":4},{"damage":8,"enemies":"Hexaghost","floor":16,"turns":6},{"damage":14,"enemies":"theJungle:MUSHROOMGANG","floor":18,"turns":3},{"damage":16,"enemies":"theJungle:Flameango_and_Byrd","floor":19,"turns":4},{"damage":47,"enemies":"theJungle:Cassacara","floor":24,"turns":6},{"damage":35,"enemies":"theJungle:2_Flameangoes","floor":27,"turns":3},{"damage":26,"enemies":"theJungle:2_Phrogs","floor":28,"turns":3}],"seed_played":"-6155848654929741536","potions_obtained":[{"floor":1,"key":"Elixir"},{"floor":11,"key":"Doom Potion"},{"floor":14,"key":"Guardian:BlockOnCardUsePotion"},{"floor":16,"key":"BlessingOfTheForge"},{"floor":18,"key":"Dexterity Potion"},{"floor":24,"key":"Strength Potion"}],"is_trial":false,"path_per_floor":["M","?","M","?","?","R","E","R","T","$","M","M","R","M","R","B",null,"M","M","?","$","?","R","E","R","T","M","E"],"character_chosen":"WATCHER","items_purchased":["JustLucky","Weave","Replay:ManipulateFuture","ThirdEye","AttackPotion","vexMod:Dragonfruit","Bronze Scales"],"campfire_rested":2,"item_purchase_floors":[0,0,0,0,0,10,21],"current_hp_per_floor":[54,54,52,52,52,52,52,52,52,57,56,55,55,55,55,47,77,63,47,47,47,47,70,23,61,61,26,0,0],"gold":92,"neow_bonus":"","is_prod":false,"is_daily":false,"chose_seed":false,"campfire_upgraded":3,"win_rate":0,"timestamp":1607548066,"path_taken":["M","?","?","?","?","R","E","R","T","$","M","M","R","M","R","BOSS","M","M","?","$","?","R","E","R","T","M","E"],"build_version":"2020-11-30","purchased_purges":0,"victory":false,"max_hp_per_floor":[72,72,72,72,72,72,72,72,72,77,77,77,77,77,77,77,77,77,77,77,77,77,77,77,77,77,77,77,77],"card_choices":[{"not_picked":["Indignation","MarkedMod:GentlePulse"],"picked":"PathToVictory","floor":1},{"not_picked":["BowlingBash","TalkToTheHand"],"picked":"Replay:Cycle","floor":3},{"not_picked":["SashWhip","BowlingBash","Protect"],"picked":"SKIP","floor":7},{"not_picked":["Halt","Consecrate","Fasting2"],"picked":"SKIP","floor":11},{"not_picked":["EmptyBody","Protect"],"picked":"Alpha","floor":12},{"not_picked":["Fasting2","Meditate","Replay:ManipulateFuture"],"picked":"SKIP","floor":14},{"not_picked":["ThirdEye","Replay:DivineShield"],"picked":"CutThroughFate+1","floor":18},{"not_picked":["Sanctity","Indignation+1"],"picked":"MarkedMod:OneThousandNeedles","floor":19},{"not_picked":["BowlingBash","Perseverance"],"picked":"MarkedMod:FirstStrike+1","floor":24},{"not_picked":["Worship","MarkedMod:FirstStrike","EmptyMind+1"],"picked":"SKIP","floor":27}],"player_experience":611933,"relics_obtained":[{"floor":7,"key":"WingedGreaves"},{"floor":9,"key":"Onion Ring"},{"floor":24,"key":"Regal Pillow"},{"floor":26,"key":"Replay:WaspNest"}],"event_choices":[{"damage_healed":0,"gold_gain":100,"player_choice":"Gold","damage_taken":0,"max_hp_gain":0,"max_hp_loss":0,"event_name":"Wheel of Change","floor":2,"gold_loss":0},{"damage_healed":0,"gold_gain":0,"player_choice":"Grow","damage_taken":0,"max_hp_gain":0,"max_hp_loss":0,"event_name":"Living Wall","floor":5,"gold_loss":0,"cards_upgraded":["JustLucky"]},{"damage_healed":0,"gold_gain":0,"player_choice":"Leave","damage_taken":0,"max_hp_gain":0,"max_hp_loss":0,"event_name":"conspire:Investor","floor":20,"gold_loss":0}],"is_beta":false,"boss_relics":[{"not_picked":["aspiration:RitualDagger","beaked:MawFillet"],"picked":"SlaversCollar"}],"items_purged_floors":[],"is_endless":false,"potions_floor_spawned":[1,11,14,16,18,24,27],"killed_by":"theJungle:2_Phrogs","ascension_level":0}}