{"host":"7aiqfawmsh1308zl","time":1607523148,"event":{"gold_per_floor":[113,132,132,150,150,150,167,167,167,179,179,221,240,7,7,153,153,173,239,239,249,43,43,128,128,155,155,239,259,327,71,71,220,220,289,289,359,359,359,389,406,406,406,406,416,483,548,616,616,616,616],"floor_reached":50,"playtime":5267,"items_purged":["PrismaMod:MiyuCommonDefend","PrismaMod:MiyuCommonDefend"],"score":583,"play_id":"79372e64-ab19-4aaf-8a39-1c5429ae3158","local_time":"20201209221228","is_ascension_mode":false,"campfire_choices":[{"data":"PrismaMod:MiyuCheapChannelDefend","floor":6.0,"key":"SMITH"},{"data":"PrismaMod:MiyuCheapEvoke","floor":8.0,"key":"SMITH"},{"data":"PrismaMod:MiyuEvokeAll","floor":15.0,"key":"SMITH"},{"floor":23.0,"key":"REST"},{"floor":25.0,"key":"REST"},{"floor":27.0,"key":"REST"},{"data":"PrismaMod:MiyuDefenseAbsorbMinor","floor":32.0,"key":"SMITH"},{"data":"PrismaMod:MiyuUncommonAOEAttack","floor":42,"key":"SMITH"},{"floor":44,"key":"REST"},{"floor":49,"key":"REST"}],"neow_cost":"NONE","seed_source_timestamp":0,"circlet_count":0,"master_deck":["PrismaMod:MiyuCommonDefend+1","PrismaMod:MiyuCommonDefend","PrismaMod:MiyuCommonDefend","PrismaMod:MiyuCommonAttack","PrismaMod:MiyuCommonAttack","PrismaMod:MiyuCommonAttack","PrismaMod:MiyuCommonAttack","PrismaMod:MiyuCommonAttack","PrismaMod:MiyuCheapChannelAttack+1","PrismaMod:MiyuCheapChannelDefend+1","PrismaMod:MiyuAttackChannelWeak","PrismaMod:MiyuCheapDexBuff","PrismaMod:MiyuCheapAttack1","PrismaMod:MiyuCheapEvoke+1","PrismaMod:MiyuEvokeBuffStr+1","PrismaMod:MiyuUberDefend","PrismaMod:MiyuEvokeAll+1","PrismaMod:MiyuUncommonAOEAttack+1","PrismaMod:MiyuDefenseAbsorbMinor+1","PrismaMod:MiyuCheapAttack2","PrismaMod:MiyuMaid","PrismaMod:MiyuUberAOEAttack","PrismaMod:MiyuUncommonDexBuff","Discovery","PrismaMod:MiyuDefenseRemoval","PrismaMod:MiyuUncommonDexBuff","PrismaMod:MiyuCheapDefend1+1","PrismaMod:MiyuDefenseExplosion","PrismaMod:MiyuCarnivalDefend","PrismaMod:MiyuCheapChannelWeak+1","PrismaMod:MiyuCheapDefend1+1","Madness","Madness","PrismaMod:MiyuEvokeCheapDefend+1","Parasite","PrismaMod:MiyuUncommonDefend+1","PrismaMod:MiyuUncommonDexBuff+1","PrismaMod:MiyuCheapChannelVul+1","Parasite","PrismaMod:MiyuAttackChannelAttack+1","PrismaMod:MiyuCheapAttack2"],"special_seed":0,"relics":["PrismaMod:PrismaSapphire","theSenshi:SuperSailorFukuRelic","War Paint","SlaversCollar","Matryoshka","Bottled Tornado","HollowMod:PaleOreRelic","HornCleat","Lee\u0027s Waffle","SacredBark","Art of War","Ornamental Fan","Blood Vial"],"potions_floor_usage":[40,40,46,50],"damage_taken":[{"damage":0.0,"enemies":"2 Louse","floor":1.0,"turns":3.0},{"damage":0.0,"enemies":"Cultist","floor":2.0,"turns":4.0},{"damage":0.0,"enemies":"Small Slimes","floor":4.0,"turns":3.0},{"damage":0.0,"enemies":"Looter","floor":7.0,"turns":3.0},{"damage":0.0,"enemies":"Exordium Wildlife","floor":10.0,"turns":5.0},{"damage":0.0,"enemies":"3 Louse","floor":12.0,"turns":4.0},{"damage":0.0,"enemies":"Red Slaver","floor":13.0,"turns":2.0},{"damage":9.0,"enemies":"Slime Boss","floor":16.0,"turns":15.0},{"damage":22.0,"enemies":"2 Thieves","floor":18.0,"turns":5.0},{"damage":27.0,"enemies":"Centurion and Healer","floor":19.0,"turns":7.0},{"damage":9.0,"enemies":"Snake Plant","floor":21.0,"turns":7.0},{"damage":17.0,"enemies":"Slavers","floor":24.0,"turns":6.0},{"damage":46.0,"enemies":"Gremlin Leader","floor":28.0,"turns":11.0},{"damage":0.0,"enemies":"Shelled Parasite and Fungi","floor":29.0,"turns":6.0},{"damage":11.0,"enemies":"3 Cultists","floor":30.0,"turns":5.0},{"damage":10.0,"enemies":"Champ","floor":33.0,"turns":13.0},{"damage":0,"enemies":"3 Darklings","floor":35,"turns":3},{"damage":1,"enemies":"Orb Walker","floor":37,"turns":4},{"damage":41,"enemies":"Reptomancer","floor":40,"turns":11},{"damage":28,"enemies":"Writhing Mass","floor":41,"turns":10},{"damage":0,"enemies":"4 Shapes","floor":45,"turns":2},{"damage":34,"enemies":"Spire Growth","floor":46,"turns":6},{"damage":0,"enemies":"Writhing Mass","floor":47,"turns":9},{"damage":40,"enemies":"4 Shapes","floor":48,"turns":5},{"damage":84,"enemies":"Time Eater","floor":50,"turns":13}],"seed_played":"-6927843581891283381","potions_obtained":[{"floor":1.0,"key":"DuplicationPotion"},{"floor":2.0,"key":"SneckoOil"},{"floor":5.0,"key":"DistilledChaos"},{"floor":5.0,"key":"Strength Potion"},{"floor":12.0,"key":"Energy Potion"},{"floor":13.0,"key":"FairyPotion"},{"floor":24.0,"key":"PowerPotion"},{"floor":33.0,"key":"Explosive Potion"},{"floor":37,"key":"SpeedPotion"},{"floor":40,"key":"SpeedPotion"},{"floor":41,"key":"ColorlessPotion"},{"floor":47,"key":"Ancient Potion"}],"is_trial":false,"path_per_floor":["M","M","?","M","?","R","M","R","T","M","?","M","M","$","R","B",null,"M","M","?","M","$","R","E","R","T","R","E","M","M","$","R","B",null,"M","?","M","?","?","E","M","R","T","R","M","M","M","M","R","B"],"character_chosen":"MIYU","items_purchased":["PrismaMod:MiyuUncommonAOEAttack","War Paint","PrismaMod:MiyuUncommonDexBuff","Discovery","Lee\u0027s Waffle"],"campfire_rested":5,"item_purchase_floors":[14,14,22,22,31],"current_hp_per_floor":[82,82,82,82,82,82,82,82,82,82,82,82,82,82,82,73,82,60,33,17,8,8,34,17,43,43,69,23,23,12,94,94,84,94,94,94,93,81,81,40,12,12,12,40,42,10,12,45,73,0,0],"gold":616,"neow_bonus":"TEN_PERCENT_HP_BONUS","is_prod":false,"is_daily":false,"chose_seed":false,"campfire_upgraded":5,"win_rate":0.0,"timestamp":1607523148,"path_taken":["M","M","?","M","?","R","M","R","T","?","?","M","M","$","R","BOSS","M","M","?","M","$","R","E","R","T","R","E","M","M","$","R","BOSS","M","?","M","?","?","E","?","R","T","R","M","M","M","M","R","BOSS"],"build_version":"2020-11-30","purchased_purges":2,"victory":false,"max_hp_per_floor":[82,82,82,82,82,82,82,82,82,82,82,82,82,82,82,82,82,82,82,87,87,87,87,87,87,87,87,87,87,87,94,94,94,94,94,94,94,94,94,94,94,94,94,94,94,94,94,94,94,94,94],"card_choices":[{"not_picked":["PrismaMod:MiyuCarnivalAttack","PrismaMod:MiyuEvokeBuffDex"],"picked":"PrismaMod:MiyuAttackChannelWeak","floor":1.0},{"not_picked":["PrismaMod:MiyuUncommonAttack","PrismaMod:MiyuCheapEvoke"],"picked":"PrismaMod:MiyuCheapDexBuff","floor":2.0},{"not_picked":["PrismaMod:MiyuCheapChannelHeal","PrismaMod:MiyuCheapDefend1"],"picked":"PrismaMod:MiyuCheapAttack1","floor":4.0},{"not_picked":["PrismaMod:MiyuUncommonDefend","PrismaMod:MiyuUncommonAttack"],"picked":"PrismaMod:MiyuCheapEvoke","floor":7.0},{"not_picked":["PrismaMod:MiyuOrbIncreasePerm","PrismaMod:MiyuCheapStrBuff"],"picked":"PrismaMod:MiyuEvokeBuffStr","floor":10.0},{"not_picked":["PrismaMod:MiyuCheapChannelVul","PrismaMod:MiyuDefenseRemoval"],"picked":"PrismaMod:MiyuChannelAttackEvoke","floor":12.0},{"not_picked":["PrismaMod:MiyuEvokeBuffStr","PrismaMod:MiyuCheapStrBuff"],"picked":"PrismaMod:MiyuEvokeAll","floor":13.0},{"not_picked":["PrismaMod:MiyuEvokeAllAttack","PrismaMod:MiyuUberDefend"],"picked":"PrismaMod:MiyuDefenseAbsorbMinor","floor":16.0},{"not_picked":["PrismaMod:MiyuEvokeBuffStr","PrismaMod:MiyuCheapChannelDefend"],"picked":"PrismaMod:MiyuCheapAttack2","floor":18.0},{"not_picked":["PrismaMod:MiyuUberAOEAttack","PrismaMod:MiyuCheapAttack1+1"],"picked":"PrismaMod:MiyuMaid","floor":19.0},{"not_picked":["PrismaMod:MiyuBride","PrismaMod:MiyuCheapChannelWeak"],"picked":"PrismaMod:MiyuUberAOEAttack","floor":21.0},{"not_picked":["PrismaMod:MiyuMaid","PrismaMod:MiyuCheapChannelHeal"],"picked":"PrismaMod:MiyuDefenseRemoval","floor":24.0},{"not_picked":["PrismaMod:MiyuUberDefend","PrismaMod:MiyuChristmas+1"],"picked":"PrismaMod:MiyuUncommonDexBuff","floor":28.0},{"not_picked":["PrismaMod:MiyuUberAOEAttack","PrismaMod:MiyuUberAttack"],"picked":"PrismaMod:MiyuCheapDefend1+1","floor":29.0},{"not_picked":["PrismaMod:MiyuUberAOEAttack","PrismaMod:MiyuCheapEvoke"],"picked":"PrismaMod:MiyuDefenseExplosion","floor":30.0},{"not_picked":["PrismaMod:MiyuDefendChannelDefend","PrismaMod:MiyuChannelAttackEvoke"],"picked":"PrismaMod:MiyuCarnivalDefend","floor":33.0},{"not_picked":["PrismaMod:MiyuCheapAttack2","PrismaMod:MiyuUncommonAOEAttack+1"],"picked":"PrismaMod:MiyuCheapChannelWeak+1","floor":35},{"not_picked":["PrismaMod:MiyuDefenseExplosion","PrismaMod:MiyuCheapChannelWeak"],"picked":"PrismaMod:MiyuCheapDefend1+1","floor":37},{"not_picked":["PrismaMod:MiyuEvokeAllDefend","PrismaMod:MiyuChannelDefendEvoke"],"picked":"PrismaMod:MiyuEvokeCheapDefend+1","floor":40},{"not_picked":["PrismaMod:MiyuEvokeBuffDex","PrismaMod:MiyuCheapAttack2"],"picked":"PrismaMod:MiyuUncommonDefend+1","floor":41},{"not_picked":["PrismaMod:MiyuCheapPlate","PrismaMod:MiyuEvokeCheapAttack"],"picked":"PrismaMod:MiyuUncommonDexBuff+1","floor":45},{"not_picked":["PrismaMod:MiyuCheapEvoke","PrismaMod:MiyuCheapAttack2"],"picked":"PrismaMod:MiyuCheapChannelVul+1","floor":46},{"not_picked":["PrismaMod:MiyuUncommonDexBuff","PrismaMod:MiyuEvokeBuffDex"],"picked":"PrismaMod:MiyuAttackChannelAttack+1","floor":47},{"not_picked":["PrismaMod:MiyuCheapChannelVul","PrismaMod:MiyuEvokeCheapDefend+1"],"picked":"PrismaMod:MiyuCheapAttack2","floor":48}],"player_experience":193779,"relics_obtained":[{"floor":9.0,"key":"theSenshi:SuperSailorFukuRelic"},{"floor":24.0,"key":"Matryoshka"},{"floor":26.0,"key":"Bottled Tornado"},{"floor":26.0,"key":"HollowMod:PaleOreRelic"},{"floor":28.0,"key":"HornCleat"},{"floor":40,"key":"Art of War"},{"floor":43,"key":"Ornamental Fan"},{"floor":43,"key":"Blood Vial"}],"event_choices":[{"damage_healed":0.0,"max_hp_gain":0.0,"max_hp_loss":0.0,"gold_gain":0.0,"event_name":"Living Wall","player_choice":"Grow","floor":3.0,"gold_loss":0.0,"damage_taken":0.0,"cards_upgraded":["PrismaMod:MiyuCheapChannelAttack"]},{"damage_healed":0.0,"max_hp_gain":0.0,"max_hp_loss":0.0,"gold_gain":0.0,"event_name":"Lab","player_choice":"Got Potions","floor":5.0,"gold_loss":0.0,"damage_taken":0.0},{"damage_healed":0.0,"max_hp_gain":0.0,"max_hp_loss":0.0,"gold_gain":0.0,"event_name":"Match and Keep!","player_choice":"1 cards matched","floor":11.0,"gold_loss":0.0,"damage_taken":0.0,"cards_obtained":["PrismaMod:MiyuUberDefend"]},{"damage_healed":0.0,"max_hp_gain":0.0,"max_hp_loss":0.0,"gold_gain":0.0,"event_name":"Match and Keep!","player_choice":"1 cards matched","floor":11.0,"gold_loss":0.0,"damage_taken":0.0,"cards_obtained":["PrismaMod:MiyuUberDefend"]},{"damage_healed":0.0,"max_hp_gain":5.0,"max_hp_loss":0.0,"gold_gain":0.0,"event_name":"Forgotten Altar","player_choice":"Shed Blood","floor":20.0,"gold_loss":0.0,"damage_taken":21.0},{"damage_healed":0,"gold_gain":0,"player_choice":"Ignored","damage_taken":0,"max_hp_gain":0,"max_hp_loss":0,"event_name":"Mysterious Sphere","floor":36,"gold_loss":0},{"damage_healed":0,"gold_gain":0,"player_choice":"Embrace Madness","damage_taken":12,"max_hp_gain":0,"max_hp_loss":0,"event_name":"Winding Halls","floor":38,"gold_loss":0,"cards_obtained":["Madness","Madness"]},{"cards_removed":["PrismaMod:MiyuChannelAttackEvoke"],"damage_healed":0,"gold_gain":0,"player_choice":"Removed Attack","damage_taken":0,"max_hp_gain":0,"max_hp_loss":0,"event_name":"Falling","floor":39,"gold_loss":0}],"is_beta":false,"boss_relics":[{"not_picked":["Runic Pyramid","Busted Crown"],"picked":"SlaversCollar"},{"not_picked":["Velvet Choker","Tiny House"],"picked":"SacredBark"}],"items_purged_floors":[22,31],"is_endless":false,"potions_floor_spawned":[1,2,12,13,24,28,33,37,40,41,47],"killed_by":"Time Eater","ascension_level":0}}