{"host":"Berg","time":1607536051,"event":{"gold_per_floor":[111,129,54,54,54,54,65,12,12,39,53,80,90,105,105,179,179,191,241,166,166,179,211,211,211,211],"floor_reached":25,"playtime":826,"items_purged":[],"score":462,"play_id":"d07c42c9-2728-4450-8394-0ec20d0cfa9f","local_time":"20201209124731","is_ascension_mode":true,"campfire_choices":[{"floor":6.0,"key":"REST"},{"floor":15,"key":"REST"},{"floor":24,"key":"REST"}],"neow_cost":"NONE","seed_source_timestamp":72343190496700,"circlet_count":0,"master_deck":["AscendersBane","Strike_B","Defend_B","Defend_B","Defend_B+1","Defend_B","Zap+1","Dualcast","All For One","Ball Lightning","Sweeping Beam","Genetic Algorithm","Compile Driver","Loop","Beam Cell","Gash","Steam","Leap","Electrodynamics","Rebound","Glacier"],"special_seed":0,"relics":["Cracked Core","Pantograph","MealTicket","Lizard Tail","Runic Pyramid","Emotion Chip"],"potions_floor_usage":[16],"damage_taken":[{"damage":1.0,"enemies":"Cultist","floor":1.0,"turns":4.0},{"damage":14.0,"enemies":"Jaw Worm","floor":2.0,"turns":3.0},{"damage":0.0,"enemies":"Small Slimes","floor":7.0,"turns":2.0},{"damage":7.0,"enemies":"3 Sentries","floor":10.0,"turns":4.0},{"damage":6.0,"enemies":"Looter","floor":11.0,"turns":3.0},{"damage":22.0,"enemies":"Lagavulin","floor":12.0,"turns":6.0},{"damage":0.0,"enemies":"Blue Slaver","floor":13.0,"turns":2.0},{"damage":14,"enemies":"3 Louse","floor":14,"turns":3},{"damage":5,"enemies":"Slime Boss","floor":16,"turns":6},{"damage":22,"enemies":"2 Thieves","floor":18,"turns":4},{"damage":6,"enemies":"Spheric Guardian","floor":22,"turns":4},{"damage":35,"enemies":"Slavers","floor":23,"turns":4},{"damage":24,"enemies":"3 Cultists","floor":25,"turns":3}],"seed_played":"-8896975790720956023","potions_obtained":[{"floor":7.0,"key":"SkillPotion"},{"floor":10.0,"key":"LiquidBronze"},{"floor":13.0,"key":"EssenceOfDarkness"}],"is_trial":false,"path_per_floor":["M","M","?","?","?","R","M","$","T","E","M","E","M","M","R","B",null,"M","?","?","?","M","E","R","M"],"character_chosen":"DEFECT","items_purchased":["PowerPotion"],"campfire_rested":3,"item_purchase_floors":[8],"current_hp_per_floor":[63,49,49,49,28,49,49,49,49,42,36,14,14,35,56,66,70,48,48,48,42,36,1,22,0,0],"gold":211,"neow_bonus":"ONE_RANDOM_RARE_CARD","is_prod":false,"is_daily":false,"chose_seed":false,"campfire_upgraded":0,"win_rate":0,"timestamp":1607536051,"path_taken":["M","M","?","?","?","R","M","?","T","E","M","E","M","M","R","BOSS","M","?","?","?","M","E","R","M"],"build_version":"2020-12-07","purchased_purges":0,"victory":false,"max_hp_per_floor":[71,71,71,71,71,71,71,71,71,71,71,71,71,71,71,71,71,71,71,71,71,71,71,71,71,71],"relic_stats":{"Lizard Tail":35,"Emotion Chip":[2,2,0,0,0],"counters":[13,48],"Pantograph":15,"MealTicket":0,"obtain_stats":[{"Lizard Tail":12,"Emotion Chip":23,"Pantograph":9,"MealTicket":10,"Cracked Core":0,"Runic Pyramid":17},{"Lizard Tail":6,"Emotion Chip":12,"Pantograph":3,"MealTicket":4,"Cracked Core":0,"Runic Pyramid":9},{"Lizard Tail":22,"Emotion Chip":45,"Pantograph":9,"MealTicket":13,"Cracked Core":0,"Runic Pyramid":33}]},"card_choices":[{"not_picked":["Blizzard","Hologram"],"picked":"Ball Lightning","floor":1.0},{"not_picked":["Loop","Coolheaded"],"picked":"Sweeping Beam","floor":2.0},{"not_picked":["Reboot","Genetic Algorithm"],"picked":"Compile Driver","floor":7.0},{"not_picked":["Hologram","Stack"],"picked":"Loop","floor":10.0},{"not_picked":["Streamline","Turbo"],"picked":"Beam Cell","floor":11.0},{"not_picked":["Barrage","Conserve Battery"],"picked":"Gash","floor":12.0},{"not_picked":["Coolheaded","Sunder"],"picked":"Steam","floor":13.0},{"not_picked":["Turbo","Hologram"],"picked":"Leap","floor":14},{"not_picked":["Machine Learning","Reboot"],"picked":"Electrodynamics","floor":16},{"not_picked":["Ball Lightning","Cold Snap"],"picked":"Rebound","floor":18},{"not_picked":["Barrage","Hologram"],"picked":"Glacier","floor":22},{"not_picked":["Coolheaded","Steam Power","Skim"],"picked":"SKIP","floor":23}],"player_experience":1314609,"relics_obtained":[{"floor":9.0,"key":"Pantograph"},{"floor":10.0,"key":"MealTicket"},{"floor":12.0,"key":"Lizard Tail"},{"floor":23,"key":"Emotion Chip"}],"event_choices":[{"cards_removed":["Strike_B"],"damage_healed":0.0,"max_hp_gain":0.0,"max_hp_loss":0.0,"gold_gain":0.0,"event_name":"The Cleric","player_choice":"Card Removal","floor":3.0,"gold_loss":75.0,"damage_taken":0.0},{"damage_healed":0.0,"max_hp_gain":0.0,"max_hp_loss":0.0,"gold_gain":0.0,"cards_transformed":["Strike_B"],"event_name":"Living Wall","player_choice":"Change","floor":4.0,"gold_loss":0.0,"damage_taken":0.0,"cards_obtained":["Genetic Algorithm"]},{"damage_healed":0.0,"max_hp_gain":0.0,"max_hp_loss":0.0,"gold_gain":0.0,"event_name":"Shining Light","player_choice":"Entered Light","floor":5.0,"gold_loss":0.0,"damage_taken":21.0,"cards_upgraded":["Defend_B","Zap"]},{"damage_healed":0,"gold_gain":50,"player_choice":"Stole From Cult","damage_taken":0,"max_hp_gain":0,"max_hp_loss":0,"event_name":"Nest","floor":19,"gold_loss":0},{"cards_removed":["Strike_B"],"damage_healed":0,"gold_gain":0,"player_choice":"Gave Gold","damage_taken":0,"max_hp_gain":0,"max_hp_loss":0,"event_name":"Beggar","floor":20,"gold_loss":75},{"damage_healed":0,"gold_gain":0,"player_choice":"","damage_taken":6,"max_hp_gain":0,"max_hp_loss":0,"event_name":"Knowing Skull","floor":21,"potions_obtained":[],"gold_loss":0,"cards_obtained":[]}],"is_beta":true,"boss_relics":[{"not_picked":["Empty Cage","SlaversCollar"],"picked":"Runic Pyramid"}],"items_purged_floors":[],"is_endless":false,"potions_floor_spawned":[7,10,13],"killed_by":"3 Cultists","ascension_level":20}}