{"host":"bxdue9bkfm2khp2x","time":1607527382,"event":{"gold_per_floor":[115,40,57,57,57,57,87,87,165,176,176,176,176,186,16,113,113,131,131,145,145,156,156,173,173,173,173,173,190,24,38,38,133,133,148,28,43,43,43,43,77,89,176,188,235,264,101,113,125,137],"floor_reached":51,"playtime":10558,"items_purged":["alterego_mod:Impale","alterego_mod:Strike","alterego_mod:Defend","Bite","alterego_mod:Defend"],"score":946,"play_id":"c133058f-df5e-457c-8595-88964d5f4cf5","local_time":"20201209232302","is_ascension_mode":true,"campfire_choices":[{"data":"alterego_mod:IndependentAction","floor":6.0,"key":"SMITH"},{"data":"alterego_mod:BrynhildrsRune","floor":8.0,"key":"SMITH"},{"data":"alterego_mod:BreastValley","floor":11.0,"key":"SMITH"},{"data":"alterego_mod:Rake","floor":13.0,"key":"SMITH"},{"data":"alterego_mod:Tantrum","floor":23.0,"key":"SMITH"},{"data":"alterego_mod:Nekomimi","floor":25.0,"key":"SMITH"},{"data":"alterego_mod:DeftHands","floor":27.0,"key":"SMITH"},{"data":"alterego_mod:Rip","floor":32,"key":"SMITH"},{"data":"alterego_mod:Palingenesis","floor":40,"key":"SMITH"},{"data":"alterego_mod:BreastValley","floor":44,"key":"SMITH"},{"data":"alterego_mod:Defend","floor":49,"key":"SMITH"}],"neow_cost":"NONE","seed_source_timestamp":3863366689500,"circlet_count":0,"master_deck":["alterego_mod:Defend+1","alterego_mod:Defend","alterego_mod:BigMeatyClaws+1","alterego_mod:BrynhildrsRune+1","alterego_mod:IndependentAction+1","alterego_mod:DiscoLights+1","alterego_mod:Rake+1","alterego_mod:BreastValley+1","alterego_mod:DeftHands+1","alterego_mod:Nekomimi+1","alterego_mod:Tantrum+1","alterego_mod:Support+1","alterego_mod:Belts+1","Bite","Bite","alterego_mod:BreastValley+1","alterego_mod:Rip+1","alterego_mod:Palingenesis+1","alterego_mod:ChallengeComplete+1","alterego_mod:DiscoLights+1"],"special_seed":0,"relics":["alterego_mod:MasochisticConstitution","REME_ComplimentaryCards","DaveBox","ice","HaiYi:Twilight","Question Card","conspire:GlowingRock","Dota2Spire:Desolator","ImportantClient","xbg","aspiration:RitualStick","REME_HourglassOfDeath","Dota2Spire:RefresherOrb","MawBank","Darkstone Periapt","Replay:Ringing Soul"],"potions_floor_usage":[],"damage_taken":[{"damage":0.0,"enemies":"Cultist","floor":1.0,"turns":3.0},{"damage":2.0,"enemies":"Jaw Worm","floor":3.0,"turns":2.0},{"damage":39.0,"enemies":"3 Sentries","floor":7.0,"turns":10.0},{"damage":4.0,"enemies":"Small Slimes","floor":10.0,"turns":5.0},{"damage":0.0,"enemies":"Red Slaver","floor":14.0,"turns":5.0},{"damage":2.0,"enemies":"The Guardian","floor":16.0,"turns":15.0},{"damage":36.0,"enemies":"2 Thieves","floor":18.0,"turns":5.0},{"damage":8.0,"enemies":"3 Byrds","floor":20.0,"turns":10.0},{"damage":25.0,"enemies":"Snake Plant","floor":22.0,"turns":9.0},{"damage":23.0,"enemies":"Chosen and Byrds","floor":24.0,"turns":10.0},{"damage":20,"enemies":"Sentry and Sphere","floor":29,"turns":5},{"damage":10,"enemies":"Snecko","floor":31,"turns":6},{"damage":38,"enemies":"Champ","floor":33,"turns":9},{"damage":15,"enemies":"3 Shapes","floor":35,"turns":6},{"damage":39,"enemies":"3 Darklings","floor":37,"turns":4},{"damage":14,"enemies":"R_Hoarder","floor":41,"turns":9},{"damage":13,"enemies":"Giant Head","floor":45,"turns":9},{"damage":53,"enemies":"Transient","floor":46,"turns":5},{"damage":125,"enemies":"Awakened One","floor":50,"turns":7}],"seed_played":"756974490574206611","potions_obtained":[{"floor":10.0,"key":"Death Potion"},{"floor":20.0,"key":"AttackPotion"},{"floor":22.0,"key":"Adrenaline Potion"},{"floor":33,"key":"Elixir"}],"is_trial":false,"path_per_floor":["M","$","M","?","$","R","E","R","T","M","R","?","R","M","R","B",null,"M","?","M","?","M","R","M","R","T","R","?","M","$","M","R","B",null,"M","$","M","?","?","R","E","?","T","R","E","M","R","$","R","B",null],"character_chosen":"The_Alterego","items_purchased":["alterego_mod:Nekomimi","alterego_mod:BreastValley"],"campfire_rested":0,"item_purchase_floors":[15,30],"current_hp_per_floor":[70,70,69,69,69,69,45,45,45,56,56,83,83,83,83,82,84,49,32,46,74,57,57,42,42,42,42,42,36,36,46,46,15,60,57,57,21,21,67,67,65,65,65,65,66,70,70,70,70,43],"gold":149,"neow_bonus":"UPGRADE_CARD","is_prod":false,"is_daily":false,"chose_seed":false,"campfire_upgraded":11,"win_rate":0,"timestamp":1607527382,"path_taken":["M","$","M","?","?","R","E","R","T","?","R","?","R","M","R","BOSS","M","?","M","?","M","R","M","R","T","R","?","?","$","M","R","BOSS","M","$","M","?","?","R","E","?","T","R","E","M","R","$","R","BOSS"],"build_version":"2020-11-30","purchased_purges":5,"victory":true,"max_hp_per_floor":[70,70,71,71,71,71,72,72,72,73,73,83,83,83,83,84,84,85,85,86,86,87,87,88,88,88,88,72,73,73,74,74,75,75,76,76,77,77,67,67,68,68,68,68,69,70,70,70,70,82],"card_choices":[{"not_picked":["alterego_mod:Exercise","alterego_mod:Undulate"],"picked":"alterego_mod:IndependentAction","floor":1.0},{"not_picked":["alterego_mod:MagicResistance","alterego_mod:Undulate","alterego_mod:PerceptionDisorder"],"picked":"alterego_mod:DiscoLights","floor":3.0},{"not_picked":["alterego_mod:TrashNCrash","alterego_mod:Clones","alterego_mod:VirginLaserPalladion"],"picked":"alterego_mod:Rake","floor":7.0},{"not_picked":["alterego_mod:GoddessCore","alterego_mod:MagicResistance","alterego_mod:Cooking"],"picked":"alterego_mod:BreastValley","floor":10.0},{"not_picked":["alterego_mod:1TonWallop","alterego_mod:Cycle","alterego_mod:Mirror"],"picked":"alterego_mod:DeftHands","floor":14.0},{"not_picked":["alterego_mod:Antipathy","alterego_mod:Rake","alterego_mod:InsideBaseball"],"picked":"alterego_mod:Tantrum","floor":16.0},{"not_picked":["alterego_mod:TrashNCrash+1","alterego_mod:BiFurious","alterego_mod:Maid"],"picked":"alterego_mod:Support+1","floor":18.0},{"not_picked":["alterego_mod:HighServant+1","alterego_mod:GoddessCore","alterego_mod:DeftHands","alterego_mod:InsideBaseball"],"picked":"SKIP","floor":20.0},{"not_picked":["alterego_mod:Maid","alterego_mod:1TonWallop","alterego_mod:MagicResistance"],"picked":"alterego_mod:Belts+1","floor":22.0},{"not_picked":["alterego_mod:Schoolgirl","alterego_mod:Lingerie+1","alterego_mod:Jiggle","alterego_mod:STier"],"picked":"SKIP","floor":24.0},{"not_picked":["alterego_mod:Exercise+1","alterego_mod:Mirror","alterego_mod:PresenceConcealment","alterego_mod:Bounce"],"picked":"SKIP","floor":29},{"not_picked":["alterego_mod:Undulate","alterego_mod:Exercise","alterego_mod:GoddessCore"],"picked":"alterego_mod:Rip","floor":31},{"not_picked":["alterego_mod:Valkyrie","alterego_mod:Alter","alterego_mod:Rake"],"picked":"alterego_mod:Palingenesis","floor":33},{"not_picked":["alterego_mod:Nekomimi","alterego_mod:Belts+1","alterego_mod:Bunnysuit"],"picked":"alterego_mod:ChallengeComplete+1","floor":35},{"not_picked":["alterego_mod:Bloomers","alterego_mod:TrashNCrash","alterego_mod:Bounce","alterego_mod:GoddessCore"],"picked":"SKIP","floor":37},{"not_picked":["alterego_mod:Rake","alterego_mod:DestructionOfProperty+1","alterego_mod:Palingenesis"],"picked":"alterego_mod:DiscoLights+1","floor":41},{"not_picked":["alterego_mod:Swimsuit","alterego_mod:Birthday","alterego_mod:Cooking","alterego_mod:HighServant+1"],"picked":"SKIP","floor":45},{"not_picked":["alterego_mod:DeftHands+1","alterego_mod:GoddessCore+1","alterego_mod:Undulate","alterego_mod:DustData"],"picked":"SKIP","floor":46}],"player_experience":1350550,"relics_obtained":[{"floor":1.0,"key":"Question Card"},{"floor":7.0,"key":"conspire:GlowingRock"},{"floor":9.0,"key":"Dota2Spire:Desolator"},{"floor":16.0,"key":"ImportantClient"},{"floor":26.0,"key":"REME_HourglassOfDeath"},{"floor":41,"key":"MawBank"},{"floor":43,"key":"Darkstone Periapt"},{"floor":45,"key":"Replay:Ringing Soul"}],"event_choices":[{"damage_healed":0.0,"max_hp_gain":0.0,"max_hp_loss":0.0,"gold_gain":0.0,"event_name":"Upgrade Shrine","player_choice":"Upgraded","floor":4.0,"gold_loss":0.0,"damage_taken":0.0,"cards_upgraded":["alterego_mod:DiscoLights"]},{"cards_removed":["Hyperbeam"],"damage_healed":17.0,"max_hp_gain":10.0,"max_hp_loss":0.0,"gold_gain":0.0,"event_name":"Bonfire Elementals","player_choice":"Offered Rare","floor":12.0,"gold_loss":0.0,"damage_taken":0.0},{"damage_healed":28.0,"max_hp_gain":0.0,"max_hp_loss":0.0,"gold_gain":0.0,"event_name":"The Library","player_choice":"Heal","floor":21.0,"gold_loss":0.0,"damage_taken":0.0},{"damage_healed":0.0,"max_hp_gain":0.0,"max_hp_loss":16.0,"gold_gain":0.0,"event_name":"Vampires","player_choice":"Became a vampire","floor":28.0,"gold_loss":0.0,"damage_taken":0.0,"cards_obtained":["Bite","Bite","Bite"]},{"damage_healed":0,"gold_gain":0,"player_choice":"Ignored","damage_taken":0,"max_hp_gain":0,"max_hp_loss":0,"event_name":"Mysterious Sphere","floor":38,"gold_loss":0},{"damage_healed":67,"gold_gain":0,"player_choice":"Heal","damage_taken":0,"max_hp_gain":0,"max_hp_loss":10,"event_name":"The Moai Head","floor":39,"gold_loss":0},{"damage_healed":0,"gold_gain":0,"player_choice":"Ignored","damage_taken":0,"max_hp_gain":0,"max_hp_loss":0,"event_name":"Transmorgrifier","floor":42,"gold_loss":0}],"is_beta":false,"boss_relics":[{"not_picked":["aspiration:SecretTechniqueScroll","Philosopher\u0027s Stone"],"picked":"xbg"},{"not_picked":["Runic Dome","Pandora\u0027s Box"],"picked":"Dota2Spire:RefresherOrb"}],"items_purged_floors":[2,15,30,36,47],"is_endless":false,"potions_floor_spawned":[10,20,22,33,41],"ascension_level":8}}