{"host":"xrbxyo513dr24h85","time":1607551993,"event":{"gold_per_floor":[109,124,199,199,209,209,223,242,313,313,313,332,45,84,84,213,213,228,228,81,81,94,94,94,94],"floor_reached":24,"playtime":707,"items_purged":[],"score":296,"play_id":"44e46535-9b6e-4ce7-9e4e-256ce7cc09a1","local_time":"20201209141313","is_ascension_mode":false,"campfire_choices":[{"data":"Metallicize","floor":6,"key":"SMITH"},{"data":"Thunderclap","floor":11,"key":"SMITH"},{"floor":15,"key":"REST"},{"floor":23,"key":"REST"}],"neow_cost":"","seed_source_timestamp":0,"circlet_count":0,"master_deck":["Strike_R","Strike_R","Strike_R","Strike_R","Strike_R","Defend_R","Defend_R","Defend_R","Defend_R","Bash","Metallicize+1","Body Slam","Thunderclap+1","Twin Strike","Injury","Wild Strike","Metallicize+1","Immolate"],"relics":["Burning Blood","Replay:Bottled Steam","hubris:BottledRain","Golden Idol","Replay:Baseball","DollysMirror","Ancient Tea Set","Replay:Grab Bag","Runic Dome","Philosopher\u0027s Stone","Ring of Chaos","Snecko Heart","Lee\u0027s Waffle","hubris:Icosahedron"],"potions_floor_usage":[16,24,24],"damage_taken":[{"damage":5,"enemies":"Small Slimes","floor":1,"turns":4},{"damage":0,"enemies":"2 Louse","floor":2,"turns":4},{"damage":3,"enemies":"Jaw Worm","floor":5,"turns":6},{"damage":29,"enemies":"Large Slime","floor":7,"turns":11},{"damage":8,"enemies":"2 Fungi Beasts","floor":8,"turns":3},{"damage":15,"enemies":"Exordium Wildlife","floor":12,"turns":5},{"damage":3,"enemies":"Gremlin Nob","floor":14,"turns":4},{"damage":28,"enemies":"Hexaghost","floor":16,"turns":10},{"damage":9,"enemies":"2 Thieves","floor":18,"turns":3},{"damage":70,"enemies":"Spheric Guardian","floor":22,"turns":6},{"damage":49,"enemies":"Slavers","floor":24,"turns":3}],"seed_played":"-5610721933702947726","potions_obtained":[{"floor":1,"key":"blueLaboratory:HorrorPotion"},{"floor":2,"key":"Milkshake"},{"floor":22,"key":"blueLaboratory:PhilterOfMotion"}],"is_trial":true,"path_per_floor":["M","M","?","?","M","R","M","M","T","?","R","M","$","E","R","B",null,"M","?","$","?","M","R","E"],"character_chosen":"IRONCLAD","items_purchased":["Replay:Baseball","DollysMirror","Lee\u0027s Waffle"],"campfire_rested":2,"item_purchase_floors":[13,13,20],"current_hp_per_floor":[80,80,69,51,54,54,31,29,29,29,29,20,20,23,47,25,80,77,77,87,87,23,49,0,0],"gold":94,"neow_bonus":"","is_prod":false,"is_daily":false,"chose_seed":false,"campfire_upgraded":2,"win_rate":0,"timestamp":1607551993,"path_taken":["M","M","?","?","M","R","M","M","T","?","R","?","$","E","R","BOSS","M","?","$","?","M","R","E"],"build_version":"2020-11-30","purchased_purges":0,"victory":false,"max_hp_per_floor":[80,80,80,80,80,80,80,80,80,80,80,80,80,80,80,80,80,80,80,87,87,87,87,87,87],"relic_stats":{"Lee\u0027s Waffle":10,"counters":[11,59],"Golden Idol":44,"obtain_stats":[{"Lee\u0027s Waffle":20,"Snecko Heart":17,"Golden Idol":10,"Replay:Grab Bag":17,"Ring of Chaos":17,"Ancient Tea Set":14,"Burning Blood":0,"Runic Dome":17,"Replay:Baseball":13,"hubris:Icosahedron":21,"DollysMirror":13,"Philosopher\u0027s Stone":17,"Replay:Bottled Steam":4,"hubris:BottledRain":9},{"Lee\u0027s Waffle":9,"Snecko Heart":8,"Golden Idol":5,"Replay:Grab Bag":8,"Ring of Chaos":8,"Ancient Tea Set":7,"Burning Blood":0,"Runic Dome":8,"Replay:Baseball":6,"hubris:Icosahedron":9,"DollysMirror":6,"Philosopher\u0027s Stone":8,"Replay:Bottled Steam":2,"hubris:BottledRain":5},{"Lee\u0027s Waffle":50,"Snecko Heart":47,"Golden Idol":28,"Replay:Grab Bag":47,"Ring of Chaos":47,"Ancient Tea Set":37,"Burning Blood":0,"Runic Dome":47,"Replay:Baseball":33,"hubris:Icosahedron":50,"DollysMirror":33,"Philosopher\u0027s Stone":47,"Replay:Bottled Steam":8,"hubris:BottledRain":28}],"Burning Blood":53},"card_choices":[{"not_picked":["Massacre","DDmod:BurningFumesPowerCard"],"picked":"Metallicize","floor":1},{"not_picked":["DDmod:EasePowerCard","Second Wind","Shockwave"],"picked":"SKIP","floor":2},{"not_picked":["Body Slam","ReplayTheSpireMod:Strike From Hell","Blood for Blood"],"picked":"SKIP","floor":5},{"not_picked":["ReplayTheSpireMod:Strike From Hell","Blood for Blood"],"picked":"Body Slam","floor":5},{"not_picked":["Ghostly Armor","Wild Strike"],"picked":"Thunderclap","floor":7},{"not_picked":["ReplayTheSpireMod:Limb From Limb","Hemokinesis"],"picked":"Twin Strike","floor":8},{"not_picked":["Clash","Uppercut"],"picked":"Wild Strike","floor":12},{"not_picked":["DDmod:PokeAttack","hubris:ReadiedAction"],"picked":"Immolate","floor":14},{"not_picked":["Heavy Blade","hubris:ReadiedAction","Abandon"],"picked":"SKIP","floor":18},{"not_picked":["Carnage","Heavy Blade","hubris:ReadiedAction"],"picked":"SKIP","floor":22}],"player_experience":1131964,"relics_obtained":[{"floor":9,"key":"hubris:BottledRain"},{"floor":14,"key":"Ancient Tea Set"}],"event_choices":[{"damage_healed":0,"gold_gain":75,"player_choice":"Gold","damage_taken":11,"max_hp_gain":0,"max_hp_loss":0,"event_name":"betterThird:BetterGoop","floor":3,"gold_loss":0},{"damage_healed":0,"gold_gain":0,"player_choice":"Relic ","damage_taken":18,"max_hp_gain":0,"max_hp_loss":0,"event_name":"betterThird:BetterScrap","floor":4,"gold_loss":0,"cards_obtained":["Creative AI"]},{"damage_healed":0,"gold_gain":0,"player_choice":"Take Wound","damage_taken":0,"relics_obtained":["Golden Idol"],"max_hp_gain":0,"max_hp_loss":0,"event_name":"Golden Idol","floor":10,"gold_loss":0,"cards_obtained":["Injury"]},{"damage_healed":0,"gold_gain":0,"player_choice":"Ignored","damage_taken":0,"max_hp_gain":0,"max_hp_loss":0,"event_name":"Vampires","floor":19,"gold_loss":0}],"is_beta":false,"boss_relics":[{"not_picked":["Black Star","hubris:TerracottaHorce"],"picked":"Replay:Grab Bag"},{"not_picked":["Velvet Choker","Electric Blood"],"picked":"Runic Dome"},{"not_picked":["Replay:Bronze Core","Cursed Key"],"picked":"Philosopher\u0027s Stone"},{"not_picked":["halation:MonkeysPaw","hubris:BlackHole"],"picked":"Ring of Chaos"},{"not_picked":["Replay:Drink Me","Kintsugi"],"picked":"Snecko Heart"}],"items_purged_floors":[],"is_endless":true,"potions_floor_spawned":[1,2,22],"killed_by":"Slavers","ascension_level":0}}