{"host":"qqjv58wfhopf6ysa","time":1607485032,"event":{"gold_per_floor":[116,116,41,41,41,41,41,51,76,96,112,125,125,155,155,155,155],"floor_reached":16,"playtime":359,"items_purged":["Strike_B"],"score":100,"play_id":"b2b90afb-62fe-4123-a7f5-53f85fbbe5b2","local_time":"20201209123712","is_ascension_mode":false,"campfire_choices":[{"data":"Consume","floor":6,"key":"SMITH"},{"data":"Zap","floor":13,"key":"SMITH"},{"floor":15,"key":"DIG"}],"neow_cost":"NONE","seed_source_timestamp":34853858082699,"circlet_count":0,"master_deck":["Strike_B","Strike_B","Strike_B","Defend_B","Defend_B","Defend_B","Defend_B","Zap+1","Dualcast","Consume+1","Strike_B","infinitespire:FutureSight+1","Hologram","Glacier","BasicCrystalCard"],"relics":["Cracked Core","REME_ComplimentaryCards","NeowsBlessing","Quantum Egg","DataDisk","Gremlin Food","REME_HandOfSuture"],"potions_floor_usage":[16],"damage_taken":[{"damage":0,"enemies":"Jaw Worm","floor":1,"turns":1},{"damage":0,"enemies":"Small Slimes","floor":8,"turns":1},{"damage":0,"enemies":"2 Louse","floor":10,"turns":1},{"damage":8,"enemies":"Red Slaver","floor":11,"turns":3},{"damage":10,"enemies":"Looter","floor":12,"turns":3},{"damage":26,"enemies":"3 Sentries","floor":14,"turns":6},{"damage":29,"enemies":"Fading Forest","floor":16,"turns":10}],"seed_played":"107528236889739642","potions_obtained":[{"floor":1,"key":"Venom Potion"},{"floor":11,"key":"ColorlessPotion"},{"floor":14,"key":"Swift Potion"}],"is_trial":false,"path_per_floor":["M","?","$","?","?","R","T","M","T","M","M","M","R","E","R","B"],"character_chosen":"DEFECT","items_purchased":[],"campfire_rested":0,"item_purchase_floors":[],"current_hp_per_floor":[75,68,68,50,50,50,50,50,50,50,42,32,32,6,6,0,0],"gold":155,"neow_bonus":"THREE_ENEMY_KILL","is_prod":false,"is_daily":false,"chose_seed":false,"campfire_upgraded":2,"win_rate":0,"timestamp":1607485032,"path_taken":["M","?","$","?","?","R","?","M","T","?","M","M","R","E","R","BOSS"],"build_version":"2020-11-30","purchased_purges":1,"victory":false,"max_hp_per_floor":[75,75,75,75,75,75,75,75,75,75,75,75,75,75,75,75,75],"card_choices":[{"not_picked":["Beam Cell","Conserve Battery"],"picked":"Consume","floor":1},{"not_picked":["infinitespire:Collect","infinitespire:FinalStrike"],"picked":"infinitespire:FutureSight","floor":4},{"not_picked":["Barrage","Compile Driver","Stack"],"picked":"SKIP","floor":8},{"not_picked":["Reinforced Body","Barrage","Leap"],"picked":"SKIP","floor":10},{"not_picked":["Rainbow","Panic Button"],"picked":"Hologram","floor":11},{"not_picked":["Aggregate","Compile Driver"],"picked":"Glacier","floor":12},{"not_picked":["Stack","ReplayTheSpireMod:System Scan"],"picked":"BasicCrystalCard","floor":14}],"player_experience":403232,"relics_obtained":[{"floor":7,"key":"Quantum Egg"},{"floor":9,"key":"DataDisk"},{"floor":14,"key":"Gremlin Food"},{"floor":15,"key":"REME_HandOfSuture"}],"event_choices":[],"is_beta":false,"boss_relics":[],"items_purged_floors":[3],"is_endless":false,"potions_floor_spawned":[1,11,14],"killed_by":"Fading Forest","ascension_level":0}}