{"host":"y3h3n3f7seyagppx","time":1607526698,"event":{"gold_per_floor":[366,366,4,19,33,33,65,65,88,122,122,197,216,226,226,304,304,321,321,331,331,83,118,133,133,133,133,161,178,178,10,10,84,84,98,117,117,132,145,178,193,228,228,242,242,37,63,63,63,63,63,63,63,7,35,35],"floor_reached":57,"playtime":6230,"items_purged":["Strike_R"],"score":2855,"play_id":"fcf5b6e9-b564-4bfc-8d39-3e51743db0ce","local_time":"20201209101138","is_ascension_mode":true,"campfire_choices":[{"data":"Bash","floor":6.0,"key":"SMITH"},{"data":"Impervious","floor":8.0,"key":"SMITH"},{"data":"Fiend Fire","floor":11.0,"key":"SMITH"},{"data":"Carnage","floor":15.0,"key":"SMITH"},{"data":"True Grit","floor":25.0,"key":"SMITH"},{"floor":27.0,"key":"REST"},{"data":"Power Through","floor":32.0,"key":"SMITH"},{"data":"Power Through","floor":45,"key":"SMITH"},{"floor":49,"key":"REST"},{"floor":53,"key":"DIG"}],"neow_cost":"PERCENT_DAMAGE","seed_source_timestamp":0,"circlet_count":0,"master_deck":["AscendersBane","Strike_R+1","Defend_R","Defend_R","Defend_R","Defend_R","Bash+1","Anger+1","Barricade","Impervious+1","Fiend Fire+1","Carnage+1","Evolve","Feed","Ghostly Armor","Power Through+1","Second Wind","True Grit+1","Metallicize","Headbutt+1","Power Through+1","Feel No Pain+1","Berserk+1","Body Slam","Evolve+1","Second Wind+1","Body Slam+1","Offering","Warcry+1","Clothesline+1","Burning Pact","Feel No Pain+1","Thinking Ahead","Impatience"],"special_seed":0,"relics":["Burning Blood","Happy Flower","Orichalcum","Pen Nib","Runic Dome","Lee\u0027s Waffle","Meat on the Bone","Frozen Egg 2","PreservedInsect","Frozen Eye","Mark of Pain","Shovel","Charon\u0027s Ashes","Letter Opener","Bronze Scales","Singing Bowl","Pear","Boot"],"potions_floor_usage":[56,56],"damage_taken":[{"damage":7.0,"enemies":"Jaw Worm","floor":1.0,"turns":3.0},{"damage":7.0,"enemies":"Small Slimes","floor":4.0,"turns":3.0},{"damage":6.0,"enemies":"2 Louse","floor":5.0,"turns":3.0},{"damage":10.0,"enemies":"3 Sentries","floor":7.0,"turns":5.0},{"damage":6.0,"enemies":"Lagavulin","floor":10.0,"turns":10.0},{"damage":12.0,"enemies":"Large Slime","floor":13.0,"turns":3.0},{"damage":5.0,"enemies":"Looter","floor":14.0,"turns":3.0},{"damage":14.0,"enemies":"The Guardian","floor":16.0,"turns":11.0},{"damage":24.0,"enemies":"Shell Parasite","floor":18.0,"turns":6.0},{"damage":19.0,"enemies":"2 Thieves","floor":20.0,"turns":4.0},{"damage":68.0,"enemies":"Gremlin Leader","floor":23.0,"turns":9.0},{"damage":12.0,"enemies":"Cultist and Chosen","floor":24.0,"turns":6.0},{"damage":36.0,"enemies":"Slavers","floor":28.0,"turns":8.0},{"damage":0.0,"enemies":"Chosen and Byrds","floor":29.0,"turns":10.0},{"damage":24.0,"enemies":"Champ","floor":33.0,"turns":23.0},{"damage":50.0,"enemies":"3 Darklings","floor":35.0,"turns":8.0},{"damage":3.0,"enemies":"3 Shapes","floor":36.0,"turns":7.0},{"damage":1.0,"enemies":"Spire Growth","floor":38.0,"turns":8.0},{"damage":40.0,"enemies":"Maw","floor":39.0,"turns":10.0},{"damage":3,"enemies":"Giant Head","floor":40,"turns":5},{"damage":24,"enemies":"Writhing Mass","floor":41,"turns":7},{"damage":27,"enemies":"Nemesis","floor":42,"turns":9},{"damage":12,"enemies":"3 Darklings","floor":44,"turns":4},{"damage":20,"enemies":"Reptomancer","floor":47,"turns":5},{"damage":26,"enemies":"Time Eater","floor":50,"turns":13},{"damage":38,"enemies":"Donu and Deca","floor":51,"turns":7},{"damage":0,"enemies":"Shield and Spear","floor":55,"turns":4},{"damage":26,"enemies":"The Heart","floor":56,"turns":9}],"seed_played":"-9133504869410473136","potions_obtained":[{"floor":5.0,"key":"PowerPotion"},{"floor":7.0,"key":"SteroidPotion"},{"floor":20.0,"key":"Weak Potion"},{"floor":23.0,"key":"CultistPotion"},{"floor":28.0,"key":"FairyPotion"},{"floor":29.0,"key":"SpeedPotion"},{"floor":38.0,"key":"Weak Potion"},{"floor":39.0,"key":"AttackPotion"},{"floor":55,"key":"Ancient Potion"}],"is_trial":false,"path_per_floor":["M","?","$","M","M","R","E","R","T","E","R","?","M","M","R","B",null,"M","?","M","?","$","E","M","R","T","R","E","M","?","$","R","B",null,"M","M","?","M","M","E","M","E","T","M","R","$","E","?","R","B","B",null,"R","$","E","B",null],"character_chosen":"IRONCLAD","items_purchased":["Barricade","Impervious","BloodPotion","Fire Potion","Lee\u0027s Waffle","Frozen Eye","Bronze Scales","Burning Pact","Swift Potion"],"campfire_rested":2,"item_purchase_floors":[3,3,3,3,22,31,46,46,54],"current_hp_per_floor":[49,26,26,25,40,40,36,36,36,36,36,25,19,20,20,12,59,44,44,34,34,88,26,32,32,32,58,43,64,36,36,36,33,85,53,59,59,67,48,63,60,54,54,63,63,63,61,53,89,72,52,107,117,117,125,105],"gold":35,"neow_bonus":"TWO_FIFTY_GOLD","is_prod":false,"is_daily":false,"chose_seed":false,"campfire_upgraded":7,"win_rate":0,"timestamp":1607526698,"path_taken":["M","?","$","M","M","R","E","R","T","E","R","?","M","M","R","BOSS","M","?","M","?","$","E","M","R","T","R","E","M","?","$","R","BOSS","M","M","?","M","M","E","?","E","T","M","R","$","E","?","R","BOSS","BOSS","R","$","E","BOSS"],"build_version":"2020-11-30","purchased_purges":1,"victory":true,"max_hp_per_floor":[75,75,75,75,75,75,75,75,75,75,75,75,75,75,75,75,75,78,78,81,81,88,88,88,88,88,88,91,94,99,99,99,102,102,102,105,105,108,111,111,114,117,117,120,120,120,120,122,122,125,125,125,135,135,137,137],"relic_stats":{"Lee\u0027s Waffle":54,"Happy Flower":[63],"Singing Bowl":4,"counters":[28,203],"Pen Nib":[23],"PreservedInsect":317,"Charon\u0027s Ashes":[433],"Letter Opener":[85],"Orichalcum":[168],"Boot":[0],"Burning Blood":168,"Shovel":1,"Bronze Scales":[189],"obtain_stats":[{"Lee\u0027s Waffle":22,"Pear":53,"Happy Flower":7,"Singing Bowl":47,"Pen Nib":10,"PreservedInsect":28,"Charon\u0027s Ashes":42,"Letter Opener":43,"Orichalcum":9,"Frozen Egg 2":26,"Boot":55,"Burning Blood":0,"Runic Dome":17,"Frozen Eye":31,"Shovel":40,"Bronze Scales":46,"Mark of Pain":34,"Meat on the Bone":23},{"Lee\u0027s Waffle":10,"Pear":26,"Happy Flower":4,"Singing Bowl":24,"Pen Nib":5,"PreservedInsect":13,"Charon\u0027s Ashes":22,"Letter Opener":22,"Orichalcum":4,"Frozen Egg 2":12,"Boot":27,"Burning Blood":0,"Runic Dome":8,"Frozen Eye":14,"Shovel":20,"Bronze Scales":23,"Mark of Pain":15,"Meat on the Bone":11},{"Lee\u0027s Waffle":51,"Pear":190,"Happy Flower":14,"Singing Bowl":170,"Pen Nib":24,"PreservedInsect":74,"Charon\u0027s Ashes":161,"Letter Opener":161,"Orichalcum":14,"Frozen Egg 2":66,"Boot":194,"Burning Blood":0,"Runic Dome":41,"Frozen Eye":84,"Shovel":145,"Bronze Scales":165,"Mark of Pain":107,"Meat on the Bone":60}],"Meat on the Bone":144},"card_choices":[{"not_picked":["Shockwave","Heavy Blade"],"picked":"Anger","floor":1.0},{"not_picked":["Cleave","Pummel","Second Wind"],"picked":"SKIP","floor":4.0},{"not_picked":["Headbutt","Cleave","Warcry"],"picked":"SKIP","floor":5.0},{"not_picked":["Rage","Iron Wave","Limit Break"],"picked":"SKIP","floor":7.0},{"not_picked":["Wild Strike","Feel No Pain"],"picked":"Fiend Fire","floor":10.0},{"not_picked":["Dual Wield","Clothesline"],"picked":"Carnage","floor":13.0},{"not_picked":["Sentinel","Dual Wield"],"picked":"Evolve","floor":14.0},{"not_picked":["Demon Form","Corruption"],"picked":"Feed","floor":16.0},{"not_picked":["Dual Wield","True Grit"],"picked":"Ghostly Armor","floor":18.0},{"not_picked":["Heavy Blade","Perfected Strike"],"picked":"Second Wind","floor":20.0},{"not_picked":["Infernal Blade","Clash"],"picked":"Headbutt+1","floor":23.0},{"not_picked":["Sever Soul","Disarm"],"picked":"Power Through","floor":24.0},{"not_picked":["Perfected Strike","Warcry"],"picked":"Feel No Pain+1","floor":28.0},{"not_picked":["Infernal Blade","Ghostly Armor+1","Intimidate"],"picked":"SKIP","floor":29.0},{"not_picked":["Infernal Blade","Ghostly Armor+1","Intimidate"],"picked":"SKIP","floor":29.0},{"not_picked":["Feed","Bludgeon"],"picked":"Berserk+1","floor":33.0},{"not_picked":["Sever Soul+1","Reckless Charge"],"picked":"Body Slam","floor":35.0},{"not_picked":["Thunderclap+1","Body Slam"],"picked":"Evolve+1","floor":36.0},{"not_picked":["Twin Strike","Seeing Red+1"],"picked":"Second Wind+1","floor":38.0},{"not_picked":["Twin Strike","Searing Blow"],"picked":"Body Slam+1","floor":39.0},{"not_picked":["Headbutt","Thunderclap"],"picked":"Offering","floor":40},{"not_picked":["Cleave+1","Rampage"],"picked":"Warcry+1","floor":41},{"not_picked":["Havoc","Iron Wave","Anger+1"],"picked":"SKIP","floor":42},{"not_picked":["Perfected Strike","Iron Wave"],"picked":"Clothesline+1","floor":44},{"not_picked":["Bludgeon","Heavy Blade+1"],"picked":"Feel No Pain+1","floor":47},{"not_picked":["Transmutation","Panacea","Blind"],"picked":"Singing Bowl","floor":48},{"not_picked":["Dramatic Entrance","HandOfGreed"],"picked":"Thinking Ahead","floor":48},{"not_picked":["Blind","Secret Weapon"],"picked":"Impatience","floor":48},{"not_picked":["Seeing Red+1","Rage+1","True Grit"],"picked":"Singing Bowl","floor":55}],"player_experience":19833208,"relics_obtained":[{"floor":7.0,"key":"Happy Flower"},{"floor":9.0,"key":"Orichalcum"},{"floor":10.0,"key":"Pen Nib"},{"floor":23.0,"key":"Meat on the Bone"},{"floor":26.0,"key":"Frozen Egg 2"},{"floor":28.0,"key":"PreservedInsect"},{"floor":40,"key":"Shovel"},{"floor":42,"key":"Charon\u0027s Ashes"},{"floor":43,"key":"Letter Opener"},{"floor":47,"key":"Singing Bowl"},{"floor":53,"key":"Pear"},{"floor":55,"key":"Boot"}],"event_choices":[{"damage_healed":0.0,"max_hp_gain":0.0,"max_hp_loss":0.0,"gold_gain":0.0,"event_name":"Shining Light","player_choice":"Entered Light","floor":2.0,"gold_loss":0.0,"damage_taken":23.0,"cards_upgraded":["Anger","Strike_R"]},{"damage_healed":0.0,"max_hp_gain":0.0,"max_hp_loss":0.0,"gold_gain":75.0,"event_name":"World of Goop","player_choice":"Gather Gold","floor":12.0,"gold_loss":0.0,"damage_taken":11.0},{"damage_healed":0.0,"max_hp_gain":0.0,"max_hp_loss":0.0,"gold_gain":0.0,"event_name":"The Library","player_choice":"Read","floor":19.0,"gold_loss":0.0,"damage_taken":0.0,"cards_obtained":["Power Through"]},{"damage_healed":0.0,"max_hp_gain":0.0,"max_hp_loss":0.0,"gold_gain":0.0,"cards_transformed":["Strike_R","Strike_R"],"event_name":"Drug Dealer","player_choice":"Became Test Subject","floor":21.0,"gold_loss":0.0,"damage_taken":0.0,"cards_obtained":["True Grit","Metallicize"]},{"damage_healed":0.0,"max_hp_gain":5.0,"max_hp_loss":0.0,"gold_gain":0.0,"event_name":"Forgotten Altar","player_choice":"Shed Blood","floor":30.0,"gold_loss":0.0,"damage_taken":33.0},{"cards_removed":["Strike_R"],"damage_healed":0.0,"max_hp_gain":0.0,"max_hp_loss":0.0,"gold_gain":0.0,"event_name":"Purifier","player_choice":"Purged","floor":37.0,"gold_loss":0.0,"damage_taken":0.0},{"damage_healed":0,"gold_gain":0,"player_choice":"Memory 3","damage_taken":10,"max_hp_gain":0,"max_hp_loss":0,"event_name":"SensoryStone","floor":48,"gold_loss":0}],"is_beta":false,"boss_relics":[{"not_picked":["Ectoplasm","Black Star"],"picked":"Runic Dome"},{"not_picked":["Black Blood","Velvet Choker"],"picked":"Mark of Pain"}],"items_purged_floors":[22],"is_endless":false,"potions_floor_spawned":[5,7,13,14,20,23,28,29,38,39,42,55],"ascension_level":20}}