{"host":"d9tpyi6mde8z2n96","time":1607479893,"event":{"gold_per_floor":[117,17,82,112,512,512,176,236,236,258,309,309,371,371,371,469,469,480,480,516,518,527,683,683,946,972,1247,1247,1508,1508,1538,1538,1688,1688,1725,1725,1379,1396,1414,1414,1703,1722,1722,2001,2001,2001,1812,2196,2196,2202],"floor_reached":51,"playtime":2860,"items_purged":[],"score":1248,"play_id":"c1168324-9a4d-45da-90d0-fb71e79147b0","local_time":"20201208211133","is_ascension_mode":false,"campfire_choices":[{"data":"conspire:SpireCoStock","floor":6.0,"key":"SMITH"},{"floor":15.0,"key":"DIG"},{"data":"MostiFishMod:CyberBuddha","floor":24.0,"key":"SMITH"},{"data":"Vigilance","floor":28.0,"key":"SMITH"},{"data":"Storm","floor":32.0,"key":"SMITH"},{"floor":46,"key":"REST"},{"data":"LessonLearned","floor":49,"key":"SMITH"}],"neow_cost":"PERCENT_DAMAGE","seed_source_timestamp":37405156781500,"circlet_count":0,"master_deck":["Strike_P","Strike_P","Strike_P","Strike_P","Defend_P","Defend_P","Defend_P","Defend_P","Eruption","Vigilance+1","MostiFishMod:FrostNova+1","MostiFishMod:WinterMarkForm","Worship","conspire:SpireCoStock+1","conspire:SpireCoStock","Prostrate","Pray","MostiFishMod:MusicBox+1","PathToVictory","PathToVictory","FlyingSleeves","Halt","MostiFishMod:CyberBuddha+1","EmptyBody","Storm+1","Sadistic Nature","FlyingSleeves","Devotion+1","Replay:BluntJabs","Hololive_RevenueRecovery","Rage+1","FlurryOfBlows","FlurryOfBlows","Warcry","wanderingMiniBosses:FinaleOfPromise","Devotion+1","Chill","Blizzard","Clash","Panache+1","Deep Breath","Tactician","LessonLearned+1","Worship+1","ClearTheMind+1","Stack","PathToVictory+1","Replay:BluntJabs+1","Prostrate+1","MostiFishMod:CyberBuddha+1","infinitespire:Starlight","Creative AI+1","Replay:BluntJabs+1"],"special_seed":0,"relics":["PureWater","testmod-TestBox","testmod-Register","FrostBlade","testmod-Justice","Question Card","Orrery","DianDianMeat","Letter Opener","halation:PinkSoulGem","Frozen Egg 2","DemoMod:GlassGuonStoneRelic","ImportantClient","BirthdayGift-Icosahedron","Replay:Wax Seal","Rawhide","wanderingMiniBosses:Blackblade","DemoMod:PoisonVial","DemoMod:MeltedRock","hubris:Icosahedron","RhineCircuit","hubris:SlimyHat","Membership Card","MoreBug","aspiration:StickyExplosives","testmod-IndustrialRevolution","hubris:FruitBowl","Replay:Mystery Machine","DollysMirror","hubris:EvacipatedBox","hubris:KleinBottle","Centennial Puzzle","Bronze Scales","Ancient Tea Set","PreservedInsect","HandDrill","aspiration:HummingbirdHeart","trackpad:Mousetrap","Blue Candle","infinitespire:FocusingShard","DemoMod:WhiteGuonStone","infinitespire:Satchel","trackpad:CultistFigurine","infinitespire:Broken Mirror","LastBattle","trackpad:ByrdCharm","Toy Ornithopter","trackpad:ToughGloves","infinitespire:Beetle Shell","hubris:Metronome","Ornamental Fan","DemoMod:PinkGuonStone","Bird Faced Urn","Pear","testmod-Antiphasic","aspiration:ChemicalBlood","hubris:BottledRain","TungstenRod","aspiration:TomeofQuesting","Iron Hammer","trackpad:WondrousWand","ReplayFunnel","trackpad:SappingStone","SpikesRelics:DaevaFist","Pocketwatch","War Paint","Frozen Eye"],"potions_floor_usage":[48],"damage_taken":[{"damage":0.0,"enemies":"2 Louse","floor":1.0,"turns":2.0},{"damage":6.0,"enemies":"Jaw Worm","floor":3.0,"turns":2.0},{"damage":0.0,"enemies":"conspire:RoseBush","floor":4.0,"turns":3.0},{"damage":3.0,"enemies":"Exordium Wildlife","floor":8.0,"turns":3.0},{"damage":0.0,"enemies":"Lots of Slimes","floor":10.0,"turns":1.0},{"damage":0.0,"enemies":"Lagavulin","floor":11.0,"turns":4.0},{"damage":9.0,"enemies":"conspire:2 RoseBushes","floor":13.0,"turns":3.0},{"damage":0.0,"enemies":"Slime Boss","floor":16.0,"turns":2.0},{"damage":0.0,"enemies":"2 Thieves","floor":18.0,"turns":2.0},{"damage":0.0,"enemies":"Spheric Guardian","floor":20.0,"turns":2.0},{"damage":7.0,"enemies":"Snake Plant","floor":21.0,"turns":1.0},{"damage":0.0,"enemies":"Sentry and Sphere","floor":22.0,"turns":3.0},{"damage":0.0,"enemies":"Replay:Snechameleon","floor":23.0,"turns":2.0},{"damage":0.0,"enemies":"Snecko","floor":25.0,"turns":3.0},{"damage":4.0,"enemies":"Gremlin Leader","floor":27.0,"turns":3.0},{"damage":0.0,"enemies":"Chosen and Byrds","floor":29.0,"turns":2.0},{"damage":0.0,"enemies":"Centurion and Healer","floor":31.0,"turns":2.0},{"damage":0.0,"enemies":"conspire:MysteriousRune","floor":33.0,"turns":2.0},{"damage":0.0,"enemies":"Orb Walker","floor":35.0,"turns":1.0},{"damage":0.0,"enemies":"3 Darklings","floor":38.0,"turns":1.0},{"damage":0.0,"enemies":"Writhing Mass","floor":39.0,"turns":1.0},{"damage":0.0,"enemies":"Maw","floor":41.0,"turns":2.0},{"damage":0,"enemies":"Spire Growth","floor":42,"turns":2},{"damage":1,"enemies":"Nemesis","floor":44,"turns":3},{"damage":0,"enemies":"Transient","floor":48,"turns":3},{"damage":0,"enemies":"Awakened One","floor":50,"turns":3}],"seed_played":"-1927949829713467712","potions_obtained":[{"floor":8.0,"key":"Elixir"},{"floor":13.0,"key":"Block Potion"},{"floor":18.0,"key":"Doom Potion"},{"floor":22.0,"key":"DistilledChaos"},{"floor":29.0,"key":"Weak Potion"}],"is_trial":false,"path_per_floor":["M","?","M","M","?","R","$","M","T","M","E","?","M","?","R","B",null,"M","?","M","M","M","E","R","M","T","E","R","M","?","M","R","B",null,"M","?","$","M","M","T","M","M","T","E","$","R","$","M","R","B",null],"character_chosen":"WATCHER","items_purchased":["MostiFishMod:MusicBox","Orrery","hubris:SlimyHat","Membership Card","LessonLearned","Worship","hubris:FruitBowl","Replay:Mystery Machine","DollysMirror","hubris:EvacipatedBox","hubris:KleinBottle","Centennial Puzzle","Bronze Scales","Ancient Tea Set","PreservedInsect","HandDrill","aspiration:HummingbirdHeart","trackpad:Mousetrap","Blue Candle","infinitespire:FocusingShard","DemoMod:WhiteGuonStone","infinitespire:Satchel","trackpad:CultistFigurine","infinitespire:Broken Mirror","LastBattle","trackpad:ByrdCharm","Toy Ornithopter","trackpad:ToughGloves","infinitespire:Beetle Shell","hubris:Metronome","Ornamental Fan","DemoMod:PinkGuonStone","Bird Faced Urn","Pear","testmod-Antiphasic","aspiration:ChemicalBlood","hubris:BottledRain","blueLaboratory:FruitPunch","TungstenRod","aspiration:TomeofQuesting","Iron Hammer","trackpad:WondrousWand","ReplayFunnel","trackpad:SappingStone","SpikesRelics:DaevaFist","Pocketwatch","War Paint","Frozen Eye","Creative AI+1"],"campfire_rested":1,"item_purchase_floors":[7,7,37,37,37,37,45,45,45,45,45,45,45,45,45,45,45,45,45,45,45,45,45,45,45,45,45,45,45,45,45,45,45,45,45,45,45,45,45,45,45,45,45,45,45,45,47,47,47],"current_hp_per_floor":[51,51,45,45,45,45,45,42,42,43,45,45,39,39,39,43,82,87,93,100,102,112,127,127,150,150,160,160,221,221,237,237,254,254,271,289,328,349,371,371,394,418,418,443,9,173,215,280,280,299],"gold":2202,"neow_bonus":"ONE_RARE_RELIC","is_prod":false,"is_daily":false,"chose_seed":false,"campfire_upgraded":5,"win_rate":0,"timestamp":1607479893,"path_taken":["M","?","M","M","?","R","?","?","T","?","E","?","M","?","R","BOSS","M","?","?","M","M","E","R","M","T","E","R","M","?","M","R","BOSS","M","?","?","M","M","?","M","M","T","E","?","R","$","M","R","BOSS"],"build_version":"2020-11-30","purchased_purges":0,"victory":true,"max_hp_per_floor":[72,72,72,72,72,72,72,72,72,73,75,75,78,78,78,82,82,87,93,100,108,117,127,127,150,150,163,163,223,223,238,238,254,254,271,289,328,349,371,371,394,418,418,443,547,547,589,635,635,635],"card_choices":[{"not_picked":["BootSequence","Swift Strike"],"picked":"Worship","floor":1.0},{"not_picked":["Reflex","Outmaneuver","Replay:BluntJabs"],"picked":"Prostrate","floor":3.0},{"not_picked":["EmptyMind","Warcry","Replay:AtTheReady"],"picked":"Pray","floor":4.0},{"not_picked":["Replay:BluntJabs","Replay:Anticipation","FlyingSleeves"],"picked":"PathToVictory","floor":7.0},{"not_picked":["Stack","ClearTheMind","Clash"],"picked":"PathToVictory","floor":7.0},{"not_picked":["Indignation","Adaptation","FollowUp"],"picked":"FlyingSleeves","floor":7.0},{"not_picked":["Nirvana","InnerPeace","Swift Strike"],"picked":"Halt","floor":7.0},{"not_picked":["FlurryOfBlows","FollowUp","ClearTheMind"],"picked":"MostiFishMod:CyberBuddha","floor":7.0},{"not_picked":["Outmaneuver","Dramatic Entrance","Underhanded Strike"],"picked":"EmptyBody","floor":8.0},{"not_picked":["FollowUp","EmptyBody","Outmaneuver"],"picked":"Storm","floor":10.0},{"not_picked":["ClearTheMind","Replay:ManipulateFuture","Establishment"],"picked":"Sadistic Nature","floor":11.0},{"not_picked":["Replay:Anticipation","Warcry","Heatsinks"],"picked":"FlyingSleeves","floor":13.0},{"not_picked":["Machine Learning+1","MostiFishMod:Unraveling","MostiFishMod:KamiSmash"],"picked":"Devotion+1","floor":16.0},{"not_picked":["MostiFishMod:Clarity+1","FollowUp","Heatsinks+1"],"picked":"Replay:BluntJabs","floor":18.0},{"not_picked":["Halt","MostiFishMod:Speedup+1","CutThroughFate"],"picked":"Rage+1","floor":20.0},{"not_picked":["Underhanded Strike","Blasphemy","InnerPeace"],"picked":"FlurryOfBlows","floor":21.0},{"not_picked":["ClearTheMind","Underhanded Strike","Jack Of All Trades"],"picked":"FlurryOfBlows","floor":22.0},{"not_picked":["Replay:ManipulateFuture","Forethought","Clash"],"picked":"Warcry","floor":23.0},{"not_picked":[],"picked":"wanderingMiniBosses:FinaleOfPromise","floor":25.0},{"not_picked":["InnerPeace","EmptyBody","Stack"],"picked":"Devotion+1","floor":25.0},{"not_picked":["EmptyFist+1","Pray","Replay:AtTheReady"],"picked":"Chill","floor":27.0},{"not_picked":["FlyingSleeves","FearNoEvil","Underhanded Strike"],"picked":"Blizzard","floor":29.0},{"not_picked":["Tactician","Replay:AtTheReady","Replay:Anticipation+1"],"picked":"Clash","floor":31.0},{"not_picked":["MostiFishMod:MemoryFragments","Transmutation","Machine Learning+1"],"picked":"Panache+1","floor":33.0},{"not_picked":["Warcry+1","FollowUp","CutThroughFate"],"picked":"Deep Breath","floor":35.0},{"not_picked":["SashWhip","Outmaneuver+1","EmptyBody"],"picked":"ClearTheMind+1","floor":38.0},{"not_picked":["MostiFishMod:Speedup+1","Warcry","Replay:AtTheReady"],"picked":"Stack","floor":39.0},{"not_picked":["Replay:Anticipation+1","Halt+1","FlurryOfBlows+1"],"picked":"PathToVictory+1","floor":41.0},{"not_picked":["Underhanded Strike","Replay:AllIn","Halt+1"],"picked":"Replay:BluntJabs+1","floor":42},{"not_picked":["MostiFishMod:Clarity","Warcry","ClearTheMind"],"picked":"Prostrate+1","floor":44},{"not_picked":["infinitespire:Collect","infinitespire:Punishment"],"picked":"infinitespire:Starlight","floor":45},{"not_picked":["Indignation+1","EmptyBody+1","Underhanded Strike+1"],"picked":"Replay:BluntJabs+1","floor":48}],"player_experience":1037237,"relics_obtained":[{"floor":1.0,"key":"Question Card"},{"floor":9.0,"key":"DianDianMeat"},{"floor":11.0,"key":"Letter Opener"},{"floor":15.0,"key":"Frozen Egg 2"},{"floor":16.0,"key":"ImportantClient"},{"floor":23.0,"key":"Rawhide"},{"floor":25.0,"key":"wanderingMiniBosses:Blackblade"},{"floor":26.0,"key":"DemoMod:PoisonVial"},{"floor":27.0,"key":"DemoMod:MeltedRock"},{"floor":40.0,"key":"MoreBug"},{"floor":43,"key":"aspiration:StickyExplosives"},{"floor":44,"key":"testmod-IndustrialRevolution"}],"event_choices":[{"damage_healed":0.0,"max_hp_gain":0.0,"max_hp_loss":0.0,"gold_gain":0.0,"event_name":"conspire:Investor","player_choice":"Invest 2","floor":2.0,"gold_loss":0.0,"damage_taken":0.0},{"damage_healed":0.0,"max_hp_gain":0.0,"max_hp_loss":0.0,"gold_gain":400.0,"event_name":"Plate Of N\u0027loth","player_choice":"Sell","floor":5.0,"relics_lost":["DaveBox"],"gold_loss":0.0,"damage_taken":0.0},{"damage_healed":0.0,"max_hp_gain":0.0,"max_hp_loss":0.0,"gold_gain":0.0,"event_name":"Living Wall","player_choice":"Grow","floor":12.0,"gold_loss":0.0,"damage_taken":0.0,"cards_upgraded":["MostiFishMod:MusicBox"]},{"damage_healed":0.0,"max_hp_gain":0.0,"max_hp_loss":0.0,"gold_gain":0.0,"event_name":"Match and Keep!","player_choice":"1 cards matched","floor":36.0,"gold_loss":0.0,"damage_taken":0.0,"cards_obtained":["Tactician"]}],"is_beta":false,"boss_relics":[{"not_picked":["testmod-HarvestTotem","halation:ForbiddenBikini"],"picked":"BirthdayGift-Icosahedron"},{"not_picked":["Sozu","Philosopher\u0027s Stone"],"picked":"RhineCircuit"}],"items_purged_floors":[],"is_endless":false,"potions_floor_spawned":[8,13,18,22,29,31,35,38,39,41],"ascension_level":0}}