{"host":"nozk9xg7ssf2drdi","time":1607489866,"event":{"gold_per_floor":[110,125,125,33,81,109,125,160,160,191,191,208,221,235,235,309,309,322,332,332,14,14,39,39,39,39,109,135,50,79,53,53,129,129,147,147,63,78,97,97,127,127,127,165,218,256,206,237,237,237,237,237,246,105,142,142,142],"floor_reached":56,"playtime":10245,"items_purged":["Bash+1","Strike_R+1"],"score":2343,"play_id":"ca5ec477-6280-4b36-83f3-a11305a27b97","local_time":"20201208225746","is_ascension_mode":true,"campfire_choices":[{"data":"Rage","floor":11.0,"key":"SMITH"},{"data":"Bash","floor":15.0,"key":"SMITH"},{"data":"Corruption","floor":24.0,"key":"SMITH"},{"data":"Offering","floor":32.0,"key":"SMITH"},{"floor":40.0,"key":"RECALL"},{"data":"Disarm","floor":49.0,"key":"SMITH"},{"floor":53.0,"key":"REST"}],"neow_cost":"TEN_PERCENT_HP_LOSS","seed_source_timestamp":2128443091223700,"circlet_count":0,"master_deck":["AscendersBane","Strike_R+1","Strike_R+1","Strike_R+1","Strike_R+1","Defend_R+1","Defend_R+1","Defend_R+1","Defend_R+1","Clothesline","Dark Embrace","Swift Strike","Offering+1","Spot Weakness","Rage+1","Shrug It Off","Anger","Iron Wave","Iron Wave","Corruption+1","Thunderclap+1","Armaments","Sword Boomerang+1","Impervious+1","Thunderclap+1","Reaper+1","Whirlwind+1","Uppercut+1","Feel No Pain+1","Sword Boomerang+1","Dark Embrace+1","Disarm+1","Corruption+1","Evolve+1","Feel No Pain+1","Body Slam+1","Flex+1","Flash of Steel+1","Pommel Strike+1"],"special_seed":0,"relics":["Burning Blood","TungstenRod","Red Skull","Tiny Chest","Shuriken","Bottled Lightning","Nunchaku","SlaversCollar","Meat on the Bone","MutagenicStrength","Prayer Wheel","Frozen Egg 2","Letter Opener","Molten Egg 2","Happy Flower","Dream Catcher","Sozu","PreservedInsect","Smiling Mask","CeramicFish","Peace Pipe","Centennial Puzzle","Gremlin Horn"],"potions_floor_usage":[],"damage_taken":[{"damage":12.0,"enemies":"Jaw Worm","floor":1.0,"turns":5.0},{"damage":3.0,"enemies":"Cultist","floor":2.0,"turns":3.0},{"damage":41.0,"enemies":"Gremlin Nob","floor":6.0,"turns":5.0},{"damage":2.0,"enemies":"2 Louse","floor":7.0,"turns":2.0},{"damage":18.0,"enemies":"3 Sentries","floor":8.0,"turns":6.0},{"damage":5.0,"enemies":"Gremlin Nob","floor":10.0,"turns":2.0},{"damage":5.0,"enemies":"Exordium Wildlife","floor":12.0,"turns":2.0},{"damage":11.0,"enemies":"Exordium Thugs","floor":13.0,"turns":2.0},{"damage":0.0,"enemies":"2 Fungi Beasts","floor":14.0,"turns":2.0},{"damage":23.0,"enemies":"Slime Boss","floor":16.0,"turns":9.0},{"damage":16.0,"enemies":"Spheric Guardian","floor":18.0,"turns":4.0},{"damage":19.0,"enemies":"Shell Parasite","floor":19.0,"turns":3.0},{"damage":7.0,"enemies":"Book of Stabbing","floor":23.0,"turns":3.0},{"damage":5.0,"enemies":"Slavers","floor":28.0,"turns":4.0},{"damage":22.0,"enemies":"Book of Stabbing","floor":30.0,"turns":3.0},{"damage":5.0,"enemies":"Collector","floor":33.0,"turns":3.0},{"damage":5.0,"enemies":"3 Darklings","floor":35.0,"turns":2.0},{"damage":5.0,"enemies":"3 Shapes","floor":38.0,"turns":2.0},{"damage":17.0,"enemies":"Transient","floor":39.0,"turns":6.0},{"damage":7.0,"enemies":"Giant Head","floor":41.0,"turns":5.0},{"damage":5.0,"enemies":"Nemesis","floor":44.0,"turns":5.0},{"damage":19.0,"enemies":"2 Orb Walkers","floor":45.0,"turns":4.0},{"damage":5.0,"enemies":"Reptomancer","floor":46.0,"turns":3.0},{"damage":15.0,"enemies":"Writhing Mass","floor":48.0,"turns":4.0},{"damage":42.0,"enemies":"Time Eater","floor":50.0,"turns":6.0},{"damage":64.0,"enemies":"Awakened One","floor":51.0,"turns":12.0},{"damage":21,"enemies":"Shield and Spear","floor":55,"turns":4},{"damage":68,"enemies":"The Heart","floor":56,"turns":6}],"seed_played":"-6873342762227852555","potions_obtained":[{"floor":7.0,"key":"Fire Potion"},{"floor":8.0,"key":"Block Potion"},{"floor":12.0,"key":"LiquidBronze"},{"floor":18.0,"key":"Energy Potion"},{"floor":30.0,"key":"Regen Potion"},{"floor":33.0,"key":"GamblersBrew"}],"is_trial":false,"path_per_floor":["M","M","?","$","T","E","M","E","T","E","R","M","M","M","R","B",null,"M","M","?","$","?","E","R","$","T","T","E","?","E","$","R","B",null,"M","?","$","M","M","R","E","T","T","E","?","E","$","M","R","B","B",null,"R","$","E","B"],"character_chosen":"IRONCLAD","items_purchased":["Swift Strike","Meat on the Bone","Block Potion","Thunderclap+1","Uppercut+1","Flash of Steel+1"],"campfire_rested":1,"item_purchase_floors":[4,21,21,31,37,54],"current_hp_per_floor":[62,65,65,65,65,30,34,22,22,23,23,24,19,25,25,8,53,43,30,30,30,30,41,41,41,41,41,42,42,38,38,38,51,64,68,68,68,68,57,57,56,56,56,68,55,68,68,64,64,49,24,57,68,68,53,0,0],"gold":142,"neow_bonus":"ONE_RARE_RELIC","is_prod":false,"is_daily":false,"chose_seed":false,"campfire_upgraded":5,"win_rate":0,"timestamp":1607489866,"path_taken":["M","M","?","$","?","E","M","E","T","E","R","M","M","M","R","BOSS","M","M","?","$","?","E","R","?","T","?","E","?","E","$","R","BOSS","M","?","$","M","?","R","E","?","T","E","?","E","$","M","R","BOSS","BOSS","R","$","E","BOSS"],"build_version":"2020-11-30","purchased_purges":2,"victory":false,"max_hp_per_floor":[68,68,68,68,68,68,68,68,68,68,68,68,68,68,68,68,68,68,68,68,68,68,68,68,68,68,68,68,68,68,68,68,68,68,68,68,68,68,68,68,68,68,68,68,68,68,68,68,68,68,68,68,68,68,68,68,68],"relic_stats":{"Happy Flower":[21],"Gremlin Horn":[0,0],"counters":[28,117],"CeramicFish":63,"PreservedInsect":188,"Letter Opener":[163],"Smiling Mask":75,"Burning Blood":142,"Sozu":4,"Peace Pipe":0,"Nunchaku":[28],"Dream Catcher":1,"Centennial Puzzle":[15],"Shuriken":[65],"Tiny Chest":2,"Prayer Wheel":4,"obtain_stats":[{"Happy Flower":29,"Gremlin Horn":55,"CeramicFish":44,"PreservedInsect":41,"Letter Opener":27,"Frozen Egg 2":26,"Smiling Mask":43,"Burning Blood":0,"Sozu":34,"Peace Pipe":45,"SlaversCollar":17,"Nunchaku":10,"Dream Catcher":30,"Centennial Puzzle":46,"Shuriken":8,"MutagenicStrength":22,"Tiny Chest":6,"Prayer Wheel":23,"Molten Egg 2":28,"Bottled Lightning":9,"TungstenRod":0,"Red Skull":5,"Meat on the Bone":21},{"Happy Flower":14,"Gremlin Horn":27,"CeramicFish":21,"PreservedInsect":20,"Letter Opener":13,"Frozen Egg 2":13,"Smiling Mask":20,"Burning Blood":0,"Sozu":16,"Peace Pipe":22,"SlaversCollar":10,"Nunchaku":6,"Dream Catcher":15,"Centennial Puzzle":23,"Shuriken":5,"MutagenicStrength":12,"Tiny Chest":3,"Prayer Wheel":13,"Molten Egg 2":14,"Bottled Lightning":5,"TungstenRod":0,"Red Skull":2,"Meat on the Bone":12},{"Happy Flower":52,"Gremlin Horn":111,"CeramicFish":78,"PreservedInsect":73,"Letter Opener":48,"Frozen Egg 2":48,"Smiling Mask":73,"Burning Blood":0,"Sozu":58,"Peace Pipe":82,"SlaversCollar":38,"Nunchaku":23,"Dream Catcher":55,"Centennial Puzzle":85,"Shuriken":21,"MutagenicStrength":45,"Tiny Chest":13,"Prayer Wheel":48,"Molten Egg 2":52,"Bottled Lightning":21,"TungstenRod":0,"Red Skull":8,"Meat on the Bone":45}],"TungstenRod":85,"Meat on the Bone":60},"card_choices":[{"not_picked":["True Grit","Pommel Strike"],"picked":"Clothesline","floor":1.0},{"not_picked":["Havoc","Power Through"],"picked":"Dark Embrace","floor":2.0},{"not_picked":["Clash","Anger"],"picked":"Offering","floor":6.0},{"not_picked":["Wild Strike","Armaments"],"picked":"Spot Weakness","floor":7.0},{"not_picked":["Armaments","Barricade"],"picked":"Rage","floor":8.0},{"not_picked":["Sentinel","Seeing Red"],"picked":"Shrug It Off","floor":10.0},{"not_picked":["Bloodletting","Dual Wield"],"picked":"Anger","floor":12.0},{"not_picked":["Flame Barrier","Anger"],"picked":"Iron Wave","floor":13.0},{"not_picked":["Dark Embrace","Havoc"],"picked":"Iron Wave","floor":14.0},{"not_picked":["Demon Form","Impervious"],"picked":"Corruption","floor":16.0},{"not_picked":["Searing Blow+1","Blood for Blood"],"picked":"Thunderclap+1","floor":18.0},{"not_picked":["Anger","Warcry"],"picked":"Armaments","floor":19.0},{"not_picked":["Anger","Flex+1","Iron Wave"],"picked":"SKIP","floor":23.0},{"not_picked":["Shrug It Off","True Grit"],"picked":"Sword Boomerang+1","floor":28.0},{"not_picked":["Warcry","Cleave+1"],"picked":"Impervious","floor":30.0},{"not_picked":["Berserk+1","Immolate+1"],"picked":"Reaper+1","floor":33.0},{"not_picked":["Twin Strike+1","Bloodletting"],"picked":"Whirlwind+1","floor":35.0},{"not_picked":["Rampage+1","Power Through","Dual Wield"],"picked":"SKIP","floor":35.0},{"not_picked":["Armaments","Second Wind"],"picked":"Feel No Pain+1","floor":38.0},{"not_picked":["Metallicize+1","Wild Strike+1"],"picked":"Sword Boomerang+1","floor":38.0},{"not_picked":["Sword Boomerang+1","Iron Wave+1"],"picked":"Dark Embrace+1","floor":39.0},{"not_picked":["Hemokinesis+1","Rage","Perfected Strike+1"],"picked":"SKIP","floor":39.0},{"not_picked":["Armaments","Anger+1"],"picked":"Disarm","floor":41.0},{"not_picked":["Bloodletting+1","Clothesline+1"],"picked":"Corruption+1","floor":44.0},{"not_picked":["Wild Strike+1","Infernal Blade"],"picked":"Evolve+1","floor":46.0},{"not_picked":["Uppercut+1","Shrug It Off"],"picked":"Feel No Pain+1","floor":48.0},{"not_picked":["Perfected Strike+1","True Grit+1"],"picked":"Body Slam+1","floor":48.0},{"not_picked":["Headbutt+1","Dropkick+1"],"picked":"Flex+1","floor":53.0},{"not_picked":["Blood for Blood+1","Clothesline+1"],"picked":"Pommel Strike+1","floor":55}],"player_experience":5924898,"relics_obtained":[{"floor":5.0,"key":"Red Skull"},{"floor":6.0,"key":"Tiny Chest"},{"floor":8.0,"key":"Shuriken"},{"floor":9.0,"key":"Bottled Lightning"},{"floor":10.0,"key":"Nunchaku"},{"floor":23.0,"key":"Prayer Wheel"},{"floor":26.0,"key":"Frozen Egg 2"},{"floor":27.0,"key":"Letter Opener"},{"floor":28.0,"key":"Molten Egg 2"},{"floor":30.0,"key":"Dream Catcher"},{"floor":41.0,"key":"PreservedInsect"},{"floor":43.0,"key":"Smiling Mask"},{"floor":44.0,"key":"CeramicFish"},{"floor":45.0,"key":"Peace Pipe"},{"floor":46.0,"key":"Centennial Puzzle"},{"floor":55,"key":"Gremlin Horn"}],"event_choices":[{"damage_healed":0.0,"max_hp_gain":0.0,"max_hp_loss":0.0,"gold_gain":0.0,"event_name":"Match and Keep!","player_choice":"0 cards matched","floor":3.0,"gold_loss":0.0,"damage_taken":0.0,"cards_obtained":[]},{"damage_healed":0.0,"max_hp_gain":0.0,"max_hp_loss":0.0,"gold_gain":0.0,"event_name":"Back to Basics","player_choice":"Simplicity","floor":20.0,"gold_loss":0.0,"damage_taken":0.0,"cards_upgraded":["Strike_R","Strike_R","Strike_R","Strike_R","Strike_R","Defend_R","Defend_R","Defend_R","Defend_R"]},{"damage_healed":0.0,"max_hp_gain":0.0,"max_hp_loss":0.0,"gold_gain":0.0,"event_name":"Drug Dealer","player_choice":"Inject Mutagens","floor":22.0,"gold_loss":0.0,"damage_taken":0.0,"relics_obtained":["MutagenicStrength"]},{"damage_healed":0.0,"max_hp_gain":0.0,"max_hp_loss":0.0,"gold_gain":0.0,"event_name":"Addict","player_choice":"Obtained Relic","floor":29.0,"gold_loss":85.0,"damage_taken":0.0,"relics_obtained":["Happy Flower"]},{"damage_healed":0.0,"max_hp_gain":0.0,"max_hp_loss":0.0,"gold_gain":0.0,"event_name":"Accursed Blacksmith","player_choice":"Forge","floor":36.0,"gold_loss":0.0,"damage_taken":0.0,"cards_upgraded":["Impervious"]},{"damage_healed":0.0,"max_hp_gain":0.0,"max_hp_loss":0.0,"gold_gain":0.0,"event_name":"Mysterious Sphere","player_choice":"Fight","floor":45.0,"gold_loss":0.0,"damage_taken":0.0}],"is_beta":false,"boss_relics":[{"not_picked":["Fusion Hammer","Velvet Choker"],"picked":"SlaversCollar"},{"not_picked":["Cursed Key","SacredBark"],"picked":"Sozu"}],"items_purged_floors":[47,54],"is_endless":false,"potions_floor_spawned":[7,8,12,14,18,30,33,38,41,45,48,55],"killed_by":"The Heart","ascension_level":20}}