{"host":"qwttrqaysb380yri","time":1607553453,"event":{"gold_per_floor":[112,131,151,166,176,210,221,221,221,233,233,263,282,282,282],"floor_reached":14,"playtime":565,"items_purged":[],"score":170,"play_id":"828fdbfc-98c6-462d-aa19-0cd14ec8b546","local_time":"20201209233733","is_ascension_mode":true,"campfire_choices":[{"data":"Eruption","floor":8,"key":"SMITH"}],"neow_cost":"NONE","seed_source_timestamp":21113897546800,"circlet_count":0,"master_deck":["AscendersBane","Strike_P","Strike_P","Strike_P","Strike_P","Defend_P","Defend_P","Defend_P","Defend_P","Eruption+1","Vigilance","FearNoEvil","EmptyBody","FlurryOfBlows","Adaptation","DeusExMachina","ThirdEye","Consecrate+1","Decay","Consecrate+1","FlurryOfBlows+1"],"special_seed":0,"relics":["PureWater","Kunai","Molten Egg 2","Blue Candle"],"potions_floor_usage":[14],"damage_taken":[{"damage":2.0,"enemies":"2 Louse","floor":1.0,"turns":2.0},{"damage":0.0,"enemies":"Cultist","floor":2.0,"turns":3.0},{"damage":0.0,"enemies":"Jaw Worm","floor":3.0,"turns":4.0},{"damage":3.0,"enemies":"Looter","floor":4.0,"turns":2.0},{"damage":10,"enemies":"Exordium Wildlife","floor":5,"turns":5},{"damage":20,"enemies":"Gremlin Nob","floor":6,"turns":4},{"damage":0,"enemies":"Large Slime","floor":7,"turns":5},{"damage":5,"enemies":"Blue Slaver","floor":10,"turns":5},{"damage":12,"enemies":"3 Sentries","floor":12,"turns":9},{"damage":0,"enemies":"Looter","floor":13,"turns":4},{"damage":34,"enemies":"Gremlin Nob","floor":14,"turns":3}],"seed_played":"-6341069255838279452","potions_obtained":[{"floor":1.0,"key":"Energy Potion"},{"floor":5,"key":"SmokeBomb"},{"floor":6,"key":"BlessingOfTheForge"}],"is_trial":false,"path_per_floor":["M","M","M","M","M","E","M","R","T","M","?","E","M","E"],"character_chosen":"WATCHER","items_purchased":[],"campfire_rested":0,"item_purchase_floors":[],"current_hp_per_floor":[70,70,70,67,57,37,37,37,37,32,32,20,20,0,0],"gold":282,"neow_bonus":"TEN_PERCENT_HP_BONUS","is_prod":false,"is_daily":false,"chose_seed":false,"campfire_upgraded":1,"win_rate":0,"timestamp":1607553453,"path_taken":["M","M","M","M","M","E","M","R","T","M","?","E","?","E"],"build_version":"2020-11-30","purchased_purges":0,"victory":false,"max_hp_per_floor":[79,79,79,79,79,79,79,79,79,79,79,79,79,79,79],"relic_stats":{"counters":[11,46],"Blue Candle":[0],"Kunai":[7],"obtain_stats":[{"Blue Candle":12,"Molten Egg 2":9,"Kunai":6,"PureWater":0},{"Blue Candle":9,"Molten Egg 2":7,"Kunai":6,"PureWater":0},{"Blue Candle":39,"Molten Egg 2":25,"Kunai":20,"PureWater":0}]},"card_choices":[{"not_picked":["Protect","Evaluate"],"picked":"FearNoEvil","floor":1.0},{"not_picked":["Crescendo","ClearTheMind"],"picked":"EmptyBody","floor":2.0},{"not_picked":["Collect","SashWhip"],"picked":"FlurryOfBlows","floor":3.0},{"not_picked":["SignatureMove","Worship"],"picked":"Adaptation","floor":4.0},{"not_picked":["Wallop","Halt"],"picked":"DeusExMachina","floor":5},{"not_picked":["FlyingSleeves","Crescendo"],"picked":"ThirdEye","floor":6},{"not_picked":["SignatureMove","FlyingSleeves","Vault"],"picked":"SKIP","floor":7},{"not_picked":["PathToVictory","Evaluate"],"picked":"Consecrate+1","floor":10},{"not_picked":["EmptyFist+1","Nirvana"],"picked":"Consecrate+1","floor":12},{"not_picked":["BowlingBash+1","SashWhip+1"],"picked":"FlurryOfBlows+1","floor":13}],"player_experience":1797280,"relics_obtained":[{"floor":6,"key":"Kunai"},{"floor":9,"key":"Molten Egg 2"},{"floor":12,"key":"Blue Candle"}],"event_choices":[{"damage_healed":0,"gold_gain":0,"player_choice":"Cursed","damage_taken":0,"max_hp_gain":0,"max_hp_loss":0,"event_name":"Wheel of Change","floor":11,"gold_loss":0,"cards_obtained":["Decay"]}],"is_beta":false,"boss_relics":[],"items_purged_floors":[],"is_endless":false,"potions_floor_spawned":[1,5,6,7,12],"killed_by":"Gremlin Nob","ascension_level":12}}