{"host":"svdrdpvpxtppvaze","time":1607526612,"event":{"gold_per_floor":[111,125,125,125,105,137,148,183,207,217,217,234,249,102,102,205,205,217,217,236,236,46,46,46,46,46,64,64,81,100,114,114,212,212,222,1221,429,441,454,454,454,469,469,469,469,206,219,231,231,231],"floor_reached":51,"playtime":1796,"items_purged":["Strike_R","Normality","Normality"],"score":811,"play_id":"046052fa-6568-4609-9645-977c662cc006","local_time":"20201209211012","is_ascension_mode":false,"campfire_choices":[{"data":"Replay:Many Hands","floor":11,"key":"SMITH"},{"data":"Flame Barrier","floor":11,"key":"SMITH"},{"data":"Thunderclap","floor":15,"key":"SMITH"},{"data":"Ghostly Armor","floor":15,"key":"SMITH"},{"data":"expansioncontent:DashGenerateEvil","floor":23,"key":"SMITH"},{"data":"Armaments","floor":23,"key":"SMITH"},{"data":"Power Through","floor":25,"key":"SMITH"},{"data":"Defend_R","floor":25,"key":"SMITH"},{"data":"Demon Form","floor":32,"key":"SMITH"},{"data":"Strike_R","floor":32,"key":"SMITH"},{"data":"hubris:EnhanceAbility","floor":41,"key":"SMITH"},{"data":"Double Tap","floor":41,"key":"SMITH"},{"data":"Battle Trance","floor":45,"key":"SMITH"},{"data":"Strike_R","floor":45,"key":"SMITH"},{"data":"Offering","floor":49,"key":"SMITH"},{"data":"Defend_R","floor":49,"key":"SMITH"}],"neow_cost":"","seed_source_timestamp":5290879745572,"circlet_count":0,"master_deck":["Strike_R","Strike_R","Strike_R+1","Strike_R+1","Defend_R+1","Defend_R","Defend_R","Defend_R+1","Bash+1","Whirlwind+1","Thunderclap+1","Flame Barrier+1","Power Through+1","Replay:Many Hands+1","Ghostly Armor+1","Shrug It Off+1","Armaments+1","expansioncontent:DashGenerateEvil+1","Pain","hubris:CleavingFinish+1","Demon Form+1","Double Tap+1","Run Through+1","hubris:EnhanceAbility+1","Battle Trance+1","Iron Wave+1","Offering+1"],"relics":["Burning Blood","Toy Ornithopter","Replay:Arrowhead","infinitespire:Lucky Rock","hubris:Backtick","PureWater","Dream Catcher","Meat on the Bone","WarpedTongs","Sozu","ReplayTheSpireMod:TigerMarble","Pondfish Scales","infinitespire:WardingShard"],"potions_floor_usage":[8,8,30,33,33,50],"damage_taken":[{"damage":6,"enemies":"Cultist","floor":1,"turns":3},{"damage":6,"enemies":"2 Louse","floor":2,"turns":3},{"damage":31,"enemies":"Lagavulin","floor":6,"turns":6},{"damage":0,"enemies":"Small Slimes","floor":7,"turns":3},{"damage":16,"enemies":"Gremlin Nob","floor":8,"turns":3},{"damage":0,"enemies":"Gremlin Gang","floor":10,"turns":1},{"damage":0,"enemies":"Blue Slaver","floor":12,"turns":3},{"damage":8,"enemies":"Lots of Slimes","floor":13,"turns":3},{"damage":15,"enemies":"The Guardian","floor":16,"turns":15},{"damage":0,"enemies":"3 Byrds","floor":18,"turns":2},{"damage":23,"enemies":"Spheric Guardian","floor":20,"turns":8},{"damage":0,"enemies":"Snake Plant","floor":27,"turns":7},{"damage":6,"enemies":"Cultist and Chosen","floor":29,"turns":11},{"damage":4,"enemies":"Centurion and Healer","floor":30,"turns":2},{"damage":5,"enemies":"Shelled Parasite and Fungi","floor":31,"turns":4},{"damage":38,"enemies":"Champ","floor":33,"turns":8},{"damage":20,"enemies":"3 Darklings","floor":35,"turns":3},{"damage":13,"enemies":"3 Shapes","floor":38,"turns":3},{"damage":56,"enemies":"Transient","floor":39,"turns":5},{"damage":15,"enemies":"3 Darklings","floor":42,"turns":5},{"damage":7,"enemies":"Jaw Worm Horde","floor":47,"turns":3},{"damage":10,"enemies":"Writhing Mass","floor":48,"turns":7},{"damage":56,"enemies":"Awakened One","floor":50,"turns":10}],"seed_played":"3310656201998871985","potions_obtained":[{"floor":1,"key":"ColorlessPotion"},{"floor":2,"key":"AttackPotion"},{"floor":5,"key":"hexamod:EctoCoolerPotion"},{"floor":10,"key":"Energy Potion"},{"floor":30,"key":"Energy Potion"}],"is_trial":false,"path_per_floor":["M","M","?","?","?","E","M","E","T","M","R","M","M","$","R","B",null,"M","?","M","T","$","R","?","R","T","M","?","M","M","M","R","B",null,"M","?","$","M","M","?","R","M","T","?","R","$","M","M","R","B",null],"character_chosen":"IRONCLAD","items_purchased":["Shrug It Off+1","Elixir","expansioncontent:DashGenerateEvil","ReplayTheSpireMod:TigerMarble","Pondfish Scales","hubris:EnhanceAbility","Battle Trance","Offering"],"campfire_rested":0,"item_purchase_floors":[14,14,22,37,37,37,37,46],"current_hp_per_floor":[80,80,80,80,80,55,61,61,61,67,67,73,71,71,71,62,80,80,80,63,63,63,63,90,90,90,90,90,90,90,90,90,68,90,76,76,76,69,31,31,31,34,34,34,34,34,53,61,61,28],"gold":231,"neow_bonus":"","is_prod":false,"is_daily":false,"chose_seed":false,"campfire_upgraded":16,"win_rate":0.0,"timestamp":1607526612,"path_taken":["M","M","?","?","?","E","M","E","T","?","R","?","M","?","R","BOSS","M","?","?","?","$","R","?","R","T","?","?","?","?","M","R","BOSS","M","?","$","M","M","?","R","?","T","?","R","$","M","M","R","BOSS"],"build_version":"2020-11-30","purchased_purges":3,"victory":true,"max_hp_per_floor":[80,80,80,80,80,80,80,80,80,80,80,80,80,80,80,80,80,80,80,80,80,80,80,90,90,90,90,90,90,90,90,90,90,90,90,90,90,90,90,90,90,90,90,90,90,90,90,90,90,90],"card_choices":[{"not_picked":["Abandon","Warcry"],"picked":"Whirlwind","floor":1},{"not_picked":["Fire Breathing","Entrench"],"picked":"Thunderclap","floor":2},{"not_picked":["Life Link","Cleave"],"picked":"Flame Barrier","floor":6},{"not_picked":["Sword Boomerang","Flex","Anger"],"picked":"SKIP","floor":7},{"not_picked":["Clothesline","Fire Breathing"],"picked":"Power Through","floor":8},{"not_picked":["Warcry","Cleave"],"picked":"Replay:Many Hands","floor":10},{"not_picked":["Metallicize","Anger"],"picked":"Ghostly Armor","floor":12},{"not_picked":["Anger","Replay:Undeath\u0027s Touch","Perfected Strike"],"picked":"SKIP","floor":13},{"not_picked":["Fiend Fire","Bludgeon"],"picked":"Berserk","floor":16},{"not_picked":["Headbutt","ReplayTheSpireMod:Strike From Hell+1","Sword Boomerang"],"picked":"SKIP","floor":18},{"not_picked":["Corruption","Perfected Strike"],"picked":"Armaments","floor":20},{"not_picked":["Thunderclap","Iron Wave","Blood for Blood+1"],"picked":"SKIP","floor":27},{"not_picked":["Uppercut","Entrench+1"],"picked":"hubris:CleavingFinish+1","floor":29},{"not_picked":["Warcry","Clash+1"],"picked":"Demon Form","floor":30},{"not_picked":["ReplayTheSpireMod:Strike From Hell","Dropkick","Twin Strike"],"picked":"SKIP","floor":31},{"not_picked":["Bludgeon","Corruption"],"picked":"Double Tap","floor":33},{"not_picked":["Headbutt+1","infinitespire:OneForAll+1"],"picked":"Run Through+1","floor":35},{"not_picked":["ReplayTheSpireMod:Corrosion Curse","Replay:Undeath\u0027s Touch+1","hubris:SharpeningStone"],"picked":"SKIP","floor":38},{"not_picked":["Pommel Strike","Reckless Charge+1"],"picked":"Iron Wave+1","floor":39},{"not_picked":["ReplayReversal","Combust+1","Rage"],"picked":"SKIP","floor":42},{"not_picked":["Anger","Clash+1","Shockwave"],"picked":"SKIP","floor":47},{"not_picked":["Clothesline","Run Through+1","Replay:Many Hands"],"picked":"SKIP","floor":48}],"player_experience":0,"relics_obtained":[{"floor":6,"key":"Toy Ornithopter"},{"floor":8,"key":"Replay:Arrowhead"},{"floor":9,"key":"infinitespire:Lucky Rock"},{"floor":21,"key":"Dream Catcher"},{"floor":26,"key":"Meat on the Bone"},{"floor":43,"key":"infinitespire:WardingShard"}],"event_choices":[{"damage_healed":0,"gold_gain":0,"player_choice":"Grow","damage_taken":0,"max_hp_gain":0,"max_hp_loss":0,"event_name":"Living Wall","floor":3,"gold_loss":0,"cards_upgraded":["Whirlwind"]},{"damage_healed":0,"gold_gain":0,"player_choice":"Bought 1 Potion","damage_taken":0,"max_hp_gain":0,"max_hp_loss":0,"event_name":"The Woman in Blue","floor":5,"gold_loss":0},{"damage_healed":0,"gold_gain":0,"player_choice":"Ignored","damage_taken":0,"max_hp_gain":0,"max_hp_loss":0,"event_name":"NoteForYourself","floor":19,"gold_loss":0},{"cards_removed":["Berserk"],"damage_healed":17,"gold_gain":0,"player_choice":"Offered Rare","damage_taken":0,"max_hp_gain":10,"max_hp_loss":0,"event_name":"Bonfire Elementals","floor":24,"gold_loss":0},{"damage_healed":0,"gold_gain":0,"player_choice":"Rummage","damage_taken":0,"relics_obtained":["WarpedTongs"],"max_hp_gain":0,"max_hp_loss":0,"event_name":"Accursed Blacksmith","floor":28,"gold_loss":0,"cards_obtained":["Pain"]},{"damage_healed":0,"gold_gain":999,"player_choice":"Gold","damage_taken":0,"max_hp_gain":0,"max_hp_loss":0,"event_name":"MindBloom","floor":36,"gold_loss":0,"cards_obtained":["Normality","Normality"]},{"damage_healed":0,"gold_gain":0,"player_choice":"Ignored","damage_taken":0,"max_hp_gain":0,"max_hp_loss":0,"event_name":"SecretPortal","floor":40,"gold_loss":0}],"is_beta":false,"boss_relics":[{"not_picked":["Abe\u0027s Treasure","SacredBark"],"picked":"hubris:Backtick"},{"not_picked":["Calling Bell","Velvet Choker"],"picked":"Sozu"}],"items_purged_floors":[14,37,46],"is_endless":false,"potions_floor_spawned":[1,2,7,10,27,30,38,42,47],"ascension_level":0}}