{"host":"u0m9wcerzdqt9t83","time":1607532981,"event":{"gold_per_floor":[117,137,149,99,99,131,147,178,205,232,296,316,316,326,326,421,421,434,446,458,64,64,99,116,146,169,194,206,206,206,220,220,323,323,335,335,335,350,350,384,398,423,446,471,488,45,62,75,75,75],"floor_reached":51,"playtime":3264,"items_purged":[],"score":1192,"play_id":"8fbd1ed3-7e0f-4142-bb42-7d8de66ac268","local_time":"20201209115621","is_ascension_mode":true,"campfire_choices":[{"floor":15,"key":"REST"},{"floor":32,"key":"REST"},{"floor":49,"key":"REST"}],"neow_cost":"","seed_source_timestamp":6957580786200,"circlet_count":0,"master_deck":["Strike_G+1","Strike_G+1","Strike_G+1","Strike_G+1","Strike_G+1","Defend_G+1","Defend_G+1","Defend_G+1","Survivor","Neutralize","Panache","Accuracy","Backstab","Flying Knee","Flying Knee","Poisoned Stab","Dagger Spray","Outmaneuver","Blade Dance","Terror","Outmaneuver","Deflect","Bane","After Image","Predator","Accuracy+1","Flying Knee+1","Cloak And Dagger","Slice","Quick Slash","Bullet Time","Blade Dance+1","Deflect+1","Expertise","Backflip+1","Envenom","Slice","Noxious Fumes","Adrenaline","Cloak And Dagger","Poisoned Stab","Caltrops+1","Adrenaline","Caltrops","Flying Knee","Die Die Die","Escape Plan+1"],"relics":["Ring of the Snake","Eternal Feather","Bag of Preparation","Toy Ornithopter","Strawberry","Bronze Scales","Dream Catcher","Pear","Darkstone Periapt","SlaversCollar","Shuriken","Tiny Chest","Matryoshka","Akabeko","PreservedInsect","Smiling Mask","Lantern","Snake Skull","WristBlade","Mercury Hourglass","Oddly Smooth Stone","Happy Flower","Pocketwatch","Nunchaku"],"potions_floor_usage":[6,8,10,16,23,23,25,28,44,50],"damage_taken":[{"damage":0,"enemies":"2 Louse","floor":1,"turns":3},{"damage":0,"enemies":"Jaw Worm","floor":2,"turns":3},{"damage":1,"enemies":"Cultist","floor":3,"turns":3},{"damage":14,"enemies":"Lagavulin","floor":6,"turns":8},{"damage":1,"enemies":"Red Slaver","floor":7,"turns":2},{"damage":10,"enemies":"3 Sentries","floor":8,"turns":3},{"damage":8,"enemies":"Lagavulin","floor":10,"turns":4},{"damage":8,"enemies":"Gremlin Nob","floor":11,"turns":3},{"damage":4,"enemies":"2 Fungi Beasts","floor":12,"turns":2},{"damage":2,"enemies":"Exordium Thugs","floor":14,"turns":3},{"damage":0,"enemies":"Slime Boss","floor":16,"turns":6},{"damage":10,"enemies":"3 Byrds","floor":18,"turns":3},{"damage":6,"enemies":"Chosen","floor":19,"turns":3},{"damage":19,"enemies":"Snecko","floor":20,"turns":4},{"damage":18,"enemies":"Gremlin Leader","floor":23,"turns":4},{"damage":23,"enemies":"Centurion and Healer","floor":24,"turns":4},{"damage":22,"enemies":"Slavers","floor":25,"turns":4},{"damage":0,"enemies":"Gremlin Leader","floor":27,"turns":3},{"damage":0,"enemies":"Snake Plant","floor":28,"turns":1},{"damage":0,"enemies":"Cultist and Chosen","floor":31,"turns":3},{"damage":60,"enemies":"Collector","floor":33,"turns":7},{"damage":10,"enemies":"3 Shapes","floor":35,"turns":3},{"damage":4,"enemies":"Orb Walker","floor":38,"turns":2},{"damage":6,"enemies":"Giant Head","floor":40,"turns":4},{"damage":0,"enemies":"4 Shapes","floor":41,"turns":3},{"damage":3,"enemies":"Nemesis","floor":44,"turns":5},{"damage":0,"enemies":"Jaw Worm Horde","floor":45,"turns":2},{"damage":0,"enemies":"3 Darklings","floor":47,"turns":2},{"damage":12,"enemies":"4 Shapes","floor":48,"turns":2},{"damage":50,"enemies":"Donu and Deca","floor":50,"turns":5}],"seed_played":"-2296707358202692629","potions_obtained":[{"floor":3,"key":"Block Potion"},{"floor":6,"key":"BlessingOfTheForge"},{"floor":8,"key":"SteroidPotion"},{"floor":11,"key":"Weak Potion"},{"floor":12,"key":"DistilledChaos"},{"floor":18,"key":"Fire Potion"},{"floor":25,"key":"Ancient Potion"},{"floor":27,"key":"AttackPotion"},{"floor":31,"key":"SteroidPotion"},{"floor":35,"key":"AttackPotion"},{"floor":37,"key":"PowerPotion"},{"floor":37,"key":"BlessingOfTheForge"},{"floor":41,"key":"GhostInAJar"}],"is_trial":false,"path_per_floor":["M","M","M","?","?","E","M","E","T","E","?","M","?","M","R","B",null,"M","M","M","$","?","E","M","E","T","E","M","?","T","M","R","B",null,"M","T","?","M","?","E","M","T","T","E","M","$","M","M","R","B",null],"character_chosen":"THE_SILENT","items_purchased":["Eternal Feather","Panache","Accuracy","Bag of Preparation","Backstab","Shuriken","Fruit Juice","Cloak And Dagger","FairyPotion","Nunchaku","Adrenaline","Caltrops"],"campfire_rested":3,"item_purchase_floors":[0,0,0,0,0,21,21,21,46,46,46,46],"current_hp_per_floor":[45,45,44,44,37,35,34,29,29,36,28,24,24,22,60,65,87,77,71,52,52,52,49,26,9,9,9,14,14,14,14,62,2,92,82,82,82,78,78,72,72,72,72,74,74,74,74,62,92,47],"gold":75,"neow_bonus":"","is_prod":false,"is_daily":false,"chose_seed":false,"campfire_upgraded":0,"win_rate":0,"timestamp":1607532981,"path_taken":["M","M","M","?","?","E","M","E","T","E","?","M","?","M","R","BOSS","M","?","M","?","?","E","M","E","T","E","?","?","?","M","R","BOSS","M","?","?","?","?","E","M","?","T","E","M","$","M","M","R","BOSS"],"build_version":"2020-11-30","purchased_purges":0,"victory":true,"max_hp_per_floor":[70,70,70,70,70,77,77,77,77,87,87,87,87,87,87,87,87,87,87,87,87,87,92,92,92,92,92,92,92,92,92,92,92,92,92,92,92,92,92,92,92,92,92,92,92,92,92,92,92,92],"card_choices":[{"not_picked":["Bouncing Flask","Eviscerate"],"picked":"Flying Knee","floor":1},{"not_picked":["Riddle With Holes","Bouncing Flask"],"picked":"Flying Knee","floor":2},{"not_picked":["Expertise","Dodge and Roll"],"picked":"Poisoned Stab","floor":3},{"not_picked":["Malaise","Quick Slash"],"picked":"Dagger Spray","floor":6},{"not_picked":["Sucker Punch","Slice"],"picked":"Outmaneuver","floor":7},{"not_picked":["Grand Finale","Reflex"],"picked":"Blade Dance","floor":8},{"not_picked":["Skewer","Deflect"],"picked":"Terror","floor":10},{"not_picked":["Cloak And Dagger","Bane"],"picked":"Finisher","floor":11},{"not_picked":["Catalyst","Deadly Poison"],"picked":"Outmaneuver","floor":12},{"not_picked":["Finisher","Dodge and Roll"],"picked":"Deflect","floor":14},{"not_picked":["Sucker Punch","Outmaneuver"],"picked":"Bane","floor":15},{"not_picked":["Glass Knife","Doppelganger"],"picked":"After Image","floor":16},{"not_picked":["Tactician+1","Setup"],"picked":"Predator","floor":18},{"not_picked":["Dagger Throw","Dodge and Roll+1"],"picked":"Accuracy+1","floor":19},{"not_picked":["Dagger Spray","Concentrate"],"picked":"Flying Knee+1","floor":20},{"not_picked":["Sucker Punch","Distraction"],"picked":"Slice","floor":23},{"not_picked":["Finisher","Bouncing Flask"],"picked":"Quick Slash","floor":24},{"not_picked":["Dagger Spray+1","Wraith Form v2"],"picked":"Bullet Time","floor":25},{"not_picked":["Flying Knee","Slice+1"],"picked":"Blade Dance+1","floor":27},{"not_picked":["Flying Knee","Poisoned Stab"],"picked":"Deflect+1","floor":28},{"not_picked":["Underhanded Strike","Setup"],"picked":"Expertise","floor":31},{"not_picked":["Acrobatics","Outmaneuver"],"picked":"Backflip+1","floor":32},{"not_picked":["Wraith Form v2","Tools of the Trade"],"picked":"Envenom","floor":33},{"not_picked":["Acrobatics","Tactician+1"],"picked":"Slice","floor":35},{"not_picked":["Outmaneuver","Poisoned Stab+1"],"picked":"Noxious Fumes","floor":38},{"not_picked":["Slice+1","Bane+1"],"picked":"Adrenaline","floor":40},{"not_picked":["Calculated Gamble+1","Deadly Poison"],"picked":"Cloak And Dagger","floor":41},{"not_picked":["Distraction+1","Bane"],"picked":"Poisoned Stab","floor":44},{"not_picked":["Sucker Punch","Bane"],"picked":"Caltrops+1","floor":45},{"not_picked":["Quick Slash","Dagger Throw"],"picked":"Flying Knee","floor":47},{"not_picked":["Skewer+1","Prepared"],"picked":"Die Die Die","floor":48},{"not_picked":["Underhanded Strike","Distraction"],"picked":"Escape Plan+1","floor":49}],"player_experience":326397,"relics_obtained":[{"floor":6,"key":"Strawberry"},{"floor":8,"key":"Bronze Scales"},{"floor":9,"key":"Dream Catcher"},{"floor":10,"key":"Pear"},{"floor":11,"key":"Darkstone Periapt"},{"floor":23,"key":"Tiny Chest"},{"floor":25,"key":"Matryoshka"},{"floor":26,"key":"Akabeko"},{"floor":26,"key":"PreservedInsect"},{"floor":27,"key":"Smiling Mask"},{"floor":30,"key":"Lantern"},{"floor":30,"key":"Snake Skull"},{"floor":36,"key":"Mercury Hourglass"},{"floor":40,"key":"Oddly Smooth Stone"},{"floor":42,"key":"Happy Flower"},{"floor":44,"key":"Pocketwatch"}],"event_choices":[{"cards_removed":["Defend_G"],"damage_healed":0,"gold_gain":0,"player_choice":"Card Removal","damage_taken":0,"max_hp_gain":0,"max_hp_loss":0,"event_name":"The Cleric","floor":4,"gold_loss":50},{"damage_healed":0,"gold_gain":0,"player_choice":"Success","damage_taken":7,"relics_obtained":["Toy Ornithopter"],"max_hp_gain":0,"max_hp_loss":0,"event_name":"Scrap Ooze","floor":5,"gold_loss":0},{"damage_healed":0,"gold_gain":0,"player_choice":"Searched \u00271\u0027 times","damage_taken":0,"max_hp_gain":0,"max_hp_loss":0,"event_name":"Dead Adventurer","floor":11,"gold_loss":0},{"damage_healed":0,"gold_gain":0,"player_choice":"Ignored","damage_taken":0,"max_hp_gain":0,"max_hp_loss":0,"event_name":"NoteForYourself","floor":13,"gold_loss":0},{"cards_removed":["Defend_G"],"damage_healed":0,"gold_gain":0,"player_choice":"Purged","damage_taken":0,"max_hp_gain":0,"max_hp_loss":0,"event_name":"Purifier","floor":22,"gold_loss":0},{"damage_healed":0,"gold_gain":0,"player_choice":"Simplicity","damage_taken":0,"max_hp_gain":0,"max_hp_loss":0,"event_name":"Back to Basics","floor":29,"gold_loss":0,"cards_upgraded":["Strike_G","Strike_G","Strike_G","Strike_G","Strike_G","Defend_G","Defend_G","Defend_G"]},{"damage_healed":0,"gold_gain":0,"player_choice":"Got Potions","damage_taken":0,"max_hp_gain":0,"max_hp_loss":0,"event_name":"Lab","floor":37,"gold_loss":0},{"cards_removed":["Finisher"],"damage_healed":0,"gold_gain":0,"player_choice":"Removed Attack","damage_taken":0,"max_hp_gain":0,"max_hp_loss":0,"event_name":"Falling","floor":39,"gold_loss":0}],"is_beta":false,"boss_relics":[{"not_picked":["SacredBark","Ectoplasm"],"picked":"SlaversCollar"},{"not_picked":["Calling Bell","Pandora\u0027s Box"],"picked":"WristBlade"}],"items_purged_floors":[],"is_endless":false,"potions_floor_spawned":[3,6,8,11,12,18,25,27,31,35,41,45,48],"ascension_level":1}}