{"host":"wbdly04l9mkn9nrc","time":1607479641,"event":{"gold_per_floor":[109,125,136,136,136,136,150,49,49,49,67,67,32,32,32,130,130,141,152,77,77,92,92,102,131,131,131,31,48,74,106,118,130,130],"floor_reached":33,"playtime":1083,"items_purged":["Writhe","Shame"],"score":398,"play_id":"edc59657-0953-49da-be3f-f0e89d4dd0ef","local_time":"20201209100721","is_ascension_mode":true,"campfire_choices":[{"data":"Whirlwind","floor":6,"key":"SMITH"},{"data":"Bash","floor":10,"key":"SMITH"},{"data":"Pummel","floor":12,"key":"SMITH"},{"data":"Combust","floor":15,"key":"SMITH"},{"data":"Limit Break","floor":23,"key":"SMITH"},{"data":"Uppercut","floor":27,"key":"SMITH"},{"floor":32,"key":"REST"}],"neow_cost":"CURSE","seed_source_timestamp":156868290605200,"circlet_count":0,"master_deck":["Strike_R","Strike_R","Defend_R","Defend_R+1","Defend_R+1","Defend_R","Bash+1","Whirlwind+1","Pummel+1","Shrug It Off","Carnage","Combust+1","Offering","Limit Break+1","Flex+1","Uppercut+1","Heavy Blade+1"],"relics":["Burning Blood","HushsDoor","DeathBook","Champion Belt","SatanicBible","SharpPlug","Empty Cage","Paper Frog","Bag of Preparation","Kunai","MawBank"],"potions_floor_usage":[],"damage_taken":[{"damage":11,"enemies":"Cultist","floor":1,"turns":4},{"damage":0,"enemies":"2 Louse","floor":2,"turns":4},{"damage":10,"enemies":"Small Slimes","floor":3,"turns":3},{"damage":0,"enemies":"2 Fungi Beasts","floor":7,"turns":2},{"damage":13,"enemies":"Blue Slaver","floor":11,"turns":3},{"damage":0,"enemies":"Slime Boss","floor":16,"turns":3},{"damage":4,"enemies":"Chosen","floor":18,"turns":4},{"damage":6,"enemies":"3 Byrds","floor":19,"turns":3},{"damage":0,"enemies":"3 Cultists","floor":22,"turns":3},{"damage":47,"enemies":"Centurion and Healer","floor":24,"turns":6},{"damage":0,"enemies":"Gremlin Leader","floor":25,"turns":2},{"damage":18,"enemies":"Snake Plant","floor":29,"turns":1},{"damage":23,"enemies":"Cultist and Chosen","floor":31,"turns":4},{"damage":0,"enemies":"Champ","floor":33,"turns":1}],"seed_played":"8640868200373585391","potions_obtained":[{"floor":1,"key":"EntropicBrew"},{"floor":11,"key":"FairyPotion"},{"floor":16,"key":"DuplicationPotion"}],"is_trial":false,"path_per_floor":["M","M","M","?","?","R","M","$","T","R","M","R","$","$","R","B",null,"M","M","?","?","M","R","M","E","T","R","$","M","T","M","R","B"],"character_chosen":"IRONCLAD","items_purchased":["Shrug It Off","Combust","Limit Break"],"campfire_rested":1,"item_purchase_floors":[8,13,17],"current_hp_per_floor":[75,80,76,73,57,57,63,63,63,63,56,56,56,56,56,62,76,76,76,76,76,76,76,35,41,41,41,41,29,29,12,34,34,34],"gold":130,"neow_bonus":"ONE_RARE_RELIC","is_prod":false,"is_daily":false,"chose_seed":false,"campfire_upgraded":6,"win_rate":0,"timestamp":1607479641,"path_taken":["M","?","M","?","?","R","M","$","T","R","M","R","?","$","R","BOSS","M","M","?","?","M","R","M","E","T","R","$","M","?","M","R","BOSS"],"build_version":"2020-11-30","purchased_purges":2,"victory":false,"max_hp_per_floor":[80,80,80,80,80,80,80,80,80,80,80,80,80,80,80,80,76,76,76,76,76,76,76,76,76,76,76,76,76,76,76,76,76,76],"card_choices":[{"not_picked":["Anger","Rupture","Clash"],"picked":"SKIP","floor":1},{"not_picked":["Wild Strike","Shrug It Off"],"picked":"Whirlwind","floor":2},{"not_picked":["Brutality","Reckless Charge"],"picked":"Pummel","floor":3},{"not_picked":["Intimidate","Clash","Dropkick"],"picked":"SKIP","floor":7},{"not_picked":["Anger","Twin Strike"],"picked":"Carnage","floor":11},{"not_picked":["Bludgeon","Juggernaut"],"picked":"Offering","floor":16},{"not_picked":["Infernal Blade","Rage"],"picked":"Flex+1","floor":18},{"not_picked":["Thunderclap","Perfected Strike"],"picked":"Uppercut","floor":19},{"not_picked":["Rampage+1","Wild Strike"],"picked":"Heavy Blade+1","floor":22},{"not_picked":["Flex","Bludgeon","Warcry"],"picked":"SKIP","floor":24},{"not_picked":["Intimidate+1","Entrench","Perfected Strike"],"picked":"SKIP","floor":25},{"not_picked":["Headbutt","Perfected Strike","Whirlwind"],"picked":"SKIP","floor":29},{"not_picked":["Second Wind","Hemokinesis","True Grit"],"picked":"SKIP","floor":31}],"player_experience":29144,"relics_obtained":[{"floor":9,"key":"SharpPlug"},{"floor":25,"key":"Bag of Preparation"},{"floor":26,"key":"Kunai"},{"floor":30,"key":"MawBank"}],"event_choices":[{"damage_healed":0,"gold_gain":0,"player_choice":"Success","damage_taken":3,"relics_obtained":["SatanicBible"],"max_hp_gain":0,"max_hp_loss":0,"event_name":"Scrap Ooze","floor":4,"gold_loss":0},{"damage_healed":0,"gold_gain":0,"player_choice":"Entered Light","damage_taken":16,"max_hp_gain":0,"max_hp_loss":0,"event_name":"Shining Light","floor":5,"gold_loss":0,"cards_upgraded":["Defend_R","Defend_R"]},{"cards_removed":["Strike_R"],"damage_healed":0,"gold_gain":0,"player_choice":"Gave Gold","damage_taken":0,"max_hp_gain":0,"max_hp_loss":0,"event_name":"Beggar","floor":20,"gold_loss":75},{"damage_healed":0,"gold_gain":0,"player_choice":"Stole Relic","damage_taken":0,"relics_obtained":["Paper Frog"],"max_hp_gain":0,"max_hp_loss":0,"event_name":"Addict","floor":21,"gold_loss":0,"cards_obtained":["Shame"]}],"is_beta":false,"boss_relics":[{"not_picked":["Tiny House","Fusion Hammer"],"picked":"Empty Cage"},{"not_picked":[]}],"items_purged_floors":[8,28],"is_endless":false,"potions_floor_spawned":[1,11,16,18,29],"killed_by":"Champ","ascension_level":4}}