{"host":"fq9q35as5g8xdsoo","time":1607555521,"event":{"gold_per_floor":[116,116,133,133,151,151,181,181,181,181,211,211,66,116,116,216,216,226,226,77,91,111,111,317,332,382,408,448,448,301,313,367,498,498,542,582,517,559,609,669,717,717,741,806,806,823,823,863,863,893,939,985,985,1067,1067,1113,1113,1413,1413,1443],"floor_reached":61,"playtime":5800,"items_purged":[],"score":1825,"play_id":"697ab51d-d461-46f0-9954-7387f1f3efa6","local_time":"20201209151201","is_ascension_mode":true,"campfire_choices":[{"data":"RobotSpaceExplorer:ExhaustFan","floor":6.0,"key":"SMITH"},{"data":"RobotSpaceExplorer:Scan","floor":8.0,"key":"SMITH"},{"data":"RobotSpaceExplorer:MiniLasers","floor":10.0,"key":"SMITH"},{"data":"RobotSpaceExplorer:PowerCollector","floor":12.0,"key":"SMITH"},{"floor":15.0,"key":"RECALL"},{"floor":23.0,"key":"REST"},{"floor":47.0,"key":"REST"},{"floor":49.0,"key":"REST"},{"floor":55,"key":"REST"},{"floor":57,"key":"REST"}],"neow_cost":"NONE","seed_source_timestamp":571718530302600,"circlet_count":0,"master_deck":["RobotSpaceExplorer:Scan+1","RobotSpaceExplorer:Blitz+1","RobotSpaceExplorer:PowerCollector+1","RobotSpaceExplorer:ExhaustFan+1","RobotSpaceExplorer:Multitool+1"],"special_seed":0,"relics":["Hammer of Thor","Seething Fire","Anvil of the Gods","Sandwich","halation:PinkSoulGem","Replay:Bottled Eggs","Dota2Spire:MantaStyle","vexMod:Spyglass","trackpad:Compendium","Black Star","hubris:BottledHeart","hubris:TenFootPole","PreservedInsect","Dota2Spire:HandOfMidas","Replay:WaspNest","MutagenicStrength","Replay:Baseball","energizedSpire:MagnifyingGlass","CaptainsWheel","GiantMaggot","Matryoshka","ReplayTheSpireMod:TigerMarble","RollingBoulder","Shuriken","RobotSpaceExplorer:BottledGravity","paleoftheancients:Timepiece","paleoftheancients:KeyRelic","Anchor","Gremlin Horn","trackpad:BottledTsunami","paleoftheancients:SoulOfTheDefect","hubris:NiceRug","hubris:TinFlute","Replay:Ringing Soul","hubris:EmptyBottle","Nunchaku","aspiration:FetidBarrel","Sling"],"potions_floor_usage":[60,60,60,60],"damage_taken":[{"damage":10.0,"enemies":"Menagerie:MonstrousExperiment","floor":1.0,"turns":3.0},{"damage":0.0,"enemies":"Menagerie:2_RABBITS","floor":3.0,"turns":2.0},{"damage":0.0,"enemies":"Menagerie:WhisperingWraith","floor":5.0,"turns":4.0},{"damage":3.0,"enemies":"Menagerie:VoidReaper","floor":7.0,"turns":5.0},{"damage":0.0,"enemies":"Menagerie:MaskedSummoner","floor":11.0,"turns":3.0},{"damage":4.0,"enemies":"Menagerie:AVATARS","floor":16.0,"turns":6.0},{"damage":0.0,"enemies":"Shell Parasite","floor":18.0,"turns":5.0},{"damage":0.0,"enemies":"2 Thieves","floor":21.0,"turns":4.0},{"damage":0.0,"enemies":"Snecko","floor":22.0,"turns":4.0},{"damage":0.0,"enemies":"Chosen and Byrds","floor":25.0,"turns":4.0},{"damage":0.0,"enemies":"Gremlin Leader","floor":27.0,"turns":3.0},{"damage":0.0,"enemies":"conspire:HollyBat","floor":28.0,"turns":5.0},{"damage":0.0,"enemies":"Centurion and Healer","floor":31.0,"turns":4.0},{"damage":0.0,"enemies":"Champ","floor":33.0,"turns":8.0},{"damage":0.0,"enemies":"theFactory:2_Experiment_Personnel","floor":35.0,"turns":7.0},{"damage":0.0,"enemies":"theFactory:4_Mini-Bots","floor":36.0,"turns":8.0},{"damage":0.0,"enemies":"theFactory:Personnel_and_Big_Bot","floor":38.0,"turns":4.0},{"damage":0.0,"enemies":"theFactory:Big_Bot_Bundle","floor":39.0,"turns":4.0},{"damage":0.0,"enemies":"theFactory:SmogElemental","floor":40.0,"turns":8.0},{"damage":0.0,"enemies":"theFactory:ShrapnelTosser","floor":41.0,"turns":6.0},{"damage":0.0,"enemies":"theFactory:Manservantes","floor":44.0,"turns":7.0},{"damage":0.0,"enemies":"theFactory:DecayingSentinel","floor":46.0,"turns":3.0},{"damage":0.0,"enemies":"theFactory:Orbs_and_Orb_Walker","floor":48.0,"turns":4.0},{"damage":0.0,"enemies":"theFactory:Guardian2","floor":50.0,"turns":8.0},{"damage":0.0,"enemies":"theFactory:Guardian2","floor":51.0,"turns":9.0},{"damage":0.0,"enemies":"theFactory:Guardian2","floor":52.0,"turns":10.0},{"damage":0,"enemies":"theFactory:Guardian2","floor":56,"turns":6},{"damage":0,"enemies":"hubris:Merchant","floor":58,"turns":2},{"damage":0,"enemies":"paleoftheancients:N","floor":60,"turns":8}],"seed_played":"4775914765402843936","potions_obtained":[{"floor":3.0,"key":"blueLaboratory:BottleOfRum"},{"floor":7.0,"key":"PowerPotion"},{"floor":11.0,"key":"AttackPotion"},{"floor":28.0,"key":"SpeedPotion"},{"floor":31.0,"key":"EssenceOfSteel"},{"floor":39.0,"key":"FearPotion"},{"floor":58,"key":"PowerPotion"}],"is_trial":false,"path_per_floor":["M","?","M","?","M","R","E","R","T","R","E","R","$","T","R_BF","B",null,"M","?","$","M","M","R","?","M","T","E","M","?","$","M","R_BF","B",null,"M","M","$","M","M","E","M","?","T","E","?","M","R","M","R","B","M","M","?","T","R","M","R","$","?","B",null],"character_chosen":"RobotSpaceExplorer","items_purchased":["vexMod:Spyglass","hubris:TenFootPole","Replay:Baseball","CaptainsWheel"],"campfire_rested":5,"item_purchase_floors":[13,20,30,37],"current_hp_per_floor":[65,65,65,65,65,65,62,62,62,62,62,62,62,62,62,58,75,75,1,1,1,1,1,1,1,1,1,1,1,1,1,1,1,1,1,1,1,1,1,1,1,1,1,1,1,1,1,1,1,1,1,1,1,1,1,1,1,1,1,1],"gold":1443,"neow_bonus":"BOSS_RELIC","is_prod":false,"is_daily":false,"chose_seed":false,"campfire_upgraded":4,"win_rate":0,"timestamp":1607555521,"path_taken":["M","?","?","?","?","R","E","R","T","R","E","R","$","?","R_BF","BOSS","M","?","$","?","M","R","?","M","T","E","?","?","?","M","R_BF","BOSS","M","M","$","M","M","E","M","?","T","E","?","M","R","M","R","BOSS","M","M","?","T","R","M","R","$","?","BOSS"],"build_version":"2020-11-30","purchased_purges":0,"victory":true,"max_hp_per_floor":[75,75,75,75,75,75,75,75,75,75,75,75,75,75,75,75,75,75,1,1,1,1,1,1,1,1,1,1,1,1,1,1,1,1,1,1,1,1,1,1,1,1,1,1,1,1,1,1,1,1,1,1,1,1,1,1,1,1,1,1],"card_choices":[{"not_picked":["RobotSpaceExplorer:ShovelStrike","RobotSpaceExplorer:Counterblock"],"picked":"RobotSpaceExplorer:Blitz","floor":1.0},{"not_picked":["RobotSpaceExplorer:FreezeRay","RobotSpaceExplorer:ShockKick"],"picked":"RobotSpaceExplorer:PowerCollector","floor":3.0},{"not_picked":["RobotSpaceExplorer:Probe","RobotSpaceExplorer:SurgingShield"],"picked":"RobotSpaceExplorer:ExhaustFan","floor":5.0},{"not_picked":["RobotSpaceExplorer:Probe","RobotSpaceExplorer:LaserBurst","RobotSpaceExplorer:SelfCleaning"],"picked":"SKIP","floor":7.0},{"not_picked":["RobotSpaceExplorer:SwiftStep","RobotSpaceExplorer:Pulsar"],"picked":"RobotSpaceExplorer:Multitool","floor":11.0},{"not_picked":["RobotSpaceExplorer:Reload","RobotSpaceExplorer:FranticSearch","RobotSpaceExplorer:Smokescreen"],"picked":"SKIP","floor":18.0},{"not_picked":["RobotSpaceExplorer:MiniDrones+1","RobotSpaceExplorer:Pulsar","RobotSpaceExplorer:StunGrenade"],"picked":"SKIP","floor":21.0},{"not_picked":["RobotSpaceExplorer:StarLightning","RobotSpaceExplorer:Ammunition","RobotSpaceExplorer:DoubleFind+1"],"picked":"SKIP","floor":22.0},{"not_picked":["RobotSpaceExplorer:SurgingShield","RobotSpaceExplorer:ScrapToss+1","RobotSpaceExplorer:Electropulse"],"picked":"SKIP","floor":25.0},{"not_picked":["RobotSpaceExplorer:LuckyStrike","RobotSpaceExplorer:Autoloader","RobotSpaceExplorer:ScrapMissile"],"picked":"SKIP","floor":27.0},{"not_picked":["RobotSpaceExplorer:DualCore","RobotSpaceExplorer:FranticSearch","RobotSpaceExplorer:ScrapMissile"],"picked":"SKIP","floor":28.0},{"not_picked":["RobotSpaceExplorer:Counterblock","RobotSpaceExplorer:MetalStrike","RobotSpaceExplorer:FrostMissile"],"picked":"SKIP","floor":31.0},{"not_picked":["RobotSpaceExplorer:Counterblock","RobotSpaceExplorer:ShovelStrike"],"picked":"RobotSpaceExplorer:ShockKick","floor":35.0},{"not_picked":["RobotSpaceExplorer:FrostMissile+1","RobotSpaceExplorer:Ammunition","RobotSpaceExplorer:Jetpack"],"picked":"SKIP","floor":36.0},{"not_picked":["RobotSpaceExplorer:Electroshield+1","RobotSpaceExplorer:DualCore","RobotSpaceExplorer:GearShield+1"],"picked":"SKIP","floor":38.0},{"not_picked":["RobotSpaceExplorer:JunkDive+1","RobotSpaceExplorer:StunGrenade","RobotSpaceExplorer:SlimeMissile"],"picked":"SKIP","floor":39.0},{"not_picked":["RobotSpaceExplorer:PlasmaMissile+1","RobotSpaceExplorer:Electropulse+1","RobotSpaceExplorer:StunGrenade"],"picked":"SKIP","floor":40.0},{"not_picked":["RobotSpaceExplorer:JunkDive","RobotSpaceExplorer:LuckyStrike+1","RobotSpaceExplorer:IronShell+1"],"picked":"SKIP","floor":41.0},{"not_picked":["RobotSpaceExplorer:ScrapMissile","RobotSpaceExplorer:GlueSpray","RobotSpaceExplorer:StarLightning+1"],"picked":"SKIP","floor":44.0},{"not_picked":["RobotSpaceExplorer:ChargingLaser","RobotSpaceExplorer:ExhaustFan+1","RobotSpaceExplorer:StarDust"],"picked":"SKIP","floor":46.0},{"not_picked":["RobotSpaceExplorer:MiniBoosters","RobotSpaceExplorer:ScrapMissile+1","RobotSpaceExplorer:MetalStrike"],"picked":"SKIP","floor":48.0},{"not_picked":["RobotSpaceExplorer:Smokescreen","RobotSpaceExplorer:FrostMissile+1","RobotSpaceExplorer:DualCore"],"picked":"SKIP","floor":51.0},{"not_picked":["RobotSpaceExplorer:FrostMissile","RobotSpaceExplorer:MetalStrike+1","RobotSpaceExplorer:FranticSearch+1"],"picked":"SKIP","floor":52.0},{"not_picked":["RobotSpaceExplorer:ShovelStrike+1","RobotSpaceExplorer:PowerGlove+1","RobotSpaceExplorer:ToxicBomb"],"picked":"SKIP","floor":56},{"not_picked":["RobotSpaceExplorer:MakeshiftVolley"],"picked":"SKIP","floor":58},{"not_picked":["RobotSpaceExplorer:ScrapToss"],"picked":"SKIP","floor":58},{"not_picked":["RobotSpaceExplorer:Smokescreen"],"picked":"SKIP","floor":58},{"not_picked":["RobotSpaceExplorer:Pulsar"],"picked":"SKIP","floor":58},{"not_picked":["RobotSpaceExplorer:Discharger"],"picked":"SKIP","floor":58},{"not_picked":["ReplayTheSpireMod:Private Reserves"],"picked":"SKIP","floor":58},{"not_picked":["Chrysalis"],"picked":"SKIP","floor":58}],"player_experience":781117,"relics_obtained":[{"floor":7.0,"key":"Replay:Bottled Eggs"},{"floor":11.0,"key":"Dota2Spire:MantaStyle"},{"floor":14.0,"key":"trackpad:Compendium"},{"floor":26.0,"key":"PreservedInsect"},{"floor":27.0,"key":"Dota2Spire:HandOfMidas"},{"floor":27.0,"key":"Replay:WaspNest"},{"floor":40.0,"key":"GiantMaggot"},{"floor":40.0,"key":"Matryoshka"},{"floor":43.0,"key":"ReplayTheSpireMod:TigerMarble"},{"floor":43.0,"key":"RollingBoulder"},{"floor":44.0,"key":"Shuriken"},{"floor":44.0,"key":"RobotSpaceExplorer:BottledGravity"},{"floor":54,"key":"trackpad:BottledTsunami"},{"floor":56,"key":"paleoftheancients:SoulOfTheDefect"},{"floor":58,"key":"hubris:TinFlute"},{"floor":58,"key":"Replay:Ringing Soul"},{"floor":58,"key":"hubris:EmptyBottle"},{"floor":58,"key":"Nunchaku"},{"floor":58,"key":"aspiration:FetidBarrel"},{"floor":58,"key":"Sling"}],"event_choices":[{"damage_healed":0.0,"max_hp_gain":0.0,"max_hp_loss":0.0,"gold_gain":0.0,"event_name":"conspire:Investor","player_choice":"Leave","floor":2.0,"gold_loss":0.0,"damage_taken":0.0},{"damage_healed":0.0,"max_hp_gain":0.0,"max_hp_loss":0.0,"gold_gain":0.0,"event_name":"Drug Dealer","player_choice":"Inject Mutagens","floor":29.0,"gold_loss":0.0,"damage_taken":0.0,"relics_obtained":["MutagenicStrength"]},{"damage_healed":0.0,"max_hp_gain":0.0,"max_hp_loss":0.0,"gold_gain":0.0,"event_name":"Upgrade Shrine","player_choice":"Ignored","floor":53.0,"gold_loss":0.0,"damage_taken":0.0}],"is_beta":false,"boss_relics":[{"not_picked":["halation:Yufonium","Runic Pyramid"],"picked":"Black Star"},{"not_picked":["Calling Bell","halation:Risk"],"picked":"energizedSpire:MagnifyingGlass"}],"items_purged_floors":[],"is_endless":false,"potions_floor_spawned":[3,7,11,18,28,31,39,40,46,48,56,60],"ascension_level":1}}