{"host":"u2dm6glrpyjr66v9","time":1607504694,"event":{"gold_per_floor":[116,291,366,366,379,379,394,155,203,168,179,179,189,189,189],"floor_reached":14,"playtime":193,"items_purged":["Doubt"],"score":80,"play_id":"41dea1c1-708f-4b24-aa90-3411a0a9dcd7","local_time":"20201209180454","is_ascension_mode":false,"campfire_choices":[{"data":"Loop","floor":6,"key":"SMITH"}],"neow_cost":"NONE","seed_source_timestamp":1185525216561000,"circlet_count":0,"master_deck":["Strike_B","Strike_B","Strike_B","Strike_B","Defend_B","Defend_B","Defend_B","Defend_B","Zap","Dualcast","Static Discharge+1","Loop+1","Hologram","Capacitor","Redo","Sunder","Beam Cell","Hologram"],"relics":["Cracked Core","NeowsBlessing"],"potions_floor_usage":[],"damage_taken":[{"damage":0,"enemies":"2 Louse","floor":1,"turns":1},{"damage":0,"enemies":"Small Slimes","floor":5,"turns":1},{"damage":0,"enemies":"Jaw Worm","floor":7,"turns":1},{"damage":11,"enemies":"Exordium Wildlife","floor":11,"turns":3},{"damage":12,"enemies":"Blue Slaver","floor":13,"turns":2}],"seed_played":"-3470054612719654604","potions_obtained":[{"floor":1,"key":"Energy Potion"},{"floor":7,"key":"Swift Potion"},{"floor":11,"key":"Explosive Potion"}],"is_trial":false,"path_per_floor":["M","?","?","?","M","R","M","$","T","?","M","$","M","?"],"character_chosen":"DEFECT","items_purchased":["Capacitor","Redo","Sunder"],"campfire_rested":0,"item_purchase_floors":[8,8,8],"current_hp_per_floor":[75,75,64,64,64,64,64,64,64,75,64,64,52,45,45],"gold":189,"neow_bonus":"THREE_ENEMY_KILL","is_prod":false,"is_daily":false,"chose_seed":false,"campfire_upgraded":1,"win_rate":0.0,"timestamp":1607504694,"path_taken":["M","?","?","?","M","R","?","$","T","?","M","?","M","?"],"build_version":"2020-11-30","purchased_purges":1,"victory":false,"max_hp_per_floor":[75,75,75,75,75,75,75,75,75,75,75,75,75,75,75],"card_choices":[{"not_picked":["Undo","Beam Cell"],"picked":"Static Discharge","floor":1},{"not_picked":["Go for the Eyes","Streamline"],"picked":"Loop","floor":5},{"not_picked":["Leap","Lockon"],"picked":"Hologram","floor":7},{"not_picked":["Reprogram","Hologram"],"picked":"Beam Cell","floor":11},{"not_picked":["Leap","Stack"],"picked":"Hologram","floor":13}],"player_experience":38486,"relics_obtained":[],"event_choices":[{"damage_healed":0,"gold_gain":175,"player_choice":"AGREE","damage_taken":0,"max_hp_gain":0,"max_hp_loss":0,"event_name":"Liars Game","floor":2,"gold_loss":0,"cards_obtained":["Doubt"]},{"damage_healed":0,"gold_gain":75,"player_choice":"Gather Gold","damage_taken":11,"max_hp_gain":0,"max_hp_loss":0,"event_name":"World of Goop","floor":3,"gold_loss":0},{"damage_healed":0,"gold_gain":0,"player_choice":"Grow","damage_taken":0,"max_hp_gain":0,"max_hp_loss":0,"event_name":"Living Wall","floor":4,"gold_loss":0,"cards_upgraded":["Static Discharge"]},{"damage_healed":18,"gold_gain":0,"player_choice":"Healed","damage_taken":0,"max_hp_gain":0,"max_hp_loss":0,"event_name":"The Cleric","floor":10,"gold_loss":35}],"is_beta":false,"boss_relics":[],"items_purged_floors":[8],"is_endless":false,"potions_floor_spawned":[1,7,11],"ascension_level":0}}