{"host":"51f0ad793vly1w6u","time":1607495418,"event":{"gold_per_floor":[110,110,127,143,218,218,232,257,282,282,313,313,313,326,326,422,472,485,497,514,282,13,45,45,79,79,79,89,89,124,141,141,239,239,254,254,254,254,268,268,296,325,361,7,36,36,56,56,56,56,56,56,20,48,48,48],"floor_reached":55,"playtime":1213,"items_purged":["Strike_P"],"score":936,"play_id":"394bce57-bf40-41a9-9b4b-6efb9fc45367","local_time":"20201209153018","is_ascension_mode":true,"campfire_choices":[{"data":"Eruption","floor":6,"key":"SMITH"},{"data":"MentalFortress","floor":10,"key":"SMITH"},{"data":"MentalFortress","floor":12,"key":"SMITH"},{"data":"WheelKick","floor":15,"key":"SMITH"},{"data":"Apotheosis","floor":24,"key":"SMITH"},{"data":"Adaptation","floor":29,"key":"SMITH"},{"data":"Adaptation","floor":32,"key":"SMITH"},{"data":"Secret Technique","floor":40,"key":"SMITH"},{"floor":46,"key":"RECALL"},{"data":"Devotion","floor":49,"key":"SMITH"},{"data":"DeusExMachina","floor":52,"key":"SMITH"}],"neow_cost":"NONE","seed_source_timestamp":954687635296000,"circlet_count":0,"master_deck":["Strike_P+1","Strike_P+1","Strike_P","Defend_P","Defend_P+1","Defend_P","Defend_P","Eruption+1","Vigilance","FollowUp","MentalFortress+1","MentalFortress+1","DeusExMachina+1","BowlingBash","WheelKick+1","TalkToTheHand+1","Prostrate+1","Brilliance","Evaluate+1","FearNoEvil","Adaptation+1","Vengeance+1","Adaptation+1","Apotheosis+1","EmptyFist+1","DeusExMachina+1","Devotion+1","CurseOfTheBell","MentalFortress+1","Panacea","Secret Technique+1","Panacea","EmptyMind","Halt+1","ClearTheMind+1","EmptyBody+1","TalkToTheHand+1","Brilliance+1","TalkToTheHand+1","InnerPeace","FearNoEvil+1"],"relics":["PureWater","Mummified Hand","Bag of Preparation","Potion Belt","War Paint","Tiny House","Orrery","Anchor","Boot","Gremlin Horn","StrikeDummy","Calling Bell","Art of War","Molten Egg 2","FossilizedHelix","MawBank","TungstenRod","Whetstone","Ornamental Fan"],"potions_floor_usage":[8,11,11,33,33,33,50,55,55,55,55],"damage_taken":[{"damage":0,"enemies":"Cultist","floor":1,"turns":2},{"damage":12,"enemies":"2 Louse","floor":3,"turns":2},{"damage":0,"enemies":"Small Slimes","floor":4,"turns":2},{"damage":0,"enemies":"Red Slaver","floor":7,"turns":3},{"damage":5,"enemies":"3 Sentries","floor":8,"turns":4},{"damage":14,"enemies":"Lagavulin","floor":11,"turns":4},{"damage":0,"enemies":"2 Fungi Beasts","floor":14,"turns":2},{"damage":0,"enemies":"Slime Boss","floor":16,"turns":5},{"damage":3,"enemies":"Shell Parasite","floor":18,"turns":4},{"damage":7,"enemies":"Spheric Guardian","floor":19,"turns":3},{"damage":13,"enemies":"Snake Plant","floor":20,"turns":3},{"damage":12,"enemies":"Gremlin Leader","floor":23,"turns":4},{"damage":0,"enemies":"Book of Stabbing","floor":25,"turns":3},{"damage":18,"enemies":"3 Cultists","floor":28,"turns":3},{"damage":8,"enemies":"Slavers","floor":30,"turns":3},{"damage":0,"enemies":"Sentry and Sphere","floor":31,"turns":1},{"damage":16,"enemies":"Collector","floor":33,"turns":5},{"damage":0,"enemies":"Orb Walker","floor":35,"turns":3},{"damage":0,"enemies":"3 Shapes","floor":39,"turns":3},{"damage":0,"enemies":"Reptomancer","floor":41,"turns":4},{"damage":0,"enemies":"Sphere and 2 Shapes","floor":42,"turns":3},{"damage":0,"enemies":"Nemesis","floor":45,"turns":7},{"damage":11,"enemies":"Writhing Mass","floor":47,"turns":7},{"damage":31,"enemies":"Donu and Deca","floor":50,"turns":8},{"damage":44,"enemies":"Shield and Spear","floor":54,"turns":7},{"damage":39,"enemies":"The Heart","floor":55,"turns":6}],"seed_played":"7434044379287445553","potions_obtained":[{"floor":3,"key":"GamblersBrew"},{"floor":4,"key":"AttackPotion"},{"floor":7,"key":"Block Potion"},{"floor":11,"key":"SkillPotion"},{"floor":17,"key":"EssenceOfSteel"},{"floor":23,"key":"SpeedPotion"},{"floor":25,"key":"BlessingOfTheForge"},{"floor":28,"key":"PowerPotion"},{"floor":31,"key":"PowerPotion"},{"floor":33,"key":"Strength Potion"},{"floor":35,"key":"Fire Potion"},{"floor":39,"key":"AttackPotion"}],"is_trial":false,"path_per_floor":["M","T","M","M","?","R","M","E","T","R","E","R","?","M","R","B",null,"M","M","M","$","$","E","R","E","T","?","M","R","E","M","R","B",null,"M","?","?","?","M","R","E","M","T","$","E","R","M","?","R","B",null,"R","$","E","B"],"character_chosen":"WATCHER","items_purchased":["Orrery","Adaptation","Apotheosis","TungstenRod","TalkToTheHand+1","InnerPeace"],"campfire_rested":0,"item_purchase_floors":[21,22,22,44,44,53],"current_hp_per_floor":[72,72,60,60,49,49,49,44,44,44,30,30,30,30,30,30,77,74,67,54,54,54,42,42,42,42,87,69,69,61,61,61,45,87,87,77,77,77,77,77,77,77,77,77,77,77,66,66,66,35,83,83,83,39,0,0],"gold":48,"neow_bonus":"ONE_RANDOM_RARE_CARD","is_prod":false,"is_daily":false,"chose_seed":false,"campfire_upgraded":10,"win_rate":0,"timestamp":1607495418,"path_taken":["M","?","M","M","?","R","M","E","T","R","E","R","?","M","R","BOSS","M","M","?","?","$","E","R","E","T","?","?","R","E","M","R","BOSS","M","?","?","?","?","R","E","M","T","$","E","R","?","?","R","BOSS","R","$","E","BOSS"],"build_version":"2020-11-30","purchased_purges":1,"victory":false,"max_hp_per_floor":[72,72,72,72,72,72,72,72,72,72,72,72,72,72,72,72,77,77,77,77,77,77,77,77,77,77,87,87,87,87,87,87,87,87,87,87,87,87,87,87,87,87,87,87,87,87,87,83,83,83,83,83,83,83,83,83],"card_choices":[{"not_picked":["FlurryOfBlows","Halt"],"picked":"FollowUp","floor":1},{"not_picked":["EmptyBody","Perseverance"],"picked":"MentalFortress","floor":3},{"not_picked":["Evaluate","WindmillStrike","FlyingSleeves"],"picked":"SKIP","floor":4},{"not_picked":["Perseverance","ClearTheMind"],"picked":"MentalFortress","floor":7},{"not_picked":["Protect","ConjureBlade"],"picked":"DeusExMachina","floor":8},{"not_picked":["Alpha","Swivel"],"picked":"BowlingBash","floor":11},{"not_picked":["FlurryOfBlows","FlyingSleeves"],"picked":"WheelKick","floor":14},{"not_picked":["Blasphemy","Omniscience"],"picked":"Ragnarok","floor":16},{"not_picked":["WindmillStrike","Evaluate"],"picked":"TalkToTheHand","floor":17},{"not_picked":["BowlingBash+1","FlurryOfBlows","ThirdEye"],"picked":"SKIP","floor":18},{"not_picked":["CutThroughFate","FlyingSleeves"],"picked":"Prostrate+1","floor":19},{"not_picked":["Protect","ThirdEye","Brilliance"],"picked":"SKIP","floor":20},{"not_picked":["Protect","ThirdEye"],"picked":"Brilliance","floor":20},{"not_picked":["CrushJoints","CarveReality"],"picked":"Evaluate+1","floor":21},{"not_picked":["Conclude","Pray"],"picked":"FearNoEvil","floor":21},{"not_picked":["SashWhip","CrushJoints"],"picked":"Adaptation","floor":21},{"not_picked":["FlurryOfBlows+1","FlyingSleeves"],"picked":"Vengeance+1","floor":21},{"not_picked":["Alpha","BattleHymn","CutThroughFate"],"picked":"SKIP","floor":23},{"not_picked":["CarveReality+1","FlurryOfBlows","WindmillStrike"],"picked":"SKIP","floor":25},{"not_picked":["ForeignInfluence","Tantrum"],"picked":"EmptyFist+1","floor":28},{"not_picked":["MasterReality","Consecrate"],"picked":"DeusExMachina","floor":30},{"not_picked":["EmptyFist+1","BowlingBash","FlurryOfBlows"],"picked":"SKIP","floor":31},{"not_picked":["Blasphemy","Judgement"],"picked":"Devotion","floor":33},{"not_picked":["CrushJoints+1","CutThroughFate+1"],"picked":"MentalFortress+1","floor":35},{"not_picked":["Purity","HandOfGreed+1"],"picked":"Panacea","floor":36},{"not_picked":["Blind","Purity"],"picked":"Secret Technique","floor":36},{"not_picked":["Discovery","Violence"],"picked":"Panacea","floor":36},{"not_picked":["WindmillStrike+1","ThirdEye+1"],"picked":"Halt+1","floor":39},{"not_picked":["Halt","FlyingSleeves+1"],"picked":"ClearTheMind+1","floor":41},{"not_picked":["CrushJoints+1","PathToVictory"],"picked":"EmptyBody+1","floor":42},{"not_picked":["Wireheading+1","FlurryOfBlows+1"],"picked":"Brilliance+1","floor":45},{"not_picked":["LikeWater","WaveOfTheHand+1"],"picked":"TalkToTheHand+1","floor":47},{"not_picked":["Alpha","DeusExMachina"],"picked":"FearNoEvil+1","floor":54}],"player_experience":1356798,"relics_obtained":[{"floor":2,"key":"Mummified Hand"},{"floor":8,"key":"Bag of Preparation"},{"floor":9,"key":"Potion Belt"},{"floor":11,"key":"War Paint"},{"floor":23,"key":"Anchor"},{"floor":25,"key":"Boot"},{"floor":26,"key":"Gremlin Horn"},{"floor":30,"key":"StrikeDummy"},{"floor":34,"key":"Art of War"},{"floor":34,"key":"Molten Egg 2"},{"floor":34,"key":"FossilizedHelix"},{"floor":41,"key":"MawBank"},{"floor":45,"key":"Whetstone"},{"floor":54,"key":"Ornamental Fan"}],"event_choices":[{"damage_healed":0,"gold_gain":75,"player_choice":"Gather Gold","damage_taken":11,"max_hp_gain":0,"max_hp_loss":0,"event_name":"World of Goop","floor":5,"gold_loss":0},{"damage_healed":0,"gold_gain":0,"player_choice":"Ignored","damage_taken":0,"max_hp_gain":0,"max_hp_loss":0,"event_name":"NoteForYourself","floor":13,"gold_loss":0},{"cards_removed":["Brilliance"],"damage_healed":35,"gold_gain":0,"player_choice":"Offered Rare","damage_taken":0,"max_hp_gain":10,"max_hp_loss":0,"event_name":"Bonfire Elementals","floor":27,"gold_loss":0},{"damage_healed":0,"gold_gain":0,"player_choice":"Memory 3","damage_taken":10,"max_hp_gain":0,"max_hp_loss":0,"event_name":"SensoryStone","floor":36,"gold_loss":0},{"cards_removed":["Ragnarok"],"damage_healed":0,"gold_gain":0,"player_choice":"Removed Attack","damage_taken":0,"max_hp_gain":0,"max_hp_loss":0,"event_name":"Falling","floor":37,"gold_loss":0},{"damage_healed":0,"gold_gain":0,"player_choice":"1 cards matched","damage_taken":0,"max_hp_gain":0,"max_hp_loss":0,"event_name":"Match and Keep!","floor":38,"gold_loss":0,"cards_obtained":["EmptyMind"]},{"damage_healed":0,"gold_gain":0,"player_choice":"Max HP","damage_taken":0,"max_hp_gain":0,"max_hp_loss":4,"event_name":"Winding Halls","floor":48,"gold_loss":0}],"is_beta":false,"boss_relics":[{"not_picked":["HolyWater","SlaversCollar"],"picked":"Tiny House"},{"not_picked":["Runic Dome","Astrolabe"],"picked":"Calling Bell"}],"items_purged_floors":[21],"is_endless":false,"potions_floor_spawned":[3,4,7,11,23,25,28,31,33,35,39],"killed_by":"The Heart","ascension_level":1}}