{"host":"w67cbsyvvudl9mq6","time":1607488337,"event":{"gold_per_floor":[112,162,44,44,60,60,72,72,72,72,72,72,104,119,119,119,119],"floor_reached":16,"playtime":821,"items_purged":[],"score":196,"play_id":"8cbd3003-1bb8-49f8-b140-6a2fa27c122e","local_time":"20201209133217","is_ascension_mode":true,"campfire_choices":[{"data":"Well Laid Plans","floor":6.0,"key":"SMITH"},{"data":"Neutralize","floor":8.0,"key":"SMITH"},{"data":"Dash","floor":10.0,"key":"SMITH"},{"data":"PiercingWail","floor":12.0,"key":"SMITH"},{"floor":15.0,"key":"REST"}],"neow_cost":"NONE","seed_source_timestamp":4110177943800,"circlet_count":0,"master_deck":["AscendersBane","Strike_G","Strike_G","Strike_G","Strike_G","Strike_G","Defend_G","Defend_G","Defend_G","Defend_G","Defend_G","Survivor","Neutralize+1","PiercingWail+1","Backstab","Well Laid Plans+1","Dash+1"],"special_seed":0,"relics":["Ring of the Snake","Strawberry","Bottled Tornado"],"potions_floor_usage":[16,16],"damage_taken":[{"damage":2.0,"enemies":"2 Louse","floor":1.0,"turns":4.0},{"damage":5.0,"enemies":"Cultist","floor":5.0,"turns":4.0},{"damage":8.0,"enemies":"Jaw Worm","floor":7.0,"turns":4.0},{"damage":34.0,"enemies":"3 Sentries","floor":13.0,"turns":13.0},{"damage":6.0,"enemies":"Red Slaver","floor":14.0,"turns":5.0},{"damage":15,"enemies":"Hexaghost","floor":16,"turns":12}],"seed_played":"1008462625848016044","potions_obtained":[{"floor":1.0,"key":"SkillPotion"},{"floor":13.0,"key":"ColorlessPotion"}],"is_trial":false,"path_per_floor":["M","?","$","$","M","R","M","R","T","R","?","R","E","M","R","B"],"character_chosen":"THE_SILENT","items_purchased":["Backstab","Well Laid Plans"],"campfire_rested":1,"item_purchase_floors":[3,3],"current_hp_per_floor":[63,63,63,63,58,58,50,50,57,57,57,57,23,17,40,25,25],"gold":119,"neow_bonus":"TEN_PERCENT_HP_BONUS","is_prod":false,"is_daily":false,"chose_seed":false,"campfire_upgraded":4,"win_rate":0,"timestamp":1607488337,"path_taken":["M","?","?","$","M","R","M","R","T","R","?","R","E","M","R","BOSS"],"build_version":"2020-11-30","purchased_purges":0,"victory":false,"max_hp_per_floor":[72,72,72,72,72,72,72,72,79,79,79,79,79,79,79,79,79],"card_choices":[{"not_picked":["Prepared","Deflect"],"picked":"PiercingWail","floor":1.0},{"not_picked":["Deflect","Underhanded Strike","Choke"],"picked":"SKIP","floor":5.0},{"not_picked":["Flechettes","PiercingWail"],"picked":"Dash","floor":7.0},{"not_picked":["Skewer","Catalyst","Cloak And Dagger"],"picked":"SKIP","floor":13.0},{"not_picked":["Sucker Punch","Underhanded Strike","Envenom"],"picked":"SKIP","floor":14.0}],"player_experience":338537,"relics_obtained":[{"floor":9.0,"key":"Strawberry"},{"floor":13.0,"key":"Bottled Tornado"}],"event_choices":[{"damage_healed":0.0,"max_hp_gain":0.0,"max_hp_loss":0.0,"gold_gain":50.0,"event_name":"Golden Shrine","player_choice":"Pray","floor":2.0,"gold_loss":0.0,"damage_taken":0.0},{"damage_healed":0.0,"max_hp_gain":0.0,"max_hp_loss":0.0,"gold_gain":0.0,"event_name":"Liars Game","player_choice":"Ignored","floor":11.0,"gold_loss":0.0,"damage_taken":0.0}],"is_beta":false,"boss_relics":[],"items_purged_floors":[],"is_endless":false,"potions_floor_spawned":[1,13],"killed_by":"Hexaghost","ascension_level":20}}