{"host":"9373kjg5yrouhim6","time":1607548610,"event":{"gold_per_floor":[117,17,51,101,25,90,90,133,195,195,195,207,94,94,94,218,218,253,253,280,345,345,345,353,353],"floor_reached":24,"playtime":1155,"items_purged":["Defend_G"],"score":222,"play_id":"69279176-646d-42e2-8eeb-def71ed4f959","local_time":"20201209161650","is_ascension_mode":true,"campfire_choices":[{"data":"Cloak And Dagger","floor":7,"key":"SMITH"},{"data":"Cloak And Dagger","floor":11,"key":"SMITH"},{"floor":15,"key":"REST"},{"data":"Storm of Steel","floor":23,"key":"SMITH"}],"neow_cost":"NONE","seed_source_timestamp":29811029901300,"circlet_count":0,"master_deck":["Strike_G","Strike_G","Strike_G","Strike_G","Strike_G","Defend_G","Defend_G","Defend_G","Defend_G","Survivor","Neutralize","conspire:SpireCoStock","conspire:SpireCoStock","Cloak And Dagger+1","Die Die Die","Cloak And Dagger+1","Cloak And Dagger","Accuracy","Storm of Steel+1"],"relics":["Ring of the Snake","NeowsBlessing","aspiration:ChemicalBlood","Kunai","Strawberry","Bronze Scales","Replay:Grab Bag","conspire:SlowCooker","Sozu","aspiration:RitualDagger","hubris:Stopwatch","hubris:Towel"],"potions_floor_usage":[6,8,8,8,16,21],"damage_taken":[{"damage":3,"enemies":"conspire:RoseBush","floor":1,"turns":1},{"damage":0,"enemies":"Small Slimes","floor":3,"turns":1},{"damage":0,"enemies":"conspire:MimicChest","floor":4,"turns":1},{"damage":19,"enemies":"Replay:BlueRogue","floor":6,"turns":9},{"damage":26,"enemies":"Lagavulin","floor":8,"turns":7},{"damage":3,"enemies":"Jaw Worm","floor":9,"turns":11},{"damage":0,"enemies":"Jaw Worm","floor":12,"turns":3},{"damage":24,"enemies":"Slime Boss","floor":16,"turns":8},{"damage":44,"enemies":"Chosen","floor":18,"turns":6},{"damage":17,"enemies":"Spheric Guardian","floor":20,"turns":4},{"damage":44,"enemies":"Snake Plant","floor":21,"turns":5},{"damage":74,"enemies":"Gremlin Leader","floor":24,"turns":7}],"seed_played":"-6950861344904881623","potions_obtained":[{"floor":1,"key":"Explosive Potion"},{"floor":4,"key":"Reflective Coating"},{"floor":16,"key":"SkillPotion"}],"is_trial":false,"path_per_floor":["M","?","M","?","$","E","R","E","MIM","?","R","M","$","?","R","B",null,"M","?","M","M","?","R","E"],"character_chosen":"THE_SILENT","items_purchased":["Die Die Die","Accuracy"],"campfire_rested":1,"item_purchase_floors":[5,13],"current_hp_per_floor":[67,67,67,67,67,48,48,29,26,26,26,26,26,26,49,25,77,33,33,16,55,55,55,0,0],"gold":353,"neow_bonus":"THREE_ENEMY_KILL","is_prod":false,"is_daily":false,"chose_seed":false,"campfire_upgraded":3,"win_rate":0,"timestamp":1607548610,"path_taken":["M","?","M","?","?","E","R","E","MIM","?","R","?","$","?","R","BOSS","M","?","M","M","?","R","E"],"build_version":"2020-11-30","purchased_purges":1,"victory":false,"max_hp_per_floor":[70,70,70,70,70,70,70,77,77,77,77,77,77,77,77,77,77,77,77,77,77,77,77,77,77],"card_choices":[{"not_picked":["Bane","Tactician","PiercingWail"],"picked":"SKIP","floor":1},{"not_picked":["Hidden Blade","Deflect"],"picked":"Cloak And Dagger","floor":3},{"not_picked":["Terror","PiercingWail"],"picked":"Cloak And Dagger","floor":6},{"not_picked":["Acrobatics","Underhanded Strike","Concentrate"],"picked":"SKIP","floor":8},{"not_picked":["Bouncing Flask","Quick Slash"],"picked":"Cloak And Dagger","floor":12},{"not_picked":["Wraith Form v2","Doppelganger"],"picked":"Storm of Steel","floor":16},{"not_picked":["Footwork","Flying Knee","ReplayTheSpireMod:Scrap Shanks"],"picked":"SKIP","floor":18},{"not_picked":["Acrobatics","ReplayTheSpireMod:Speed Training","Dagger Throw"],"picked":"SKIP","floor":20},{"not_picked":["hubris:TrickCloak+1","Well Laid Plans+1","Dodge and Roll"],"picked":"SKIP","floor":21}],"player_experience":220747,"relics_obtained":[{"floor":4,"key":"aspiration:ChemicalBlood"},{"floor":6,"key":"Kunai"},{"floor":8,"key":"Strawberry"},{"floor":9,"key":"Bronze Scales"}],"event_choices":[{"damage_healed":0,"gold_gain":0,"player_choice":"Invest 2","damage_taken":0,"max_hp_gain":0,"max_hp_loss":0,"event_name":"conspire:Investor","floor":2,"gold_loss":0},{"damage_healed":0,"gold_gain":0,"player_choice":"LEAVE","damage_taken":0,"max_hp_gain":0,"max_hp_loss":0,"event_name":"betterThird:BetterScrap","floor":14,"gold_loss":0,"cards_obtained":["Seek"]},{"damage_healed":0,"gold_gain":0,"player_choice":"Ignored","damage_taken":0,"max_hp_gain":0,"max_hp_loss":0,"event_name":"Vampires","floor":22,"gold_loss":0}],"is_beta":false,"boss_relics":[{"not_picked":["conspire:SpecialSausage","vexMod:RockOfEvil"],"picked":"Replay:Grab Bag"},{"not_picked":["Runic Dome","Philosopher\u0027s Stone"],"picked":"conspire:SlowCooker"},{"not_picked":["Coffee Dripper","hubris:CrackedHourglass"],"picked":"Sozu"},{"not_picked":["Replay:Drink Me","Snecko Scales"],"picked":"aspiration:RitualDagger"},{"not_picked":["aspiration:SecretTechniqueScroll","SacredBark"],"picked":"hubris:Stopwatch"}],"items_purged_floors":[13],"is_endless":false,"potions_floor_spawned":[1,4,16,20,21],"killed_by":"Gremlin Leader","ascension_level":2}}