{"host":"hjw1ay65n7jm40lc","time":1607479917,"event":{"gold_per_floor":[111,131,151,151,151,151,180,180,207,207,226,254,27,41,41,137,137,157,167,167,186,186,186,214,3,48,80,99,124,138,138,138,234,234,248,261,275,226,246,274,274,274,299,326,336,371,371,193,193,193,193,193,38,63,63],"floor_reached":56,"playtime":5035,"items_purged":["Strike_R","Strike_R"],"score":1872,"play_id":"da2af49e-323e-4d7c-97b7-6818810af3b6","local_time":"20201208211157","is_ascension_mode":true,"campfire_choices":[{"data":"Carnage","floor":6.0,"key":"SMITH"},{"floor":8.0,"key":"REST"},{"data":"True Grit","floor":15.0,"key":"SMITH"},{"data":"Immolate","floor":23.0,"key":"SMITH"},{"data":"Battle Trance","floor":32.0,"key":"SMITH"},{"data":"Demon Form","floor":41,"key":"SMITH"},{"floor":47,"key":"RECALL"},{"data":"Shockwave","floor":49,"key":"SMITH"},{"data":"Immolate","floor":52,"key":"SMITH"}],"neow_cost":"NONE","seed_source_timestamp":381887068658900,"circlet_count":0,"master_deck":["Strike_R","Strike_R","Defend_R","Defend_R","Defend_R","Defend_R","Bash","Spot Weakness","Clothesline+1","Carnage+1","Battle Trance+1","Metallicize","True Grit+1","Reaper","Shrug It Off","Immolate+1","Dark Embrace+1","Heavy Blade+1","Bash","Immolate+1","Demon Form+1","Shockwave+1","Whirlwind+1","Feed+1","Flame Barrier+1","Demon Form+1","Limit Break"],"special_seed":0,"relics":["Black Star","Nunchaku","Singing Bowl","Dream Catcher","Pen Nib","Toy Ornithopter","Lantern","Medical Kit","Snecko Eye","Bottled Tornado","TungstenRod","Bag of Marbles","Bird Faced Urn","Pantograph","Boot","Bottled Lightning","Velvet Choker","Oddly Smooth Stone","Orichalcum","Meat on the Bone","Anchor","Whetstone","Darkstone Periapt","DollysMirror","Bag of Preparation","Paper Frog"],"potions_floor_usage":[44,50,50],"damage_taken":[{"damage":1.0,"enemies":"Cultist","floor":1.0,"turns":3.0},{"damage":1.0,"enemies":"Small Slimes","floor":2.0,"turns":5.0},{"damage":0.0,"enemies":"2 Louse","floor":3.0,"turns":2.0},{"damage":25.0,"enemies":"Lagavulin","floor":7.0,"turns":6.0},{"damage":10.0,"enemies":"Exordium Wildlife","floor":11.0,"turns":3.0},{"damage":31.0,"enemies":"3 Sentries","floor":12.0,"turns":5.0},{"damage":0.0,"enemies":"Looter","floor":14.0,"turns":3.0},{"damage":8.0,"enemies":"Hexaghost","floor":16.0,"turns":9.0},{"damage":9.0,"enemies":"Shell Parasite","floor":18.0,"turns":2.0},{"damage":1.0,"enemies":"2 Thieves","floor":19.0,"turns":2.0},{"damage":0.0,"enemies":"Cultist and Chosen","floor":21.0,"turns":3.0},{"damage":0.0,"enemies":"Slavers","floor":24.0,"turns":1.0},{"damage":0.0,"enemies":"Gremlin Leader","floor":27.0,"turns":3.0},{"damage":0.0,"enemies":"Centurion and Healer","floor":28.0,"turns":3.0},{"damage":0.0,"enemies":"Slavers","floor":29.0,"turns":1.0},{"damage":0.0,"enemies":"Snecko","floor":30.0,"turns":2.0},{"damage":2.0,"enemies":"Collector","floor":33.0,"turns":6.0},{"damage":0.0,"enemies":"3 Shapes","floor":35.0,"turns":3.0},{"damage":0.0,"enemies":"Orb Walker","floor":36.0,"turns":2.0},{"damage":0.0,"enemies":"Jaw Worm Horde","floor":37.0,"turns":1.0},{"damage":53.0,"enemies":"4 Shapes","floor":39.0,"turns":5.0},{"damage":3,"enemies":"Giant Head","floor":40,"turns":4},{"damage":15,"enemies":"Nemesis","floor":44,"turns":5},{"damage":0,"enemies":"Sphere and 2 Shapes","floor":45,"turns":2},{"damage":0,"enemies":"Reptomancer","floor":46,"turns":4},{"damage":27,"enemies":"Time Eater","floor":50,"turns":7},{"damage":22,"enemies":"Shield and Spear","floor":54,"turns":4},{"damage":70,"enemies":"The Heart","floor":55,"turns":6}],"seed_played":"4190550104957099243","potions_obtained":[{"floor":1.0,"key":"Weak Potion"},{"floor":3.0,"key":"Swift Potion"},{"floor":7.0,"key":"Weak Potion"},{"floor":14.0,"key":"LiquidBronze"},{"floor":16.0,"key":"AttackPotion"},{"floor":19.0,"key":"Dexterity Potion"},{"floor":21.0,"key":"LiquidMemories"},{"floor":29.0,"key":"LiquidMemories"},{"floor":33.0,"key":"Block Potion"},{"floor":35.0,"key":"Fire Potion"},{"floor":40,"key":"EssenceOfSteel"},{"floor":44,"key":"PowerPotion"},{"floor":45,"key":"Explosive Potion"}],"is_trial":false,"path_per_floor":["M","M","M","?","?","R","E","R","T","?","M","E","$","M","R","B",null,"M","M","?","M","?","R","E","$","T","E","M","E","M","$","R","B",null,"M","M","M","$","M","E","R","?","T","E","M","E","R","$","R","B",null,"R","$","E","B",null],"character_chosen":"IRONCLAD","items_purchased":["Reaper","Medical Kit","Immolate","Energy Potion","GamblersBrew","DollysMirror"],"campfire_rested":1,"item_purchase_floors":[13,13,25,38,48,53],"current_hp_per_floor":[71,70,70,63,60,60,35,61,61,61,51,20,20,20,20,31,69,60,82,82,86,86,86,88,88,88,90,92,94,96,96,96,96,96,96,98,100,100,69,83,83,83,83,101,107,109,109,109,109,89,104,104,104,99,103],"gold":63,"neow_bonus":"BOSS_RELIC","is_prod":false,"is_daily":false,"chose_seed":false,"campfire_upgraded":7,"win_rate":0,"timestamp":1607479917,"path_taken":["M","?","M","?","?","R","E","R","T","?","M","E","$","M","R","BOSS","M","?","?","M","?","R","E","$","T","E","?","E","M","?","R","BOSS","M","M","M","$","M","E","R","?","T","E","M","E","R","$","R","BOSS","R","$","E","BOSS"],"build_version":"2020-11-30","purchased_purges":2,"victory":true,"max_hp_per_floor":[80,80,80,80,80,80,80,82,82,82,82,82,82,82,82,82,82,82,84,84,86,86,86,88,88,88,90,92,94,96,96,96,96,96,96,98,100,100,102,102,102,102,102,102,107,109,109,109,109,109,109,109,109,109,109],"relic_stats":{"Darkstone Periapt":0,"Singing Bowl":26,"counters":[28,102],"Pen Nib":[16],"Bag of Preparation":[2],"Whetstone":["Feed","Heavy Blade"],"Orichalcum":[24],"Medical Kit":[12],"Boot":[8],"Nunchaku":[17],"Dream Catcher":1,"Bird Faced Urn":[20],"Pantograph":10,"Snecko Eye":[148,121,113,130],"Black Star":9,"obtain_stats":[{"Darkstone Periapt":46,"Lantern":12,"Singing Bowl":7,"Bag of Preparation":54,"Whetstone":46,"Bottled Tornado":24,"Boot":29,"Burning Blood":0,"Nunchaku":5,"Dream Catcher":7,"DollysMirror":53,"Pantograph":27,"Paper Frog":54,"Velvet Choker":34,"Oddly Smooth Stone":40,"Pen Nib":9,"Orichalcum":40,"Medical Kit":13,"Anchor":44,"Bird Faced Urn":27,"Snecko Eye":17,"Black Star":0,"Bag of Marbles":26,"Bottled Lightning":29,"Toy Ornithopter":12,"TungstenRod":24,"Meat on the Bone":44},{"Darkstone Periapt":25,"Lantern":6,"Singing Bowl":4,"Bag of Preparation":27,"Whetstone":25,"Bottled Tornado":12,"Boot":15,"Burning Blood":0,"Nunchaku":3,"Dream Catcher":4,"DollysMirror":26,"Pantograph":13,"Paper Frog":27,"Velvet Choker":17,"Oddly Smooth Stone":22,"Pen Nib":4,"Orichalcum":22,"Medical Kit":6,"Anchor":23,"Bird Faced Urn":13,"Snecko Eye":8,"Black Star":0,"Bag of Marbles":12,"Bottled Lightning":15,"Toy Ornithopter":6,"TungstenRod":12,"Meat on the Bone":23},{"Darkstone Periapt":85,"Lantern":24,"Singing Bowl":16,"Bag of Preparation":96,"Whetstone":85,"Bottled Tornado":44,"Boot":51,"Burning Blood":0,"Nunchaku":10,"Dream Catcher":16,"DollysMirror":92,"Pantograph":47,"Paper Frog":96,"Velvet Choker":59,"Oddly Smooth Stone":74,"Pen Nib":16,"Orichalcum":74,"Medical Kit":24,"Anchor":79,"Bird Faced Urn":47,"Snecko Eye":36,"Black Star":0,"Bag of Marbles":44,"Bottled Lightning":51,"Toy Ornithopter":24,"TungstenRod":44,"Meat on the Bone":79}],"Toy Ornithopter":22,"TungstenRod":59,"Meat on the Bone":0},"card_choices":[{"not_picked":["Dual Wield","Infernal Blade"],"picked":"Spot Weakness","floor":1.0},{"not_picked":["Battle Trance","Sword Boomerang"],"picked":"Clothesline","floor":2.0},{"not_picked":["Heavy Blade","Feel No Pain"],"picked":"Carnage","floor":3.0},{"not_picked":["Searing Blow","Sword Boomerang"],"picked":"Battle Trance","floor":7.0},{"not_picked":["Wild Strike","Inflame","Second Wind"],"picked":"Singing Bowl","floor":8.0},{"not_picked":["Thunderclap","Sword Boomerang"],"picked":"Metallicize","floor":11.0},{"not_picked":["Perfected Strike","Rampage"],"picked":"True Grit","floor":12.0},{"not_picked":["Body Slam","Sword Boomerang"],"picked":"Shrug It Off","floor":14.0},{"not_picked":["Corruption","Bludgeon"],"picked":"Immolate","floor":16.0},{"not_picked":["Sword Boomerang+1","Searing Blow"],"picked":"Dark Embrace+1","floor":18.0},{"not_picked":["Havoc","Heavy Blade","Fire Breathing"],"picked":"Singing Bowl","floor":19.0},{"not_picked":["Shrug It Off","Sever Soul","Cleave"],"picked":"Singing Bowl","floor":21.0},{"not_picked":["Clothesline","Wild Strike","Rage"],"picked":"Singing Bowl","floor":24.0},{"not_picked":["Flex","Brutality","Shrug It Off"],"picked":"Singing Bowl","floor":27.0},{"not_picked":["Dark Embrace","Twin Strike+1","Pommel Strike+1"],"picked":"Singing Bowl","floor":28.0},{"not_picked":["Clothesline+1","Rage+1","Heavy Blade+1"],"picked":"Singing Bowl","floor":29.0},{"not_picked":["True Grit","Body Slam","Headbutt"],"picked":"Singing Bowl","floor":30.0},{"not_picked":["Bludgeon","Juggernaut"],"picked":"Demon Form","floor":33.0},{"not_picked":["Heavy Blade","Clash"],"picked":"Shockwave","floor":35.0},{"not_picked":["Thunderclap","Iron Wave+1","Wild Strike"],"picked":"Singing Bowl","floor":36.0},{"not_picked":["Disarm","Havoc","Searing Blow"],"picked":"Singing Bowl","floor":37.0},{"not_picked":["Armaments","True Grit","Warcry+1"],"picked":"Singing Bowl","floor":39.0},{"not_picked":["Second Wind+1","Sentinel+1"],"picked":"Whirlwind+1","floor":40},{"not_picked":["Twin Strike+1","Dropkick"],"picked":"Flame Barrier+1","floor":44},{"not_picked":["Bloodletting+1","Fire Breathing","Shrug It Off+1"],"picked":"Singing Bowl","floor":45},{"not_picked":["Inflame","Power Through","Cleave+1"],"picked":"Singing Bowl","floor":46},{"not_picked":["Sever Soul+1","Body Slam"],"picked":"Limit Break","floor":54}],"player_experience":62213,"relics_obtained":[{"floor":7.0,"key":"Singing Bowl"},{"floor":7.0,"key":"Dream Catcher"},{"floor":9.0,"key":"Pen Nib"},{"floor":12.0,"key":"Toy Ornithopter"},{"floor":12.0,"key":"Lantern"},{"floor":24.0,"key":"Bottled Tornado"},{"floor":24.0,"key":"TungstenRod"},{"floor":26.0,"key":"Bag of Marbles"},{"floor":27.0,"key":"Bird Faced Urn"},{"floor":27.0,"key":"Pantograph"},{"floor":29.0,"key":"Boot"},{"floor":29.0,"key":"Bottled Lightning"},{"floor":40,"key":"Oddly Smooth Stone"},{"floor":40,"key":"Orichalcum"},{"floor":44,"key":"Meat on the Bone"},{"floor":44,"key":"Anchor"},{"floor":46,"key":"Whetstone"},{"floor":46,"key":"Darkstone Periapt"},{"floor":54,"key":"Bag of Preparation"},{"floor":54,"key":"Paper Frog"}],"event_choices":[{"cards_removed":["Strike_R"],"damage_healed":0.0,"max_hp_gain":0.0,"max_hp_loss":0.0,"gold_gain":0.0,"event_name":"Golden Wing","player_choice":"Card Removal","floor":4.0,"gold_loss":0.0,"damage_taken":7.0},{"damage_healed":0.0,"max_hp_gain":0.0,"max_hp_loss":0.0,"gold_gain":0.0,"event_name":"Scrap Ooze","player_choice":"Success","floor":5.0,"gold_loss":0.0,"damage_taken":3.0,"relics_obtained":["Nunchaku"]},{"damage_healed":0.0,"max_hp_gain":0.0,"max_hp_loss":0.0,"gold_gain":0.0,"event_name":"Upgrade Shrine","player_choice":"Upgraded","floor":10.0,"gold_loss":0.0,"damage_taken":0.0,"cards_upgraded":["Clothesline"]},{"damage_healed":0.0,"max_hp_gain":0.0,"max_hp_loss":0.0,"gold_gain":0.0,"event_name":"The Library","player_choice":"Read","floor":20.0,"gold_loss":0.0,"damage_taken":0.0,"cards_obtained":["Heavy Blade"]},{"damage_healed":0.0,"max_hp_gain":0.0,"max_hp_loss":0.0,"gold_gain":0.0,"event_name":"Match and Keep!","player_choice":"1 cards matched","floor":22.0,"gold_loss":0.0,"damage_taken":0.0,"cards_obtained":["Bash"]},{"damage_healed":0,"gold_gain":0,"player_choice":"1 cards matched","damage_taken":0,"max_hp_gain":0,"max_hp_loss":0,"event_name":"Match and Keep!","floor":42,"gold_loss":0,"cards_obtained":["Feed"]}],"is_beta":false,"boss_relics":[{"not_picked":["Coffee Dripper","Runic Cube"],"picked":"Snecko Eye"},{"not_picked":["Tiny House","SacredBark"],"picked":"Velvet Choker"}],"items_purged_floors":[25,48],"is_endless":false,"potions_floor_spawned":[1,3,7,14,16,19,21,29,33,35,40,44,45],"ascension_level":8}}