{"host":"ifd7sfhtlbe34qll","time":1607541838,"event":{"gold_per_floor":[109,34,50,61,61,61,79,22,22,51,61,61,87,106,106,185,185,202,47,47,57,72,72,103,116,116,116,135,135,152,167,167,242,292,311,329,329,345,355,355,384,384,384,402,194,194,194,194],"floor_reached":47,"playtime":2542,"items_purged":["Endless Agony","Strike_G"],"score":982,"play_id":"9e12901b-648b-4beb-a342-97cdac3b5462","local_time":"20201209132358","is_ascension_mode":true,"campfire_choices":[{"data":"Poisoned Stab","floor":6.0,"key":"SMITH"},{"data":"Predator","floor":12,"key":"SMITH"},{"data":"Bane","floor":15,"key":"SMITH"},{"data":"Wraith Form v2","floor":23,"key":"SMITH"},{"data":"Neutralize","floor":27,"key":"SMITH"},{"data":"Noxious Fumes","floor":29,"key":"SMITH"},{"data":"Leg Sweep","floor":32,"key":"SMITH"},{"data":"Skewer","floor":40,"key":"SMITH"}],"neow_cost":"NONE","seed_source_timestamp":40114834317700,"circlet_count":0,"master_deck":["AscendersBane","Strike_G","Strike_G+1","Defend_G","Defend_G","Defend_G","Defend_G","Defend_G","Survivor","Neutralize+1","Slice","Poisoned Stab+1","Quick Slash","Bane+1","Predator+1","Dagger Spray","Wraith Form v2+1","Skewer+1","Noxious Fumes+1","Dodge and Roll+1","Well Laid Plans+1","Backflip","Leg Sweep+1","Adrenaline","Deadly Poison+1","Backflip+1"],"special_seed":0,"relics":["Ring of the Snake","Gremlin Horn","Eternal Feather","Pocketwatch","Velvet Choker","Sundial","Paper Crane","Tiny House","CeramicFish"],"potions_floor_usage":[21,25,36,36,36,39],"damage_taken":[{"damage":0.0,"enemies":"2 Louse","floor":1.0,"turns":4.0},{"damage":1.0,"enemies":"Jaw Worm","floor":3.0,"turns":5.0},{"damage":0.0,"enemies":"Cultist","floor":4.0,"turns":4.0},{"damage":1.0,"enemies":"2 Fungi Beasts","floor":7.0,"turns":4.0},{"damage":6.0,"enemies":"Gremlin Nob","floor":10.0,"turns":3.0},{"damage":5.0,"enemies":"Red Slaver","floor":11.0,"turns":2.0},{"damage":10,"enemies":"3 Sentries","floor":13,"turns":6},{"damage":3,"enemies":"Looter","floor":14,"turns":2},{"damage":30,"enemies":"Slime Boss","floor":16,"turns":6},{"damage":13,"enemies":"Spheric Guardian","floor":18,"turns":5},{"damage":2,"enemies":"2 Thieves","floor":21,"turns":3},{"damage":1,"enemies":"Chosen and Byrds","floor":22,"turns":7},{"damage":45,"enemies":"Book of Stabbing","floor":24,"turns":6},{"damage":6,"enemies":"3 Cultists","floor":25,"turns":5},{"damage":3,"enemies":"Centurion and Healer","floor":28,"turns":7},{"damage":3,"enemies":"Shelled Parasite and Fungi","floor":30,"turns":4},{"damage":10,"enemies":"Cultist and Chosen","floor":31,"turns":8},{"damage":64,"enemies":"Champ","floor":33,"turns":16},{"damage":3,"enemies":"Orb Walker","floor":35,"turns":5},{"damage":8,"enemies":"3 Darklings","floor":36,"turns":7},{"damage":6,"enemies":"Maw","floor":38,"turns":8},{"damage":30,"enemies":"4 Shapes","floor":39,"turns":8},{"damage":63,"enemies":"Giant Head","floor":41,"turns":10},{"damage":12,"enemies":"Sphere and 2 Shapes","floor":44,"turns":7},{"damage":9,"enemies":"Nemesis","floor":47,"turns":7}],"seed_played":"8994397839571679379","potions_obtained":[{"floor":1.0,"key":"Swift Potion"},{"floor":11.0,"key":"Ancient Potion"},{"floor":14,"key":"GhostInAJar"},{"floor":25,"key":"Energy Potion"},{"floor":31,"key":"FairyPotion"},{"floor":33,"key":"Fire Potion"},{"floor":34,"key":"EntropicBrew"},{"floor":38,"key":"FairyPotion"},{"floor":39,"key":"FearPotion"},{"floor":41,"key":"CultistPotion"}],"is_trial":false,"path_per_floor":["M","?","M","M","?","R","M","$","T","E","M","R","E","M","R","B",null,"M","$","?","M","M","R","E","M","T","R","M","R","M","M","R","B",null,"M","M","?","M","M","R","E","?","T","M","$","?","E"],"character_chosen":"THE_SILENT","items_purchased":["Fire Potion","Noxious Fumes","CultistPotion"],"campfire_rested":0,"item_purchase_floors":[8,19,45],"current_hp_per_floor":[65,65,64,64,64,64,63,63,63,57,52,61,51,48,57,27,61,48,48,72,70,69,72,27,21,21,33,30,42,39,29,44,21,64,61,53,53,47,17,32,20,20,20,8,8,8,0,0],"gold":194,"neow_bonus":"TEN_PERCENT_HP_BONUS","is_prod":false,"is_daily":false,"chose_seed":false,"campfire_upgraded":8,"win_rate":0,"timestamp":1607541838,"path_taken":["M","?","M","M","?","R","M","$","T","E","M","R","E","?","R","BOSS","M","$","?","M","M","R","E","M","T","R","M","R","M","?","R","BOSS","M","M","?","M","M","R","E","?","T","M","$","?","E"],"build_version":"2020-11-30","purchased_purges":2,"victory":false,"max_hp_per_floor":[72,72,72,72,72,72,72,72,72,72,72,72,72,72,72,72,72,72,72,72,72,72,72,72,72,72,72,72,72,72,72,72,72,77,77,77,77,77,77,77,77,77,77,77,77,77,77,77],"relic_stats":{"Gremlin Horn":[18,17],"counters":[25,149],"Sundial":[20],"CeramicFish":0,"Eternal Feather":75,"obtain_stats":[{"Tiny House":34,"Gremlin Horn":9,"Sundial":24,"CeramicFish":41,"Velvet Choker":17,"Eternal Feather":10,"Paper Crane":26,"Ring of the Snake":0,"Pocketwatch":13},{"Tiny House":18,"Gremlin Horn":4,"Sundial":13,"CeramicFish":23,"Velvet Choker":9,"Eternal Feather":5,"Paper Crane":14,"Ring of the Snake":0,"Pocketwatch":7},{"Tiny House":97,"Gremlin Horn":17,"Sundial":57,"CeramicFish":135,"Velvet Choker":36,"Eternal Feather":20,"Paper Crane":62,"Ring of the Snake":0,"Pocketwatch":28}],"Ring of the Snake":[50],"Pocketwatch":[255]},"card_choices":[{"not_picked":["Caltrops","Bane"],"picked":"Slice","floor":1.0},{"not_picked":["Choke","Prepared"],"picked":"Poisoned Stab","floor":3.0},{"not_picked":["Underhanded Strike","Dodge and Roll"],"picked":"Quick Slash","floor":4.0},{"not_picked":["Poisoned Stab","Flying Knee"],"picked":"Bane","floor":7.0},{"not_picked":["Bullet Time","Reflex"],"picked":"Predator","floor":10.0},{"not_picked":["Cloak And Dagger","Prepared"],"picked":"Endless Agony","floor":11.0},{"not_picked":["Expertise","PiercingWail"],"picked":"Dagger Spray","floor":13},{"not_picked":["Deflect","Sucker Punch","Poisoned Stab"],"picked":"SKIP","floor":14},{"not_picked":["Glass Knife","Unload"],"picked":"Wraith Form v2","floor":16},{"not_picked":["Deflect","Endless Agony"],"picked":"Skewer","floor":18},{"not_picked":["Dagger Spray","Deflect"],"picked":"Dodge and Roll+1","floor":21},{"not_picked":["Dagger Spray+1","Catalyst"],"picked":"Well Laid Plans","floor":22},{"not_picked":["Flying Knee","Skewer","Bane"],"picked":"SKIP","floor":24},{"not_picked":["Outmaneuver","Sucker Punch","Dodge and Roll"],"picked":"SKIP","floor":25},{"not_picked":["Glass Knife","Blade Dance"],"picked":"Backflip","floor":28},{"not_picked":["Blur","Blade Dance"],"picked":"Leg Sweep","floor":30},{"not_picked":["Dagger Throw","Blade Dance","Outmaneuver"],"picked":"SKIP","floor":31},{"not_picked":["A Thousand Cuts","Unload"],"picked":"Adrenaline","floor":33},{"not_picked":["PiercingWail+1","Backflip"],"picked":"Deadly Poison+1","floor":34},{"not_picked":["Blade Dance+1","Deflect","Dodge and Roll"],"picked":"SKIP","floor":35},{"not_picked":["Endless Agony+1","Deadly Poison"],"picked":"Backflip+1","floor":36},{"not_picked":["Deadly Poison","Reflex","Dodge and Roll"],"picked":"SKIP","floor":38},{"not_picked":["Flechettes","Dagger Spray","Predator"],"picked":"SKIP","floor":39},{"not_picked":["Outmaneuver","Eviscerate","Underhanded Strike"],"picked":"SKIP","floor":41},{"not_picked":["Doppelganger","Dagger Spray","Slice"],"picked":"SKIP","floor":44}],"player_experience":1395984,"relics_obtained":[{"floor":9.0,"key":"Gremlin Horn"},{"floor":10.0,"key":"Eternal Feather"},{"floor":13,"key":"Pocketwatch"},{"floor":24,"key":"Sundial"},{"floor":26,"key":"Paper Crane"},{"floor":41,"key":"CeramicFish"}],"event_choices":[{"cards_removed":["Strike_G"],"damage_healed":0.0,"max_hp_gain":0.0,"max_hp_loss":0.0,"gold_gain":0.0,"event_name":"The Cleric","player_choice":"Card Removal","floor":2.0,"gold_loss":75.0,"damage_taken":0.0},{"damage_healed":0.0,"max_hp_gain":0.0,"max_hp_loss":0.0,"gold_gain":0.0,"event_name":"Match and Keep!","player_choice":"0 cards matched","floor":5.0,"gold_loss":0.0,"damage_taken":0.0,"cards_obtained":[]},{"damage_healed":0.0,"max_hp_gain":0.0,"max_hp_loss":0.0,"gold_gain":0.0,"event_name":"Match and Keep!","player_choice":"0 cards matched","floor":5.0,"gold_loss":0.0,"damage_taken":0.0,"cards_obtained":[]},{"damage_healed":24,"gold_gain":0,"player_choice":"Full Heal","damage_taken":0,"max_hp_gain":0,"max_hp_loss":0,"event_name":"Wheel of Change","floor":20,"gold_loss":0},{"damage_healed":0,"gold_gain":0,"player_choice":"Ignored","damage_taken":0,"max_hp_gain":0,"max_hp_loss":0,"event_name":"Tomb of Lord Red Mask","floor":37,"gold_loss":0},{"cards_removed":["Strike_G"],"damage_healed":0,"gold_gain":0,"player_choice":"Removed Attack","damage_taken":0,"max_hp_gain":0,"max_hp_loss":0,"event_name":"Falling","floor":42,"gold_loss":0},{"damage_healed":0,"gold_gain":0,"player_choice":"Forge","damage_taken":0,"max_hp_gain":0,"max_hp_loss":0,"event_name":"Accursed Blacksmith","floor":46,"gold_loss":0,"cards_upgraded":["Well Laid Plans"]}],"is_beta":false,"boss_relics":[{"not_picked":["Pandora\u0027s Box","Calling Bell"],"picked":"Velvet Choker"},{"not_picked":["HoveringKite","Ring of the Serpent"],"picked":"Tiny House"}],"items_purged_floors":[19,45],"is_endless":false,"potions_floor_spawned":[1,11,14,16,18,25,31,33,38,39,41],"killed_by":"Nemesis","ascension_level":20}}