{"host":"agela5aetnmltfvm","time":1607541080,"event":{"gold_per_floor":[114,189,208,233,243,243,253,266,293,293,293,313,377,447,447,447,447],"floor_reached":16,"playtime":390,"items_purged":[],"score":92,"play_id":"cc959aea-6dec-449f-ad03-90cdfe458e99","local_time":"20201210031120","is_ascension_mode":false,"campfire_choices":[{"data":"hierophant:Patience","floor":6,"key":"SMITH"},{"data":"hierophant:PassingBell","floor":10,"key":"SMITH"},{"floor":15,"key":"REST"}],"neow_cost":"NONE","seed_source_timestamp":18015426933600,"circlet_count":0,"master_deck":["hierophant:Strike_Hierophant","hierophant:Strike_Hierophant","hierophant:Strike_Hierophant","hierophant:Punish","hierophant:Defend_Hierophant","hierophant:Defend_Hierophant","hierophant:Defend_Hierophant","hierophant:ChurchCoffers","hierophant:Patience+1","hierophant:HammerAndAnvil","hierophant:Shelter","hierophant:PassingBell+1","ReplayTheSpireMod:Splinters","hierophant:SealAway","hierophant:Encroach"],"relics":["hierophant:PropheticMaskRelic","Juzu Bracelet","Orichalcum","Potion Belt"],"potions_floor_usage":[16,16],"damage_taken":[{"damage":17,"enemies":"Jaw Worm","floor":1,"turns":5},{"damage":0,"enemies":"2 Louse","floor":3,"turns":1},{"damage":15,"enemies":"Cultist","floor":5,"turns":4},{"damage":9,"enemies":"2 Fungi Beasts","floor":7,"turns":3},{"damage":0,"enemies":"Lots of Slimes","floor":8,"turns":1},{"damage":9,"enemies":"3 Louse","floor":12,"turns":2},{"damage":39,"enemies":"The Guardian","floor":16,"turns":11}],"seed_played":"4257061893064198093","potions_obtained":[{"floor":3,"key":"SteroidPotion"},{"floor":5,"key":"LifebloodPotion"},{"floor":13,"key":"Explosive Potion"}],"is_trial":false,"path_per_floor":["M","?","M","T","M","R","M","M","T","R","?","M","?","?","R","B"],"character_chosen":"HIEROPHANT","items_purchased":[],"campfire_rested":1,"item_purchase_floors":[],"current_hp_per_floor":[58,47,47,47,32,32,23,23,23,23,23,14,14,14,36,0,0],"gold":447,"neow_bonus":"REMOVE_CARD","is_prod":false,"is_daily":false,"chose_seed":false,"campfire_upgraded":2,"win_rate":0.0,"timestamp":1607541080,"path_taken":["M","?","M","?","M","R","M","M","T","R","?","M","?","?","R","BOSS"],"build_version":"2020-11-30","purchased_purges":0,"victory":false,"max_hp_per_floor":[75,75,75,75,75,75,75,75,75,75,75,75,75,75,75,75,75],"card_choices":[{"not_picked":["hierophant:MorningPrayer","hierophant:Doomsaying"],"picked":"hierophant:Patience","floor":1},{"not_picked":["hierophant:OrnateJavelin","hierophant:Purify"],"picked":"hierophant:HammerAndAnvil","floor":3},{"not_picked":["hierophant:AuricBeam","hierophant:Charity","hierophant:HolyVerse"],"picked":"SKIP","floor":5},{"not_picked":["hierophant:DisplayOfPower","hierophant:FaithHealing"],"picked":"hierophant:Shelter","floor":7},{"not_picked":["hierophant:Remorse","hierophant:DisplayOfPower"],"picked":"hierophant:PassingBell","floor":8},{"not_picked":["hierophant:Sermon","hierophant:HolyVerse","hierophant:OrnateBuckler"],"picked":"SKIP","floor":12},{"not_picked":["hierophant:Doomsaying","hierophant:MorningPrayer"],"picked":"hierophant:SealAway","floor":13},{"not_picked":["hierophant:Zeal","hierophant:ThreeLashes"],"picked":"hierophant:Encroach","floor":13}],"player_experience":497829,"relics_obtained":[{"floor":4,"key":"Juzu Bracelet"},{"floor":9,"key":"Orichalcum"},{"floor":13,"key":"Potion Belt"}],"event_choices":[{"damage_healed":0,"gold_gain":75,"player_choice":"Gather Gold","damage_taken":11,"max_hp_gain":0,"max_hp_loss":0,"event_name":"World of Goop","floor":2,"gold_loss":0},{"damage_healed":0,"gold_gain":70,"player_choice":"Gained Gold","damage_taken":0,"max_hp_gain":0,"max_hp_loss":0,"event_name":"Golden Wing","floor":14,"gold_loss":0}],"is_beta":false,"boss_relics":[],"items_purged_floors":[],"is_endless":false,"potions_floor_spawned":[3,5],"killed_by":"The Guardian","ascension_level":0}}