{"host":"ci7ivtocgfxh0ueo","time":1607501941,"event":{"gold_per_floor":[364,48,61,8,8,36,54,54,80,80,130,140,157,174,174,248,248,260,260,260,260],"floor_reached":20,"playtime":623,"items_purged":[],"score":313,"play_id":"b51aadbd-79fd-42ad-a4d5-d0fd2e0b2223","local_time":"20201209161901","is_ascension_mode":true,"campfire_choices":[{"data":"Metallicize","floor":8.0,"key":"SMITH"},{"data":"Intimidate","floor":10.0,"key":"SMITH"},{"data":"Armaments","floor":15.0,"key":"SMITH"}],"neow_cost":"PERCENT_DAMAGE","seed_source_timestamp":0,"circlet_count":0,"master_deck":["AscendersBane","Strike_R","Strike_R","Strike_R","Strike_R","Strike_R","Defend_R","Defend_R","Defend_R","Defend_R","Bash","Reckless Charge","Metallicize+1","Shrug It Off","Intimidate+1","Armaments+1","Pommel Strike","Ghostly Armor","Feed","Armaments"],"special_seed":0,"relics":["Burning Blood","StoneCalendar","GremlinMask","Dream Catcher","Toy Ornithopter","SlaversCollar"],"potions_floor_usage":[20],"damage_taken":[{"damage":11.0,"enemies":"Cultist","floor":1.0,"turns":4.0},{"damage":1.0,"enemies":"2 Louse","floor":3.0,"turns":2.0},{"damage":17.0,"enemies":"Lagavulin","floor":6.0,"turns":7.0},{"damage":4.0,"enemies":"Small Slimes","floor":7.0,"turns":5.0},{"damage":16.0,"enemies":"Red Slaver","floor":12.0,"turns":5.0},{"damage":1.0,"enemies":"Blue Slaver","floor":13.0,"turns":6.0},{"damage":4.0,"enemies":"Large Slime","floor":14.0,"turns":7.0},{"damage":41.0,"enemies":"Hexaghost","floor":16.0,"turns":13.0},{"damage":30.0,"enemies":"Spheric Guardian","floor":18.0,"turns":7.0},{"damage":77,"enemies":"Masked Bandits","floor":20,"turns":4}],"seed_played":"-3506927936516496059","potions_obtained":[{"floor":1.0,"key":"Block Potion"},{"floor":6.0,"key":"Ancient Potion"},{"floor":13.0,"key":"Block Potion"},{"floor":14.0,"key":"Dexterity Potion"},{"floor":18.0,"key":"Regen Potion"}],"is_trial":false,"path_per_floor":["M","$","M","$","?","E","M","R","T","R","?","M","M","M","R","B",null,"M","?","?"],"character_chosen":"IRONCLAD","items_purchased":["StoneCalendar","Energy Potion"],"campfire_rested":0,"item_purchase_floors":[2,4],"current_hp_per_floor":[45,45,50,50,50,39,41,41,41,41,41,31,36,43,43,13,60,36,51,0,0],"gold":260,"neow_bonus":"TWO_FIFTY_GOLD","is_prod":false,"is_daily":false,"chose_seed":false,"campfire_upgraded":3,"win_rate":0,"timestamp":1607501941,"path_taken":["M","$","?","$","?","E","?","R","T","R","?","M","M","?","R","BOSS","M","?","?"],"build_version":"2020-11-30","purchased_purges":0,"victory":false,"max_hp_per_floor":[75,75,75,75,75,75,75,75,75,75,75,75,75,75,75,75,75,75,75,75,75],"card_choices":[{"not_picked":["Body Slam","Entrench"],"picked":"Reckless Charge","floor":1.0},{"not_picked":["Clash","Dual Wield"],"picked":"Metallicize","floor":3.0},{"not_picked":["Wild Strike","Perfected Strike"],"picked":"Shrug It Off","floor":6.0},{"not_picked":["Sword Boomerang","Feel No Pain"],"picked":"Intimidate","floor":7.0},{"not_picked":["Heavy Blade","Barricade"],"picked":"Armaments","floor":12.0},{"not_picked":["Reckless Charge","True Grit"],"picked":"Pommel Strike","floor":13.0},{"not_picked":["Hemokinesis","Burning Pact"],"picked":"Ghostly Armor","floor":14.0},{"not_picked":["Impervious","Limit Break"],"picked":"Feed","floor":16.0},{"not_picked":["Twin Strike","True Grit"],"picked":"Armaments","floor":18.0}],"player_experience":1232912,"relics_obtained":[{"floor":6.0,"key":"Dream Catcher"},{"floor":9.0,"key":"Toy Ornithopter"}],"event_choices":[{"damage_healed":0.0,"max_hp_gain":0.0,"max_hp_loss":0.0,"gold_gain":0.0,"event_name":"FaceTrader","player_choice":"Trade","floor":5.0,"gold_loss":0.0,"damage_taken":0.0,"relics_obtained":["GremlinMask"]},{"damage_healed":0.0,"max_hp_gain":0.0,"max_hp_loss":0.0,"gold_gain":50.0,"event_name":"Golden Shrine","player_choice":"Pray","floor":11.0,"gold_loss":0.0,"damage_taken":0.0},{"damage_healed":15.0,"max_hp_gain":0.0,"max_hp_loss":0.0,"gold_gain":0.0,"event_name":"The Library","player_choice":"Heal","floor":19.0,"gold_loss":0.0,"damage_taken":0.0},{"damage_healed":0,"gold_gain":0,"player_choice":"Fought Bandits","damage_taken":0,"max_hp_gain":0,"max_hp_loss":0,"event_name":"Masked Bandits","floor":20,"gold_loss":0}],"is_beta":false,"boss_relics":[{"not_picked":["Cursed Key","Runic Dome"],"picked":"SlaversCollar"}],"items_purged_floors":[],"is_endless":false,"potions_floor_spawned":[1,6,13,14,18],"killed_by":"Masked Bandits","ascension_level":16}}