{"host":"1kq2ingo3j45gyyp","time":1607547661,"event":{"gold_per_floor":[115,47,59,71,86,41,68,68,68,68,68,78,103,166,166,266,266,279,24,24,24,24,24,41,41,67,101,101,26,125,145,145,240,240,240,240,240],"floor_reached":35,"playtime":1350,"items_purged":["Gatherer:Convert"],"score":406,"play_id":"1ac15e7f-fea3-4c57-8d5c-cdee3a62343b","local_time":"20201209160101","is_ascension_mode":false,"metric_token":401,"campfire_choices":[{"data":"Gatherer:Centralize","floor":8,"key":"SMITH"},{"data":"Gatherer:Snatch","floor":10,"key":"SMITH"},{"floor":15,"key":"REST"},{"data":"Gatherer:FlowerBeam","floor":23,"key":"SMITH"},{"data":"Gatherer:FlowerBeam+1","floor":25,"key":"SMITH"},{"data":"Gatherer:FlowerBeam+2","floor":28,"key":"SMITH"},{"floor":32,"key":"REST"}],"neow_cost":"TEN_PERCENT_HP_LOSS","seed_source_timestamp":1665378278301600,"circlet_count":0,"master_deck":["Gatherer:Strike_Gatherer","Gatherer:Strike_Gatherer","Gatherer:Strike_Gatherer","Gatherer:Strike_Gatherer","Gatherer:Defend_Gatherer","Gatherer:Defend_Gatherer","Gatherer:Defend_Gatherer","Gatherer:Defend_Gatherer","Gatherer:Centralize+1","Gatherer:FlowerWhip","Mayhem","Gatherer:Snatch+1","Gatherer:Herbalism","Gatherer:BambuSword","Gatherer:QuickSynthesis","Gatherer:Pollute","Gatherer:SealedBomb","Gatherer:FlowerBeam+3","Gatherer:PoisonMastery+1","Gatherer:Polymorphism","Gatherer:GlowingPlant","Gatherer:Shadow","Gatherer:Light","Gatherer:Snatch+1","Gatherer:Snatch+1","Gatherer:QuickSynthesis","Gatherer:BlackTea"],"relics":["Gatherer:AlchemyBag","Gatherer:FlyingFruit","Prayer Wheel","Calipers","Mercury Hourglass","Frozen Egg 2","Philosopher\u0027s Stone","Letter Opener","Gatherer:MistGenerator","Molten Egg 2","Sozu"],"potions_floor_usage":[33],"damage_taken":[{"damage":0,"enemies":"Small Slimes","floor":1,"turns":4},{"damage":0,"enemies":"Cultist","floor":3,"turns":5},{"damage":6,"enemies":"Jaw Worm","floor":4,"turns":3},{"damage":2,"enemies":"Looter","floor":5,"turns":4},{"damage":21,"enemies":"3 Sentries","floor":7,"turns":9},{"damage":17,"enemies":"Exordium Wildlife","floor":12,"turns":3},{"damage":0,"enemies":"Lagavulin","floor":13,"turns":4},{"damage":16,"enemies":"Slime Boss","floor":16,"turns":4},{"damage":2,"enemies":"Chosen","floor":18,"turns":4},{"damage":0,"enemies":"3 Byrds","floor":24,"turns":3},{"damage":28,"enemies":"Slavers","floor":27,"turns":4},{"damage":10,"enemies":"Centurion and Healer","floor":31,"turns":4},{"damage":36,"enemies":"Automaton","floor":33,"turns":6},{"damage":0,"enemies":"3 Darklings","floor":35,"turns":1}],"seed_played":"6524039627727185336","potions_obtained":[{"floor":4,"key":"LiquidBronze"},{"floor":7,"key":"DuplicationPotion"},{"floor":12,"key":"SteroidPotion"},{"floor":33,"key":"PowerPotion"}],"is_trial":false,"path_per_floor":["M","?","M","M","M","$","E","R","T","R","T","M","E","?","R","B",null,"M","$","?","$","?","R","M","R","T","E","R","$","?","M","R","B",null,"M"],"character_chosen":"THE_GATHERER","items_purchased":["Gatherer:QuickSynthesis","Letter Opener"],"campfire_rested":2,"item_purchase_floors":[6,19],"current_hp_per_floor":[65,65,65,59,57,57,40,40,40,40,40,23,27,27,48,36,77,75,75,75,75,75,75,75,75,75,51,51,51,51,41,65,29,81,81,81,81],"gold":240,"neow_bonus":"RANDOM_COLORLESS_2","is_prod":false,"is_daily":false,"chose_seed":false,"campfire_upgraded":5,"win_rate":0.0,"timestamp":1607547661,"path_taken":["M","?","M","?","?","?","E","R","T","R","?","M","E","?","R","BOSS","M","$","?","?","?","R","M","R","T","E","R","$","?","M","R","BOSS","M"],"build_version":"2020-11-30","purchased_purges":1,"victory":false,"max_hp_per_floor":[65,65,65,65,65,65,69,69,69,69,69,69,73,73,73,77,77,77,77,77,77,77,77,77,77,77,81,81,81,81,81,81,81,81,81,81,81],"card_choices":[{"not_picked":["Metamorphosis","Secret Weapon"],"picked":"Mayhem","floor":0},{"not_picked":["Gatherer:FragileHammer","Gatherer:PotentialSlash","Gatherer:CarefulStrike"],"picked":"SKIP","floor":1},{"not_picked":["Gatherer:SaveValuables","Gatherer:Frenzy"],"picked":"Gatherer:Snatch","floor":3},{"not_picked":["Gatherer:FragileHammer","Gatherer:AromaProtection"],"picked":"Gatherer:Herbalism","floor":4},{"not_picked":["Gatherer:GatherMaterial","Gatherer:ScherryThrow"],"picked":"Gatherer:BambuSword","floor":5},{"not_picked":["Gatherer:Liquidism","Gatherer:EchoOfNature"],"picked":"Gatherer:Pollute","floor":7},{"not_picked":["Gatherer:Nutrients","Gatherer:FeelingFine"],"picked":"Gatherer:Convert","floor":12},{"not_picked":["Gatherer:AromaProtection","Gatherer:AcidicSpray"],"picked":"Gatherer:SealedBomb","floor":12},{"not_picked":["Gatherer:FlowerShield","Gatherer:BalancedGrowth+1"],"picked":"Gatherer:FlowerBeam","floor":13},{"not_picked":["Gatherer:ColorfulGarden+1","Gatherer:Overflowing"],"picked":"Gatherer:PoisonMastery+1","floor":16},{"not_picked":["Gatherer:Duplicator","Gatherer:FeelingFine+1","Gatherer:PotentialSlash"],"picked":"SKIP","floor":18},{"not_picked":["Gatherer:GlowingPlant","Gatherer:AromaProtection","Gatherer:Solidify"],"picked":"SKIP","floor":18},{"not_picked":["Gatherer:Duplicator","Gatherer:FeelingFine+1","Gatherer:PotentialSlash"],"picked":"SKIP","floor":18},{"not_picked":["Gatherer:GlowingPlant","Gatherer:AromaProtection","Gatherer:Solidify"],"picked":"SKIP","floor":18},{"not_picked":["Gatherer:RottenStipe","Gatherer:AromaProtection"],"picked":"Gatherer:Snatch+1","floor":24},{"not_picked":["Gatherer:UpgradeBag+1","Gatherer:PotentialSlash+1"],"picked":"Gatherer:Snatch+1","floor":24},{"not_picked":["Gatherer:GatherMaterial","Gatherer:FlowerPower+1","Gatherer:SaveValuables+1"],"picked":"SKIP","floor":27},{"not_picked":["Gatherer:Misfortune+1","Gatherer:FeelingFine+1"],"picked":"Gatherer:QuickSynthesis","floor":31},{"not_picked":["Gatherer:BomberForm+1","Gatherer:TacticalStrike+1","Gatherer:ScherryThrow+1"],"picked":"SKIP","floor":31},{"not_picked":["Gatherer:BomberForm+1","Gatherer:Overflowing"],"picked":"Gatherer:BlackTea","floor":33}],"player_experience":798486,"relics_obtained":[{"floor":7,"key":"Prayer Wheel"},{"floor":9,"key":"Calipers"},{"floor":11,"key":"Mercury Hourglass"},{"floor":13,"key":"Frozen Egg 2"},{"floor":26,"key":"Gatherer:MistGenerator"},{"floor":27,"key":"Molten Egg 2"}],"event_choices":[{"damage_healed":0,"gold_gain":0,"player_choice":"Paid Gold","damage_taken":0,"relics_obtained":["Gatherer:FlyingFruit"],"max_hp_gain":0,"max_hp_loss":0,"event_name":"WeMeetAgain","floor":2,"gold_loss":68},{"damage_healed":0,"gold_gain":63,"player_choice":"Gained Gold","damage_taken":0,"max_hp_gain":0,"max_hp_loss":0,"event_name":"Golden Wing","floor":14,"gold_loss":0},{"damage_healed":0,"gold_gain":0,"player_choice":"Ignored","damage_taken":0,"max_hp_gain":0,"max_hp_loss":0,"event_name":"betterNote:BetterNote","floor":20,"gold_loss":0,"cards_obtained":["Blind"]},{"damage_healed":0,"gold_gain":0,"cards_transformed":["Gatherer:Defend_Gatherer","Gatherer:Strike_Gatherer"],"player_choice":"Became Test Subject","damage_taken":0,"max_hp_gain":0,"max_hp_loss":0,"event_name":"Drug Dealer","floor":22,"gold_loss":0,"cards_obtained":["Gatherer:Polymorphism","Gatherer:GlowingPlant"]},{"damage_healed":0,"gold_gain":99,"player_choice":"Steal","damage_taken":0,"max_hp_gain":0,"max_hp_loss":0,"event_name":"betterThird:BetterNest","floor":30,"gold_loss":0}],"is_beta":false,"boss_relics":[{"not_picked":["Fusion Hammer","Snecko Eye"],"picked":"Philosopher\u0027s Stone"},{"not_picked":["Tiny House","Gatherer:MiracleBag"],"picked":"Sozu"}],"items_purged_floors":[29],"is_endless":false,"potions_floor_spawned":[4,7,12,16,31,33],"killed_by":"3 Darklings","ascension_level":0}}