{"host":"edwx0qgw8a8gox8u","time":1607506915,"event":{"gold_per_floor":[110,88,88,101,112,137,149,176,208,208,218,233,35,46,46,150,150,169,169,199,213,213,239,239,271,297,315,338,338,338,373,373,473,473,496,496,562,562,610,708,708,765,765,825,850,880,805,835,835,852,852,852,12,70,123],"floor_reached":56,"playtime":2834,"items_purged":[],"score":1691,"play_id":"cbfde163-cd85-493e-b47b-9f703b14bb94","local_time":"20201209204155","is_ascension_mode":true,"campfire_choices":[{"data":"Perfected Strike","floor":15,"key":"SMITH"},{"data":"MostiFishMod:FlyOverUtopia","floor":24,"key":"SMITH"},{"data":"MostiFishMod:RacingGame","floor":30,"key":"SMITH"},{"data":"Slimebound:CheckThePlaybook","floor":32,"key":"SMITH"},{"floor":41,"key":"RECALL"},{"data":"jedi:controlledanger","floor":49,"key":"SMITH"},{"data":"MostiFishMod:HellRitual","floor":52,"key":"SMITH"}],"neow_cost":"NONE","seed_source_timestamp":0,"circlet_count":0,"master_deck":["Strike_R","Strike_R+1","Strike_R+1","Strike_R","Strike_R","Defend_R","Defend_R+1","Defend_R","Defend_R","Bash+1","BinaryStars","DDmod:UnstoppableAttack","hubris:Wrath","Anger","Anger","DDmod:SpikedSkill","Pummel","Thunderclap","DDmod:SpikedSkill","ReplayTheSpireMod:Strike From Hell","Perfected Strike+1","MostiFishMod:FlyOverUtopia+1","DDmod:PlatedThornsSkill","Thunderclap","Slimebound:CheckThePlaybook+1","Carnage","Rampage","Twin Strike+1","MostiFishMod:RacingGame+1","DDmod:SpikedSkill+1","Cleave","jedi:hate","MostiFishMod:HellRitual+1","DDmod:PokeAttack","Replay:Fractal Strike","ReplayTheSpireMod:Strike From Hell+1","MostiFishMod:HellRitual","Infernal Blade","Combust+1","Dropkick+1","DDmod:RapidStrikeAttack+1","Pummel+1","MostiFishMod:PerfectStrikeMKII+1","jedi:controlledanger+1","Twin Strike+1","Body Slam+1","Body Slam+1","DDmod:EasePowerCard","DDmod:SpikedSkill","Warcry","Cleave+1","Replay:Parry+1","DDmod:PotionAddictCard","Perfected Strike+1"],"special_seed":0,"relics":["Burning Blood","REME_ComplimentaryCards","DaveBox","DianDianMeat","Question Card","ReplayTheSpireMod:CursedCoin","MerchantsRug","DemoMod:MonsterBlood","Dota2Spire:Desolator","PreservedInsect","Snack Pack","ImportantClient","Dota2Spire:Bloodstone","trackpad:RapidFire","Dota2Spire:HeartOfTarrasque","infinitespire:Midas Blood","DemoMod:Metronome","Spirit Poop","vexMod:InvisibilityCloak","hubris:RunicObelisk","hubris:EvacipatedBox","hubris:FruitBowl","hubris:KleinBottle","vexMod:Spyglass","infinitespire:ShieldingShard","vexMod:ScavengeHelm","vexMod:CardConverter","trackpad:IceCube","REME_ArchaeologicalTools","potionbrewer:Torch","Dota2Spire:EchoSabre","Pen Nib","Potion Belt","Simple Rune","Another Sword","hubris:MobiusCoin","Thread and Needle","Civilization","Molten Egg 2","vexMod:BarristanHead","hubris:SlimyHat","Dota2Spire:Mjollnir","Orichalcum","potionbrewer:ToyAutogyro","DemoMod:Bottle","Prayer Beads","trackpad:PetRock","DDmod:BarbedSlagRelic","hubris:TenFootPole","Red Skull","hubris:Reverence","hubris:EmptyBottle","GodSword6","StuffTheSpire:Expresso"],"potions_floor_usage":[],"damage_taken":[{"damage":15.0,"enemies":"Small Slimes","floor":1.0,"turns":4.0},{"damage":8.0,"enemies":"Cultist","floor":4.0,"turns":3.0},{"damage":11,"enemies":"Jaw Worm","floor":5,"turns":3},{"damage":43,"enemies":"Gremlin Nob","floor":6,"turns":4},{"damage":8,"enemies":"Blue Slaver","floor":7,"turns":4},{"damage":22,"enemies":"3 Sentries","floor":8,"turns":7},{"damage":15,"enemies":"Lots of Slimes","floor":9,"turns":7},{"damage":14,"enemies":"Lots of Slimes","floor":11,"turns":3},{"damage":0,"enemies":"Exordium Wildlife","floor":12,"turns":2},{"damage":32,"enemies":"Exordium Thugs","floor":14,"turns":3},{"damage":33,"enemies":"Hexaghost","floor":16,"turns":6},{"damage":12,"enemies":"Chosen","floor":18,"turns":3},{"damage":19,"enemies":"conspire:FuzzyDice","floor":20,"turns":5},{"damage":24,"enemies":"conspire:FuzzyDice","floor":21,"turns":3},{"damage":20,"enemies":"Replay:Snechameleon","floor":23,"turns":3},{"damage":18,"enemies":"Centurion and Healer","floor":25,"turns":4},{"damage":17,"enemies":"Centurion and Healer","floor":27,"turns":2},{"damage":16,"enemies":"Cultist and Chosen","floor":28,"turns":2},{"damage":20,"enemies":"Slavers","floor":31,"turns":2},{"damage":7,"enemies":"Automaton","floor":33,"turns":3},{"damage":19,"enemies":"3 Shapes","floor":35,"turns":2},{"damage":1,"enemies":"3 Darklings","floor":37,"turns":1},{"damage":1,"enemies":"Spire Growth","floor":39,"turns":1},{"damage":1,"enemies":"Nemesis","floor":40,"turns":1},{"damage":4,"enemies":"Giant Head","floor":42,"turns":1},{"damage":4,"enemies":"beaked:SuperParasite","floor":44,"turns":1},{"damage":9,"enemies":"Sphere and 2 Shapes","floor":45,"turns":1},{"damage":1,"enemies":"Jaw Worm Horde","floor":46,"turns":1},{"damage":1,"enemies":"HollowMod:SlobberingHusk","floor":48,"turns":1},{"damage":1,"enemies":"Replay:Hell Engine","floor":50,"turns":1},{"damage":0,"enemies":"Shield and Spear","floor":54,"turns":1},{"damage":49,"enemies":"Kars","floor":55,"turns":4}],"seed_played":"-6521243593933469992","potions_obtained":[{"floor":7,"key":"DuplicationPotion"},{"floor":8,"key":"potionbrewer:NoxiousPotion"},{"floor":12,"key":"Elixir"},{"floor":16,"key":"BlessingOfTheForge"},{"floor":21,"key":"Energy Potion"},{"floor":23,"key":"Explosive Potion"},{"floor":27,"key":"DemoMod:LeadSkinPotion"},{"floor":37,"key":"Explosive Potion"},{"floor":39,"key":"Guardian:BlockOnCardUsePotion"},{"floor":40,"key":"Block Potion"}],"is_trial":false,"path_per_floor":["M","$","?","M","M","E","M","E","MIM","?","M","M","$","M","R","B",null,"M","?","MIM","M","?","E","R","MIM","T","M","M","?","R","E","R","B",null,"M","$","M","?","M","E","R","E","T","E","M","M","?","M","R","B",null,"R","$","E","B",null],"character_chosen":"IRONCLAD","items_purchased":["ReplayTheSpireMod:CursedCoin","MerchantsRug","Whetstone","Snack Pack","hubris:EvacipatedBox","hubris:FruitBowl","hubris:KleinBottle","vexMod:Spyglass","infinitespire:ShieldingShard","vexMod:ScavengeHelm","vexMod:CardConverter","trackpad:IceCube","REME_ArchaeologicalTools","potionbrewer:Torch","Dota2Spire:EchoSabre","Pen Nib","Potion Belt","Simple Rune","Another Sword","hubris:MobiusCoin","Thread and Needle","Civilization","Molten Egg 2","vexMod:BarristanHead","hubris:SlimyHat","Dota2Spire:Mjollnir","Orichalcum","potionbrewer:ToyAutogyro","DemoMod:Bottle","Prayer Beads","trackpad:PetRock","Body Slam+1","DDmod:EasePowerCard","DDmod:SpikedSkill","Warcry","Cleave+1","Replay:Parry+1","DDmod:PotionAddictCard","hubris:EmptyBottle","GodSword6"],"campfire_rested":0,"item_purchase_floors":[2,2,2,13,36,36,36,36,36,36,36,36,36,36,36,36,36,36,36,36,36,36,36,36,36,36,36,36,36,36,36,53,53,53,53,53,53,53,53,53],"current_hp_per_floor":[64,66,66,67,66,41,49,44,47,47,52,74,74,61,61,57,138,147,176,189,201,201,221,221,232,232,261,276,276,276,293,293,319,358,371,20,80,80,140,204,204,269,269,336,403,485,591,680,680,748,994,994,1490,1600,1599],"gold":123,"neow_bonus":"NOSTALGIA","is_prod":false,"is_daily":false,"chose_seed":false,"campfire_upgraded":6,"win_rate":0,"timestamp":1607506915,"path_taken":["M","$","?","M","M","E","?","E","MIM","?","?","M","$","M","R","BOSS","M","?","?","?","?","E","R","?","T","M","M","?","R","E","R","BOSS","M","?","M","?","?","E","R","E","T","E","M","M","?","M","R","BOSS","R","$","E","BOSS"],"build_version":"2020-11-30","purchased_purges":0,"victory":true,"max_hp_per_floor":[81,83,83,86,90,102,108,115,123,123,132,142,142,153,153,165,165,178,207,223,240,240,266,266,285,285,305,326,326,326,348,348,371,371,395,432,483,483,536,593,593,652,652,715,783,858,964,1046,1046,1076,1076,1076,1572,1674,1708],"relic_stats":{"counters":[32,89],"PreservedInsect":403,"Pen Nib":[6],"Orichalcum":[18],"Question Card":52,"obtain_stats":[{"MadScienceMod:FuelTank":0,"trackpad:IceCube":36,"Spirit Poop":29,"DemoMod:GlassGuonStoneRelic":1,"Whetstone":2,"vexMod:InvisibilityCloak":31,"infinitespire:ShieldingShard":36,"vexMod:CardConverter":36,"DemoMod:MonsterBlood":6,"DemoMod:Metronome":26,"Dota2Spire:Mjollnir":36,"REME_ArchaeologicalTools":36,"ImportantClient":16,"DianDianMeat":0,"MerchantsRug":2,"hubris:MobiusCoin":36,"aspiration:Nostalgia":0,"ReplayTheSpireMod:CursedCoin":2,"vexMod:ScavengeHelm":36,"hubris:FruitBowl":36,"Dota2Spire:Bloodstone":17,"Pen Nib":36,"Dota2Spire:HeartOfTarrasque":23,"potionbrewer:ToyAutogyro":36,"Question Card":1,"potionbrewer:Torch":36,"Simple Rune":36,"Molten Egg 2":36,"hubris:TenFootPole":40,"GodSword6":53,"Dota2Spire:Desolator":8,"hubris:Reverence":44,"Dota2Spire:EchoSabre":36,"DaveBox":0,"Prayer Beads":36,"trackpad:PetRock":36,"hubris:SlimyHat":36,"hubris:RunicObelisk":34,"hubris:EmptyBottle":53,"vexMod:Spyglass":36,"Burning Blood":0,"hubris:EvacipatedBox":36,"Civilization":36,"trackpad:RapidFire":20,"Red Skull":42,"hubris:KleinBottle":36,"Potion Belt":36,"StuffTheSpire:Expresso":54,"Thread and Needle":36,"PreservedInsect":9,"Orichalcum":36,"vexMod:BarristanHead":36,"Another Sword":36,"Snack Pack":13,"DemoMod:Bottle":36,"DDmod:BarbedSlagRelic":38,"REME_ComplimentaryCards":0,"infinitespire:Midas Blood":25},{"MadScienceMod:FuelTank":0,"trackpad:IceCube":21,"Spirit Poop":18,"DemoMod:GlassGuonStoneRelic":1,"Whetstone":1,"vexMod:InvisibilityCloak":19,"infinitespire:ShieldingShard":21,"vexMod:CardConverter":21,"DemoMod:MonsterBlood":4,"DemoMod:Metronome":16,"Dota2Spire:Mjollnir":21,"REME_ArchaeologicalTools":21,"ImportantClient":11,"DianDianMeat":0,"MerchantsRug":1,"hubris:MobiusCoin":21,"aspiration:Nostalgia":0,"ReplayTheSpireMod:CursedCoin":1,"vexMod:ScavengeHelm":21,"hubris:FruitBowl":21,"Dota2Spire:Bloodstone":11,"Pen Nib":21,"Dota2Spire:HeartOfTarrasque":15,"potionbrewer:ToyAutogyro":21,"Question Card":1,"potionbrewer:Torch":21,"Simple Rune":21,"Molten Egg 2":21,"hubris:TenFootPole":24,"GodSword6":30,"Dota2Spire:Desolator":6,"hubris:Reverence":26,"Dota2Spire:EchoSabre":21,"DaveBox":0,"Prayer Beads":21,"trackpad:PetRock":21,"hubris:SlimyHat":21,"hubris:RunicObelisk":20,"hubris:EmptyBottle":30,"vexMod:Spyglass":21,"Burning Blood":0,"hubris:EvacipatedBox":21,"Civilization":21,"trackpad:RapidFire":13,"Red Skull":25,"hubris:KleinBottle":21,"Potion Belt":21,"StuffTheSpire:Expresso":31,"Thread and Needle":21,"PreservedInsect":7,"Orichalcum":21,"vexMod:BarristanHead":21,"Another Sword":21,"Snack Pack":9,"DemoMod:Bottle":21,"DDmod:BarbedSlagRelic":22,"REME_ComplimentaryCards":0,"infinitespire:Midas Blood":16},{"MadScienceMod:FuelTank":0,"trackpad:IceCube":75,"Spirit Poop":68,"DemoMod:GlassGuonStoneRelic":4,"Whetstone":4,"vexMod:InvisibilityCloak":70,"infinitespire:ShieldingShard":75,"vexMod:CardConverter":75,"DemoMod:MonsterBlood":14,"DemoMod:Metronome":64,"Dota2Spire:Mjollnir":75,"REME_ArchaeologicalTools":75,"ImportantClient":46,"DianDianMeat":0,"MerchantsRug":4,"hubris:MobiusCoin":75,"aspiration:Nostalgia":0,"ReplayTheSpireMod:CursedCoin":4,"vexMod:ScavengeHelm":75,"hubris:FruitBowl":75,"Dota2Spire:Bloodstone":46,"Pen Nib":75,"Dota2Spire:HeartOfTarrasque":60,"potionbrewer:ToyAutogyro":75,"Question Card":4,"potionbrewer:Torch":75,"Simple Rune":75,"Molten Egg 2":75,"hubris:TenFootPole":78,"GodSword6":84,"Dota2Spire:Desolator":25,"hubris:Reverence":80,"Dota2Spire:EchoSabre":75,"DaveBox":0,"Prayer Beads":75,"trackpad:PetRock":75,"hubris:SlimyHat":75,"hubris:RunicObelisk":73,"hubris:EmptyBottle":84,"vexMod:Spyglass":75,"Burning Blood":0,"hubris:EvacipatedBox":75,"Civilization":75,"trackpad:RapidFire":54,"Red Skull":79,"hubris:KleinBottle":75,"Potion Belt":75,"StuffTheSpire:Expresso":85,"Thread and Needle":75,"PreservedInsect":32,"Orichalcum":75,"vexMod:BarristanHead":75,"Another Sword":75,"Snack Pack":37,"DemoMod:Bottle":75,"DDmod:BarbedSlagRelic":76,"REME_ComplimentaryCards":0,"infinitespire:Midas Blood":64}],"Burning Blood":192},"card_choices":[{"not_picked":["Havoc","DDmod:BurningFumesPowerCard"],"picked":"DDmod:UnstoppableAttack","floor":1.0},{"not_picked":["Power Through","Carnage","Flex"],"picked":"Anger","floor":4.0},{"not_picked":["REME_SingleHolding","DDmod:UnstoppableAttack","REME_FearOfPain"],"picked":"Anger","floor":5},{"not_picked":["Dropkick","Seeing Red","Second Wind"],"picked":"DDmod:SpikedSkill","floor":6},{"not_picked":["Clothesline","Entrench","Pommel Strike"],"picked":"Pummel","floor":7},{"not_picked":["hubris:SharpeningStone","Rampage","Pommel Strike"],"picked":"Thunderclap","floor":8},{"not_picked":["StuffTheSpire:Incineration","DDmod:SpikeMailSkill","Infernal Blade"],"picked":"DDmod:SpikedSkill","floor":9},{"not_picked":["jedi:bloodyhammer","DDmod:UnstoppableAttack","DDmod:PokeAttack"],"picked":"ReplayTheSpireMod:Strike From Hell","floor":11},{"not_picked":["jedi:collectorstrike","Fire Breathing","Pommel Strike"],"picked":"Perfected Strike","floor":12},{"not_picked":["Shrug It Off","ReplayTheSpireMod:Muscle Training","Replay:Undeath\u0027s Touch"],"picked":"MostiFishMod:FlyOverUtopia","floor":14},{"not_picked":["MostiFishMod:NewArrival","REME_Fury","MostiFishMod:#F4004"],"picked":"DDmod:PlatedThornsSkill","floor":16},{"not_picked":["Armaments","Hemokinesis","Iron Wave"],"picked":"Thunderclap","floor":18},{"not_picked":["Flex","Heavy Blade+1","Bloodletting"],"picked":"Carnage","floor":20},{"not_picked":["StuffTheSpire:Slingshot","Power Through","Warcry+1"],"picked":"Rampage","floor":21},{"not_picked":["Clothesline","Entrench+1","Sentinel+1"],"picked":"Twin Strike+1","floor":23},{"not_picked":["Infernal Blade","StuffTheSpire:Incineration","Flex"],"picked":"MostiFishMod:RacingGame","floor":25},{"not_picked":["ReplayTheSpireMod:Muscle Training+1","REME_Cut","Abandon"],"picked":"DDmod:SpikedSkill+1","floor":27},{"not_picked":["StuffTheSpire:Incineration","Spot Weakness","jedi:fear+1"],"picked":"Cleave","floor":28},{"not_picked":["DDmod:CallousedSkill","Clothesline","ReplayTheSpireMod:Corrosion Curse"],"picked":"jedi:hate","floor":31},{"not_picked":["Replay:Many Hands","REME_TheLastStrike","Eclipse"],"picked":"MostiFishMod:HellRitual","floor":33},{"not_picked":["Bloodletting","StuffTheSpire:RockThrow+1","Shrug It Off+1"],"picked":"DDmod:PokeAttack","floor":35},{"not_picked":["hubris:Rewind","ReplayTheSpireMod:??????????????????????"],"picked":"Replay:Fractal Strike","floor":36},{"not_picked":["Warcry+1","DDmod:CallousedSkill","Heavy Blade+1"],"picked":"ReplayTheSpireMod:Strike From Hell+1","floor":37},{"not_picked":["Twin Strike+1","MostiFishMod:BrandingRite+1","Disarm"],"picked":"MostiFishMod:HellRitual","floor":39},{"not_picked":["Pommel Strike+1","DDmod:EasePowerCard+1","Iron Wave+1"],"picked":"Infernal Blade","floor":40},{"not_picked":["Dark Embrace","Shockwave+1","DDmod:EasePowerCard+1"],"picked":"Combust+1","floor":42},{"not_picked":["Offering","Uppercut+1","StuffTheSpire:BloodClot+1"],"picked":"Dropkick+1","floor":44},{"not_picked":["jedi:hate+1","StuffTheSpire:Slingshot+1","jedi:collectorstrike+1"],"picked":"DDmod:RapidStrikeAttack+1","floor":45},{"not_picked":["Shrug It Off+1","StuffTheSpire:Incineration+1","Whirlwind+1"],"picked":"Pummel+1","floor":46},{"not_picked":["MostiFishMod:404NotFound","MostiFishMod:RacingGame","MostiFishMod:#F4004"],"picked":"MostiFishMod:PerfectStrikeMKII","floor":47},{"not_picked":["Reckless Charge","DDmod:BurningFumesPowerCard","jedi:MakeshiftSword"],"picked":"jedi:controlledanger","floor":47},{"not_picked":["StuffTheSpire:RagingBull+1","Rampage+1","Run Through+1"],"picked":"Twin Strike+1","floor":48},{"not_picked":["DDmod:BurningFumesPowerCard+1","StuffTheSpire:RockThrow+1","Cleave+1"],"picked":"Perfected Strike+1","floor":54}],"player_experience":606310,"relics_obtained":[{"floor":1.0,"key":"Question Card"},{"floor":6,"key":"DemoMod:MonsterBlood"},{"floor":8,"key":"Dota2Spire:Desolator"},{"floor":9,"key":"PreservedInsect"},{"floor":16,"key":"ImportantClient"},{"floor":20,"key":"trackpad:RapidFire"},{"floor":23,"key":"Dota2Spire:HeartOfTarrasque"},{"floor":25,"key":"infinitespire:Midas Blood"},{"floor":26,"key":"DemoMod:Metronome"},{"floor":31,"key":"vexMod:InvisibilityCloak"},{"floor":40,"key":"hubris:TenFootPole"},{"floor":42,"key":"Red Skull"},{"floor":44,"key":"hubris:Reverence"},{"floor":54,"key":"StuffTheSpire:Expresso"}],"event_choices":[{"damage_healed":0.0,"max_hp_gain":0.0,"max_hp_loss":0.0,"gold_gain":0.0,"event_name":"The Woman in Blue","player_choice":"Bought 0 Potions","floor":3.0,"gold_loss":0.0,"damage_taken":0.0},{"damage_healed":0,"gold_gain":0,"player_choice":"Ignored","damage_taken":0,"max_hp_gain":0,"max_hp_loss":0,"event_name":"Transmorgrifier","floor":10,"gold_loss":0},{"damage_healed":0,"gold_gain":0,"player_choice":"1","damage_taken":0,"max_hp_gain":0,"max_hp_loss":0,"event_name":"betterMatch:BetterMatch","floor":47,"gold_loss":0,"cards_obtained":["betterMatch:RareCard","betterMatch:UncommonCard"]}],"is_beta":false,"boss_relics":[{"not_picked":["aspiration:RunicSpoon","energizedSpire:DecayingSkull"],"picked":"Dota2Spire:Bloodstone"},{"not_picked":["Empty Cage","halation:LoveArrow"],"picked":"hubris:RunicObelisk"}],"items_purged_floors":[],"is_endless":false,"potions_floor_spawned":[7,8,12,16,21,23,27,33,37,39,40,42,46,48,54],"ascension_level":9}}