{"host":"ci7ivtocgfxh0ueo","time":1607490757,"event":{"gold_per_floor":[117,117,132,24,42,42,76,103,103,103,103,116,128,139,139,216,216,231,246,246,246,96,96,108,108,108,124,124,150,167,4,4,4,4],"floor_reached":33,"playtime":653,"items_purged":[],"score":481,"play_id":"6d9f7d9c-4bb9-4566-aac1-6d20b396ac8c","local_time":"20201209131237","is_ascension_mode":true,"campfire_choices":[{"data":"Inflame","floor":6,"key":"SMITH"},{"data":"Pummel","floor":10,"key":"SMITH"},{"floor":15,"key":"REST"},{"data":"Seeing Red","floor":23,"key":"SMITH"},{"data":"Immolate","floor":25,"key":"SMITH"},{"floor":28,"key":"REST"},{"floor":32,"key":"REST"}],"neow_cost":"NONE","seed_source_timestamp":66168670462500,"circlet_count":0,"master_deck":["AscendersBane","Strike_R","Strike_R","Strike_R","Strike_R","Strike_R","Defend_R","Defend_R","Defend_R+1","Defend_R+1","Bash","Pommel Strike","Iron Wave","Inflame+1","Pummel+1","Cleave","Seeing Red+1","Thunderclap","Clash","Immolate+1","Dropkick","Cleave+1","Rage","Warcry","Fire Breathing+1"],"relics":["Burning Blood","NeowsBlessing","Du-Vu Doll","Odd Mushroom","Self Forming Clay","Black Star","Potion Belt","Red Skull","Darkstone Periapt","HornCleat","Oddly Smooth Stone"],"potions_floor_usage":[7,7,7,8,14,16,16,16,24,27,29],"damage_taken":[{"damage":0,"enemies":"Small Slimes","floor":1,"turns":1},{"damage":0,"enemies":"2 Louse","floor":3,"turns":1},{"damage":0,"enemies":"Jaw Worm","floor":5,"turns":1},{"damage":15,"enemies":"3 Sentries","floor":7,"turns":8},{"damage":30,"enemies":"The Mushroom Lair","floor":8,"turns":3},{"damage":8,"enemies":"Blue Slaver","floor":12,"turns":3},{"damage":0,"enemies":"Lots of Slimes","floor":13,"turns":1},{"damage":10,"enemies":"Gremlin Gang","floor":14,"turns":4},{"damage":43,"enemies":"Hexaghost","floor":16,"turns":9},{"damage":11,"enemies":"Spheric Guardian","floor":18,"turns":3},{"damage":12,"enemies":"3 Byrds","floor":19,"turns":4},{"damage":20,"enemies":"Snecko","floor":24,"turns":4},{"damage":24,"enemies":"Snake Plant","floor":27,"turns":2},{"damage":41,"enemies":"Book of Stabbing","floor":29,"turns":4},{"damage":7,"enemies":"Cultist and Chosen","floor":30,"turns":3},{"damage":36,"enemies":"Collector","floor":33,"turns":6}],"seed_played":"-4059077084348146045","potions_obtained":[{"floor":3,"key":"Energy Potion"},{"floor":13,"key":"DuplicationPotion"},{"floor":14,"key":"EntropicBrew"},{"floor":19,"key":"AttackPotion"},{"floor":24,"key":"Strength Potion"},{"floor":27,"key":"Strength Potion"}],"is_trial":false,"path_per_floor":["M","?","M","$","M","R","E","?","T","R","?","M","M","M","R","B",null,"M","M","?","?","?","R","M","R","T","M","R","E","M","$","R","B"],"character_chosen":"IRONCLAD","items_purchased":["EntropicBrew","Oddly Smooth Stone"],"campfire_rested":3,"item_purchase_floors":[4,31],"current_hp_per_floor":[74,79,80,80,80,80,71,47,47,47,23,21,27,23,47,26,67,62,56,56,56,56,56,42,42,42,24,48,13,12,12,36,0,0],"gold":4,"neow_bonus":"THREE_ENEMY_KILL","is_prod":false,"is_daily":false,"chose_seed":false,"campfire_upgraded":4,"win_rate":0,"timestamp":1607490757,"path_taken":["M","?","M","$","M","R","E","?","T","R","?","M","M","M","R","BOSS","M","M","?","?","?","R","M","R","T","?","R","E","M","$","R","BOSS"],"build_version":"2020-11-30","purchased_purges":0,"victory":false,"max_hp_per_floor":[75,80,80,80,80,80,80,80,80,80,80,80,80,80,80,80,80,80,80,80,80,80,80,80,80,80,80,80,80,80,80,80,80,80],"card_choices":[{"not_picked":["Shrug It Off","Entrench"],"picked":"Pommel Strike","floor":1},{"not_picked":["Shrug It Off","Headbutt"],"picked":"Iron Wave","floor":3},{"not_picked":["Wild Strike","Second Wind"],"picked":"Inflame","floor":5},{"not_picked":["Rage","Sword Boomerang"],"picked":"Pummel","floor":7},{"not_picked":["Body Slam","Pommel Strike"],"picked":"Cleave","floor":8},{"not_picked":["Iron Wave","Dual Wield"],"picked":"Seeing Red","floor":12},{"not_picked":["Sentinel","Sword Boomerang"],"picked":"Thunderclap","floor":13},{"not_picked":["Rage","Headbutt"],"picked":"Clash","floor":14},{"not_picked":["Limit Break","Berserk"],"picked":"Immolate","floor":16},{"not_picked":["Twin Strike","Intimidate"],"picked":"Dropkick","floor":18},{"not_picked":["Clash","Warcry"],"picked":"Cleave+1","floor":19},{"not_picked":["Sentinel","Twin Strike"],"picked":"Rage","floor":24},{"not_picked":["True Grit","Headbutt"],"picked":"Warcry","floor":27},{"not_picked":["Wild Strike","Reckless Charge"],"picked":"Fire Breathing+1","floor":29},{"not_picked":["Havoc","Fire Breathing","Sword Boomerang"],"picked":"SKIP","floor":30}],"player_experience":1229251,"relics_obtained":[{"floor":7,"key":"Du-Vu Doll"},{"floor":8,"key":"Odd Mushroom"},{"floor":9,"key":"Self Forming Clay"},{"floor":26,"key":"Red Skull"},{"floor":29,"key":"Darkstone Periapt"},{"floor":29,"key":"HornCleat"}],"event_choices":[{"damage_healed":0,"gold_gain":0,"player_choice":"Donut","damage_taken":0,"max_hp_gain":5,"max_hp_loss":0,"event_name":"Big Fish","floor":2,"gold_loss":0},{"damage_healed":0,"gold_gain":0,"player_choice":"Fought Mushrooms","damage_taken":0,"max_hp_gain":0,"max_hp_loss":0,"event_name":"Mushrooms","floor":8,"gold_loss":0},{"damage_healed":0,"gold_gain":0,"player_choice":"Entered Light","damage_taken":24,"max_hp_gain":0,"max_hp_loss":0,"event_name":"Shining Light","floor":11,"gold_loss":0,"cards_upgraded":["Defend_R","Defend_R"]},{"damage_healed":0,"gold_gain":0,"player_choice":"Ignored","damage_taken":0,"max_hp_gain":0,"max_hp_loss":0,"event_name":"Vampires","floor":20,"gold_loss":0},{"damage_healed":0,"gold_gain":0,"player_choice":"Ignored","damage_taken":0,"max_hp_gain":0,"max_hp_loss":0,"event_name":"Cursed Tome","floor":21,"gold_loss":0},{"damage_healed":0,"gold_gain":0,"player_choice":"Paid Gold","damage_taken":0,"relics_obtained":["Potion Belt"],"max_hp_gain":0,"max_hp_loss":0,"event_name":"WeMeetAgain","floor":22,"gold_loss":150}],"is_beta":false,"boss_relics":[{"not_picked":["Fusion Hammer","Philosopher\u0027s Stone"],"picked":"Black Star"}],"items_purged_floors":[],"is_endless":false,"potions_floor_spawned":[3,5,13,14,19,24,27],"killed_by":"Collector","ascension_level":16}}