{"host":"q188imdhklivpe51","time":1607538811,"event":{"gold_per_floor":[112,123,135,151,226,226,82,82,107,122,132,190,202,217,217,317,317,327,153,153,68,87,121,121,121,144,144,154,154,164,178,178,283,283,293,310,320,270,280,280,310,310,310,310,321,371,371,416,416,416,416,416,46,74,74,74],"floor_reached":55,"playtime":2177,"items_purged":["Zap","Strike_B","Defend_B"],"score":711,"play_id":"ca03b582-ff2c-4c57-b785-26c85b543f40","local_time":"20201209193331","is_ascension_mode":false,"campfire_choices":[{"floor":6.0,"key":"REST"},{"floor":15.0,"key":"REST"},{"floor":24.0,"key":"RECALL"},{"data":"Sunder","floor":29.0,"key":"SMITH"},{"data":"All For One","floor":32.0,"key":"SMITH"},{"data":"Steam","floor":40.0,"key":"SMITH"},{"floor":42.0,"key":"REST"},{"floor":47.0,"key":"REST"},{"data":"Skim","floor":49.0,"key":"SMITH"},{"data":"Defend_B","floor":52.0,"key":"SMITH"}],"neow_cost":"PERCENT_DAMAGE","seed_source_timestamp":332163271158500,"circlet_count":0,"master_deck":["Defend_B+1","Defend_B","Gash","Skim+1","Gash","Sunder+1","Self Repair+1","Steam+1","Go for the Eyes","Gash","All For One+1","Gash","Go for the Eyes","Melter"],"special_seed":0,"relics":["Cracked Core","Bag of Preparation","Empty Cage","Anchor","Meat on the Bone","Matryoshka","Smiling Mask","Busted Crown","Happy Flower","Pen Nib","PreservedInsect","Ice Cream","Turnip","Lantern","Lee\u0027s Waffle","Shuriken"],"potions_floor_usage":[55],"damage_taken":[{"damage":1.0,"enemies":"Cultist","floor":1.0,"turns":3.0},{"damage":11.0,"enemies":"Jaw Worm","floor":2.0,"turns":3.0},{"damage":7.0,"enemies":"Small Slimes","floor":3.0,"turns":3.0},{"damage":4.0,"enemies":"Blue Slaver","floor":4.0,"turns":3.0},{"damage":13.0,"enemies":"Lots of Slimes","floor":10.0,"turns":4.0},{"damage":32.0,"enemies":"Exordium Thugs","floor":11.0,"turns":7.0},{"damage":0.0,"enemies":"Looter","floor":13.0,"turns":3.0},{"damage":5.0,"enemies":"3 Louse","floor":14.0,"turns":3.0},{"damage":21.0,"enemies":"Slime Boss","floor":16.0,"turns":8.0},{"damage":4.0,"enemies":"2 Thieves","floor":18.0,"turns":2.0},{"damage":2.0,"enemies":"3 Byrds","floor":22.0,"turns":3.0},{"damage":11.0,"enemies":"Book of Stabbing","floor":23.0,"turns":4.0},{"damage":25.0,"enemies":"Sentry and Sphere","floor":28.0,"turns":4.0},{"damage":18.0,"enemies":"Snecko","floor":30.0,"turns":5.0},{"damage":4.0,"enemies":"Centurion and Healer","floor":31.0,"turns":3.0},{"damage":47.0,"enemies":"Collector","floor":33.0,"turns":7.0},{"damage":0.0,"enemies":"Orb Walker","floor":35.0,"turns":2.0},{"damage":5.0,"enemies":"3 Darklings","floor":36.0,"turns":4.0},{"damage":7.0,"enemies":"Writhing Mass","floor":37.0,"turns":4.0},{"damage":8.0,"enemies":"Sphere and 2 Shapes","floor":39.0,"turns":3.0},{"damage":66.0,"enemies":"Nemesis","floor":41.0,"turns":7.0},{"damage":5.0,"enemies":"Spire Growth","floor":45.0,"turns":3.0},{"damage":24.0,"enemies":"Mind Bloom Boss Battle","floor":46.0,"turns":5.0},{"damage":0.0,"enemies":"2 Orb Walkers","floor":48.0,"turns":2.0},{"damage":60.0,"enemies":"Time Eater","floor":50.0,"turns":7.0},{"damage":0.0,"enemies":"Shield and Spear","floor":54.0,"turns":2.0},{"damage":82,"enemies":"The Heart","floor":55,"turns":4}],"seed_played":"7191817426701590493","potions_obtained":[{"floor":3.0,"key":"Swift Potion"},{"floor":13.0,"key":"Weak Potion"},{"floor":14.0,"key":"Block Potion"},{"floor":16.0,"key":"LiquidMemories"},{"floor":18.0,"key":"ColorlessPotion"},{"floor":22.0,"key":"Regen Potion"},{"floor":41.0,"key":"ColorlessPotion"},{"floor":46.0,"key":"ColorlessPotion"},{"floor":54.0,"key":"SkillPotion"}],"is_trial":false,"path_per_floor":["M","M","M","M","?","R","$","?","T","M","M","?","M","M","R","B",null,"M","$","?","?","M","E","R","$","T","?","M","R","M","M","R","B",null,"M","M","M","$","M","R","E","R","T","?","M","?","R","?","R","B",null,"R","$","E","B"],"character_chosen":"DEFECT","items_purchased":["Self Repair","Gash","Go for the Eyes","Melter","Lantern","Lee\u0027s Waffle"],"campfire_rested":4,"item_purchase_floors":[7,19,19,53,53,53],"current_hp_per_floor":[53,42,35,31,20,42,42,42,42,39,17,17,27,32,54,43,75,75,75,75,75,75,74,74,74,74,74,59,59,60,66,66,41,75,75,75,75,75,75,75,31,53,53,53,58,56,75,75,75,27,75,75,82,82,0,0],"gold":74,"neow_bonus":"REMOVE_TWO","is_prod":false,"is_daily":false,"chose_seed":false,"campfire_upgraded":5,"win_rate":0,"timestamp":1607538811,"path_taken":["M","M","M","M","?","R","$","?","T","M","M","?","?","M","R","BOSS","M","?","?","?","M","E","R","$","T","?","M","R","M","?","R","BOSS","M","M","M","$","M","R","E","R","T","?","M","?","R","?","R","BOSS","R","$","E","BOSS"],"build_version":"2020-11-30","purchased_purges":3,"victory":false,"max_hp_per_floor":[75,75,75,75,75,75,75,75,75,75,75,75,75,75,75,75,75,75,75,75,75,75,75,75,75,75,75,75,75,75,75,75,75,75,75,75,75,75,75,75,75,75,75,75,75,75,75,75,75,75,75,75,82,82,82,82],"card_choices":[{"not_picked":["Double Energy","Storm"],"picked":"Gash","floor":1.0},{"not_picked":["Turbo","Capacitor"],"picked":"Skim","floor":2.0},{"not_picked":["Recycle","Cold Snap"],"picked":"Gash","floor":3.0},{"not_picked":["Heatsinks","Blizzard"],"picked":"Sunder","floor":4.0},{"not_picked":["Ball Lightning","Undo"],"picked":"Steam","floor":10.0},{"not_picked":["White Noise","Undo"],"picked":"Go for the Eyes","floor":11.0},{"not_picked":["Ball Lightning","Stack","Streamline"],"picked":"SKIP","floor":13.0},{"not_picked":["Streamline","Cold Snap"],"picked":"Gash","floor":14.0},{"not_picked":["Meteor Strike","Buffer"],"picked":"All For One","floor":16.0},{"not_picked":["Compile Driver+1","Conserve Battery","Beam Cell"],"picked":"SKIP","floor":18.0},{"not_picked":["Barrage","Undo","Fusion"],"picked":"SKIP","floor":22.0},{"not_picked":["Redo","Core Surge","Coolheaded"],"picked":"SKIP","floor":23.0},{"not_picked":["Skim","Ball Lightning+1","Leap+1"],"picked":"SKIP","floor":28.0},{"not_picked":["Scrape","Beam Cell","Reprogram+1"],"picked":"SKIP","floor":30.0},{"not_picked":["Compile Driver","Self Repair","Force Field+1"],"picked":"SKIP","floor":31.0},{"not_picked":["Recycle"],"picked":"SKIP","floor":35.0},{"not_picked":["Coolheaded"],"picked":"SKIP","floor":36.0},{"not_picked":["Redo+1"],"picked":"SKIP","floor":37.0},{"not_picked":["Loop+1"],"picked":"SKIP","floor":39.0},{"not_picked":["Ball Lightning+1"],"picked":"SKIP","floor":41.0},{"not_picked":["Leap"],"picked":"SKIP","floor":45.0},{"not_picked":["All For One"],"picked":"SKIP","floor":54.0}],"player_experience":132039,"relics_obtained":[{"floor":9.0,"key":"Bag of Preparation"},{"floor":23.0,"key":"Matryoshka"},{"floor":26.0,"key":"Smiling Mask"},{"floor":41.0,"key":"Happy Flower"},{"floor":43.0,"key":"Pen Nib"},{"floor":43.0,"key":"PreservedInsect"},{"floor":46.0,"key":"Ice Cream"},{"floor":48.0,"key":"Turnip"},{"floor":54.0,"key":"Shuriken"}],"event_choices":[{"damage_healed":0.0,"max_hp_gain":0.0,"max_hp_loss":0.0,"gold_gain":75.0,"event_name":"World of Goop","player_choice":"Gather Gold","floor":5.0,"gold_loss":0.0,"damage_taken":11.0},{"damage_healed":0.0,"max_hp_gain":0.0,"max_hp_loss":0.0,"gold_gain":0.0,"event_name":"Living Wall","player_choice":"Grow","floor":8.0,"gold_loss":0.0,"damage_taken":0.0,"cards_upgraded":["Self Repair"]},{"damage_healed":0.0,"max_hp_gain":0.0,"max_hp_loss":0.0,"gold_gain":58.0,"event_name":"Golden Wing","player_choice":"Gained Gold","floor":12.0,"gold_loss":0.0,"damage_taken":0.0},{"damage_healed":0.0,"max_hp_gain":0.0,"max_hp_loss":0.0,"gold_gain":0.0,"event_name":"The Mausoleum","player_choice":"Opened","floor":20.0,"gold_loss":0.0,"damage_taken":0.0,"relics_obtained":["Anchor"]},{"damage_healed":0.0,"max_hp_gain":0.0,"max_hp_loss":0.0,"gold_gain":0.0,"event_name":"Addict","player_choice":"Obtained Relic","floor":21.0,"gold_loss":85.0,"damage_taken":0.0,"relics_obtained":["Meat on the Bone"]},{"damage_healed":0.0,"max_hp_gain":0.0,"max_hp_loss":0.0,"gold_gain":0.0,"event_name":"The Woman in Blue","player_choice":"Bought 0 Potions","floor":27.0,"gold_loss":0.0,"damage_taken":0.0},{"cards_removed":["Strike_B"],"damage_healed":0.0,"max_hp_gain":0.0,"max_hp_loss":0.0,"gold_gain":0.0,"event_name":"Falling","player_choice":"Removed Attack","floor":44.0,"gold_loss":0.0,"damage_taken":0.0},{"damage_healed":0.0,"max_hp_gain":0.0,"max_hp_loss":0.0,"gold_gain":0.0,"event_name":"MindBloom","player_choice":"Fight","floor":46.0,"gold_loss":0.0,"damage_taken":0.0},{"damage_healed":0.0,"max_hp_gain":0.0,"max_hp_loss":0.0,"gold_gain":0.0,"event_name":"Mysterious Sphere","player_choice":"Fight","floor":48.0,"gold_loss":0.0,"damage_taken":0.0}],"is_beta":false,"boss_relics":[{"not_picked":["Inserter","Velvet Choker"],"picked":"Empty Cage"},{"not_picked":["Sozu","Snecko Eye"],"picked":"Busted Crown"}],"items_purged_floors":[7,19,38],"is_endless":false,"potions_floor_spawned":[3,10,13,14,16,18,22,41,46,54],"killed_by":"The Heart","ascension_level":0}}