{"host":"htpechobqgpaugnv","time":1607509923,"event":{"gold_per_floor":[116,116,116,7,19,48,48,80,80,107,123,154,94,94,94,168,168,188,188,199,218,218,218,244,244,244,134,134,146,146,162,162,239,239,254,254,279,294,86,86,86,121,121,121,146,146,180,180,180,180,180,180,180,66,93,93,93],"floor_reached":56,"playtime":1793,"items_purged":["Strike_P","Strike_P+1","Conclude+1"],"score":2145,"play_id":"280e7e66-f4bf-4299-bdb1-5cd710b37741","local_time":"20201209043203","is_ascension_mode":true,"campfire_choices":[{"data":"PathToVictory","floor":7.0,"key":"SMITH"},{"data":"Eruption","floor":15.0,"key":"SMITH"},{"data":"PathToVictory","floor":23.0,"key":"SMITH"},{"data":"ThirdEye","floor":25.0,"key":"SMITH"},{"data":"EmptyMind","floor":28.0,"key":"SMITH"},{"floor":30.0,"key":"REST"},{"data":"Conclude","floor":32.0,"key":"SMITH"},{"floor":40.0,"key":"RECALL"},{"data":"Injury","floor":44.0,"key":"PURGE"},{"data":"Defend_P","floor":46.0,"key":"PURGE"},{"data":"Vault","floor":49.0,"key":"SMITH"},{"data":"LessonLearned+1","floor":53.0,"key":"PURGE"}],"neow_cost":"NONE","seed_source_timestamp":88288791758000,"circlet_count":0,"master_deck":["AscendersBane","Defend_P+1","Defend_P+1","Defend_P+1","Eruption+1","Vigilance+1","PathToVictory+1","PathToVictory+1","EmptyMind+1","Vault+1","ThirdEye+1","PathToVictory+1","EmptyBody+1","DeceiveReality+1","Vault+1","PathToVictory+1","PathToVictory+1","Meditate+1","Vault+1","Dark Shackles+1","PathToVictory+1"],"special_seed":0,"relics":["PureWater","NeowsBlessing","Bird Faced Urn","The Courier","Mummified Hand","White Beast Statue","Cursed Key","Smiling Mask","Toxic Egg 2","SacredBark","Peace Pipe","Lee\u0027s Waffle","Juzu Bracelet","Pen Nib","Meat on the Bone","Akabeko"],"potions_floor_usage":[55,56],"damage_taken":[{"damage":0.0,"enemies":"Jaw Worm","floor":1.0,"turns":1.0},{"damage":0.0,"enemies":"2 Louse","floor":5.0,"turns":1.0},{"damage":0.0,"enemies":"Lagavulin","floor":6.0,"turns":1.0},{"damage":16.0,"enemies":"Gremlin Nob","floor":8.0,"turns":3.0},{"damage":12.0,"enemies":"Lagavulin","floor":10.0,"turns":5.0},{"damage":0.0,"enemies":"Cultist","floor":11.0,"turns":4.0},{"damage":12.0,"enemies":"3 Sentries","floor":12.0,"turns":4.0},{"damage":0.0,"enemies":"Gremlin Nob","floor":14.0,"turns":2.0},{"damage":19.0,"enemies":"Hexaghost","floor":16.0,"turns":7.0},{"damage":0.0,"enemies":"3 Byrds","floor":18.0,"turns":3.0},{"damage":0.0,"enemies":"Spheric Guardian","floor":20.0,"turns":1.0},{"damage":22.0,"enemies":"Snake Plant","floor":21.0,"turns":3.0},{"damage":15.0,"enemies":"Gremlin Leader","floor":24.0,"turns":4.0},{"damage":10.0,"enemies":"Centurion and Healer","floor":29.0,"turns":5.0},{"damage":0.0,"enemies":"Snecko","floor":31.0,"turns":3.0},{"damage":19.0,"enemies":"Collector","floor":33.0,"turns":7.0},{"damage":0.0,"enemies":"Orb Walker","floor":35.0,"turns":5.0},{"damage":0.0,"enemies":"Mind Bloom Boss Battle","floor":37.0,"turns":7.0},{"damage":8.0,"enemies":"3 Darklings","floor":38.0,"turns":5.0},{"damage":0.0,"enemies":"Reptomancer","floor":42.0,"turns":4.0},{"damage":20.0,"enemies":"Nemesis","floor":45.0,"turns":5.0},{"damage":0.0,"enemies":"Reptomancer","floor":47.0,"turns":4.0},{"damage":5.0,"enemies":"Time Eater","floor":50.0,"turns":6.0},{"damage":43.0,"enemies":"Awakened One","floor":51.0,"turns":14.0},{"damage":50,"enemies":"Shield and Spear","floor":55,"turns":10},{"damage":71,"enemies":"The Heart","floor":56,"turns":6}],"seed_played":"-1131522715945147798","potions_obtained":[{"floor":8.0,"key":"AttackPotion"},{"floor":10.0,"key":"SmokeBomb"},{"floor":12.0,"key":"CultistPotion"},{"floor":16.0,"key":"Swift Potion"},{"floor":18.0,"key":"DuplicationPotion"},{"floor":20.0,"key":"StancePotion"},{"floor":24.0,"key":"SteroidPotion"},{"floor":29.0,"key":"BottledMiracle"},{"floor":47.0,"key":"Fire Potion"},{"floor":55,"key":"LiquidBronze"}],"is_trial":false,"path_per_floor":["M","?","?","$","M","E","R","E","T","E","M","E","$","E","R","B",null,"M","?","M","M","?","R","E","R","T","?","R","M","R","M","R","B",null,"M","?","?","M","$","R","?","E","T","R","E","R","E","?","R","B","B",null,"R","$","E","B"],"character_chosen":"WATCHER","items_purchased":["PathToVictory","Explosive Potion","PathToVictory+1","Lee\u0027s Waffle","Regen Potion"],"campfire_rested":1,"item_purchase_floors":[4,4,39,39,54],"current_hp_per_floor":[61,61,61,61,61,61,61,45,45,33,33,21,21,21,21,2,52,52,52,52,30,30,30,15,15,15,15,15,5,25,25,25,6,53,53,53,53,45,75,75,75,75,75,75,55,55,55,55,55,50,19,61,61,61,45,0,0],"gold":93,"neow_bonus":"THREE_ENEMY_KILL","is_prod":false,"is_daily":false,"chose_seed":false,"campfire_upgraded":7,"win_rate":0,"timestamp":1607509923,"path_taken":["M","?","?","$","M","E","R","E","T","E","M","E","?","E","R","BOSS","M","?","M","?","?","R","E","R","T","?","R","M","R","?","R","BOSS","M","?","?","M","$","R","?","E","T","R","E","R","E","?","R","BOSS","BOSS","R","$","E","BOSS"],"build_version":"2020-11-30","purchased_purges":3,"victory":false,"max_hp_per_floor":[68,68,68,68,68,68,68,68,68,68,68,68,68,68,68,68,68,68,68,68,68,68,68,68,68,68,68,68,68,68,68,68,68,68,68,68,68,68,75,75,75,75,75,75,75,75,75,75,75,75,75,75,75,75,75,75,75],"relic_stats":{"Peace Pipe":3,"Lee\u0027s Waffle":30,"counters":[26,120],"Mummified Hand":[0],"Bird Faced Urn":[0],"Pen Nib":[0],"Juzu Bracelet":1,"Cursed Key":2,"Smiling Mask":80,"obtain_stats":[{"Lee\u0027s Waffle":39,"NeowsBlessing":0,"SacredBark":34,"The Courier":9,"Pen Nib":45,"Juzu Bracelet":42,"Cursed Key":17,"Smiling Mask":24,"White Beast Statue":12,"Akabeko":55,"Peace Pipe":37,"Mummified Hand":10,"Bird Faced Urn":8,"PureWater":0,"Toxic Egg 2":26,"Meat on the Bone":47},{"Lee\u0027s Waffle":19,"NeowsBlessing":0,"SacredBark":16,"The Courier":4,"Pen Nib":21,"Juzu Bracelet":20,"Cursed Key":9,"Smiling Mask":13,"White Beast Statue":7,"Akabeko":25,"Peace Pipe":18,"Mummified Hand":5,"Bird Faced Urn":4,"PureWater":0,"Toxic Egg 2":13,"Meat on the Bone":22},{"Lee\u0027s Waffle":71,"NeowsBlessing":0,"SacredBark":54,"The Courier":6,"Pen Nib":80,"Juzu Bracelet":75,"Cursed Key":28,"Smiling Mask":39,"White Beast Statue":19,"Akabeko":114,"Peace Pipe":66,"Mummified Hand":11,"Bird Faced Urn":6,"PureWater":0,"Toxic Egg 2":39,"Meat on the Bone":84}],"Meat on the Bone":12},"card_choices":[{"not_picked":["Prostrate","CrushJoints"],"picked":"PathToVictory","floor":1.0},{"not_picked":["Protect","EmptyFist"],"picked":"Conclude","floor":5.0},{"not_picked":["Evaluate","ClearTheMind"],"picked":"LessonLearned","floor":6.0},{"not_picked":["Evaluate","MentalFortress","Consecrate"],"picked":"SKIP","floor":8.0},{"not_picked":["FlyingSleeves","ReachHeaven","JustLucky"],"picked":"SKIP","floor":10.0},{"not_picked":["Consecrate","EmptyBody","EmptyFist"],"picked":"SKIP","floor":11.0},{"not_picked":["Judgement","Crescendo"],"picked":"EmptyMind","floor":12.0},{"not_picked":["Ragnarok","MasterReality"],"picked":"Vault","floor":16.0},{"not_picked":["Consecrate","JustLucky","ThirdEye"],"picked":"SKIP","floor":18.0},{"not_picked":["BowlingBash","EmptyBody","CutThroughFate"],"picked":"SKIP","floor":20.0},{"not_picked":["ClearTheMind","EmptyFist"],"picked":"ThirdEye","floor":21.0},{"not_picked":["Evaluate","Crescendo","Consecrate"],"picked":"SKIP","floor":24.0},{"not_picked":["Blasphemy+1","WindmillStrike+1"],"picked":"EmptyBody+1","floor":29.0},{"not_picked":["EmptyBody+1","Conclude"],"picked":"DeceiveReality+1","floor":31.0},{"not_picked":["Devotion","Judgement+1"],"picked":"Vault+1","floor":33.0},{"not_picked":["BowlingBash","Conclude+1","CutThroughFate"],"picked":"SKIP","floor":35.0},{"not_picked":["JustLucky","Nirvana"],"picked":"PathToVictory+1","floor":38.0},{"not_picked":["FlurryOfBlows","Weave"],"picked":"Meditate+1","floor":42.0},{"not_picked":["ClearTheMind+1","Nirvana+1","CutThroughFate"],"picked":"SKIP","floor":45.0},{"not_picked":["FollowUp","Omniscience+1"],"picked":"Vault+1","floor":47.0},{"not_picked":["PanicButton+1","Finesse+1"],"picked":"Dark Shackles+1","floor":48.0},{"not_picked":["EmptyFist","ThirdEye+1"],"picked":"PathToVictory+1","floor":55}],"player_experience":1263647,"relics_obtained":[{"floor":8.0,"key":"Bird Faced Urn"},{"floor":9.0,"key":"The Courier"},{"floor":10.0,"key":"Mummified Hand"},{"floor":12.0,"key":"White Beast Statue"},{"floor":24.0,"key":"Smiling Mask"},{"floor":26.0,"key":"Toxic Egg 2"},{"floor":37.0,"key":"Peace Pipe"},{"floor":42.0,"key":"Juzu Bracelet"},{"floor":45.0,"key":"Pen Nib"},{"floor":47.0,"key":"Meat on the Bone"},{"floor":55,"key":"Akabeko"}],"event_choices":[{"cards_removed":["Strike_P"],"damage_healed":0.0,"max_hp_gain":0.0,"max_hp_loss":0.0,"gold_gain":0.0,"event_name":"Living Wall","player_choice":"Forget","floor":2.0,"gold_loss":0.0,"damage_taken":0.0},{"damage_healed":0.0,"max_hp_gain":0.0,"max_hp_loss":0.0,"gold_gain":0.0,"event_name":"WeMeetAgain","player_choice":"Ignored","floor":3.0,"gold_loss":0.0,"damage_taken":0.0},{"cards_removed":["Strike_P"],"damage_healed":0.0,"max_hp_gain":0.0,"max_hp_loss":0.0,"gold_gain":0.0,"event_name":"Bonfire Elementals","player_choice":"Offered Basic","floor":19.0,"gold_loss":0.0,"damage_taken":0.0},{"damage_healed":0.0,"max_hp_gain":0.0,"max_hp_loss":0.0,"gold_gain":0.0,"event_name":"The Library","player_choice":"Read","floor":22.0,"gold_loss":0.0,"damage_taken":0.0,"cards_obtained":["PathToVictory"]},{"cards_removed":["Clumsy"],"damage_healed":0.0,"max_hp_gain":0.0,"max_hp_loss":0.0,"gold_gain":0.0,"event_name":"Designer","player_choice":"Upgrade and Remove","floor":27.0,"gold_loss":110.0,"damage_taken":0.0,"cards_upgraded":["Vigilance"]},{"damage_healed":0.0,"max_hp_gain":0.0,"max_hp_loss":0.0,"gold_gain":0.0,"event_name":"Tomb of Lord Red Mask","player_choice":"Ignored","floor":36.0,"gold_loss":0.0,"damage_taken":0.0},{"damage_healed":0.0,"max_hp_gain":0.0,"max_hp_loss":0.0,"gold_gain":0.0,"event_name":"MindBloom","player_choice":"Fight","floor":37.0,"gold_loss":0.0,"damage_taken":0.0},{"damage_healed":0.0,"max_hp_gain":0.0,"max_hp_loss":0.0,"gold_gain":0.0,"event_name":"SecretPortal","player_choice":"Ignored","floor":41.0,"gold_loss":0.0,"damage_taken":0.0},{"damage_healed":0.0,"max_hp_gain":0.0,"max_hp_loss":0.0,"gold_gain":0.0,"event_name":"SensoryStone","player_choice":"Memory 1","floor":48.0,"gold_loss":0.0,"damage_taken":0.0}],"is_beta":false,"boss_relics":[{"not_picked":["Black Star","Velvet Choker"],"picked":"Cursed Key"},{"not_picked":["Tiny House","Coffee Dripper"],"picked":"SacredBark"}],"items_purged_floors":[13,39,54],"is_endless":false,"potions_floor_spawned":[8,10,12,14,16,18,20,21,24,29,31,33,35,37,38,42,45,47,55],"killed_by":"The Heart","ascension_level":20}}