{"host":"5jyeqch4fosnsiz2","time":1607533560,"event":{"gold_per_floor":[119,194,206,206,219,254,268,268,295,327,309,308,320,29,29,29,29],"floor_reached":16,"playtime":1016,"items_purged":["Strike_G"],"score":110,"play_id":"6ec486f2-9642-4c84-859f-372f41559201","local_time":"20201209120600","is_ascension_mode":false,"campfire_choices":[{"data":"Unload","floor":8,"key":"SMITH"},{"floor":15,"key":"REST"}],"neow_cost":"NONE","seed_source_timestamp":0,"circlet_count":0,"master_deck":["Strike_G","Strike_G","Strike_G","Defend_G","Defend_G","Defend_G","Defend_G","Survivor","Neutralize","Unload+1","Backflip","Dagger Throw","Outmaneuver","Burst","Leg Sweep","Concentrate","Dash"],"special_seed":0,"relics":["Ring of the Snake","Happy Flower","Strawberry","MawBank","TheAbacus"],"potions_floor_usage":[7,7,16,16],"damage_taken":[{"damage":0,"enemies":"Small Slimes","floor":1,"turns":3},{"damage":0,"enemies":"Jaw Worm","floor":3,"turns":3},{"damage":0,"enemies":"Cultist","floor":5,"turns":4},{"damage":14,"enemies":"3 Sentries","floor":6,"turns":10},{"damage":17,"enemies":"Gremlin Gang","floor":7,"turns":6},{"damage":27,"enemies":"Gremlin Nob","floor":10,"turns":4},{"damage":0,"enemies":"Looter","floor":11,"turns":4},{"damage":0,"enemies":"Exordium Thugs","floor":12,"turns":4},{"damage":33,"enemies":"Slime Boss","floor":16,"turns":16}],"seed_played":"1022922930288950517","potions_obtained":[{"floor":3,"key":"BlessingOfTheForge"},{"floor":6,"key":"Energy Potion"},{"floor":10,"key":"SpeedPotion"},{"floor":12,"key":"Explosive Potion"}],"is_trial":false,"path_per_floor":["M","?","M","?","M","E","M","R","T","E","M","M","?","$","R","B"],"character_chosen":"THE_SILENT","items_purchased":["TheAbacus","Dash"],"campfire_rested":1,"item_purchase_floors":[14,14],"current_hp_per_floor":[70,59,59,59,59,45,28,28,35,8,8,8,8,8,31,0,0],"gold":29,"neow_bonus":"ONE_RANDOM_RARE_CARD","is_prod":false,"is_daily":false,"chose_seed":false,"campfire_upgraded":1,"win_rate":0.0,"timestamp":1607533560,"path_taken":["M","?","M","?","?","E","M","R","T","E","?","?","?","$","R","BOSS"],"build_version":"2020-11-30","purchased_purges":1,"victory":false,"max_hp_per_floor":[70,70,70,70,70,70,70,70,77,77,77,77,77,77,77,77,77],"relic_stats":{"TheAbacus":[24],"Happy Flower":[11],"counters":[9,54],"MawBank":48,"obtain_stats":[{"TheAbacus":14,"Happy Flower":6,"Strawberry":9,"MawBank":10,"Ring of the Snake":0},{"TheAbacus":8,"Happy Flower":4,"Strawberry":5,"MawBank":6,"Ring of the Snake":0},{"TheAbacus":38,"Happy Flower":20,"Strawberry":26,"MawBank":30,"Ring of the Snake":0}],"Ring of the Snake":[18]},"card_choices":[{"not_picked":["PiercingWail","Deflect"],"picked":"Backflip","floor":1},{"not_picked":["Slice","Choke"],"picked":"Dagger Throw","floor":3},{"not_picked":["Cloak And Dagger","Catalyst"],"picked":"Outmaneuver","floor":5},{"not_picked":["Skewer","Deadly Poison"],"picked":"Burst","floor":6},{"not_picked":["Catalyst","PiercingWail"],"picked":"Leg Sweep","floor":7},{"not_picked":["Blade Dance","Outmaneuver","Bane"],"picked":"SKIP","floor":10},{"not_picked":["Outmaneuver","Dagger Throw"],"picked":"Concentrate","floor":11},{"not_picked":["Poisoned Stab","Deflect","Cloak And Dagger"],"picked":"SKIP","floor":12}],"player_experience":270320,"relics_obtained":[{"floor":6,"key":"Happy Flower"},{"floor":9,"key":"Strawberry"},{"floor":10,"key":"MawBank"}],"event_choices":[{"damage_healed":0,"gold_gain":75,"player_choice":"Gather Gold","damage_taken":11,"max_hp_gain":0,"max_hp_loss":0,"event_name":"World of Goop","floor":2,"gold_loss":0},{"cards_removed":["Defend_G"],"damage_healed":0,"gold_gain":0,"player_choice":"Offered Basic","damage_taken":0,"max_hp_gain":0,"max_hp_loss":0,"event_name":"Bonfire Elementals","floor":4,"gold_loss":0},{"cards_removed":["Strike_G"],"damage_healed":0,"gold_gain":0,"player_choice":"Purged","damage_taken":0,"max_hp_gain":0,"max_hp_loss":0,"event_name":"Purifier","floor":13,"gold_loss":0}],"is_beta":false,"boss_relics":[],"items_purged_floors":[14],"is_endless":false,"potions_floor_spawned":[3,6,10,12],"killed_by":"Slime Boss","ascension_level":0}}