{"host":"69rply1jf2d1wbmp","time":1607481565,"event":{"gold_per_floor":[119,139,154,154,165,193,6,31,43,74,8,8,8,0,0,98,98,112,132,151,165,165,193,211,211,211,238,250,267,279,296,296,400,400,419,474,10,29,29,59,59,59,130,157,175,203,103,120,120,120,120],"floor_reached":50,"playtime":1982,"items_purged":["Strike_B","Strike_B"],"score":611,"play_id":"cbc40e92-dcef-4389-b4a1-3a401f915597","local_time":"20201208213925","is_ascension_mode":false,"campfire_choices":[{"floor":12,"key":"REST"},{"data":"Static Discharge","floor":15,"key":"SMITH"},{"data":"Echo Form","floor":25,"key":"SMITH"},{"floor":32,"key":"REST"},{"floor":42,"key":"REST"},{"floor":49,"key":"DIG"}],"neow_cost":"NONE","seed_source_timestamp":937124868449200,"circlet_count":0,"master_deck":["Strike_B","Defend_B","Defend_B","Defend_B","Defend_B+1","Zap+1","Dualcast","Reboot","Streamline","Sweeping Beam","Static Discharge+1","White Noise","Self Repair","Melter","Go for the Eyes","Conserve Battery","Genetic Algorithm","Electrodynamics","Self Repair+1","Barrage","Barrage","Gash","Echo Form+1","FTL+1","Defragment+1","Machine Learning","Buffer","Capacitor","Glacier+1","Defragment+1","Self Repair+1"],"relics":["Cracked Core","War Paint","Orrery","MawBank","Mummified Hand","Inserter","Calipers","Ornamental Fan","Kunai","Velvet Choker","Shovel","PreservedInsect","OrangePellets","Meat on the Bone","Darkstone Periapt","Letter Opener","Incense Burner","Pantograph"],"potions_floor_usage":[23,27,36,50,50,50,50],"damage_taken":[{"damage":0,"enemies":"Small Slimes","floor":1,"turns":3},{"damage":0,"enemies":"Cultist","floor":2,"turns":3},{"damage":1,"enemies":"Jaw Worm","floor":3,"turns":3},{"damage":8,"enemies":"Red Slaver","floor":5,"turns":3},{"damage":18,"enemies":"Gremlin Nob","floor":6,"turns":3},{"damage":15,"enemies":"3 Sentries","floor":8,"turns":4},{"damage":0,"enemies":"3 Louse","floor":10,"turns":3},{"damage":46,"enemies":"The Guardian","floor":16,"turns":7},{"damage":16,"enemies":"Chosen","floor":18,"turns":5},{"damage":0,"enemies":"Spheric Guardian","floor":19,"turns":1},{"damage":8,"enemies":"Snecko","floor":20,"turns":4},{"damage":25,"enemies":"Snake Plant","floor":21,"turns":4},{"damage":33,"enemies":"Book of Stabbing","floor":23,"turns":5},{"damage":0,"enemies":"Sentry and Sphere","floor":24,"turns":4},{"damage":40,"enemies":"Slavers","floor":27,"turns":3},{"damage":20,"enemies":"Shelled Parasite and Fungi","floor":28,"turns":6},{"damage":29,"enemies":"3 Cultists","floor":29,"turns":5},{"damage":9,"enemies":"Snecko","floor":30,"turns":4},{"damage":16,"enemies":"Cultist and Chosen","floor":31,"turns":5},{"damage":40,"enemies":"Automaton","floor":33,"turns":9},{"damage":36,"enemies":"3 Shapes","floor":35,"turns":3},{"damage":43,"enemies":"2 Orb Walkers","floor":36,"turns":3},{"damage":10,"enemies":"Orb Walker","floor":38,"turns":4},{"damage":5,"enemies":"Reptomancer","floor":40,"turns":6},{"damage":0,"enemies":"Giant Head","floor":44,"turns":8},{"damage":18,"enemies":"4 Shapes","floor":45,"turns":4},{"damage":49,"enemies":"Reptomancer","floor":46,"turns":4},{"damage":20,"enemies":"3 Darklings","floor":48,"turns":4},{"damage":90,"enemies":"Awakened One","floor":50,"turns":7}],"seed_played":"-263247558140459360","potions_obtained":[{"floor":1,"key":"Energy Potion"},{"floor":5,"key":"ColorlessPotion"},{"floor":8,"key":"EntropicBrew"},{"floor":20,"key":"PowerPotion"},{"floor":23,"key":"GamblersBrew"},{"floor":28,"key":"EssenceOfDarkness"},{"floor":30,"key":"AttackPotion"},{"floor":38,"key":"Explosive Potion"}],"is_trial":false,"path_per_floor":["M","M","M","?","M","E","$","E","T","M","$","R","$","?","R","B",null,"M","M","M","M","?","E","M","R","T","E","M","M","M","M","R","B",null,"M","?","$","M","$","E","?","R","T","E","M","E","$","M","R","B"],"character_chosen":"DEFECT","items_purchased":["Self Repair","Orrery","Electrodynamics","Capacitor","PreservedInsect","OrangePellets"],"campfire_rested":3,"item_purchase_floors":[7,7,11,37,37,37],"current_hp_per_floor":[75,75,74,74,66,48,48,40,40,47,47,69,69,69,69,30,75,66,66,75,67,67,51,68,68,68,48,45,40,31,25,47,24,75,46,20,20,37,37,49,49,71,71,75,57,57,57,75,75,0,0],"gold":120,"neow_bonus":"ONE_RANDOM_RARE_CARD","is_prod":false,"is_daily":false,"chose_seed":false,"campfire_upgraded":2,"win_rate":0,"timestamp":1607481565,"path_taken":["M","M","M","?","M","E","$","E","T","M","$","R","?","?","R","BOSS","M","M","M","M","?","E","M","R","T","E","M","?","M","M","R","BOSS","M","?","$","M","$","E","?","R","T","E","?","E","$","M","R","BOSS"],"build_version":"2020-11-30","purchased_purges":2,"victory":false,"max_hp_per_floor":[75,75,75,75,75,75,75,75,75,75,75,75,75,75,75,75,75,75,75,75,75,75,75,75,75,75,75,75,75,75,75,75,75,75,75,75,75,75,75,75,75,75,75,75,75,75,75,75,75,75,75],"card_choices":[{"not_picked":["Steam","Ball Lightning"],"picked":"Streamline","floor":1},{"not_picked":["Coolheaded","Turbo"],"picked":"Sweeping Beam","floor":2},{"not_picked":["Sweeping Beam","Turbo"],"picked":"Static Discharge","floor":3},{"not_picked":["Undo","Compile Driver","Rebound"],"picked":"SKIP","floor":5},{"not_picked":["Static Discharge","Electrodynamics"],"picked":"White Noise","floor":6},{"not_picked":["Gash","Reboot"],"picked":"Melter","floor":7},{"not_picked":["Redo","Darkness"],"picked":"Go for the Eyes","floor":7},{"not_picked":["Capacitor","Turbo"],"picked":"Conserve Battery","floor":8},{"not_picked":["Cold Snap","Conserve Battery"],"picked":"Genetic Algorithm","floor":10},{"not_picked":["Steam","Cold Snap"],"picked":"Self Repair+1","floor":18},{"not_picked":["Stack","Gash"],"picked":"Barrage","floor":19},{"not_picked":["Genetic Algorithm+1","Turbo+1"],"picked":"Barrage","floor":20},{"not_picked":["Turbo","Sweeping Beam+1","Aggregate"],"picked":"SKIP","floor":21},{"not_picked":["Hologram","Sweeping Beam"],"picked":"Gash","floor":23},{"not_picked":["Lockon","Double Energy"],"picked":"Echo Form","floor":24},{"not_picked":["Force Field","Chill+1"],"picked":"FTL+1","floor":27},{"not_picked":["Stack","Chill+1"],"picked":"Defragment+1","floor":28},{"not_picked":["FTL","Sweeping Beam+1","Streamline"],"picked":"SKIP","floor":29},{"not_picked":["Chill","Cold Snap","Redo"],"picked":"SKIP","floor":30},{"not_picked":["Steam","Tempest","Rebound"],"picked":"SKIP","floor":31},{"not_picked":["Creative AI","Multi-Cast"],"picked":"Machine Learning","floor":33},{"not_picked":["Rip and Tear","Streamline","Turbo+1"],"picked":"SKIP","floor":35},{"not_picked":["Steam","Redo+1"],"picked":"Buffer","floor":36},{"not_picked":["Ball Lightning+1","FTL"],"picked":"Glacier+1","floor":38},{"not_picked":["Steam+1","Recycle","Tempest"],"picked":"SKIP","floor":40},{"not_picked":["Streamline","Cold Snap+1","Doom and Gloom"],"picked":"SKIP","floor":44},{"not_picked":["Steam","Blizzard+1"],"picked":"Self Repair+1","floor":45},{"not_picked":["Turbo","Coolheaded+1","Cold Snap"],"picked":"SKIP","floor":46},{"not_picked":["Stack+1","Turbo","Glacier+1"],"picked":"SKIP","floor":48}],"player_experience":309912,"relics_obtained":[{"floor":6,"key":"War Paint"},{"floor":8,"key":"MawBank"},{"floor":9,"key":"Mummified Hand"},{"floor":22,"key":"Calipers"},{"floor":23,"key":"Ornamental Fan"},{"floor":27,"key":"Kunai"},{"floor":36,"key":"Shovel"},{"floor":40,"key":"Meat on the Bone"},{"floor":43,"key":"Darkstone Periapt"},{"floor":44,"key":"Letter Opener"},{"floor":46,"key":"Incense Burner"},{"floor":49,"key":"Pantograph"}],"event_choices":[{"cards_removed":["Strike_B"],"damage_healed":0,"gold_gain":0,"player_choice":"Purged","damage_taken":0,"max_hp_gain":0,"max_hp_loss":0,"event_name":"Purifier","floor":4,"gold_loss":0},{"damage_healed":0,"gold_gain":0,"player_choice":"Left Gold","damage_taken":0,"max_hp_gain":0,"max_hp_loss":0,"event_name":"World of Goop","floor":14,"gold_loss":8},{"damage_healed":0,"gold_gain":0,"player_choice":"Relic","damage_taken":0,"max_hp_gain":0,"max_hp_loss":0,"event_name":"Wheel of Change","floor":22,"gold_loss":0},{"damage_healed":0,"gold_gain":0,"player_choice":"Fight","damage_taken":0,"max_hp_gain":0,"max_hp_loss":0,"event_name":"Mysterious Sphere","floor":36,"gold_loss":0},{"damage_healed":0,"gold_gain":0,"player_choice":"Copied","damage_taken":0,"max_hp_gain":0,"max_hp_loss":0,"event_name":"Duplicator","floor":41,"gold_loss":0,"cards_obtained":["Defragment"]}],"is_beta":false,"boss_relics":[{"not_picked":["Snecko Eye","Nuclear Battery"],"picked":"Inserter"},{"not_picked":["Runic Dome","SacredBark"],"picked":"Velvet Choker"}],"items_purged_floors":[37,47],"is_endless":false,"potions_floor_spawned":[1,5,8,20,21,23,28,30,31,35,38,48],"killed_by":"Awakened One","ascension_level":0}}