{"host":"3498uni0c31c9bdm","time":1607497237,"event":{"gold_per_floor":[109,120,120,140,140,140,170,170,197,216,230,52,80,80,80,175,175,190,203,203,203,220,220,239,306,306,339,339,339,368,413,413,515,515,530,545,545,645,697,697,697],"floor_reached":40,"playtime":1981,"items_purged":[],"score":916,"play_id":"c02b1092-76ef-4eec-a91b-b270b0e2e8ec","local_time":"20201209180037","is_ascension_mode":true,"campfire_choices":[{"floor":6,"key":"RECALL"},{"floor":8,"key":"REST"},{"floor":15,"key":"REST"},{"floor":23,"key":"REST"},{"floor":28,"key":"REST"},{"data":"ReplayTheSpireMod:From All Sides","floor":32,"key":"SMITH"}],"neow_cost":"NONE","seed_source_timestamp":622385439434400,"circlet_count":0,"master_deck":["Strike_G","Strike_G","Strike_G","Strike_G","Defend_G","Defend_G","Defend_G","Defend_G","Defend_G","Survivor","Neutralize","Dodge and Roll","Dagger Throw","Flying Knee","Apotheosis+1","Heel Hook","Caltrops","ReplayTheSpireMod:From All Sides+1","PiercingWail","Caltrops","Atom Bomb","CommonCold","ReplayTheSpireMod:Faulty Equipment","Prepared","Backflip+1","Deflect+1","Replay:Poison Smokescreen+1","Blade Dance","Escape Plan","After Image","PiercingWail+1","Distraction","Hidden Blade"],"relics":["Ring of the Snake","NeowsBlessing","Juzu Bracelet","Replay:Rubber Ducky","ClockworkSouvenir","Replay:Multitool","Replay:Ancient Bell","Blue Doll","Iron Hammer","Thread and Needle","MutagenicStrength","Omamori","Mercury Hourglass","Bag of Marbles","White Beast Statue","Centennial Puzzle","Cursed Key","Vampiric Spirits"],"potions_floor_usage":[16,16,27,30,33,39,40,40,40],"damage_taken":[{"damage":0,"enemies":"Jaw Worm","floor":1,"turns":1},{"damage":0,"enemies":"Small Slimes","floor":2,"turns":1},{"damage":0,"enemies":"Cultist","floor":4,"turns":1},{"damage":18,"enemies":"Gremlin Nob","floor":7,"turns":4},{"damage":0,"enemies":"Looter","floor":10,"turns":5},{"damage":3,"enemies":"3 Louse","floor":11,"turns":5},{"damage":23,"enemies":"3 Sentries","floor":13,"turns":7},{"damage":37,"enemies":"Slime Boss","floor":16,"turns":11},{"damage":6,"enemies":"Shell Parasite","floor":18,"turns":6},{"damage":0,"enemies":"Chosen","floor":19,"turns":5},{"damage":7,"enemies":"Centurion and Healer","floor":22,"turns":6},{"damage":3,"enemies":"Snake Plant","floor":24,"turns":4},{"damage":46,"enemies":"Slavers","floor":27,"turns":8},{"damage":0,"enemies":"Book of Stabbing","floor":30,"turns":4},{"damage":18,"enemies":"Pondfish","floor":33,"turns":12},{"damage":0,"enemies":"Orb Walker","floor":35,"turns":1},{"damage":12,"enemies":"3 Darklings","floor":36,"turns":3},{"damage":11,"enemies":"2 Orb Walkers","floor":39,"turns":4},{"damage":83,"enemies":"Giant Head","floor":40,"turns":9}],"seed_played":"7218090928408891151","potions_obtained":[{"floor":2,"key":"Weak Potion"},{"floor":10,"key":"Elixir"},{"floor":11,"key":"Block Potion"},{"floor":13,"key":"SpeedPotion"},{"floor":14,"key":"AttackPotion"},{"floor":19,"key":"PowerPotion"},{"floor":24,"key":"SteroidPotion"},{"floor":27,"key":"CunningPotion"},{"floor":33,"key":"Weak Potion"},{"floor":35,"key":"Explosive Potion"},{"floor":36,"key":"FearPotion"},{"floor":39,"key":"AttackPotion"}],"is_trial":false,"path_per_floor":["M","M","?","M","?","R","E","R","T","M","M","$","E","?","R","B",null,"M","M","?","?","M","R","M","R","T","E","R","?","E","T","R","B",null,"M","M","?","?","?","E"],"character_chosen":"THE_SILENT","items_purchased":["ClockworkSouvenir","PiercingWail"],"campfire_rested":4,"item_purchase_floors":[12,12],"current_hp_per_floor":[63,63,56,56,56,56,38,59,59,59,56,56,33,33,54,17,57,51,51,51,51,44,65,62,62,62,16,37,37,37,37,37,19,57,57,45,45,45,34,0,0],"gold":697,"neow_bonus":"THREE_ENEMY_KILL","is_prod":false,"is_daily":false,"chose_seed":false,"campfire_upgraded":1,"win_rate":0,"timestamp":1607497237,"path_taken":["M","M","?","M","?","R","E","R","T","M","M","$","E","?","R","BOSS","M","M","?","?","M","R","M","R","T","E","R","?","E","?","R","BOSS","M","M","?","?","?","E"],"build_version":"2020-11-30","purchased_purges":0,"victory":false,"max_hp_per_floor":[70,70,70,70,70,70,70,70,70,70,70,70,70,70,70,70,70,70,70,70,70,70,70,70,70,70,70,70,70,70,70,70,70,70,70,70,70,70,70,70,70],"card_choices":[{"not_picked":["Setup","Quick Slash"],"picked":"Dodge and Roll","floor":1},{"not_picked":["Underhanded Strike","Expertise"],"picked":"Dagger Throw","floor":2},{"not_picked":["Skewer","ReplayTheSpireMod:Shiv Toss"],"picked":"Flying Knee","floor":4},{"not_picked":["All Out Attack","Prepared"],"picked":"Heel Hook","floor":7},{"not_picked":["Flying Knee","Outmaneuver"],"picked":"Caltrops","floor":10},{"not_picked":["PiercingWail","Expertise"],"picked":"ReplayTheSpireMod:From All Sides","floor":11},{"not_picked":["Underhanded Strike","Catalyst"],"picked":"Caltrops","floor":13},{"not_picked":["Unload","ReplayTheSpireMod:Necrosis"],"picked":"Atom Bomb","floor":16},{"not_picked":["Replay:Hysterical Blindness","Shame"],"picked":"Delirium","floor":17},{"not_picked":["Regret","Looming Evil"],"picked":"CommonCold","floor":17},{"not_picked":["Spreading Infection","Voices"],"picked":"ReplayTheSpireMod:Faulty Equipment","floor":17},{"not_picked":["Quick Slash","Wraith Form v2"],"picked":"Prepared","floor":18},{"not_picked":["Bane","Prepared+1"],"picked":"Backflip+1","floor":19},{"not_picked":["Slice","Backflip"],"picked":"Deflect+1","floor":22},{"not_picked":["Hidden Blade","Backflip"],"picked":"Replay:Poison Smokescreen+1","floor":24},{"not_picked":["Hidden Blade","Backflip"],"picked":"Blade Dance","floor":27},{"not_picked":["Choke+1","Caltrops"],"picked":"Escape Plan","floor":30},{"not_picked":["Phantasmal Killer","Bullet Time"],"picked":"After Image","floor":33},{"not_picked":["Acrobatics","Heel Hook"],"picked":"PiercingWail+1","floor":35},{"not_picked":["Bane+1","Deflect"],"picked":"Distraction","floor":36},{"not_picked":["Draining Mist","Poisoned Stab"],"picked":"Hidden Blade","floor":39}],"player_experience":642278,"relics_obtained":[{"floor":7,"key":"Replay:Rubber Ducky"},{"floor":13,"key":"Replay:Multitool"},{"floor":26,"key":"Mercury Hourglass"},{"floor":27,"key":"Bag of Marbles"},{"floor":30,"key":"White Beast Statue"},{"floor":31,"key":"Centennial Puzzle"},{"floor":39,"key":"Vampiric Spirits"}],"event_choices":[{"damage_healed":0,"gold_gain":0,"player_choice":"Relic ","damage_taken":7,"max_hp_gain":0,"max_hp_loss":0,"event_name":"betterThird:BetterScrap","floor":3,"gold_loss":0,"cards_obtained":["Weave"]},{"damage_healed":56,"gold_gain":0,"player_choice":"Embrace","damage_taken":0,"max_hp_gain":0,"max_hp_loss":70,"event_name":"betterThird:BetterShining","floor":5,"gold_loss":0},{"damage_healed":0,"gold_gain":0,"player_choice":"Got Potions","damage_taken":0,"max_hp_gain":0,"max_hp_loss":0,"event_name":"Lab","floor":14,"gold_loss":0},{"damage_healed":0,"gold_gain":0,"player_choice":"Inject Mutagens","damage_taken":0,"relics_obtained":["MutagenicStrength"],"max_hp_gain":0,"max_hp_loss":0,"event_name":"Drug Dealer","floor":20,"gold_loss":0},{"cards_removed":["Delirium"],"damage_healed":0,"gold_gain":0,"player_choice":"Purged","damage_taken":0,"max_hp_gain":0,"max_hp_loss":0,"event_name":"Purifier","floor":29,"gold_loss":0},{"cards_removed":["Strike_G"],"damage_healed":0,"gold_gain":0,"player_choice":"Removed Attack","damage_taken":0,"max_hp_gain":0,"max_hp_loss":0,"event_name":"Falling","floor":37,"gold_loss":0},{"damage_healed":0,"gold_gain":100,"player_choice":"Pray","damage_taken":0,"max_hp_gain":0,"max_hp_loss":0,"event_name":"Golden Shrine","floor":38,"gold_loss":0},{"damage_healed":0,"gold_gain":0,"player_choice":"Fight","damage_taken":0,"max_hp_gain":0,"max_hp_loss":0,"event_name":"Mysterious Sphere","floor":39,"gold_loss":0}],"is_beta":false,"boss_relics":[{"not_picked":["Coffee Dripper","ReplayTheSpireMod:DimensionalGlitch"],"picked":"Replay:Ancient Bell"},{"not_picked":["Simple Rune","Vajra"],"picked":"Blue Doll"},{"not_picked":["StrikeDummy","Divine Protection"],"picked":"Iron Hammer"},{"not_picked":["WingedGreaves","Prayer Wheel"],"picked":"Thread and Needle"},{"not_picked":["Painkiller Herb","SlaversCollar"],"picked":"Cursed Key"}],"items_purged_floors":[],"is_endless":false,"potions_floor_spawned":[2,10,11,13,19,24,27,33,35,36,39],"killed_by":"Giant Head","ascension_level":9}}