{"host":"k9ocgmchziz83yjl","time":1607515733,"event":{"gold_per_floor":[201,218,143,161,181,181,209,209,259,298,298,329,329,353,353,447,447,463,218,238,0,15,51,51,75,125,209,243,110,154,177,177,266,266,290,290,103,151,176,210,210,254,330,349,387,48,0,0,0,28,76],"floor_reached":52,"playtime":2391,"items_purged":["Strike_B","Parasite","Strike_B","Strike_B","Defend_B","Defend_B"],"score":2887,"play_id":"53469ce4-cdbf-407c-b0bb-6dc5a1e3e58a","local_time":"20201209200853","is_ascension_mode":true,"campfire_choices":[{"data":"Zap","floor":6.0,"key":"SMITH"},{"data":"MostiFishMod:ATRI","floor":13.0,"key":"SMITH"},{"data":"BasicCrystalCard","floor":24.0,"key":"SMITH"},{"data":"Redo","floor":32.0,"key":"SMITH"},{"data":"MostiFishMod:ElfcollectionBox","floor":41,"key":"SMITH"},{"floor":49,"key":"DIG"}],"neow_cost":"PERCENT_DAMAGE","seed_source_timestamp":212246018347600,"circlet_count":0,"master_deck":["AscendersBane","Zap+1","Dualcast","Sunder","FTL","Redo+1","Steam","MostiFishMod:ATRI+1","Glacier","Gash","Seek+1","Beam Cell","MostiFishMod:NightSea+1","Skim","BasicCrystalCard+1","Turbo+1","Hologram","MostiFishMod:PushDownKick","MostiFishMod:ElfcollectionBox+1","Seek+1"],"special_seed":0,"relics":["Cracked Core","DaveBox","HushsDoor","DianDianMeat","Question Card","DeadEye","Golden Idol","PreservedInsect","GodSword6","ImportantClient","BirthdayGift-Tetrahedron","Pen Nib","BookOfRevelations","SynthV:C4","Centennial Puzzle","Guide Book","Habit","BloodBag","MagicDraw1","SoulBox","GuppysTail","Incubus","SatanicBible","DollysMirror","Darkstone Periapt","Divine Protection","Replay:PocketPolymizer","Eternal Feather","Replay:Bandana","Toolbox","Bag of Preparation","Red Mask","Mummified Hand"],"potions_floor_usage":[51],"damage_taken":[{"damage":0.0,"enemies":"2 Louse","floor":1.0,"turns":2.0},{"damage":13.0,"enemies":"Small Slimes","floor":2.0,"turns":3.0},{"damage":2.0,"enemies":"Jaw Worm","floor":4.0,"turns":3.0},{"damage":6.0,"enemies":"Blue Slaver","floor":5.0,"turns":4.0},{"damage":0.0,"enemies":"Gremlin Nob","floor":7.0,"turns":4.0},{"damage":10.0,"enemies":"Lagavulin","floor":10.0,"turns":4.0},{"damage":7.0,"enemies":"Red Slaver","floor":14.0,"turns":2.0},{"damage":23.0,"enemies":"The Guardian","floor":16.0,"turns":11.0},{"damage":5.0,"enemies":"2 Thieves","floor":18.0,"turns":2.0},{"damage":4.0,"enemies":"Spheric Guardian","floor":20.0,"turns":3.0},{"damage":4.0,"enemies":"3 Cultists","floor":22.0,"turns":3.0},{"damage":4.0,"enemies":"Replay:Snechameleon","floor":23.0,"turns":3.0},{"damage":8.0,"enemies":"Centurion and Healer","floor":25.0,"turns":5.0},{"damage":4.0,"enemies":"Book of Stabbing","floor":28.0,"turns":3.0},{"damage":1.0,"enemies":"Gremlin Leader","floor":30.0,"turns":1.0},{"damage":4.0,"enemies":"Snecko","floor":31.0,"turns":3.0},{"damage":4.0,"enemies":"Collector","floor":33.0,"turns":6.0},{"damage":0,"enemies":"3 Shapes","floor":35,"turns":2},{"damage":0,"enemies":"Orb Walker","floor":39,"turns":1},{"damage":0,"enemies":"R_Hoarder","floor":40,"turns":2},{"damage":0,"enemies":"Reptomancer","floor":42,"turns":1},{"damage":0,"enemies":"Sphere and 2 Shapes","floor":44,"turns":2},{"damage":0,"enemies":"R_Hoarder","floor":45,"turns":1},{"damage":0,"enemies":"Awakened One","floor":50,"turns":3},{"damage":0,"enemies":"Time Eater","floor":51,"turns":5}],"seed_played":"5061230107086823757","potions_obtained":[{"floor":4.0,"key":"ColorlessPotion"},{"floor":5.0,"key":"Strength Potion"},{"floor":10.0,"key":"Elixir"},{"floor":14.0,"key":"AttackPotion"},{"floor":20.0,"key":"PotionOfCapacity"}],"is_trial":false,"path_per_floor":["M","M","$","M","M","R","E","?","T","E","?","?","R","M","R","B",null,"M","$","M","$","M","E","R","M","T","?","E","$","E","M","R","B",null,"M","?","$","?","M","E","R","E","T","M","E","$","?","$","R","B","B",null],"character_chosen":"DEFECT","items_purchased":["MostiFishMod:NightSea","Pen Nib","Guide Book","Habit","MostiFishMod:ElfcollectionBox","GuppysTail","Incubus","SatanicBible","DollysMirror","Toolbox","Bag of Preparation"],"campfire_rested":0,"item_purchase_floors":[19,21,29,29,34,34,34,34,37,46,46],"current_hp_per_floor":[45,33,33,31,27,27,30,30,30,24,29,52,52,52,60,46,102,107,118,126,126,122,131,131,123,123,108,118,107,106,117,117,129,174,174,174,192,126,126,126,126,126,126,126,126,126,126,126,138,138,138],"gold":76,"neow_bonus":"TWENTY_PERCENT_HP_BONUS","is_prod":false,"is_daily":false,"chose_seed":false,"campfire_upgraded":5,"win_rate":0,"timestamp":1607515733,"path_taken":["M","M","$","M","M","R","E","?","T","E","?","?","R","?","R","BOSS","M","$","M","$","M","E","R","M","T","?","E","?","E","M","R","BOSS","M","?","$","?","?","E","R","E","T","M","E","$","?","?","R","BOSS","BOSS"],"build_version":"2020-11-30","purchased_purges":6,"victory":true,"max_hp_per_floor":[85,86,86,86,88,88,91,82,82,86,91,97,97,104,112,121,121,131,139,151,151,151,164,164,164,164,164,178,185,185,200,200,216,183,183,183,201,201,201,201,201,201,201,201,201,201,201,201,201,201,201],"card_choices":[{"not_picked":["Tempest","Coolheaded","BasicCrystalCard"],"picked":"SKIP","floor":1.0},{"not_picked":["Tempest","Coolheaded","BasicCrystalCard"],"picked":"SKIP","floor":1.0},{"not_picked":["Barrage","Steam","Go for the Eyes"],"picked":"Sunder","floor":2.0},{"not_picked":["MostiFishMod:GoodWordForIt","Storm","Steam","FIFO Queue"],"picked":"SKIP","floor":4.0},{"not_picked":["Capacitor","Rebound","Storm"],"picked":"FTL","floor":5.0},{"not_picked":["Darkness","Reinforced Body","Auto Shields"],"picked":"Redo","floor":7.0},{"not_picked":["Conserve Battery","Redo","ReplaySort"],"picked":"Steam","floor":10.0},{"not_picked":["Cold Snap","Chaos","Rebound"],"picked":"Glacier","floor":14.0},{"not_picked":["MostiFishMod:Culaccino","Reboot","MostiFishMod:GatherIntelligence"],"picked":"Seek","floor":16.0},{"not_picked":["Stack","Streamline","BasicCrystalCard"],"picked":"Beam Cell","floor":18.0},{"not_picked":["BasicCrystalCard","Blizzard","Leap"],"picked":"Skim","floor":20.0},{"not_picked":["Loop","Beam Cell","Rebound","ReplayTheSpireMod:Calculation Training"],"picked":"SKIP","floor":22.0},{"not_picked":["Go for the Eyes","MostiFishMod:ATRI","ReplayGash"],"picked":"BasicCrystalCard","floor":23.0},{"not_picked":["Scrape","Distribution","Loop","Conserve Battery+1"],"picked":"SKIP","floor":25.0},{"not_picked":["Barrage","Consume","BasicCrystalCard"],"picked":"Turbo+1","floor":28.0},{"not_picked":["Crystallizer","Stack","BasicCrystalCard","Cancel"],"picked":"SKIP","floor":30.0},{"not_picked":["Sweeping Beam","MostiFishMod:ReprogramOld","Stack+1"],"picked":"Hologram","floor":31.0},{"not_picked":["Multi-Cast","ReplayTheSpireMod:Fabricate Wheel","MostiFishMod:TalkingToTheRain"],"picked":"MostiFishMod:PushDownKick","floor":33.0},{"not_picked":["Rebound","Hologram","Reinforced Body","Cancel+1"],"picked":"SKIP","floor":35},{"not_picked":["Leap","ReplayTheSpireMod:Reroute Power","ReplayTheSpireMod:Repulse","Chill+1"],"picked":"SKIP","floor":39},{"not_picked":["ReplayGash","Leap","ReplaySolidLightProjector","Storm"],"picked":"SKIP","floor":40},{"not_picked":["MostiFishMod:StarOceanB","Cold Snap","FTL+1","Sweeping Beam"],"picked":"SKIP","floor":42},{"not_picked":["Rebound+1","Leap","Ball Lightning","Turbo+1"],"picked":"SKIP","floor":44},{"not_picked":["Conserve Battery+1","Leap","ReplaySolidLightProjector","Sweeping Beam"],"picked":"SKIP","floor":45}],"player_experience":783646,"relics_obtained":[{"floor":1.0,"key":"Question Card"},{"floor":7.0,"key":"DeadEye"},{"floor":9.0,"key":"PreservedInsect"},{"floor":10.0,"key":"GodSword6"},{"floor":16.0,"key":"ImportantClient"},{"floor":23.0,"key":"BookOfRevelations"},{"floor":26.0,"key":"SynthV:C4"},{"floor":28.0,"key":"Centennial Puzzle"},{"floor":30.0,"key":"MagicDraw1"},{"floor":38,"key":"Darkstone Periapt"},{"floor":40,"key":"Divine Protection"},{"floor":42,"key":"Replay:PocketPolymizer"},{"floor":43,"key":"Eternal Feather"},{"floor":45,"key":"Replay:Bandana"},{"floor":49,"key":"Mummified Hand"}],"event_choices":[{"damage_healed":0.0,"max_hp_gain":0.0,"max_hp_loss":9.0,"gold_gain":0.0,"event_name":"Golden Idol","player_choice":"Lose Max HP","floor":8.0,"gold_loss":0.0,"damage_taken":0.0,"relics_obtained":["Golden Idol"]},{"damage_healed":0.0,"max_hp_gain":0.0,"max_hp_loss":0.0,"gold_gain":0.0,"cards_transformed":["Strike_B"],"event_name":"Living Wall","player_choice":"Change","floor":11.0,"gold_loss":0.0,"damage_taken":0.0,"cards_obtained":["MostiFishMod:ATRI"]},{"damage_healed":22.0,"max_hp_gain":0.0,"max_hp_loss":0.0,"gold_gain":0.0,"event_name":"Mushrooms","player_choice":"Healed and dodged fight","floor":12.0,"gold_loss":0.0,"damage_taken":0.0,"cards_obtained":["Parasite"]},{"cards_removed":["Defend_B"],"damage_healed":0,"gold_gain":0,"player_choice":"Offered Basic","damage_taken":0,"max_hp_gain":0,"max_hp_loss":0,"event_name":"Bonfire Elementals","floor":36,"gold_loss":0},{"damage_healed":0,"gold_gain":0,"player_choice":"Paid","damage_taken":0,"relics_obtained":["Red Mask"],"max_hp_gain":0,"max_hp_loss":0,"event_name":"Tomb of Lord Red Mask","floor":47,"gold_loss":48}],"is_beta":false,"boss_relics":[{"not_picked":["BloodWine","EE1DDrone"],"picked":"BirthdayGift-Tetrahedron"},{"not_picked":[]},{"not_picked":["Replay:Ancient Bell","HaiYi:Twilight"],"picked":"SoulBox"},{"not_picked":[]}],"items_purged_floors":[3,19,21,34,37,46],"is_endless":false,"potions_floor_spawned":[4,5,10,14,20,28,30,33,40,45],"ascension_level":20}}