{"host":"gk5m6v7zec9neb0j","time":1607479130,"event":{"gold_per_floor":[113,125,138,38,38,38,38,57,84,84,84,99,18,37,37,138,138,151,137,58,58,58,58,86,86,110,310,310,330,330,344,344,443,443,453,468,97,116,116,116,116,133,158,158,175,0,0,14,14,14,14,14,14,49,49],"floor_reached":56,"playtime":2729,"items_purged":["Strike_G","Strike_G"],"score":1484,"play_id":"ded00160-8c2c-422c-a5d1-a166c84f4b4c","local_time":"20201208205850","is_ascension_mode":false,"campfire_choices":[{"data":"Footwork","floor":6,"key":"SMITH"},{"data":"Footwork","floor":10,"key":"SMITH"},{"floor":15,"key":"REST"},{"floor":23,"key":"DIG"},{"floor":25,"key":"DIG"},{"data":"Neutralize","floor":28,"key":"SMITH"},{"data":"Catalyst","floor":30,"key":"SMITH"},{"floor":32,"key":"DIG"},{"floor":40,"key":"DIG"},{"floor":44,"key":"DIG"},{"floor":49,"key":"DIG"},{"floor":52,"key":"DIG"}],"neow_cost":"","seed_source_timestamp":357735499039700,"circlet_count":0,"master_deck":["Strike_G","Defend_G","Defend_G","Defend_G+1","Defend_G","Survivor+1","Neutralize+1","Bouncing Flask","Footwork+1","Blur","Footwork+1","Catalyst+1","Footwork","Adrenaline","CurseOfTheBell","Deadly Poison","Blur","Calculated Gamble","Adrenaline","Backflip","Deadly Poison","Escape Plan","Flying Knee","Backstab","Blur+1","Poisoned Stab","Concentrate+1"],"relics":["Ring of the Snake","Torii","War Paint","Anchor","Art of War","Strawberry","Calling Bell","Centennial Puzzle","White Beast Statue","Shovel","TungstenRod","Turnip","Gremlin Horn","Nunchaku","Ice Cream","Empty Cage","Strange Spoon","Girya","Question Card","Bag of Preparation","Pen Nib","Red Mask","Lantern","Bottled Lightning","Happy Flower"],"potions_floor_usage":[16,19,24,39,39,55,55],"damage_taken":[{"damage":0,"enemies":"Cultist","floor":1,"turns":4},{"damage":0,"enemies":"Small Slimes","floor":2,"turns":5},{"damage":0,"enemies":"2 Louse","floor":3,"turns":5},{"damage":0,"enemies":"Red Slaver","floor":8,"turns":7},{"damage":0,"enemies":"Looter","floor":12,"turns":4},{"damage":0,"enemies":"Exordium Thugs","floor":14,"turns":4},{"damage":18,"enemies":"Hexaghost","floor":16,"turns":13},{"damage":0,"enemies":"Shell Parasite","floor":18,"turns":7},{"damage":10,"enemies":"2 Thieves","floor":19,"turns":4},{"damage":0,"enemies":"Book of Stabbing","floor":24,"turns":10},{"damage":0,"enemies":"Centurion and Healer","floor":29,"turns":9},{"damage":14,"enemies":"3 Cultists","floor":31,"turns":9},{"damage":46,"enemies":"Collector","floor":33,"turns":13},{"damage":6,"enemies":"3 Darklings","floor":35,"turns":8},{"damage":0,"enemies":"Orb Walker","floor":36,"turns":4},{"damage":0,"enemies":"Sphere and 2 Shapes","floor":38,"turns":7},{"damage":0,"enemies":"4 Shapes","floor":39,"turns":6},{"damage":6,"enemies":"Writhing Mass","floor":42,"turns":8},{"damage":0,"enemies":"Sphere and 2 Shapes","floor":45,"turns":6},{"damage":0,"enemies":"Spire Growth","floor":48,"turns":5},{"damage":8,"enemies":"Awakened One","floor":50,"turns":21},{"damage":26,"enemies":"Shield and Spear","floor":54,"turns":11},{"damage":22,"enemies":"The Heart","floor":55,"turns":9}],"seed_played":"-3179543439481477113","potions_obtained":[{"floor":2,"key":"SteroidPotion"},{"floor":8,"key":"BlessingOfTheForge"},{"floor":12,"key":"ColorlessPotion"},{"floor":14,"key":"Fire Potion"},{"floor":19,"key":"Regen Potion"},{"floor":31,"key":"SmokeBomb"},{"floor":33,"key":"Energy Potion"},{"floor":35,"key":"DuplicationPotion"},{"floor":42,"key":"AttackPotion"},{"floor":45,"key":"Block Potion"},{"floor":48,"key":"FairyPotion"},{"floor":54,"key":"Ancient Potion"}],"is_trial":false,"path_per_floor":["M","M","M","$","?","R","?","M","T","R","?","M","$","M","R","B",null,"M","M","$","?","?","R","E","R","T","?","R","M","R","M","R","B",null,"M","M","$","M","M","R","T","M","T","R","M","?","$","M","R","B",null,"R","$","E","B",null],"character_chosen":"THE_SILENT","items_purchased":["Bouncing Flask","Footwork","War Paint","Footwork","Blur","Deadly Poison","Escape Plan","Strange Spoon","Flying Knee","Backstab"],"campfire_rested":1,"item_purchase_floors":[0,0,0,13,20,37,37,37,37,37],"current_hp_per_floor":[43,43,43,43,36,36,36,36,43,43,43,43,43,43,66,48,77,77,67,67,67,67,67,77,77,77,77,77,77,77,63,63,17,77,71,71,71,71,71,71,71,65,65,65,65,65,65,65,65,57,77,77,77,51,29],"gold":49,"neow_bonus":"","is_prod":false,"is_daily":false,"chose_seed":false,"campfire_upgraded":4,"win_rate":0,"timestamp":1607479130,"path_taken":["M","M","M","?","?","R","?","?","T","R","?","M","$","?","R","BOSS","M","M","$","?","?","R","E","R","T","?","R","M","R","M","R","BOSS","M","M","$","?","?","R","?","?","T","R","M","?","?","M","R","BOSS","R","$","E","BOSS"],"build_version":"2020-11-30","purchased_purges":2,"victory":true,"max_hp_per_floor":[70,70,70,70,70,70,70,70,77,77,77,77,77,77,77,77,77,77,77,77,77,77,77,77,77,77,77,77,77,77,77,77,77,77,77,77,77,77,77,77,77,77,77,77,77,77,77,77,77,77,77,77,77,77,77],"relic_stats":{"Torii":39,"Gremlin Horn":[14,14],"Happy Flower":[3],"counters":[521,3001],"Pen Nib":[4],"Bag of Preparation":[10],"War Paint":["Defend_G","Survivor"],"Question Card":4,"Strange Spoon":[20],"Centennial Puzzle":[24],"Nunchaku":[8],"Shovel":7,"Turnip":[21],"Art of War":[58],"obtain_stats":[{"TwistedFunnel":0,"Ginger":0,"Whetstone":4,"Bottled Tornado":14,"Sling":0,"Boot":49,"FrozenCore":17,"Old Coin":15,"Blood Vial":19,"Sundial":52,"MealTicket":8,"Fusion Hammer":34,"HandDrill":10,"Necronomicon":28,"Kunai":9,"Pear":26,"Tingsha":0,"Eternal Feather":52,"Pen Nib":9,"Paper Crane":40,"Akabeko":9,"SlaversCollar":34,"Bird Faced Urn":7,"MutagenicStrength":20,"CultistMask":10,"StrikeDummy":47,"Unceasing Top":3,"Ring of the Serpent":17,"Lantern":13,"Regal Pillow":11,"Torii":0,"StoneCalendar":0,"Bag of Preparation":7,"Cursed Key":34,"Ancient Tea Set":26,"Smiling Mask":26,"Shovel":9,"Matryoshka":24,"WristBlade":17,"Ninja Scroll":43,"Toolbox":53,"Chemical X":0,"InkBottle":49,"Ring of the Snake":0,"Potion Belt":14,"The Specimen":0,"Golden Idol":8,"PreservedInsect":43,"The Courier":26,"Omamori":23,"Seething Fire":0,"Frozen Egg 2":25,"MawBank":43,"Ornamental Fan":30,"Orrery":20,"Turnip":48,"Art of War":7,"Bottled Lightning":9,"Toy Ornithopter":9,"Ice Cream":42,"Calipers":9,"Tiny House":17,"Gremlin Horn":29,"CeramicFish":43,"Vajra":10,"HoveringKite":17,"Hammer of Thor":0,"Runic Capacitor":0,"Sozu":34,"Lizard Tail":0,"Centennial Puzzle":42,"DollysMirror":0,"Strawberry":23,"Prayer Wheel":47,"Toxic Egg 2":11,"Girya":0,"Happy Flower":26,"Dead Branch":17,"Oddly Smooth Stone":28,"Letter Opener":17,"War Paint":43,"Question Card":41,"WarpedTongs":3,"Du-Vu Doll":20,"OrangePellets":0,"Shuriken":42,"Anvil of the Gods":0,"Bronze Scales":0,"Molten Egg 2":43,"Pocketwatch":0,"Meat on the Bone":14,"SacredBark":17,"Enchiridion":20,"Mango":0,"Snake Skull":54,"Juzu Bracelet":43,"Incense Burner":17,"Empty Cage":17,"PrismaticShard":0,"ClockworkSouvenir":0,"Frozen Eye":45,"Nunchaku":3,"Dream Catcher":40,"Tough Bandages":0,"TheAbacus":22,"Mummified Hand":31,"Pantograph":3,"Gambling Chip":0,"Tiny Chest":30,"Red Mask":29,"Cracked Core":0,"Runic Pyramid":17,"Orichalcum":26,"Odd Mushroom":8,"White Beast Statue":41,"Mercury Hourglass":17,"Peace Pipe":0,"Calling Bell":17,"Cauldron":36,"Strange Spoon":37,"CaptainsWheel":9,"Anchor":26,"Bag of Marbles":30,"Membership Card":20,"TungstenRod":0,"FossilizedHelix":40},{"TwistedFunnel":195,"Ginger":96,"Whetstone":196,"Bottled Tornado":144,"Sling":149,"Boot":367,"FrozenCore":145,"Old Coin":299,"Blood Vial":192,"Sundial":368,"MealTicket":142,"Fusion Hammer":232,"HandDrill":155,"Necronomicon":383,"Kunai":164,"Pear":205,"Tingsha":149,"Eternal Feather":216,"Pen Nib":220,"Paper Crane":389,"Akabeko":155,"SlaversCollar":284,"Bird Faced Urn":154,"MutagenicStrength":354,"CultistMask":422,"StrikeDummy":135,"Unceasing Top":98,"Ring of the Serpent":353,"Lantern":116,"Regal Pillow":298,"Torii":195,"StoneCalendar":218,"Bag of Preparation":113,"Cursed Key":255,"Ancient Tea Set":305,"Smiling Mask":356,"Shovel":198,"Matryoshka":382,"WristBlade":326,"Ninja Scroll":213,"Toolbox":445,"Chemical X":370,"InkBottle":215,"Ring of the Snake":0,"Potion Belt":352,"The Specimen":149,"Golden Idol":164,"PreservedInsect":365,"The Courier":382,"Omamori":123,"Seething Fire":0,"Frozen Egg 2":253,"MawBank":261,"Ornamental Fan":171,"Orrery":202,"Turnip":315,"Art of War":244,"Bottled Lightning":113,"Toy Ornithopter":187,"Ice Cream":338,"Calipers":100,"Tiny House":166,"Gremlin Horn":282,"CeramicFish":236,"Vajra":198,"HoveringKite":201,"Hammer of Thor":0,"Runic Capacitor":136,"Sozu":173,"Lizard Tail":159,"Centennial Puzzle":389,"DollysMirror":184,"Strawberry":304,"Prayer Wheel":341,"Toxic Egg 2":114,"Girya":184,"Happy Flower":125,"Dead Branch":224,"Oddly Smooth Stone":126,"Letter Opener":426,"War Paint":338,"Question Card":515,"WarpedTongs":397,"Du-Vu Doll":147,"OrangePellets":292,"Shuriken":312,"Anvil of the Gods":0,"Bronze Scales":136,"Molten Egg 2":468,"Pocketwatch":240,"Meat on the Bone":249,"SacredBark":378,"Enchiridion":405,"Mango":136,"Snake Skull":217,"Juzu Bracelet":312,"Incense Burner":426,"Empty Cage":250,"PrismaticShard":419,"ClockworkSouvenir":108,"Frozen Eye":261,"Nunchaku":138,"Dream Catcher":312,"Tough Bandages":318,"TheAbacus":251,"Mummified Hand":359,"Pantograph":241,"Gambling Chip":395,"Tiny Chest":462,"Red Mask":307,"Cracked Core":0,"Runic Pyramid":118,"Orichalcum":382,"Odd Mushroom":453,"White Beast Statue":312,"Mercury Hourglass":224,"Peace Pipe":96,"Calling Bell":224,"Cauldron":210,"Strange Spoon":513,"CaptainsWheel":142,"Anchor":253,"Bag of Marbles":384,"Membership Card":276,"TungstenRod":136,"FossilizedHelix":212},{"TwistedFunnel":1189,"Ginger":557,"Whetstone":1192,"Bottled Tornado":862,"Sling":888,"Boot":2096,"FrozenCore":869,"Old Coin":1756,"Blood Vial":1170,"Sundial":2104,"MealTicket":855,"Fusion Hammer":1381,"HandDrill":918,"Necronomicon":2179,"Kunai":960,"Pear":1237,"Tingsha":888,"Eternal Feather":1305,"Pen Nib":1324,"Paper Crane":2214,"Akabeko":918,"SlaversCollar":1680,"Bird Faced Urn":914,"MutagenicStrength":2040,"CultistMask":2385,"StrikeDummy":823,"Unceasing Top":563,"Ring of the Serpent":2036,"Lantern":676,"Regal Pillow":1753,"Torii":1189,"StoneCalendar":1315,"Bag of Preparation":659,"Cursed Key":1509,"Ancient Tea Set":1788,"Smiling Mask":2047,"Shovel":1198,"Matryoshka":2174,"WristBlade":1903,"Ninja Scroll":1279,"Toolbox":2526,"Chemical X":2114,"InkBottle":1292,"Ring of the Snake":0,"Potion Belt":2028,"The Specimen":888,"Golden Idol":960,"PreservedInsect":2086,"The Courier":2174,"Omamori":726,"Seething Fire":0,"Frozen Egg 2":1491,"MawBank":1540,"Ornamental Fan":1014,"Orrery":1224,"Turnip":1843,"Art of War":1440,"Bottled Lightning":659,"Toy Ornithopter":1139,"Ice Cream":1963,"Calipers":572,"Tiny House":977,"Gremlin Horn":1668,"CeramicFish":1397,"Vajra":1198,"HoveringKite":1218,"Hammer of Thor":0,"Runic Capacitor":826,"Sozu":1042,"Lizard Tail":936,"Centennial Puzzle":2214,"DollysMirror":1127,"Strawberry":1784,"Prayer Wheel":1981,"Toxic Egg 2":663,"Girya":1127,"Happy Flower":737,"Dead Branch":1342,"Oddly Smooth Stone":743,"Letter Opener":2414,"War Paint":1963,"Question Card":2941,"WarpedTongs":2266,"Du-Vu Doll":878,"OrangePellets":1727,"Shuriken":1826,"Anvil of the Gods":0,"Bronze Scales":826,"Molten Egg 2":2649,"Pocketwatch":1420,"Meat on the Bone":1468,"SacredBark":2153,"Enchiridion":2303,"Mango":826,"Snake Skull":1313,"Juzu Bracelet":1826,"Incense Burner":2414,"Empty Cage":1476,"PrismaticShard":2372,"ClockworkSouvenir":632,"Frozen Eye":1540,"Nunchaku":835,"Dream Catcher":1826,"Tough Bandages":1864,"TheAbacus":1480,"Mummified Hand":2061,"Pantograph":1424,"Gambling Chip":2258,"Tiny Chest":2611,"Red Mask":1796,"Cracked Core":0,"Runic Pyramid":691,"Orichalcum":2174,"Odd Mushroom":2564,"White Beast Statue":1826,"Mercury Hourglass":1342,"Peace Pipe":557,"Calling Bell":1342,"Cauldron":1264,"Strange Spoon":2928,"CaptainsWheel":855,"Anchor":1491,"Bag of Marbles":2184,"Membership Card":1631,"TungstenRod":826,"FossilizedHelix":1274}],"TungstenRod":94,"Ring of the Snake":[96]},"card_choices":[{"not_picked":["Riddle With Holes","Underhanded Strike"],"picked":"Blur","floor":1},{"not_picked":["Bane","Deadly Poison"],"picked":"Footwork","floor":2},{"not_picked":["Flying Knee","Slice","PiercingWail"],"picked":"SKIP","floor":3},{"not_picked":["Infinite Blades","Riddle With Holes"],"picked":"Catalyst","floor":8},{"not_picked":["Deadly Poison","Eviscerate","Choke"],"picked":"SKIP","floor":12},{"not_picked":["All Out Attack","Terror","Choke"],"picked":"SKIP","floor":14},{"not_picked":["Wraith Form v2","Doppelganger"],"picked":"Adrenaline","floor":16},{"not_picked":["Crippling Poison","Blade Dance+1","Poisoned Stab"],"picked":"SKIP","floor":18},{"not_picked":["Sucker Punch","Blade Dance"],"picked":"Deadly Poison","floor":19},{"not_picked":["Flechettes+1","Well Laid Plans","Underhanded Strike"],"picked":"SKIP","floor":24},{"not_picked":["Flechettes+1","Cloak And Dagger","PiercingWail"],"picked":"SKIP","floor":29},{"not_picked":["Underhanded Strike","Acrobatics"],"picked":"Calculated Gamble","floor":31},{"not_picked":["After Image","Bullet Time"],"picked":"Adrenaline","floor":33},{"not_picked":["Skewer+1","Infinite Blades","Quick Slash"],"picked":"SKIP","floor":35},{"not_picked":["Dagger Throw+1","Distraction"],"picked":"Backflip","floor":36},{"not_picked":["Quick Slash","Calculated Gamble+1"],"picked":"Blur+1","floor":38},{"not_picked":["All Out Attack","Tools of the Trade","Calculated Gamble","Bane"],"picked":"SKIP","floor":42},{"not_picked":["Backflip+1","Dash+1","Bane","Reflex+1"],"picked":"SKIP","floor":45},{"not_picked":["Blade Dance+1","Dagger Spray","Bouncing Flask+1"],"picked":"Poisoned Stab","floor":48},{"not_picked":["Setup","Phantasmal Killer","Poisoned Stab+1"],"picked":"Concentrate+1","floor":54}],"player_experience":649233,"relics_obtained":[{"floor":9,"key":"Strawberry"},{"floor":17,"key":"Centennial Puzzle"},{"floor":17,"key":"White Beast Statue"},{"floor":17,"key":"Shovel"},{"floor":23,"key":"TungstenRod"},{"floor":24,"key":"Turnip"},{"floor":25,"key":"Gremlin Horn"},{"floor":26,"key":"Nunchaku"},{"floor":32,"key":"Ice Cream"},{"floor":40,"key":"Girya"},{"floor":41,"key":"Question Card"},{"floor":43,"key":"Bag of Preparation"},{"floor":44,"key":"Pen Nib"},{"floor":49,"key":"Lantern"},{"floor":52,"key":"Bottled Lightning"},{"floor":54,"key":"Happy Flower"}],"event_choices":[{"damage_healed":0,"gold_gain":0,"player_choice":"Success","damage_taken":7,"relics_obtained":["Anchor"],"max_hp_gain":0,"max_hp_loss":0,"event_name":"Scrap Ooze","floor":5,"gold_loss":0},{"damage_healed":0,"gold_gain":0,"player_choice":"Gave Potion","damage_taken":0,"relics_obtained":["Art of War"],"max_hp_gain":0,"max_hp_loss":0,"event_name":"WeMeetAgain","floor":7,"gold_loss":0},{"cards_removed":["Strike_G"],"damage_healed":0,"gold_gain":0,"player_choice":"Purged","damage_taken":0,"max_hp_gain":0,"max_hp_loss":0,"event_name":"Purifier","floor":11,"gold_loss":0},{"damage_healed":0,"gold_gain":0,"player_choice":"Ignored","damage_taken":0,"max_hp_gain":0,"max_hp_loss":0,"event_name":"The Mausoleum","floor":21,"gold_loss":0},{"damage_healed":0,"gold_gain":250,"player_choice":"Bet on Owner","damage_taken":0,"max_hp_gain":0,"max_hp_loss":0,"event_name":"The Joust","floor":27,"gold_loss":50},{"damage_healed":0,"gold_gain":0,"player_choice":"Paid","damage_taken":0,"relics_obtained":["Red Mask"],"max_hp_gain":0,"max_hp_loss":0,"event_name":"Tomb of Lord Red Mask","floor":46,"gold_loss":175}],"is_beta":false,"boss_relics":[{"not_picked":["SacredBark","SlaversCollar"],"picked":"Calling Bell"},{"not_picked":["Cursed Key","Pandora\u0027s Box"],"picked":"Empty Cage"}],"items_purged_floors":[0,4],"is_endless":false,"potions_floor_spawned":[2,8,12,14,18,19,24,29,31,33,35,36,38,39,42,45,48,54],"ascension_level":0}}