{"host":"i0avyit1s6jb1siw","time":1607535787,"event":{"gold_per_floor":[113,113,128,53,53,53,67,98,150,150,183,202,236,251,251,251,251],"floor_reached":16,"playtime":399,"items_purged":["Defend_G"],"score":240,"play_id":"80bb6dbe-44f0-4285-9b4b-a0e147446ea8","local_time":"20201209184307","is_ascension_mode":true,"campfire_choices":[{"data":"Crippling Poison","floor":6,"key":"SMITH"},{"data":"Bane","floor":10,"key":"SMITH"},{"floor":15,"key":"REST"}],"neow_cost":"NONE","seed_source_timestamp":58053638475700,"circlet_count":0,"master_deck":["AscendersBane","Strike_G","Strike_G","Strike_G","Defend_G","Defend_G","Defend_G","Defend_G","Survivor","Neutralize","ReplayTheSpireMod:Shiv Toss","Backstab","Crippling Poison+1","Bane+1","Blade Dance","Poisoned Stab","Deadly Poison","Bouncing Flask"],"special_seed":0,"relics":["Ring of the Snake","Golden Idol","Dota2Spire:Vanguard","Replay:Rubber Ducky","ReplayFunnel","Dota2Spire:EtherealBlade"],"potions_floor_usage":[8,11,16],"damage_taken":[{"damage":0,"enemies":"Small Slimes","floor":1,"turns":8},{"damage":1,"enemies":"Cultist","floor":3,"turns":5},{"damage":0,"enemies":"2 Louse","floor":7,"turns":1},{"damage":8,"enemies":"Lagavulin","floor":8,"turns":6},{"damage":8,"enemies":"Gremlin Nob","floor":11,"turns":3},{"damage":0,"enemies":"Large Slime","floor":12,"turns":5},{"damage":21,"enemies":"Replay:BlueRogue","floor":13,"turns":4},{"damage":0,"enemies":"3 Louse","floor":14,"turns":2},{"damage":49,"enemies":"Fading Forest","floor":16,"turns":9}],"seed_played":"-1278968294480878241","potions_obtained":[{"floor":3,"key":"Fire Potion"},{"floor":7,"key":"Strength Potion"},{"floor":14,"key":"Adrenaline Potion"}],"is_trial":false,"path_per_floor":["M","?","M","$","?","R","M","E","T","R","E","M","E","M","R","B"],"character_chosen":"THE_SILENT","items_purchased":[],"campfire_rested":1,"item_purchase_floors":[],"current_hp_per_floor":[59,59,58,58,58,58,58,50,50,50,42,42,21,21,39,0,0],"gold":251,"neow_bonus":"RANDOM_EVENT","is_prod":false,"is_daily":false,"chose_seed":false,"campfire_upgraded":2,"win_rate":0,"timestamp":1607535787,"path_taken":["M","?","M","$","?","R","M","E","T","R","E","M","E","?","R","BOSS"],"build_version":"2020-11-30","purchased_purges":1,"victory":false,"max_hp_per_floor":[66,60,60,60,60,60,60,60,60,60,60,60,60,60,60,60,60],"card_choices":[{"not_picked":["Poisoned Stab","Flying Knee"],"picked":"Backstab","floor":1},{"not_picked":["Dodge and Roll","Slice"],"picked":"Crippling Poison","floor":3},{"not_picked":["Replay:Poison Smokescreen","Endless Agony"],"picked":"Bane","floor":7},{"not_picked":["ReplayTheSpireMod:The Works","Hidden Blade"],"picked":"Blade Dance","floor":8},{"not_picked":["Poisoned Stab","Slice","ReplayTheSpireMod:Shiv Toss"],"picked":"SKIP","floor":11},{"not_picked":["Slice","ReplayTheSpireMod:Shiv Toss"],"picked":"Poisoned Stab","floor":11},{"not_picked":["Quick Slash","Slice"],"picked":"Deadly Poison","floor":12},{"not_picked":["Dagger Throw","Storm of Steel"],"picked":"Bouncing Flask","floor":13},{"not_picked":["Outmaneuver","ReplayTheSpireMod:Exploit Weakness","Flying Knee"],"picked":"SKIP","floor":14}],"player_experience":2058115,"relics_obtained":[{"floor":8,"key":"Dota2Spire:Vanguard"},{"floor":9,"key":"Replay:Rubber Ducky"},{"floor":11,"key":"ReplayFunnel"},{"floor":13,"key":"Dota2Spire:EtherealBlade"}],"event_choices":[{"damage_healed":0,"gold_gain":0,"cards_transformed":["Strike_G"],"player_choice":"Change","damage_taken":0,"max_hp_gain":0,"max_hp_loss":0,"event_name":"Living Wall","floor":0,"gold_loss":0,"cards_obtained":["ReplayTheSpireMod:Shiv Toss"]},{"damage_healed":0,"gold_gain":0,"player_choice":"Lose Max HP","damage_taken":0,"relics_obtained":["Golden Idol"],"max_hp_gain":0,"max_hp_loss":6,"event_name":"Golden Idol","floor":2,"gold_loss":0},{"cards_removed":["Strike_G"],"damage_healed":0,"gold_gain":0,"player_choice":"Purged","damage_taken":0,"max_hp_gain":0,"max_hp_loss":0,"event_name":"Purifier","floor":5,"gold_loss":0}],"is_beta":false,"boss_relics":[],"items_purged_floors":[4],"is_endless":false,"potions_floor_spawned":[3,7,14],"killed_by":"Fading Forest","ascension_level":20}}