{"host":"44og2uqm53oex657","time":1607503902,"event":{"gold_per_floor":[117,42,7,7,25,25,42,56,56,56,73,73,83,112,112,183,183,201,217,227,246,246,246],"floor_reached":22,"playtime":774,"items_purged":["Strike_MRS"],"score":380,"play_id":"5a55a51a-6b60-48a7-9383-1da7e77f6ca4","local_time":"20201209005142","is_ascension_mode":true,"campfire_choices":[{"data":"UpSweep","floor":6,"key":"SMITH"},{"data":"1","floor":10,"key":"LIFT"},{"data":"2","floor":12,"key":"LIFT"},{"data":"OneTimeOff","floor":15,"key":"SMITH"}],"neow_cost":"PERCENT_DAMAGE","seed_source_timestamp":2379617169079400,"circlet_count":0,"master_deck":["AscendersBane","Strike_MRS","Strike_MRS","Strike_MRS","Defend_MRS","Defend_MRS","Defend_MRS","Defend_MRS","MasterSpark","UpSweep+1","MysteriousBeam+1","OneTimeOff+1","6A","AlicesGift","MilkyWay","UnstableBomb+1"],"relics":["MiniHakkero","CaptainsWheel","Girya","Blue Candle","Black Star"],"potions_floor_usage":[11,21],"damage_taken":[{"damage":1,"enemies":"2 Louse","floor":1,"turns":2},{"damage":2,"enemies":"Jaw Worm","floor":5,"turns":4},{"damage":1,"enemies":"Cultist","floor":7,"turns":3},{"damage":1,"enemies":"2 Fungi Beasts","floor":8,"turns":4},{"damage":6,"enemies":"Lots of Slimes","floor":11,"turns":3},{"damage":7,"enemies":"Gremlin Gang","floor":13,"turns":4},{"damage":10,"enemies":"Lagavulin","floor":14,"turns":5},{"damage":3,"enemies":"The Guardian","floor":16,"turns":8},{"damage":13,"enemies":"Shell Parasite","floor":18,"turns":3},{"damage":0,"enemies":"Chosen","floor":19,"turns":3},{"damage":26,"enemies":"Shelled Parasite and Fungi","floor":20,"turns":4},{"damage":13,"enemies":"Snecko","floor":21,"turns":4},{"damage":3,"enemies":"Chosen and Byrds","floor":22,"turns":3}],"seed_played":"-4955478146623860793","potions_obtained":[{"floor":5,"key":"AttackPotion"},{"floor":14,"key":"SneckoOil"},{"floor":18,"key":"Energy Potion"},{"floor":19,"key":"Fire Potion"}],"is_trial":false,"path_per_floor":["M","$","?","?","M","R","M","M","T","R","M","R","M","E","R","B",null,"M","M","M","M","M"],"character_chosen":"MARISA","items_purchased":[],"campfire_rested":0,"item_purchase_floors":[],"current_hp_per_floor":[44,44,61,61,59,59,58,57,57,57,51,51,44,34,34,31,60,47,47,21,8,5,5],"gold":246,"neow_bonus":"ONE_RARE_RELIC","is_prod":false,"is_daily":false,"chose_seed":false,"campfire_upgraded":2,"win_rate":0,"timestamp":1607503902,"path_taken":["M","$","?","?","?","R","M","M","T","R","M","R","M","E","R","BOSS","M","M","M","M","M"],"build_version":"2020-11-30","purchased_purges":1,"victory":false,"max_hp_per_floor":[70,70,70,70,70,70,70,70,70,70,70,70,70,70,70,70,70,70,70,70,70,70,70],"card_choices":[{"not_picked":["WitchLeyline","AsteroidBelt"],"picked":"MysteriousBeam","floor":1},{"not_picked":["ShootingEcho","NonDirectionalLaser","GalacticHalo"],"picked":"SKIP","floor":5},{"not_picked":["LuminesStrike","MysteriousBeam"],"picked":"OneTimeOff","floor":7},{"not_picked":["TreasureHunter","SporeBomb","FairyDestructionRay"],"picked":"SKIP","floor":8},{"not_picked":["SprinkleStarSeal","WitchOfGreed"],"picked":"6A","floor":11},{"not_picked":["GasGiant","AsteroidBelt"],"picked":"AlicesGift","floor":13},{"not_picked":["FairyDestructionRay","RefractionSpark","ChargingUp"],"picked":"SKIP","floor":14},{"not_picked":["GrandCross","DragonMeteor","DarkSpark"],"picked":"SKIP","floor":18},{"not_picked":["ManaConvection","GrandCross","FairyDestructionRay"],"picked":"SKIP","floor":19},{"not_picked":["ShootingEcho","MysteriousBeam"],"picked":"MilkyWay","floor":20},{"not_picked":["OrrerysSun","ChargingUp"],"picked":"UnstableBomb+1","floor":21}],"player_experience":665747,"relics_obtained":[{"floor":9,"key":"Girya"},{"floor":14,"key":"Blue Candle"}],"event_choices":[{"damage_healed":17,"gold_gain":0,"player_choice":"Healed","damage_taken":0,"max_hp_gain":0,"max_hp_loss":0,"event_name":"The Cleric","floor":3,"gold_loss":35},{"damage_healed":0,"gold_gain":0,"player_choice":"Upgraded","damage_taken":0,"max_hp_gain":0,"max_hp_loss":0,"event_name":"Upgrade Shrine","floor":4,"gold_loss":0,"cards_upgraded":["MysteriousBeam"]}],"is_beta":false,"boss_relics":[{"not_picked":["RampagingMagicTools","Cursed Key"],"picked":"Black Star"}],"items_purged_floors":[2],"is_endless":false,"potions_floor_spawned":[5,14,18,19,20],"killed_by":"Chosen and Byrds","ascension_level":20}}