{"host":"htpechobqgpaugnv","time":1607501086,"event":{"gold_per_floor":[118,193,193,64,64,96,96,111,111,111,111,128,128,157,157,232,232,247,247,297,297,297,297,309,338,338,238,267,53,83,98,98,175,175,188,200,200,117,117,117,134,134,134,134,148,178,40,40,40,40,40],"floor_reached":50,"playtime":1493,"items_purged":["Strike_G","Injury","Strike_G+1","Doubt"],"score":1235,"play_id":"583f9405-fce9-4f1c-9e53-1e6ea995280f","local_time":"20201209020446","is_ascension_mode":true,"campfire_choices":[{"data":"Poisoned Stab","floor":7.0,"key":"SMITH"},{"data":"Crippling Poison","floor":13.0,"key":"SMITH"},{"data":"Crippling Poison","floor":15.0,"key":"SMITH"},{"data":"Wraith Form v2","floor":23.0,"key":"SMITH"},{"data":"Noxious Fumes","floor":32.0,"key":"SMITH"},{"floor":40.0,"key":"RECALL"},{"data":"Well Laid Plans","floor":44.0,"key":"SMITH"},{"floor":49.0,"key":"REST"}],"neow_cost":"NONE","seed_source_timestamp":79747792722600,"circlet_count":0,"master_deck":["AscendersBane","Strike_G+1","Defend_G+1","Defend_G+1","Defend_G+1","Defend_G+1","Defend_G+1","Survivor","Neutralize","Poisoned Stab","Eviscerate","Poisoned Stab+1","Crippling Poison+1","All Out Attack","Crippling Poison+1","Wraith Form v2+1","PiercingWail","Leg Sweep","Leg Sweep","PiercingWail","Noxious Fumes+1","PiercingWail","Acrobatics","Burst","Leg Sweep","Blur","Acrobatics+1","Well Laid Plans+1","Dark Shackles","Outmaneuver","Deadly Poison"],"special_seed":0,"relics":["Ring of the Snake","NeowsBlessing","Art of War","Akabeko","Blood Vial","Anchor","Cursed Key","Pen Nib","Snake Skull","Pantograph","SacredBark","Bag of Preparation","MawBank"],"potions_floor_usage":[],"damage_taken":[{"damage":0.0,"enemies":"Jaw Worm","floor":1.0,"turns":1.0},{"damage":0.0,"enemies":"Lagavulin","floor":6.0,"turns":2.0},{"damage":0.0,"enemies":"Small Slimes","floor":8.0,"turns":1.0},{"damage":6.0,"enemies":"2 Louse","floor":12.0,"turns":2.0},{"damage":0.0,"enemies":"Gremlin Nob","floor":14.0,"turns":3.0},{"damage":28.0,"enemies":"The Guardian","floor":16.0,"turns":10.0},{"damage":3.0,"enemies":"2 Thieves","floor":18.0,"turns":4.0},{"damage":6.0,"enemies":"3 Byrds","floor":24.0,"turns":5.0},{"damage":2.0,"enemies":"Book of Stabbing","floor":25.0,"turns":8.0},{"damage":2.0,"enemies":"Slavers","floor":28.0,"turns":5.0},{"damage":0.0,"enemies":"Gremlin Leader","floor":30.0,"turns":6.0},{"damage":1.0,"enemies":"Centurion and Healer","floor":31.0,"turns":6.0},{"damage":19.0,"enemies":"Collector","floor":33.0,"turns":9.0},{"damage":0.0,"enemies":"3 Darklings","floor":35.0,"turns":3.0},{"damage":0.0,"enemies":"3 Shapes","floor":36.0,"turns":4.0},{"damage":22.0,"enemies":"Sphere and 2 Shapes","floor":41.0,"turns":5.0},{"damage":0.0,"enemies":"4 Shapes","floor":45.0,"turns":3.0},{"damage":19.0,"enemies":"Reptomancer","floor":46.0,"turns":9.0},{"damage":73,"enemies":"Awakened One","floor":50,"turns":13}],"seed_played":"-897750398269769425","potions_obtained":[{"floor":6.0,"key":"SkillPotion"},{"floor":16.0,"key":"Fire Potion"},{"floor":18.0,"key":"LiquidMemories"},{"floor":30.0,"key":"AttackPotion"},{"floor":31.0,"key":"Energy Potion"},{"floor":35.0,"key":"Poison Potion"},{"floor":45.0,"key":"SpeedPotion"}],"is_trial":false,"path_per_floor":["M","?","?","$","?","E","R","M","T","?","?","M","R","E","R","B",null,"M","?","?","T","?","R","M","E","T","$","E","$","E","M","R","B",null,"M","M","?","$","?","R","M","?","T","R","M","E","$","?","R","B"],"character_chosen":"THE_SILENT","items_purchased":["BlessingOfTheForge","Noxious Fumes","Well Laid Plans"],"campfire_rested":1,"item_purchase_floors":[4,29,38],"current_hp_per_floor":[59,48,43,43,43,43,43,43,43,43,48,44,44,46,46,20,58,57,57,57,57,57,57,53,53,53,53,53,53,55,56,56,52,66,68,70,70,70,70,70,49,49,49,49,51,34,34,34,55,0,0],"gold":40,"neow_bonus":"THREE_ENEMY_KILL","is_prod":false,"is_daily":false,"chose_seed":false,"campfire_upgraded":6,"win_rate":0,"timestamp":1607501086,"path_taken":["M","?","?","$","?","E","R","?","T","?","?","M","R","E","R","BOSS","M","?","?","?","?","R","M","E","T","$","E","$","E","M","R","BOSS","M","M","?","?","?","R","M","?","T","R","?","E","$","?","R","BOSS"],"build_version":"2020-11-30","purchased_purges":4,"victory":false,"max_hp_per_floor":[66,66,66,66,66,66,66,66,66,66,71,71,71,71,71,71,71,71,71,71,71,71,71,71,71,71,71,71,71,71,71,71,71,71,71,71,71,71,71,71,71,71,71,71,71,71,71,71,71,71,71],"relic_stats":{"Blood Vial":27,"counters":[19,99],"Pantograph":31,"Pen Nib":[6],"Snake Skull":[117],"Art of War":[24],"Bag of Preparation":[6],"Cursed Key":2,"MawBank":12,"obtain_stats":[{"NeowsBlessing":0,"SacredBark":34,"Pen Nib":25,"Snake Skull":28,"Bag of Preparation":43,"Cursed Key":17,"MawBank":46,"Akabeko":6,"Blood Vial":9,"Anchor":14,"Pantograph":30,"Art of War":3,"Ring of the Snake":0},{"NeowsBlessing":0,"SacredBark":13,"Pen Nib":9,"Snake Skull":10,"Bag of Preparation":16,"Cursed Key":6,"MawBank":18,"Akabeko":2,"Blood Vial":3,"Anchor":5,"Pantograph":11,"Art of War":1,"Ring of the Snake":0},{"NeowsBlessing":0,"SacredBark":62,"Pen Nib":36,"Snake Skull":41,"Bag of Preparation":74,"Cursed Key":19,"MawBank":86,"Akabeko":3,"Blood Vial":4,"Anchor":9,"Pantograph":47,"Art of War":1,"Ring of the Snake":0}],"Ring of the Snake":[38]},"card_choices":[{"not_picked":["Underhanded Strike","Cloak And Dagger"],"picked":"Poisoned Stab","floor":1.0},{"not_picked":["PiercingWail","Blade Dance"],"picked":"Poisoned Stab","floor":6.0},{"not_picked":["Underhanded Strike","Backflip"],"picked":"Crippling Poison","floor":8.0},{"not_picked":["Choke","Dash"],"picked":"All Out Attack","floor":12.0},{"not_picked":["Blade Dance","PiercingWail"],"picked":"Crippling Poison","floor":14.0},{"not_picked":["Night Terror","After Image"],"picked":"Wraith Form v2","floor":16.0},{"not_picked":["Slice","Backflip"],"picked":"PiercingWail","floor":18.0},{"not_picked":["Footwork","Slice"],"picked":"Leg Sweep","floor":24.0},{"not_picked":["Storm of Steel","Flying Knee"],"picked":"Leg Sweep","floor":25.0},{"not_picked":["Blur","Sucker Punch+1"],"picked":"PiercingWail","floor":28.0},{"not_picked":["Terror","Outmaneuver"],"picked":"PiercingWail","floor":30.0},{"not_picked":["Footwork","Sucker Punch"],"picked":"Acrobatics","floor":31.0},{"not_picked":["Unload","A Thousand Cuts"],"picked":"Burst","floor":33.0},{"not_picked":["Sucker Punch","Slice"],"picked":"Leg Sweep","floor":35.0},{"not_picked":["Setup","Dagger Spray"],"picked":"Blur","floor":36.0},{"not_picked":["Impatience","Secret Weapon"],"picked":"Dark Shackles","floor":39.0},{"not_picked":["Masterful Stab+1","Dagger Throw"],"picked":"Outmaneuver","floor":41.0},{"not_picked":["Prepared+1","Outmaneuver"],"picked":"Deadly Poison","floor":45.0},{"not_picked":["Expertise+1","Sucker Punch+1","Endless Agony"],"picked":"SKIP","floor":46.0}],"player_experience":1259488,"relics_obtained":[{"floor":6.0,"key":"Akabeko"},{"floor":9.0,"key":"Blood Vial"},{"floor":14.0,"key":"Anchor"},{"floor":25.0,"key":"Pen Nib"},{"floor":28.0,"key":"Snake Skull"},{"floor":30.0,"key":"Pantograph"},{"floor":43.0,"key":"Bag of Preparation"},{"floor":46.0,"key":"MawBank"}],"event_choices":[{"damage_healed":0.0,"max_hp_gain":0.0,"max_hp_loss":0.0,"gold_gain":75.0,"event_name":"World of Goop","player_choice":"Gather Gold","floor":2.0,"gold_loss":0.0,"damage_taken":11.0},{"damage_healed":0.0,"max_hp_gain":0.0,"max_hp_loss":0.0,"gold_gain":0.0,"event_name":"Scrap Ooze","player_choice":"Success","floor":3.0,"gold_loss":0.0,"damage_taken":5.0,"relics_obtained":["Art of War"]},{"damage_healed":0.0,"max_hp_gain":0.0,"max_hp_loss":0.0,"gold_gain":0.0,"cards_transformed":["Strike_G"],"event_name":"Transmorgrifier","player_choice":"Transformed","floor":5.0,"gold_loss":0.0,"damage_taken":0.0,"cards_obtained":["Eviscerate"]},{"damage_healed":0.0,"max_hp_gain":0.0,"max_hp_loss":0.0,"gold_gain":0.0,"event_name":"Liars Game","player_choice":"Ignored","floor":10.0,"gold_loss":0.0,"damage_taken":0.0},{"damage_healed":0.0,"max_hp_gain":5.0,"max_hp_loss":0.0,"gold_gain":0.0,"event_name":"Big Fish","player_choice":"Donut","floor":11.0,"gold_loss":0.0,"damage_taken":0.0},{"damage_healed":0.0,"max_hp_gain":0.0,"max_hp_loss":0.0,"gold_gain":0.0,"event_name":"Back to Basics","player_choice":"Simplicity","floor":19.0,"gold_loss":0.0,"damage_taken":0.0,"cards_upgraded":["Strike_G","Strike_G","Strike_G","Defend_G","Defend_G","Defend_G","Defend_G","Defend_G"]},{"damage_healed":0.0,"max_hp_gain":0.0,"max_hp_loss":0.0,"gold_gain":50.0,"event_name":"Nest","player_choice":"Stole From Cult","floor":20.0,"gold_loss":0.0,"damage_taken":0.0},{"damage_healed":0.0,"max_hp_gain":0.0,"max_hp_loss":0.0,"gold_gain":0.0,"event_name":"The Mausoleum","player_choice":"Ignored","floor":22.0,"gold_loss":0.0,"damage_taken":0.0},{"damage_healed":0.0,"max_hp_gain":0.0,"max_hp_loss":0.0,"gold_gain":0.0,"event_name":"Match and Keep!","player_choice":"1 cards matched","floor":37.0,"gold_loss":0.0,"damage_taken":0.0,"cards_obtained":["Acrobatics"]},{"damage_healed":0.0,"max_hp_gain":0.0,"max_hp_loss":0.0,"gold_gain":0.0,"event_name":"SensoryStone","player_choice":"Memory 1","floor":39.0,"gold_loss":0.0,"damage_taken":0.0},{"cards_removed":["Strike_G"],"damage_healed":0.0,"max_hp_gain":0.0,"max_hp_loss":0.0,"gold_gain":0.0,"event_name":"Purifier","player_choice":"Purged","floor":42.0,"gold_loss":0.0,"damage_taken":0.0},{"damage_healed":0.0,"max_hp_gain":0.0,"max_hp_loss":0.0,"gold_gain":0.0,"event_name":"Upgrade Shrine","player_choice":"Upgraded","floor":48.0,"gold_loss":0.0,"damage_taken":0.0,"cards_upgraded":["Acrobatics"]}],"is_beta":false,"boss_relics":[{"not_picked":["Coffee Dripper","Ring of the Serpent"],"picked":"Cursed Key"},{"not_picked":["Astrolabe","WristBlade"],"picked":"SacredBark"}],"items_purged_floors":[4,27,29,47],"is_endless":false,"potions_floor_spawned":[6,8,16,18,30,31,35,45],"killed_by":"Awakened One","ascension_level":20}}