{"host":"u2dm6glrpyjr66v9","time":1607507438,"event":{"gold_per_floor":[117,392,410,424,21,51,51,11,35,50,225,225,253,270,270,371,371,371,371],"floor_reached":18,"playtime":523,"items_purged":["Regret"],"score":170,"play_id":"dc923535-cc9d-4eee-a09b-c7d6f5165c9f","local_time":"20201209185038","is_ascension_mode":false,"campfire_choices":[{"floor":7,"key":"RECALL"},{"data":"Blizzard","floor":12,"key":"SMITH"},{"floor":15,"key":"REST"}],"neow_cost":"TEN_PERCENT_HP_LOSS","seed_source_timestamp":1187937720293700,"circlet_count":0,"master_deck":["Strike_B","Strike_B","Strike_B","Strike_B","Defend_B","Defend_B","Defend_B","Defend_B","Zap","Dualcast","Cold Snap","Go for the Eyes","Auto Shields","Gash","Conserve Battery","Blizzard+1","Melter","Conserve Battery","Doubt","Steam","Turbo","Machine Learning"],"relics":["Cracked Core","Calipers","HornCleat","Ancient Tea Set","Du-Vu Doll","Nuclear Battery"],"potions_floor_usage":[13,16],"damage_taken":[{"damage":2,"enemies":"Small Slimes","floor":1,"turns":3},{"damage":2,"enemies":"Cultist","floor":3,"turns":3},{"damage":0,"enemies":"2 Louse","floor":4,"turns":2},{"damage":9,"enemies":"Gremlin Nob","floor":6,"turns":4},{"damage":6,"enemies":"2 Fungi Beasts","floor":10,"turns":3},{"damage":14,"enemies":"Lagavulin","floor":13,"turns":8},{"damage":0,"enemies":"Exordium Thugs","floor":14,"turns":4},{"damage":25,"enemies":"The Guardian","floor":16,"turns":13},{"damage":7,"enemies":"Shell Parasite","floor":18,"turns":2}],"seed_played":"-2300857749328256304","potions_obtained":[{"floor":1,"key":"ColorlessPotion"},{"floor":4,"key":"Energy Potion"},{"floor":14,"key":"FocusPotion"}],"is_trial":false,"path_per_floor":["M","?","M","M","$","E","R","$","T","M","?","R","E","M","R","B",null,"M"],"character_chosen":"DEFECT","items_purchased":["HornCleat","Gash","Conserve Battery","Melter"],"campfire_rested":1,"item_purchase_floors":[5,5,5,8],"current_hp_per_floor":[66,66,64,64,64,55,55,55,55,49,49,49,35,35,55,30,68,61,61],"gold":371,"neow_bonus":"ONE_RARE_RELIC","is_prod":false,"is_daily":false,"chose_seed":false,"campfire_upgraded":1,"win_rate":0.0,"timestamp":1607507438,"path_taken":["M","?","M","?","$","E","R","$","T","M","?","R","E","M","R","BOSS","M"],"build_version":"2020-11-30","purchased_purges":1,"victory":false,"max_hp_per_floor":[68,68,68,68,68,68,68,68,68,68,68,68,68,68,68,68,68,68,68],"card_choices":[{"not_picked":["Hello World","Go for the Eyes"],"picked":"Cold Snap","floor":1},{"not_picked":["Doom and Gloom","Chaos"],"picked":"Go for the Eyes","floor":3},{"not_picked":["Ball Lightning","Turbo"],"picked":"Auto Shields","floor":4},{"not_picked":["Steam","Thunder Strike"],"picked":"Blizzard","floor":6},{"not_picked":["Double Energy","Auto Shields"],"picked":"Conserve Battery","floor":10},{"not_picked":["Beam Cell","Rebound"],"picked":"Steam","floor":13},{"not_picked":["Barrage","Hologram"],"picked":"Turbo","floor":14},{"not_picked":["Reboot","Rainbow"],"picked":"Machine Learning","floor":16}],"player_experience":38486,"relics_obtained":[{"floor":6,"key":"Ancient Tea Set"},{"floor":13,"key":"Du-Vu Doll"}],"event_choices":[{"damage_healed":0,"gold_gain":275,"player_choice":"Desecrate","damage_taken":0,"max_hp_gain":0,"max_hp_loss":0,"event_name":"Golden Shrine","floor":2,"gold_loss":0,"cards_obtained":["Regret"]},{"damage_healed":0,"gold_gain":175,"player_choice":"AGREE","damage_taken":0,"max_hp_gain":0,"max_hp_loss":0,"event_name":"Liars Game","floor":11,"gold_loss":0,"cards_obtained":["Doubt"]}],"is_beta":false,"boss_relics":[{"not_picked":["SacredBark","Pandora\u0027s Box"],"picked":"Nuclear Battery"}],"items_purged_floors":[5],"is_endless":false,"potions_floor_spawned":[1,4,14],"killed_by":"Shell Parasite","ascension_level":0}}