{"host":"gk9qdtkqd8dwfeg2","time":1607523994,"event":{"gold_per_floor":[112,112,212,222,58,69,99,109,109,129,129,149,149,149],"floor_reached":13,"playtime":449,"items_purged":[],"score":174,"play_id":"15e1b051-ea83-47bd-af7b-5864985d5fc3","local_time":"20201209222634","is_ascension_mode":true,"campfire_choices":[],"neow_cost":"NONE","seed_source_timestamp":520044987382000,"circlet_count":0,"master_deck":["AscendersBane","Strike_G","Strike_G","Strike_G","Strike_G","Strike_G","Defend_G","Defend_G","Defend_G","Defend_G","Defend_G","Survivor","Neutralize","Acrobatics","Hemogenesis","White Noise","ReplayTheSpireMod:Scrap Shanks","CutThroughFate"],"relics":["Ring of the Snake","testmod-TestBox","testmod-TimeTraveler","NeowsBlessing","Ring of Misfortune","Toy Ornithopter","SacredBark","PrismaticShard","Replay:Kaleidoscope"],"potions_floor_usage":[1,7],"damage_taken":[{"damage":0,"enemies":"2 Louse","floor":1,"turns":1},{"damage":0,"enemies":"Cultist","floor":4,"turns":1},{"damage":0,"enemies":"Jaw Worm","floor":6,"turns":1},{"damage":2,"enemies":"3 Sentries","floor":7,"turns":14},{"damage":24,"enemies":"Gremlin Gang","floor":8,"turns":6},{"damage":0,"enemies":"Looter","floor":10,"turns":4},{"damage":0,"enemies":"Large Slime","floor":12,"turns":8},{"damage":24,"enemies":"Gremlin Nob","floor":13,"turns":4}],"seed_played":"8457566001871886997","potions_obtained":[{"floor":1,"key":"testmod-SpacePotion"},{"floor":2,"key":"Energy Potion"},{"floor":2,"key":"LiquidMemories"},{"floor":2,"key":"Poison Potion"},{"floor":8,"key":"LifebloodPotion"}],"is_trial":false,"path_per_floor":["M","?","?","M","$","M","E","M","T","M","?","M","E"],"character_chosen":"THE_SILENT","items_purchased":["PrismaticShard"],"campfire_rested":0,"item_purchase_floors":[5],"current_hp_per_floor":[59,59,59,59,59,59,62,43,43,48,48,53,34,34],"gold":149,"neow_bonus":"THREE_ENEMY_KILL","is_prod":false,"is_daily":false,"chose_seed":false,"campfire_upgraded":0,"win_rate":0,"timestamp":1607523994,"path_taken":["M","?","?","M","$","M","E","M","T","M","?","?","E"],"build_version":"2020-11-30","purchased_purges":0,"victory":false,"max_hp_per_floor":[66,66,66,66,66,66,66,66,66,66,66,66,66,66],"card_choices":[{"not_picked":["Catalyst","Hidden Blade","Dagger Throw"],"picked":"SKIP","floor":1},{"not_picked":["Choke","Calculated Gamble"],"picked":"Acrobatics","floor":4},{"not_picked":["Heavy Blade","Multi-Cast","Death Dancing"],"picked":"SKIP","floor":6},{"not_picked":["Clothesline","Crescendo"],"picked":"Hemogenesis","floor":7},{"not_picked":["Deadly Poison","Tempest"],"picked":"White Noise","floor":8},{"not_picked":["Redo","Conserve Battery"],"picked":"ReplayTheSpireMod:Scrap Shanks","floor":10},{"not_picked":["Halt","Dagger Throw"],"picked":"CutThroughFate","floor":12}],"player_experience":995319,"relics_obtained":[{"floor":2,"key":"ReplayTheSpireMod:Ring of Addiction"},{"floor":2,"key":"Ring of Misfortune"},{"floor":2,"key":"Toy Ornithopter"},{"floor":2,"key":"SacredBark"},{"floor":7,"key":"Replay:Kaleidoscope"}],"event_choices":[{"damage_healed":0,"gold_gain":100,"player_choice":"Sell","damage_taken":0,"max_hp_gain":0,"max_hp_loss":0,"event_name":"¶÷ÂåË¹µÄÅÌ×Ó","floor":3,"relics_lost":["ReplayTheSpireMod:Ring of Addiction"],"gold_loss":0},{"cards_removed":["Amnesia"],"damage_healed":0,"gold_gain":0,"player_choice":"Removed Curses","damage_taken":0,"max_hp_gain":0,"max_hp_loss":0,"event_name":"Fountain of Cleansing","floor":11,"gold_loss":0}],"is_beta":false,"boss_relics":[],"items_purged_floors":[],"is_endless":false,"potions_floor_spawned":[1,4,8],"killed_by":"Gremlin Nob","ascension_level":20}}