{"host":"o3b7ow6d1xe49css","time":1607492631,"event":{"gold_per_floor":[119,132,152,2,2,35,35,65,92,92,92,92,92,121,121,220,220,232,232,232],"floor_reached":19,"playtime":623,"items_purged":[],"score":229,"play_id":"38a4cfa9-f4ce-40e8-a602-05cc11ea4085","local_time":"20201208204351","daily_mods":["Heirloom","Flight"],"is_ascension_mode":true,"campfire_choices":[{"floor":7,"key":"REST"},{"data":"Rupture","floor":7,"key":"SMITH"},{"floor":10,"key":"REST"},{"data":"Bash","floor":10,"key":"SMITH"},{"data":"Bloodletting","floor":11,"key":"SMITH"},{"data":"Defend_R","floor":12,"key":"SMITH"},{"data":"Defend_R","floor":13,"key":"SMITH"},{"data":"Rampage","floor":15,"key":"SMITH"}],"neow_cost":"","seed_source_timestamp":288450592967100,"circlet_count":0,"master_deck":["Strike_R","Strike_R","Strike_R","Strike_R","Strike_R","Defend_R+1","Defend_R+1","Defend_R+1","Defend_R+1","Bash+1","Rampage+1","Bloodletting+1","Rupture+1","hubris:ReadiedAction","Reaper","CurseOfTheBell"],"relics":["Burning Blood","Ring of Chaos","BicycleWheel","StuffTheSpire:DullRazor","infinitespire:Magic Flask","Oddly Smooth Stone","Tiny Chest","Singing Bowl","Calling Bell","StuffTheSpire:Barrel","Replay:Accelerometer","hubris:Potato"],"potions_floor_usage":[19],"damage_taken":[{"damage":2,"enemies":"Jaw Worm","floor":1,"turns":4},{"damage":7,"enemies":"2 Louse","floor":2,"turns":4},{"damage":3,"enemies":"Cultist","floor":3,"turns":2},{"damage":19,"enemies":"Lagavulin","floor":6,"turns":6},{"damage":46,"enemies":"3 Sentries","floor":8,"turns":8},{"damage":8,"enemies":"Replay:BlueRogue","floor":14,"turns":4},{"damage":47,"enemies":"Fading Forest","floor":16,"turns":11},{"damage":20,"enemies":"Elementarium:Cyclone","floor":18,"turns":6},{"damage":7,"enemies":"Elementarium:MUD_AND_TAR_GOLEMS","floor":19,"turns":2}],"seed_played":"894043873642128889","potions_obtained":[{"floor":2,"key":"Ancient Potion"},{"floor":14,"key":"Weak Potion"}],"is_trial":true,"path_per_floor":["M","M","M","$","?","E","R","E","T","R","R","R","R","E","R","B",null,"M","M"],"character_chosen":"IRONCLAD","items_purchased":["StuffTheSpire:DullRazor"],"campfire_rested":2,"item_purchase_floors":[4],"current_hp_per_floor":[80,79,80,80,64,51,75,35,35,59,59,59,59,59,59,36,71,63,56,56],"gold":232,"neow_bonus":"","is_prod":false,"is_daily":false,"chose_seed":false,"campfire_upgraded":6,"win_rate":0,"timestamp":1607492631,"path_taken":["M","M","M","$","?","E","R","E","T","R","R","R","R","E","R","BOSS","M","M"],"build_version":"2020-11-30","purchased_purges":0,"victory":false,"max_hp_per_floor":[80,80,80,80,80,80,80,80,80,80,80,80,80,82,82,82,82,84,84,84],"card_choices":[{"not_picked":["Anger","hubris:ReadiedAction"],"picked":"Rampage","floor":1},{"not_picked":["Infernal Blade","Headbutt"],"picked":"Bloodletting","floor":2},{"not_picked":["Run Through","Flame Barrier"],"picked":"Rupture","floor":3},{"not_picked":["Flame Barrier","hubris:CleavingFinish"],"picked":"hubris:ReadiedAction","floor":6},{"not_picked":["Wild Strike","Defy Death","hubris:SharpeningStone"],"picked":"SKIP","floor":8},{"not_picked":["Armaments","StuffTheSpire:TitanForm","conspire:Charge"],"picked":"Singing Bowl","floor":14},{"not_picked":["Hemogenesis","Exhume"],"picked":"Reaper","floor":16},{"not_picked":["Intimidate","Pommel Strike","Infernal Blade"],"picked":"Singing Bowl","floor":18}],"player_experience":1694197,"relics_obtained":[{"floor":6,"key":"infinitespire:Magic Flask"},{"floor":8,"key":"Oddly Smooth Stone"},{"floor":9,"key":"Tiny Chest"},{"floor":14,"key":"Singing Bowl"},{"floor":17,"key":"StuffTheSpire:Barrel"},{"floor":17,"key":"Replay:Accelerometer"},{"floor":17,"key":"hubris:Potato"}],"event_choices":[{"damage_healed":80,"gold_gain":0,"player_choice":"Upgrade","damage_taken":16,"max_hp_gain":0,"max_hp_loss":80,"event_name":"betterThird:BetterShining","floor":5,"gold_loss":0,"cards_upgraded":["Defend_R","Defend_R"]}],"is_beta":false,"boss_relics":[{"not_picked":["conspire:RoyalGoblet","ReplayTheSpireMod:DimensionalGlitch"],"picked":"Calling Bell"}],"items_purged_floors":[],"is_endless":false,"potions_floor_spawned":[2,14],"killed_by":"Elementarium:MUD_AND_TAR_GOLEMS","ascension_level":5}}