{"host":"i9wanet4r0ff4t9y","time":1607502208,"event":{"gold_per_floor":[117,128,144,76,87,87,87,103,103,121,121,135,135,135,135,231,231,249,174,164,164,183,183,31,31,83,100,110,110,39,50,50,50,50],"floor_reached":33,"playtime":1737,"items_purged":[],"score":266,"play_id":"956a0b70-5032-46d2-8966-049dd171798a","local_time":"20201209092328","is_ascension_mode":false,"campfire_choices":[{"data":"ReapSow","floor":6.0,"key":"SMITH"},{"floor":11.0,"key":"REST"},{"floor":15.0,"key":"REST"},{"floor":23.0,"key":"REST"},{"data":"BeatsPerMinute","floor":25.0,"key":"SMITH"},{"floor":32.0,"key":"DIG"}],"neow_cost":"BASIC_CARDS","seed_source_timestamp":5131240494667,"circlet_count":0,"master_deck":["Allargando","Allargando+1","Allegro","Allegro","Strike_Br","Strike_Br","Strike_Br+1","Strike_Br","Defend_Br","Defend_Br","Defend_Br","Defend_Br","SecondHand","PatternShift+1","Defend_P","sneckomod:Defend","ReapSow+3","LockedWhetstone+1","Engulf","BeatsPerMinute+1","LockedThread","LockedCalendar","LockedBlood","LockedScales","LockedAstrolabe","Injury","Parasite","Allargando+1","SlimeSpray","OracleForm+1","LockedLightning","HandsUpC+1","LockedWarPaint","BeatsPerMinute","BeatsPerMinute","HandsUpC"],"special_seed":0,"relics":["Chronometer","StoneCalendar","White Beast Statue","FaceOfCleric","Replay:Ancient Bell","Replay:Wax Seal","Garlic","Durian","Replay:Baseball","Gremlin Food","Matryoshka"],"potions_floor_usage":[33,33],"damage_taken":[{"damage":12.0,"enemies":"Cultist","floor":1.0,"turns":6.0},{"damage":0.0,"enemies":"Small Slimes","floor":2.0,"turns":4.0},{"damage":6.0,"enemies":"2 Louse","floor":3.0,"turns":2.0},{"damage":4.0,"enemies":"2 Fungi Beasts","floor":5.0,"turns":4.0},{"damage":3.0,"enemies":"Red Slaver","floor":8.0,"turns":2.0},{"damage":16.0,"enemies":"Blue Slaver","floor":10.0,"turns":6.0},{"damage":28.0,"enemies":"Exordium Thugs","floor":12.0,"turns":5.0},{"damage":20.0,"enemies":"Hexaghost","floor":16.0,"turns":10.0},{"damage":24.0,"enemies":"Spheric Guardian","floor":18.0,"turns":7.0},{"damage":13.0,"enemies":"2 Thieves","floor":20.0,"turns":4.0},{"damage":13.0,"enemies":"Snake Plant","floor":22.0,"turns":4.0},{"damage":32.0,"enemies":"Shelled Parasite and Fungi","floor":27.0,"turns":6.0},{"damage":11.0,"enemies":"Centurion and Healer","floor":28.0,"turns":7.0},{"damage":5.0,"enemies":"Chosen and Byrds","floor":31.0,"turns":7.0},{"damage":48,"enemies":"Automaton","floor":33,"turns":9}],"seed_played":"4433313377697229433","potions_obtained":[{"floor":2.0,"key":"BlessingOfTheForge"},{"floor":3.0,"key":"HastePotion"},{"floor":10.0,"key":"Fire Potion"},{"floor":12.0,"key":"LiquidMemories"},{"floor":16.0,"key":"Swift Potion"},{"floor":18.0,"key":"EntropicBrew"},{"floor":20.0,"key":"Fire Potion"},{"floor":22.0,"key":"Weak Potion"},{"floor":27.0,"key":"Guardian:BlockOnCardUsePotion"},{"floor":28.0,"key":"DistilledChaos"},{"floor":29.0,"key":"FairyPotion"},{"floor":29.0,"key":"Explosive Potion"},{"floor":31.0,"key":"Fire Potion"}],"is_trial":false,"path_per_floor":["M","M","M","$","M","R","?","M","T","M","R","M","?","?","R","B",null,"M","?","M","?","M","R","$","R","T","M","M","?","$","M","R","B"],"character_chosen":"CHRONO_CLASS","items_purchased":["BeatsPerMinute","Replay:Baseball","BeatsPerMinute"],"campfire_rested":3,"item_purchase_floors":[4,24,30],"current_hp_per_floor":[53,53,47,47,43,43,30,27,27,11,30,4,4,4,23,10,71,48,48,36,36,26,48,48,48,48,17,9,9,9,11,11,0,0],"gold":50,"neow_bonus":"ONE_RARE_RELIC","is_prod":false,"is_daily":false,"chose_seed":false,"campfire_upgraded":2,"win_rate":0.0,"timestamp":1607502208,"path_taken":["M","?","M","$","M","R","?","M","T","M","R","M","?","?","R","BOSS","M","?","M","?","M","R","$","R","T","?","M","?","$","M","R","BOSS"],"build_version":"2020-11-30","purchased_purges":0,"victory":false,"max_hp_per_floor":[65,65,65,65,65,65,65,65,65,65,65,65,65,65,65,66,71,72,72,73,73,74,74,74,74,74,75,76,76,76,77,77,77,77],"relic_stats":{"FaceOfCleric":7,"counters":[15,83],"StoneCalendar":[139],"obtain_stats":[{"Gremlin Food":26,"Replay:Baseball":24,"Matryoshka":32,"FaceOfCleric":14,"Chronometer":0,"StoneCalendar":0,"Replay:Ancient Bell":17,"Garlic":17,"Durian":17,"Replay:Wax Seal":17,"White Beast Statue":9},{"Gremlin Food":11,"Replay:Baseball":11,"Matryoshka":14,"FaceOfCleric":7,"Chronometer":0,"StoneCalendar":0,"Replay:Ancient Bell":8,"Garlic":8,"Durian":8,"Replay:Wax Seal":8,"White Beast Statue":5},{"Gremlin Food":54,"Replay:Baseball":54,"Matryoshka":74,"FaceOfCleric":29,"Chronometer":0,"StoneCalendar":0,"Replay:Ancient Bell":39,"Garlic":39,"Durian":39,"Replay:Wax Seal":39,"White Beast Statue":18}]},"card_choices":[{"not_picked":["HandsUpB","Break"],"picked":"ReapSow","floor":1.0},{"not_picked":["TiringSlam","LockedPlans"],"picked":"LockedWhetstone","floor":2.0},{"not_picked":["AlternateTimeline","LockedOrichalcum"],"picked":"Engulf","floor":3.0},{"not_picked":["Parity","PrimeTime"],"picked":"LockedThread","floor":5.0},{"not_picked":["Tempo","PrimeTime"],"picked":"LockedCalendar","floor":8.0},{"not_picked":["HandsUpB","WindUp"],"picked":"LockedBlood","floor":10.0},{"not_picked":["Facsimile","WindUp"],"picked":"LockedScales","floor":12.0},{"not_picked":["LockedBell","Chronoelasticity"],"picked":"LockedAstrolabe","floor":16.0},{"not_picked":["Hallucinations","AbeCurse"],"picked":"Regret","floor":17.0},{"not_picked":["Slimebound:Icky","ReplayTheSpireMod:Restless Dread"],"picked":"Injury","floor":17.0},{"not_picked":["ReplayTheSpireMod:Doomed","CurseOfTheBell"],"picked":"Parasite","floor":17.0},{"not_picked":["Parity","ExoVibe"],"picked":"SlimeSpray","floor":18.0},{"not_picked":["LockedBell+1","LockedCalendar+1"],"picked":"OracleForm+1","floor":19.0},{"not_picked":["LockedMawBank","Tempo"],"picked":"LockedLightning","floor":20.0},{"not_picked":["LockedMedicine","AlternateTimeline+1"],"picked":"HandsUpC+1","floor":22.0},{"not_picked":["Parity","LockedScales"],"picked":"LockedWarPaint","floor":27.0},{"not_picked":["LockedOrichalcum","HandsUpB"],"picked":"BeatsPerMinute","floor":28.0},{"not_picked":["ExoVibe","SlimeSpray"],"picked":"HandsUpC","floor":31.0}],"player_experience":307249,"relics_obtained":[{"floor":9.0,"key":"White Beast Statue"},{"floor":26.0,"key":"Gremlin Food"},{"floor":32.0,"key":"Matryoshka"}],"event_choices":[{"damage_healed":43.0,"max_hp_gain":0.0,"max_hp_loss":65.0,"gold_gain":0.0,"event_name":"betterThird:BetterShining","player_choice":"Upgrade","floor":7.0,"gold_loss":0.0,"damage_taken":13.0,"cards_upgraded":["PatternShift","Strike_Br"]},{"damage_healed":0.0,"max_hp_gain":0.0,"max_hp_loss":0.0,"gold_gain":0.0,"event_name":"FaceTrader","player_choice":"Trade","floor":14.0,"gold_loss":0.0,"damage_taken":0.0,"relics_obtained":["FaceOfCleric"]},{"damage_healed":0.0,"max_hp_gain":0.0,"max_hp_loss":0.0,"gold_gain":0.0,"event_name":"betterMatch:BetterMatch","player_choice":"2","floor":19.0,"gold_loss":0.0,"damage_taken":0.0,"cards_obtained":["betterMatch:RareCard"]},{"cards_removed":["Regret"],"damage_healed":0.0,"max_hp_gain":0.0,"max_hp_loss":0.0,"gold_gain":0.0,"event_name":"Purifier","player_choice":"Purged","floor":21.0,"gold_loss":0.0,"damage_taken":0.0},{"damage_healed":0.0,"max_hp_gain":0.0,"max_hp_loss":0.0,"gold_gain":0.0,"event_name":"Lab","player_choice":"Got Potions","floor":29.0,"gold_loss":0.0,"damage_taken":0.0}],"is_beta":false,"boss_relics":[{"not_picked":["Busted Crown","Philosopher\u0027s Stone"],"picked":"Replay:Ancient Bell"},{"not_picked":["Grinning Jar","Replay:Mystery Machine"],"picked":"Replay:Wax Seal"},{"not_picked":["Replay:Bottled Flurry","Letter Opener"],"picked":"Garlic"},{"not_picked":["Unceasing Top","WaitingRoom"],"picked":"Durian"}],"items_purged_floors":[],"is_endless":false,"potions_floor_spawned":[2,3,10,12,16,18,20,22,27,28,31],"killed_by":"Automaton","ascension_level":0}}