{"host":"wxw8prxnvl2l5twp","time":1607500225,"event":{"gold_per_floor":[99999,99999,99999,99953,99078,99091,99101,98542,98566,97400,97400,97400,96427,96442,96442,96547,96547,96457,96457,96457,96457,96457,96457,96457,95792,95792,95792,95326,95326,95326,95326,95326,95326,95326,95326,95326,95326,95051,95051,95051,95051,95051,95051,95051,95051,95051,95051,94742,94742,94742],"floor_reached":51,"playtime":2154,"items_purged":["Strike_B","Strike_B","Strike_B","Defend_B","Defend_B","Dualcast"],"score":970,"play_id":"130cc01c-9642-40fc-b05b-d67804421018","local_time":"20201209165025","is_ascension_mode":false,"campfire_choices":[{"data":"Apotheosis","floor":12,"key":"SMITH"},{"data":"Seek","floor":15,"key":"SMITH"},{"data":"Storm","floor":27,"key":"SMITH"},{"data":"FTL","floor":29,"key":"SMITH"},{"data":"Secret Technique","floor":32,"key":"SMITH"},{"data":"Chill","floor":40,"key":"SMITH"},{"data":"1","floor":42,"key":"LIFT"},{"data":"2","floor":46,"key":"LIFT"},{"data":"Fission","floor":49,"key":"SMITH"}],"neow_cost":"NONE","seed_source_timestamp":12513932401600,"circlet_count":0,"master_deck":["Zap","Glacier","Defragment","Compile Driver","Go for the Eyes","Steam","Coolheaded","Genetic Algorithm","Apotheosis+1","Capacitor","Seek+1","Lockon+1","Discovery","Conserve Battery","Heatsinks","Auto Shields","Creative AI","Storm+1","Self Repair","Blizzard","RitualDagger","Ball Lightning","Loop","Turbo","Impatience","FTL+1","Thunder Strike+1","Secret Technique+1","Reboot","Madness","Madness","Steam Power+1","Tempest+1","Static Discharge+1","Melter","Double Energy","Chill+1","Fission+1"],"relics":["Cracked Core","Omamori","HandDrill","Regal Pillow","Meat on the Bone","HornCleat","Lantern","Anchor","Chemical X","Ancient Tea Set","Blue Candle","Girya","Gambling Chip","Ectoplasm","Bag of Preparation","Membership Card","Pear","Singing Bowl","Bronze Scales","TheAbacus","Juzu Bracelet","Letter Opener","Lizard Tail","Ornamental Fan","Whetstone","Philosopher\u0027s Stone","MealTicket","Orrery","Bottled Tornado","Peace Pipe","TungstenRod","Bird Faced Urn","Frozen Eye","Mango","Pen Nib"],"potions_floor_usage":[6,16,22,22,50,50,50,50,50],"damage_taken":[{"damage":0,"enemies":"2 Louse","floor":1,"turns":2},{"damage":5,"enemies":"Small Slimes","floor":6,"turns":3},{"damage":0,"enemies":"Jaw Worm","floor":7,"turns":4},{"damage":0,"enemies":"Large Slime","floor":14,"turns":5},{"damage":0,"enemies":"The Guardian","floor":16,"turns":8},{"damage":1,"enemies":"2 Thieves","floor":18,"turns":5},{"damage":0,"enemies":"Shell Parasite","floor":22,"turns":4},{"damage":13,"enemies":"Gremlin Leader","floor":23,"turns":5},{"damage":0,"enemies":"Snecko","floor":24,"turns":4},{"damage":0,"enemies":"Colosseum Slavers","floor":30,"turns":2},{"damage":0,"enemies":"Colosseum Nobs","floor":30,"turns":3},{"damage":6,"enemies":"Book of Stabbing","floor":31,"turns":3},{"damage":0,"enemies":"Champ","floor":33,"turns":4},{"damage":0,"enemies":"Orb Walker","floor":35,"turns":2},{"damage":0,"enemies":"2 Orb Walkers","floor":39,"turns":3},{"damage":0,"enemies":"3 Shapes","floor":44,"turns":1},{"damage":0,"enemies":"Giant Head","floor":45,"turns":2},{"damage":0,"enemies":"Sphere and 2 Shapes","floor":47,"turns":2},{"damage":10,"enemies":"Time Eater","floor":50,"turns":6}],"seed_played":"1544690216171740080","potions_obtained":[{"floor":1,"key":"LiquidMemories"},{"floor":6,"key":"Energy Potion"},{"floor":31,"key":"Regen Potion"}],"is_trial":false,"path_per_floor":["M","?","?","?","$","M","M","$","T","$","?","R","$","M","R","B",null,"M","?","?","?","M","E","M","$","T","R","$","R","?","E","R","B",null,"M","?","?","$","?","R","?","R","T","M","E","R","M","$","R","B",null],"character_chosen":"DEFECT","items_purchased":["HandDrill","Regal Pillow","Meat on the Bone","Energy Potion","Fire Potion","Defragment","Compile Driver","Go for the Eyes","HornCleat","Lantern","Genetic Algorithm","Chemical X","Ancient Tea Set","Blue Candle","Apotheosis","Capacitor","Seek","Lockon","EntropicBrew","Girya","Gambling Chip","Discovery","Conserve Battery","Heatsinks","Regen Potion","Membership Card","Pear","Singing Bowl","Impatience","FTL","Thunder Strike","EntropicBrew","TheAbacus","Juzu Bracelet","Letter Opener","Secret Technique","MealTicket","Orrery","Bottled Tornado","Frozen Eye","Mango","Pen Nib"],"campfire_rested":0,"item_purchase_floors":[5,5,5,5,5,5,5,5,8,8,8,10,10,10,10,10,10,10,10,13,13,13,13,13,13,25,25,25,25,25,25,25,28,28,28,28,38,38,38,48,48,48],"current_hp_per_floor":[75,68,68,68,68,63,63,63,63,63,68,68,68,68,68,68,80,79,64,64,58,80,74,81,91,91,91,91,91,97,99,99,99,99,101,101,88,88,98,98,100,100,100,105,107,107,107,121,121,121],"gold":94742,"neow_bonus":"RANDOM_COMMON_RELIC","is_prod":false,"is_daily":false,"chose_seed":false,"campfire_upgraded":7,"win_rate":1,"timestamp":1607500225,"path_taken":["M","?","?","?","$","?","M","$","T","$","?","R","?","M","R","BOSS","M","?","?","?","M","E","M","$","T","R","$","R","?","E","R","BOSS","M","?","?","$","?","R","?","R","T","M","E","R","M","$","R","BOSS"],"build_version":"2020-11-30","purchased_purges":6,"victory":true,"max_hp_per_floor":[75,75,75,75,75,75,75,75,75,75,80,80,80,80,80,80,80,80,85,85,85,85,85,85,95,95,95,95,95,97,99,99,99,99,101,101,101,101,101,101,103,103,103,105,107,107,107,121,121,121],"card_choices":[{"not_picked":["Steam Power","Streamline"],"picked":"Glacier","floor":1},{"not_picked":["White Noise","Coolheaded"],"picked":"Steam","floor":6},{"not_picked":["Beam Cell","Compile Driver"],"picked":"Coolheaded","floor":7},{"not_picked":["Turbo","Beam Cell"],"picked":"Auto Shields","floor":14},{"not_picked":["Machine Learning","Multi-Cast"],"picked":"Creative AI","floor":16},{"not_picked":["Turbo","Hologram"],"picked":"Storm","floor":18},{"not_picked":["Scrape","Aggregate"],"picked":"Ball Lightning","floor":22},{"not_picked":["Cold Snap","Turbo"],"picked":"Loop","floor":23},{"not_picked":["Gash","Barrage"],"picked":"Turbo","floor":24},{"not_picked":["Stack+1","Streamline","Leap"],"picked":"Singing Bowl","floor":30},{"not_picked":["Conserve Battery","Beam Cell+1","Barrage"],"picked":"Singing Bowl","floor":31},{"not_picked":["Biased Cognition","Multi-Cast"],"picked":"Reboot","floor":33},{"not_picked":["Loop","Rebound+1","Steam+1"],"picked":"Singing Bowl","floor":35},{"not_picked":["Storm+1","Chaos+1"],"picked":"Steam Power+1","floor":38},{"not_picked":["Ball Lightning+1","Sweeping Beam"],"picked":"Tempest+1","floor":38},{"not_picked":["Hologram+1","Redo+1"],"picked":"Static Discharge+1","floor":38},{"not_picked":["Glacier+1","Ball Lightning"],"picked":"Melter","floor":38},{"not_picked":["Turbo","Tempest+1"],"picked":"Double Energy","floor":38},{"not_picked":["Blizzard","Compile Driver+1"],"picked":"Chill","floor":39},{"not_picked":["PanicButton","Purity","Secret Weapon"],"picked":"Singing Bowl","floor":41},{"not_picked":["Coolheaded","Doom and Gloom","Genetic Algorithm+1"],"picked":"Singing Bowl","floor":44},{"not_picked":["Force Field","Redo","Gash"],"picked":"Singing Bowl","floor":45},{"not_picked":["Aggregate+1","Barrage"],"picked":"Fission","floor":47}],"player_experience":49477,"relics_obtained":[{"floor":9,"key":"Anchor"},{"floor":23,"key":"Bag of Preparation"},{"floor":26,"key":"Bronze Scales"},{"floor":30,"key":"Lizard Tail"},{"floor":30,"key":"Ornamental Fan"},{"floor":31,"key":"Whetstone"},{"floor":39,"key":"Peace Pipe"},{"floor":43,"key":"TungstenRod"},{"floor":45,"key":"Bird Faced Urn"}],"event_choices":[{"cards_removed":["Strike_B"],"damage_healed":0,"gold_gain":0,"player_choice":"Card Removal","damage_taken":7,"max_hp_gain":0,"max_hp_loss":0,"event_name":"Golden Wing","floor":2,"gold_loss":0},{"damage_healed":0,"gold_gain":0,"player_choice":"Ignored","damage_taken":0,"max_hp_gain":0,"max_hp_loss":0,"event_name":"Golden Idol","floor":3,"gold_loss":0},{"damage_healed":0,"gold_gain":0,"player_choice":"Left Gold","damage_taken":0,"max_hp_gain":0,"max_hp_loss":0,"event_name":"World of Goop","floor":4,"gold_loss":46},{"damage_healed":0,"gold_gain":0,"player_choice":"Donut","damage_taken":0,"max_hp_gain":5,"max_hp_loss":0,"event_name":"Big Fish","floor":11,"gold_loss":0},{"damage_healed":0,"gold_gain":0,"player_choice":"Shed Blood","damage_taken":20,"max_hp_gain":5,"max_hp_loss":0,"event_name":"Forgotten Altar","floor":19,"gold_loss":0},{"damage_healed":0,"gold_gain":0,"cards_transformed":["Defend_B","Defend_B"],"player_choice":"Became Test Subject","damage_taken":0,"max_hp_gain":0,"max_hp_loss":0,"event_name":"Drug Dealer","floor":20,"gold_loss":0,"cards_obtained":["Self Repair","Blizzard"]},{"damage_healed":0,"gold_gain":0,"player_choice":"Joined the Cult","damage_taken":6,"max_hp_gain":0,"max_hp_loss":0,"event_name":"Nest","floor":21,"gold_loss":0,"cards_obtained":["RitualDagger"]},{"damage_healed":0,"gold_gain":0,"player_choice":"Fight","damage_taken":0,"max_hp_gain":0,"max_hp_loss":0,"event_name":"Colosseum","floor":30,"gold_loss":0},{"damage_healed":0,"gold_gain":0,"player_choice":"Fought Nobs","damage_taken":0,"max_hp_gain":0,"max_hp_loss":0,"event_name":"Colosseum","floor":30,"gold_loss":0},{"damage_healed":0,"gold_gain":0,"player_choice":"Ignored","damage_taken":0,"max_hp_gain":0,"max_hp_loss":0,"event_name":"Tomb of Lord Red Mask","floor":36,"gold_loss":0},{"damage_healed":0,"gold_gain":0,"player_choice":"Embrace Madness","damage_taken":13,"max_hp_gain":0,"max_hp_loss":0,"event_name":"Winding Halls","floor":37,"gold_loss":0,"cards_obtained":["Madness","Madness"]},{"damage_healed":0,"gold_gain":0,"player_choice":"Fight","damage_taken":0,"max_hp_gain":0,"max_hp_loss":0,"event_name":"Mysterious Sphere","floor":39,"gold_loss":0},{"damage_healed":0,"gold_gain":0,"player_choice":"Memory 1","damage_taken":0,"max_hp_gain":0,"max_hp_loss":0,"event_name":"SensoryStone","floor":41,"gold_loss":0}],"is_beta":false,"boss_relics":[{"not_picked":["Inserter","Runic Dome"],"picked":"Ectoplasm"},{"not_picked":["Snecko Eye","Empty Cage"],"picked":"Philosopher\u0027s Stone"}],"items_purged_floors":[5,8,10,13,25,28],"is_endless":false,"potions_floor_spawned":[1,6,14,18,22,31,33,35,39],"ascension_level":0}}