{"host":"tst5pjz7m60hr0pr","time":1607490383,"event":{"gold_per_floor":[113,113,113,113,131,162,182,182,222,247,247,262,281,206,206],"floor_reached":14,"playtime":1544,"items_purged":["Regret"],"score":100,"play_id":"bc8e7af7-e1a6-4968-a78d-6d2e869c9ec9","local_time":"20201208230623","is_ascension_mode":false,"campfire_choices":[{"floor":8,"key":"REST"},{"data":"BestPractice","floor":11,"key":"SMITH"},{"data":"Exchange","floor":11,"key":"SMITH"}],"neow_cost":"NONE","seed_source_timestamp":846905425022500,"circlet_count":0,"master_deck":["Strike_S+1","Strike_S","Strike_S","Strike_S","Defend_S","Defend_S","Defend_S","Defend_S","KidneyShot","Exchange+1","ShatteredReality","BestPractice+1","DoubleEdge","Spin","FastForward","ReturningBlade","Defy","Rearm"],"relics":["Uniform","aspiration:Nostalgia","Shade:YorickSkull","halation:StarCompass","StuffTheSpire:RedRose","Pen Nib","ReplayFunnel","halation:PenCase"],"potions_floor_usage":[14,14],"damage_taken":[{"damage":9,"enemies":"Cultist","floor":1,"turns":5},{"damage":7,"enemies":"conspire:RoseBush","floor":5,"turns":3},{"damage":14,"enemies":"Replay:BlueRogue","floor":6,"turns":5},{"damage":2,"enemies":"Small Slimes","floor":7,"turns":3},{"damage":5,"enemies":"Looter","floor":9,"turns":5},{"damage":8,"enemies":"HollowMod:MossKnight","floor":10,"turns":9},{"damage":4,"enemies":"Looter","floor":12,"turns":3},{"damage":14,"enemies":"Red Slaver","floor":13,"turns":2},{"damage":23,"enemies":"hubris:Merchant","floor":14,"turns":5}],"seed_played":"8285270139065327502","potions_obtained":[{"floor":6,"key":"Ancient Potion"},{"floor":10,"key":"PowerPotion"},{"floor":12,"key":"Dexterity Potion"}],"is_trial":false,"path_per_floor":["M","?","?","?","M","E","M","R","MIM","E","R","M","M","$"],"character_chosen":"THE_SERVANT","items_purchased":[],"campfire_rested":1,"item_purchase_floors":[],"current_hp_per_floor":[56,56,56,56,49,35,33,52,47,39,39,35,21,0,0],"gold":206,"neow_bonus":"NOSTALGIA","is_prod":false,"is_daily":false,"chose_seed":false,"campfire_upgraded":2,"win_rate":0.0,"timestamp":1607490383,"path_taken":["M","?","?","?","M","E","M","R","MIM","E","R","M","?","$"],"build_version":"2020-11-30","purchased_purges":1,"victory":false,"max_hp_per_floor":[65,65,65,65,65,65,65,65,65,65,65,65,65,65,65],"card_choices":[{"not_picked":["Ricochet","BottledTime"],"picked":"ShatteredReality","floor":1},{"not_picked":["BottledTime","LightFlow"],"picked":"BestPractice","floor":5},{"not_picked":["MoonPhase","BottledTime"],"picked":"DoubleEdge","floor":6},{"not_picked":["DoubleEdge","BottledTime"],"picked":"Spin","floor":7},{"not_picked":["Solidify","StarChef"],"picked":"FastForward","floor":9},{"not_picked":["BottledTime","TimeWarp"],"picked":"ReturningBlade","floor":10},{"not_picked":["Rewind","Collapse"],"picked":"Defy","floor":12},{"not_picked":["FastForward","Spin"],"picked":"Rearm","floor":13}],"player_experience":216439,"relics_obtained":[{"floor":6,"key":"Pen Nib"},{"floor":9,"key":"ReplayFunnel"},{"floor":10,"key":"halation:PenCase"}],"event_choices":[],"is_beta":false,"boss_relics":[],"items_purged_floors":[14],"is_endless":false,"potions_floor_spawned":[6,10,12],"killed_by":"hubris:Merchant","ascension_level":0}}