{"host":"69rply1jf2d1wbmp","time":1607546765,"event":{"gold_per_floor":[15,15,15,29,43,43,78,78,78,88,114,39,4,4,4,99,99,113,131,156,12,27,57,57,88,88,187,187,187],"floor_reached":28,"playtime":997,"items_purged":["Strike_B"],"score":264,"play_id":"859890d9-88ec-47b4-868e-09b0861df67c","local_time":"20201209154605","is_ascension_mode":false,"campfire_choices":[{"data":"Zap","floor":6,"key":"SMITH"},{"floor":8,"key":"REST"},{"data":"Streamline","floor":15,"key":"SMITH"}],"neow_cost":"NO_GOLD","seed_source_timestamp":1003312802777900,"circlet_count":0,"master_deck":["Strike_B","Strike_B","Defend_B","Defend_B","Defend_B","Zap+1","Transmutation+1","Loop","Sweeping Beam","Streamline+1","Leap","Buffer","Self Repair","Auto Shields+1","Transmutation+1","Leap","Leap+1"],"relics":["Cracked Core","HornCleat","Bottled Lightning","InkBottle","NlothsMask","Empty Cage","DollysMirror","Toy Ornithopter","Vajra"],"potions_floor_usage":[22,22,22,23,23,23,25,28],"damage_taken":[{"damage":1,"enemies":"Jaw Worm","floor":1,"turns":5},{"damage":5,"enemies":"2 Louse","floor":4,"turns":4},{"damage":4,"enemies":"Cultist","floor":5,"turns":3},{"damage":12,"enemies":"Lagavulin","floor":7,"turns":4},{"damage":8,"enemies":"Red Slaver","floor":10,"turns":3},{"damage":20,"enemies":"Gremlin Nob","floor":11,"turns":4},{"damage":16,"enemies":"The Guardian","floor":16,"turns":11},{"damage":14,"enemies":"3 Byrds","floor":18,"turns":4},{"damage":20,"enemies":"Spheric Guardian","floor":19,"turns":4},{"damage":9,"enemies":"Centurion and Healer","floor":22,"turns":7},{"damage":17,"enemies":"Slavers","floor":23,"turns":6},{"damage":51,"enemies":"Gremlin Leader","floor":25,"turns":9},{"damage":21,"enemies":"Snake Plant","floor":28,"turns":1}],"seed_played":"6245605998197159925","potions_obtained":[{"floor":4,"key":"LiquidBronze"},{"floor":10,"key":"Energy Potion"},{"floor":11,"key":"EntropicBrew"},{"floor":18,"key":"Fire Potion"},{"floor":23,"key":"Block Potion"},{"floor":25,"key":"Swift Potion"}],"is_trial":false,"path_per_floor":["M","?","?","M","M","R","E","R","T","M","E","$","?","?","R","B",null,"M","M","T","$","M","E","$","E","T","?","M"],"character_chosen":"DEFECT","items_purchased":["DollysMirror"],"campfire_rested":1,"item_purchase_floors":[21],"current_hp_per_floor":[74,74,67,62,58,58,46,68,68,60,40,40,58,58,58,42,75,61,48,48,48,46,51,51,12,12,12,0,0],"gold":187,"neow_bonus":"RANDOM_COLORLESS_2","is_prod":false,"is_daily":false,"chose_seed":false,"campfire_upgraded":2,"win_rate":0,"timestamp":1607546765,"path_taken":["M","?","?","?","M","R","E","R","T","M","E","$","?","?","R","BOSS","M","M","?","$","?","E","$","E","T","?","M"],"build_version":"2020-11-30","purchased_purges":1,"victory":false,"max_hp_per_floor":[75,75,75,75,75,75,75,75,75,75,75,75,75,75,75,75,75,75,75,75,75,75,75,75,75,75,75,75,75],"card_choices":[{"not_picked":["Secret Weapon","Thinking Ahead"],"picked":"Transmutation","floor":0},{"not_picked":["Turbo","Steam"],"picked":"Loop","floor":1},{"not_picked":["Gash","Stack"],"picked":"Sweeping Beam","floor":4},{"not_picked":["Storm","Lockon"],"picked":"Streamline","floor":5},{"not_picked":["Chill","Conserve Battery"],"picked":"Leap","floor":7},{"not_picked":["Fusion","Barrage","BootSequence"],"picked":"SKIP","floor":10},{"not_picked":["Tempest","Compile Driver"],"picked":"Buffer","floor":11},{"not_picked":["Doom and Gloom","Glacier"],"picked":"Self Repair","floor":18},{"not_picked":["Sweeping Beam","Hologram"],"picked":"Auto Shields+1","floor":19},{"not_picked":["Rebound+1","Consume"],"picked":"Leap","floor":22},{"not_picked":["Go for the Eyes","Steam","Turbo"],"picked":"SKIP","floor":23},{"not_picked":["Fission","Steam"],"picked":"Leap+1","floor":25}],"player_experience":324481,"relics_obtained":[{"floor":7,"key":"HornCleat"},{"floor":9,"key":"Bottled Lightning"},{"floor":11,"key":"InkBottle"},{"floor":23,"key":"Toy Ornithopter"},{"floor":25,"key":"Vajra"}],"event_choices":[{"damage_healed":0,"gold_gain":0,"player_choice":"Grow","damage_taken":0,"max_hp_gain":0,"max_hp_loss":0,"event_name":"Living Wall","floor":2,"gold_loss":0,"cards_upgraded":["Transmutation"]},{"cards_removed":["Strike_B"],"damage_healed":0,"gold_gain":0,"player_choice":"Card Removal","damage_taken":7,"max_hp_gain":0,"max_hp_loss":0,"event_name":"Golden Wing","floor":3,"gold_loss":0},{"damage_healed":18,"gold_gain":0,"player_choice":"Healed","damage_taken":0,"max_hp_gain":0,"max_hp_loss":0,"event_name":"The Cleric","floor":13,"gold_loss":35},{"damage_healed":0,"gold_gain":0,"player_choice":"Trade","damage_taken":0,"relics_obtained":["NlothsMask"],"max_hp_gain":0,"max_hp_loss":0,"event_name":"FaceTrader","floor":14,"gold_loss":0},{"damage_healed":0,"gold_gain":99,"player_choice":"Stole From Cult","damage_taken":0,"max_hp_gain":0,"max_hp_loss":0,"event_name":"Nest","floor":27,"gold_loss":0}],"is_beta":false,"boss_relics":[{"not_picked":["Coffee Dripper","Pandora\u0027s Box"],"picked":"Empty Cage"}],"items_purged_floors":[12],"is_endless":false,"potions_floor_spawned":[4,10,11,16,18,23,25],"killed_by":"Snake Plant","ascension_level":0}}