{"host":"i98650m3tufgrrto","time":1607502430,"event":{"gold_per_floor":[133,133,15,15,33,33,61,61,114,114,126,139,169,169,169,242,242,252,252,126,126,126],"floor_reached":21,"playtime":786,"items_purged":["AT_purpleEX","AT_purpleEX"],"score":370,"play_id":"94f1f03a-9059-4f8f-8ef7-4b1bab1760a0","local_time":"20201209162710","is_ascension_mode":true,"campfire_choices":[{"data":"WatchEyeChange_purple","floor":6.0,"key":"SMITH"},{"data":"MeetDecomposer_purple","floor":8.0,"key":"SMITH"},{"floor":10.0,"key":"REST"},{"data":"Observe_purple_2","floor":15.0,"key":"SMITH"}],"neow_cost":"NONE","seed_source_timestamp":49809391016700,"circlet_count":0,"master_deck":["AscendersBane","AT_purpleEX","AT_purpleEX","Defend_purpleEX","Defend_purpleEX","Defend_purpleEX","Defend_purpleEX","Observe_purple_1","Observe_purple_2+1","MeetDecomposer_purple+1","EighthInstrument_OneDividesIntoTwo_purple+1","WatchEyeChange_purple+1","Boundary_LightAndDark_purple","WangLiang_OokamiKakushi_purple","ExternalForce_HighSpeedFlying_purple","RuleDissolution_purple"],"special_seed":0,"relics":["Boundary_crack","Memoryfragments_purpleEX","Centennial Puzzle","Eternal Feather","Antimatter_spacedebris","Meat on the Bone","Snecko Eye"],"potions_floor_usage":[21],"damage_taken":[{"damage":5.0,"enemies":"Small Slimes","floor":1.0,"turns":3.0},{"damage":6.0,"enemies":"Cultist","floor":5.0,"turns":3.0},{"damage":30.0,"enemies":"3 Sentries","floor":7.0,"turns":7.0},{"damage":0.0,"enemies":"2 Louse","floor":11.0,"turns":3.0},{"damage":21.0,"enemies":"Gremlin Gang","floor":12.0,"turns":4.0},{"damage":21.0,"enemies":"Gremlin Nob","floor":13.0,"turns":5.0},{"damage":7.0,"enemies":"Hexaghost","floor":16.0,"turns":10.0},{"damage":13.0,"enemies":"Shell Parasite","floor":18.0,"turns":3.0},{"damage":8,"enemies":"3 Byrds","floor":21,"turns":2}],"seed_played":"4715632259442562518","potions_obtained":[{"floor":7.0,"key":"Dexterity Potion"},{"floor":11.0,"key":"LiquidBronze"},{"floor":18.0,"key":"EssenceOfSteel"}],"is_trial":false,"path_per_floor":["M","?","$","?","M","R","E","R","T","R","M","M","E","?","R","B",null,"M","?","$","M"],"character_chosen":"Youkari","items_purchased":["EighthInstrument_OneDividesIntoTwo_purple","RuleDissolution_purple"],"campfire_rested":1,"item_purchase_floors":[3,20],"current_hp_per_floor":[55,55,55,55,50,50,22,28,28,53,54,35,14,14,20,29,56,43,25,25,17,17],"gold":126,"neow_bonus":"RANDOM_COMMON_RELIC","is_prod":false,"is_daily":false,"chose_seed":false,"campfire_upgraded":3,"win_rate":0,"timestamp":1607502430,"path_taken":["M","?","$","?","M","R","E","R","T","R","?","M","E","?","R","BOSS","M","?","$","M"],"build_version":"2020-11-30","purchased_purges":2,"victory":false,"max_hp_per_floor":[65,65,65,65,65,65,65,65,65,65,65,65,65,65,65,65,65,65,70,70,70,70],"card_choices":[{"not_picked":["Extrememeaning_purpleEX","Boundary_DynamicStaticEquilibrium_purple"],"picked":"MeetDecomposer_purple","floor":1.0},{"not_picked":["Line_surface_state_purple","PurpleNeedle_purple"],"picked":"WatchEyeChange_purple","floor":5.0},{"not_picked":["StateDuplicate_purple","Realm_recovery_purpleEX"],"picked":"Boundary_LightAndDark_purple","floor":7.0},{"not_picked":["Line_surface_state_purple","Mirror_FormAndEmptin_purple","StateDuplicate_purple"],"picked":"SKIP","floor":11.0},{"not_picked":["MeetDecomposer_purple","Computing_the_future_purpleEX","AdvanceAttack_purple"],"picked":"SKIP","floor":12.0},{"not_picked":["Erosivefilter_purple","OmniscientAndOmnipotent_Monster_purple","Realm_recovery_purpleEX"],"picked":"SKIP","floor":13.0},{"not_picked":["Know_ledgeAbilityRealm_purple","Fancifulhole_purple"],"picked":"WangLiang_OokamiKakushi_purple","floor":16.0},{"not_picked":["AdvanceAttack_purple","Realm_recovery_purpleEX"],"picked":"ExternalForce_HighSpeedFlying_purple","floor":18.0}],"player_experience":1176384,"relics_obtained":[{"floor":7.0,"key":"Eternal Feather"},{"floor":9.0,"key":"Antimatter_spacedebris"},{"floor":13.0,"key":"Meat on the Bone"}],"event_choices":[{"damage_healed":0.0,"max_hp_gain":0.0,"max_hp_loss":0.0,"gold_gain":0.0,"event_name":"Accursed Blacksmith","player_choice":"Forge","floor":4.0,"gold_loss":0.0,"damage_taken":0.0,"cards_upgraded":["EighthInstrument_OneDividesIntoTwo_purple"]},{"damage_healed":0.0,"max_hp_gain":0.0,"max_hp_loss":0.0,"gold_gain":0.0,"event_name":"Liars Game","player_choice":"Ignored","floor":14.0,"gold_loss":0.0,"damage_taken":0.0},{"damage_healed":0.0,"max_hp_gain":5.0,"max_hp_loss":0.0,"gold_gain":0.0,"event_name":"Forgotten Altar","player_choice":"Shed Blood","floor":19.0,"gold_loss":0.0,"damage_taken":23.0}],"is_beta":false,"boss_relics":[{"not_picked":["SacredBark","Pandora\u0027s Box"],"picked":"Snecko Eye"}],"items_purged_floors":[3,20],"is_endless":false,"potions_floor_spawned":[7,11,12,18],"killed_by":"3 Byrds","ascension_level":20}}