{"host":"std4gn17fijhzeq4","time":1607506198,"event":{"gold_per_floor":[110,127,137,212,231,264,264,289,289,289,289,353,366,366,366,461,461,472,489,14,14,14,14,47,47,98,126,152,152,52,63,63,63,63],"floor_reached":33,"playtime":1691,"items_purged":["Strike_G","Defend_G"],"score":432,"play_id":"5d8b6fdd-e8f8-4848-b3dd-40f77ff28278","local_time":"20201209042958","is_ascension_mode":true,"campfire_choices":[{"floor":7,"key":"REST"},{"data":"Bouncing Flask","floor":11,"key":"SMITH"},{"floor":15,"key":"REST"}],"neow_cost":"NONE","seed_source_timestamp":525483520775000,"circlet_count":0,"master_deck":["Defend_G","Defend_G","Defend_G","Defend_G","Survivor","Neutralize","Predator+1","PiercingWail+1","Leg Sweep","Bouncing Flask+1","Poisoned Stab","Flying Knee","Bouncing Flask","Poison Darts","Bite","Bite","Bite","Bite+1","Bite","PiercingWail","Poison Darts","Shame","Blade Dance+1"],"relics":["Ring of the Snake","NeowsBlessing","Incense Burner","Peace Pipe","Torii","Replay:Multitool","Fusion Hammer","Replay:Bottled Flurry","Bronze Scales","Chameleon Ring","Anchor","Snake Skull","Red Mask","Ring of Fangs","Ring of Fury"],"potions_floor_usage":[12,12,19,33,33],"damage_taken":[{"damage":0,"enemies":"Cultist","floor":1,"turns":1},{"damage":0,"enemies":"Small Slimes","floor":2,"turns":1},{"damage":0,"enemies":"Jaw Worm","floor":3,"turns":1},{"damage":5,"enemies":"Looter","floor":5,"turns":4},{"damage":28,"enemies":"3 Sentries","floor":6,"turns":14},{"damage":12,"enemies":"Lagavulin","floor":8,"turns":7},{"damage":25,"enemies":"3 Sentries","floor":12,"turns":8},{"damage":0,"enemies":"2 Fungi Beasts","floor":13,"turns":4},{"damage":22,"enemies":"The Guardian","floor":16,"turns":9},{"damage":0,"enemies":"Spheric Guardian","floor":18,"turns":3},{"damage":4,"enemies":"3 Byrds","floor":19,"turns":3},{"damage":23,"enemies":"Replay:Snechameleon","floor":24,"turns":5},{"damage":1,"enemies":"Book of Stabbing","floor":27,"turns":5},{"damage":2,"enemies":"Masked Bandits","floor":28,"turns":3},{"damage":7,"enemies":"Snake Plant","floor":31,"turns":3},{"damage":50,"enemies":"Automaton","floor":33,"turns":6}],"seed_played":"-6062389673208126913","potions_obtained":[{"floor":1,"key":"Dexterity Potion"},{"floor":6,"key":"LiquidBronze"},{"floor":8,"key":"Languid Potion"},{"floor":16,"key":"GamblersBrew"},{"floor":18,"key":"DistilledChaos"},{"floor":24,"key":"Poison Potion"},{"floor":28,"key":"Languid Potion"}],"is_trial":false,"path_per_floor":["M","M","M","?","M","E","R","E","T","?","R","?","M","?","R","B",null,"M","M","$","?","?","R","E","$","T","E","?","?","$","M","R","B"],"character_chosen":"THE_SILENT","items_purchased":["Replay:Bottled Flurry","Bronze Scales"],"campfire_rested":2,"item_purchase_floors":[20,20],"current_hp_per_floor":[63,63,63,52,47,19,40,28,28,28,28,3,3,3,24,2,53,53,49,49,49,49,49,32,32,32,35,37,37,37,30,44,0,0],"gold":63,"neow_bonus":"THREE_ENEMY_KILL","is_prod":false,"is_daily":false,"chose_seed":false,"campfire_upgraded":1,"win_rate":0,"timestamp":1607506198,"path_taken":["M","?","M","?","M","E","R","E","T","?","R","?","M","?","R","BOSS","M","M","$","?","?","R","E","?","T","E","?","?","$","M","R","BOSS"],"build_version":"2020-11-30","purchased_purges":2,"victory":false,"max_hp_per_floor":[70,70,70,70,70,70,70,70,70,70,70,70,70,70,70,70,70,70,70,70,70,49,49,49,49,49,49,49,49,49,49,49,49,49],"card_choices":[{"not_picked":["Prepared","Tactician"],"picked":"Predator","floor":1},{"not_picked":["Concentrate","Prepared","Expertise"],"picked":"SKIP","floor":2},{"not_picked":["Backflip","ReplayTheSpireMod:Shiv Toss"],"picked":"PiercingWail","floor":3},{"not_picked":["Flying Knee","Blade Dance"],"picked":"Leg Sweep","floor":5},{"not_picked":["Backflip","ReplayTheSpireMod:The Works"],"picked":"Bouncing Flask","floor":6},{"not_picked":["Bane","Prepared"],"picked":"Poisoned Stab","floor":8},{"not_picked":["Underhanded Strike","Tools of the Trade"],"picked":"Flying Knee","floor":12},{"not_picked":["Bane","Quick Slash"],"picked":"Bouncing Flask","floor":13},{"not_picked":["Unload","ReplayTheSpireMod:Necrosis"],"picked":"Poison Darts","floor":16},{"not_picked":["Quick Slash+1","Flying Knee","Poisoned Stab"],"picked":"SKIP","floor":18},{"not_picked":["ReplayTheSpireMod:Exploit Weakness+1","Underhanded Strike","Dagger Spray"],"picked":"SKIP","floor":19},{"not_picked":["Predator","Eviscerate"],"picked":"PiercingWail","floor":24},{"not_picked":["Predator","Concentrate+1"],"picked":"Poison Darts","floor":27},{"not_picked":["Caltrops","Poisoned Stab"],"picked":"Blade Dance+1","floor":31}],"player_experience":330959,"relics_obtained":[{"floor":6,"key":"Incense Burner"},{"floor":8,"key":"Peace Pipe"},{"floor":9,"key":"Torii"},{"floor":12,"key":"Replay:Multitool"},{"floor":24,"key":"Chameleon Ring"},{"floor":26,"key":"Anchor"},{"floor":27,"key":"Snake Skull"},{"floor":28,"key":"Red Mask"},{"floor":29,"key":"Ring of Fangs"},{"floor":29,"key":"Ring of Fury"}],"event_choices":[{"damage_healed":0,"gold_gain":75,"player_choice":"Gather Gold","damage_taken":11,"max_hp_gain":0,"max_hp_loss":0,"event_name":"World of Goop","floor":4,"gold_loss":0},{"damage_healed":0,"gold_gain":0,"player_choice":"Searched \u00271\u0027 times","damage_taken":0,"max_hp_gain":0,"max_hp_loss":0,"event_name":"Dead Adventurer","floor":12,"gold_loss":0},{"damage_healed":0,"gold_gain":0,"player_choice":"Fled","damage_taken":0,"max_hp_gain":0,"max_hp_loss":0,"event_name":"Scrap Ooze","floor":14,"gold_loss":0},{"damage_healed":0,"gold_gain":0,"player_choice":"Became a vampire","damage_taken":0,"max_hp_gain":0,"max_hp_loss":21,"event_name":"Vampires","floor":22,"gold_loss":0,"cards_obtained":["Bite","Bite","Bite","Bite","Bite"]},{"damage_healed":0,"gold_gain":0,"player_choice":"Fought Bandits","damage_taken":0,"max_hp_gain":0,"max_hp_loss":0,"event_name":"Masked Bandits","floor":28,"gold_loss":0}],"is_beta":false,"boss_relics":[{"not_picked":["SacredBark","Calling Bell"],"picked":"Fusion Hammer"}],"items_purged_floors":[20,30],"is_endless":false,"potions_floor_spawned":[1,6,8,16,18,24,28],"killed_by":"Automaton","ascension_level":8}}