{"host":"d7qmn60fs48wu5y6","time":1607551816,"event":{"gold_per_floor":[117,67,19,19,32,32,45,45,45,80,100,100,5,42,42,42,42],"floor_reached":16,"playtime":555,"items_purged":[],"score":105,"play_id":"6ea5b215-f19d-4b7d-aa9f-52e268c95fe9","local_time":"20201209141016","is_ascension_mode":true,"campfire_choices":[{"data":"Capacitor","floor":6,"key":"SMITH"},{"data":"Gash","floor":8,"key":"SMITH"},{"floor":15,"key":"REST"}],"neow_cost":"NONE","seed_source_timestamp":452583371349900,"circlet_count":0,"master_deck":["Strike_B","Strike_B","Strike_B","Defend_B","Defend_B","Defend_B","Defend_B","Zap","Dualcast","expansioncontent:CaCaw+1","Gash+1","Cold Snap","Capacitor+1","Gash","Rebound","expansioncontent:SuperHexaguard","Reinforced Body"],"relics":["Cracked Core","Pen Nib"],"potions_floor_usage":[14,14],"damage_taken":[{"damage":11,"enemies":"Jaw Worm","floor":1,"turns":5},{"damage":0,"enemies":"2 Louse","floor":5,"turns":3},{"damage":1,"enemies":"Small Slimes","floor":7,"turns":5},{"damage":37,"enemies":"Lagavulin","floor":10,"turns":6},{"damage":15,"enemies":"Looter","floor":11,"turns":3},{"damage":0,"enemies":"Exordium Wildlife","floor":14,"turns":3},{"damage":33,"enemies":"Slime Boss","floor":16,"turns":8}],"seed_played":"8259789431474576599","potions_obtained":[{"floor":1,"key":"ColorlessPotion"},{"floor":7,"key":"Energy Potion"}],"is_trial":false,"path_per_floor":["M","?","$","?","M","R","M","R","T","E","M","?","$","M","R","B"],"character_chosen":"DEFECT","items_purchased":["Cold Snap","expansioncontent:SuperHexaguard"],"campfire_rested":1,"item_purchase_floors":[3,13],"current_hp_per_floor":[64,64,64,64,64,64,63,63,63,26,11,11,11,11,33,0,0],"gold":42,"neow_bonus":"RANDOM_COLORLESS","is_prod":false,"is_daily":false,"chose_seed":false,"campfire_upgraded":2,"win_rate":0,"timestamp":1607551816,"path_taken":["M","?","$","?","M","R","M","R","T","E","M","?","$","M","R","BOSS"],"build_version":"2020-11-30","purchased_purges":0,"victory":false,"max_hp_per_floor":[75,75,75,75,75,75,75,75,75,75,75,75,75,75,75,75,75],"card_choices":[{"not_picked":["expansioncontent:Sear","expansioncontent:Torchfire"],"picked":"expansioncontent:CaCaw","floor":0},{"not_picked":["BootSequence","Lockon"],"picked":"Gash","floor":1},{"not_picked":["Streamline","Conserve Battery"],"picked":"Capacitor","floor":5},{"not_picked":["Turbo","Rebound"],"picked":"Gash","floor":7},{"not_picked":["Ball Lightning","Reprogram"],"picked":"Rebound","floor":10},{"not_picked":["Rebound","Redo","Sweeping Beam"],"picked":"SKIP","floor":11},{"not_picked":["Double Energy","Turbo"],"picked":"Reinforced Body","floor":14}],"player_experience":820710,"relics_obtained":[{"floor":10,"key":"Pen Nib"}],"event_choices":[{"cards_removed":["Strike_B"],"damage_healed":0,"gold_gain":0,"player_choice":"Card Removal","damage_taken":0,"max_hp_gain":0,"max_hp_loss":0,"event_name":"The Cleric","floor":2,"gold_loss":50},{"damage_healed":0,"gold_gain":0,"player_choice":"Grow","damage_taken":0,"max_hp_gain":0,"max_hp_loss":0,"event_name":"Living Wall","floor":4,"gold_loss":0,"cards_upgraded":["expansioncontent:CaCaw"]},{"damage_healed":0,"gold_gain":0,"player_choice":"Searched \u00270\u0027 times","damage_taken":0,"max_hp_gain":0,"max_hp_loss":0,"event_name":"Dead Adventurer","floor":12,"gold_loss":0}],"is_beta":false,"boss_relics":[],"items_purged_floors":[],"is_endless":false,"potions_floor_spawned":[1,7],"killed_by":"Slime Boss","ascension_level":1}}