{"host":"1sep654oresgee70","time":1607506990,"event":{"gold_per_floor":[1163,53,68,68,83,113,113,143,143,158,158,188,188,218,218,318,318,333,62,77,77,92,122,137,152,152,152,167,28,43,43,43,143,143,158,174,25,56,81,81,116,164,176,188,200,262,307,350,362,396],"floor_reached":51,"playtime":2344,"items_purged":["Pain"],"score":759,"play_id":"aa183329-35fa-4acc-830e-7138632e2d09","local_time":"20201209104310","daily_mods":["SealedDeck","Purple Cards","Elite Swarm"],"is_ascension_mode":false,"campfire_choices":[{"floor":7,"key":"REST"},{"floor":11,"key":"REST"},{"floor":13,"key":"REST"},{"floor":15,"key":"REST"},{"floor":27,"key":"REST"},{"floor":32,"key":"REST"},{"floor":40,"key":"REST"},{"floor":44,"key":"REST"},{"floor":49,"key":"REST"}],"neow_cost":"","seed_source_timestamp":34583427660588,"circlet_count":0,"master_deck":["Worship","ReplayTheSpireMod:Repulse","Vengeance","FlurryOfBlows","FlurryOfBlows","BowlingBash+1","Ball Lightning","Time Bomb","Replay:Cycle","Turbo","Consecrate","Go for the Eyes","Go for the Eyes","ReplayTheSpireMod:Dual Polarity","Clumsy","Tempest","Capacitor","Echo Form","Echo Form","FlurryOfBlows","DeusExMachina","Buffer","Brilliance","Static Discharge","Consecrate","Barrage+1","Conserve Battery","Electrodynamics","Turbo","Gash+1","Time Bomb","Defragment","Aggregate","ReplayTheSpireMod:Calculation Training","SpiritShield","Prostrate","Crystallizer+1","PathToVictory","Midas Touch","Panacea","Dark Shackles","Ball Lightning+1","Beam Cell+1","Hello World+1","Echo Form","Delirium","Alpha","Force Field+1","WindmillStrike"],"special_seed":18605,"relics":["FrozenCore","Mummified Hand","Raider\u0027s Mask","Mercury Hourglass","Pantograph","HandDrill","WarpedTongs","Meat on the Bone","Sundial","MealTicket","Centennial Puzzle","hubris:ToyBattleship","hubris:BallOfYels","hubris:TenFootPole","Strawberry","Replay:Rubber Ducky","Blue Candle","Nilry\u0027s Codex","Cursed Key","Replay:Bandana","ReplayTheSpireMod:ShopPack","MawBank","Bird Faced Urn","Blue Doll"],"potions_floor_usage":[5,6,8,8,22,23,24,25,33,36,36,42],"damage_taken":[{"damage":6,"enemies":"2 Louse","floor":1,"turns":2},{"damage":0,"enemies":"Cultist","floor":3,"turns":2},{"damage":6,"enemies":"Jaw Worm","floor":5,"turns":2},{"damage":29,"enemies":"Lagavulin","floor":6,"turns":4},{"damage":12,"enemies":"Gremlin Nob","floor":8,"turns":3},{"damage":7,"enemies":"Lots of Slimes","floor":10,"turns":2},{"damage":36,"enemies":"Lagavulin","floor":12,"turns":4},{"damage":21,"enemies":"Gremlin Nob","floor":14,"turns":3},{"damage":8,"enemies":"Slime Boss","floor":16,"turns":4},{"damage":18,"enemies":"3 Byrds","floor":18,"turns":3},{"damage":8,"enemies":"Spheric Guardian","floor":20,"turns":4},{"damage":10,"enemies":"Snake Plant","floor":22,"turns":3},{"damage":14,"enemies":"Gremlin Leader","floor":23,"turns":5},{"damage":22,"enemies":"Centurion and Healer","floor":24,"turns":3},{"damage":30,"enemies":"Shelled Parasite and Fungi","floor":25,"turns":3},{"damage":0,"enemies":"Cultist and Chosen","floor":28,"turns":3},{"damage":10,"enemies":"Centurion and Healer","floor":30,"turns":3},{"damage":14,"enemies":"hubris:MusketHawk","floor":33,"turns":5},{"damage":6,"enemies":"3 Darklings","floor":35,"turns":3},{"damage":9,"enemies":"conspire:MimicChest","floor":36,"turns":5},{"damage":7,"enemies":"3 Shapes","floor":38,"turns":3},{"damage":6,"enemies":"Transient","floor":39,"turns":5},{"damage":9,"enemies":"3 Darklings","floor":41,"turns":5},{"damage":31,"enemies":"Nemesis","floor":42,"turns":5},{"damage":16,"enemies":"Reptomancer","floor":46,"turns":4},{"damage":0,"enemies":"Jaw Worm Horde","floor":47,"turns":3},{"damage":40,"enemies":"4 Shapes","floor":48,"turns":4},{"damage":14,"enemies":"Replay:Hell Engine","floor":50,"turns":10}],"seed_played":"4494449258677458329","potions_obtained":[{"floor":1,"key":"FocusPotion"},{"floor":3,"key":"BlessingOfTheForge"},{"floor":5,"key":"BlessingOfTheForge"},{"floor":12,"key":"Block Potion"},{"floor":16,"key":"LiquidMemories"},{"floor":18,"key":"Fire Potion"},{"floor":23,"key":"SkillPotion"},{"floor":24,"key":"PowerPotion"},{"floor":35,"key":"AttackPotion"},{"floor":36,"key":"Block Potion"},{"floor":47,"key":"Elixir"}],"is_trial":false,"path_per_floor":["M","$","M","?","M","E","R","E","T","M","R","E","R","E","R","B",null,"M","$","M","?","M","E","M","M","T","R","M","$","M","?","R","B",null,"M","?","$","M","M","R","M","E","T","R","?","E","M","M","R","B",null],"character_chosen":"DEFECT","items_purchased":["Mummified Hand","Go for the Eyes","Raider\u0027s Mask","ReplayTheSpireMod:Dual Polarity","Mercury Hourglass","Pantograph","HandDrill","EssenceOfSteel","hubris:BallOfYels","Consecrate","Defragment","Aggregate","Elixir","ReplayTheSpireMod:ShopPack","PathToVictory"],"campfire_rested":9,"item_purchase_floors":[2,2,2,2,2,2,2,2,19,19,29,29,29,37,37],"current_hp_per_floor":[69,69,69,69,63,34,56,44,44,49,71,47,69,48,70,67,75,57,72,64,43,45,43,33,15,15,39,51,66,56,49,73,68,82,76,67,82,75,69,82,73,42,42,66,69,67,75,47,72,84],"gold":408,"neow_bonus":"","is_prod":false,"is_daily":true,"chose_seed":false,"campfire_upgraded":0,"win_rate":0,"timestamp":1607506990,"path_taken":["M","$","M","?","M","E","R","E","T","M","R","E","R","E","R","BOSS","M","$","?","?","M","E","M","?","T","R","M","?","M","?","R","BOSS","M","?","$","M","M","R","M","E","T","R","?","E","M","M","R","BOSS"],"build_version":"2020-11-30","purchased_purges":1,"victory":true,"max_hp_per_floor":[75,75,75,75,75,75,75,75,75,75,75,75,75,75,75,75,75,75,75,75,82,82,82,82,82,82,82,82,82,82,82,82,82,82,82,82,82,82,82,82,82,82,82,82,85,85,85,85,85,85],"card_choices":[{"not_picked":["Rebound","Crescendo"],"picked":"Consecrate","floor":1},{"not_picked":["FlyingSleeves","Streamline"],"picked":"Tempest","floor":3},{"not_picked":["Replay:AtTheReady","Prostrate"],"picked":"Capacitor","floor":5},{"not_picked":["Scrawl","Replay:AllIn"],"picked":"Echo Form","floor":6},{"not_picked":["Seek","ReplayRNGCard"],"picked":"Echo Form","floor":8},{"not_picked":["Melter","Beam Cell"],"picked":"FlurryOfBlows","floor":10},{"not_picked":["Core Surge","Blasphemy"],"picked":"DeusExMachina","floor":12},{"not_picked":["ConjureBlade","Rainbow"],"picked":"Buffer","floor":14},{"not_picked":["Scrawl","hubris:Prefetch"],"picked":"Brilliance","floor":16},{"not_picked":["Conserve Battery","Adaptation"],"picked":"Static Discharge","floor":18},{"not_picked":["Replay:Cycle","Scrape"],"picked":"Barrage+1","floor":20},{"not_picked":["Hologram","Halt"],"picked":"Conserve Battery","floor":22},{"not_picked":["Meteor Strike","Thunder Strike"],"picked":"Electrodynamics","floor":23},{"not_picked":["Streamline","BasicCrystalCard+1"],"picked":"Turbo","floor":24},{"not_picked":["Crescendo","Conserve Battery"],"picked":"Gash+1","floor":25},{"not_picked":["Redo","conspire:Rain"],"picked":"Time Bomb","floor":28},{"not_picked":["Protect","Replay:Hum+1"],"picked":"ReplayTheSpireMod:Calculation Training","floor":30},{"not_picked":["All For One","Core Surge"],"picked":"SpiritShield","floor":33},{"not_picked":["Rebound+1","Halt"],"picked":"Prostrate","floor":35},{"not_picked":["Replay:ManipulateFuture","hubris:Ukulele"],"picked":"Crystallizer+1","floor":36},{"not_picked":["ReplayTheSpireMod:Brewmster","Crow Ritual"],"picked":"Midas Touch","floor":37},{"not_picked":["Survey Options","Secret Weapon"],"picked":"Panacea","floor":37},{"not_picked":["Madness","Purity"],"picked":"Dark Shackles","floor":37},{"not_picked":["BasicCrystalCard+1","FearNoEvil+1"],"picked":"Ball Lightning+1","floor":38},{"not_picked":["Rebound","DeceiveReality"],"picked":"Beam Cell+1","floor":39},{"not_picked":["Meteor Strike","Sweeping Beam"],"picked":"Hello World+1","floor":41},{"not_picked":["Blasphemy","Alpha"],"picked":"Echo Form","floor":42},{"not_picked":["ConjureBlade","Hyperbeam"],"picked":"Alpha","floor":46},{"not_picked":["CutThroughFate+1","BowlingBash+1"],"picked":"Force Field+1","floor":47},{"not_picked":["Panic Button","Crescendo"],"picked":"WindmillStrike","floor":48}],"player_experience":2230562,"relics_obtained":[{"floor":6,"key":"Meat on the Bone"},{"floor":8,"key":"Sundial"},{"floor":9,"key":"MealTicket"},{"floor":12,"key":"Centennial Puzzle"},{"floor":14,"key":"hubris:ToyBattleship"},{"floor":23,"key":"Replay:Rubber Ducky"},{"floor":26,"key":"Blue Candle"},{"floor":36,"key":"Replay:Bandana"},{"floor":42,"key":"MawBank"},{"floor":43,"key":"Bird Faced Urn"},{"floor":46,"key":"Blue Doll"}],"event_choices":[{"damage_healed":0,"gold_gain":0,"player_choice":"Rummage","damage_taken":0,"relics_obtained":["WarpedTongs"],"max_hp_gain":0,"max_hp_loss":0,"event_name":"Accursed Blacksmith","floor":4,"gold_loss":0,"cards_obtained":["Pain"]},{"damage_healed":0,"gold_gain":0,"player_choice":"RE RE UP ","damage_taken":50,"relics_obtained":["hubris:TenFootPole","Strawberry"],"max_hp_gain":0,"max_hp_loss":0,"event_name":"betterSkull:BetterSkull","floor":21,"gold_loss":0,"cards_upgraded":["BowlingBash"]},{"damage_healed":0,"gold_gain":0,"player_choice":"Obtained Book","damage_taken":16,"max_hp_gain":0,"max_hp_loss":0,"event_name":"Cursed Tome","floor":31,"gold_loss":0}],"is_beta":false,"boss_relics":[{"not_picked":["hubris:TerracottaHorce","aspiration:SilentSkillbook"],"picked":"FrozenCore"},{"not_picked":["Sozu","aspiration:RitualDagger"],"picked":"Cursed Key"}],"items_purged_floors":[19],"is_endless":false,"potions_floor_spawned":[1,3,5,12,16,18,23,24,35,36,47],"ascension_level":0}}