{"host":"8b6x5jh5dgxmxtlw","time":1607517101,"event":{"gold_per_floor":[110,110,121,60,75,109,109,121,121,121,152,152,31,43,43,148,148,159,84,98,98,117,117,134,134,134,149,184,184,218,237,237,237,237],"floor_reached":33,"playtime":2758,"items_purged":[],"score":422,"play_id":"e62d0cdb-bb5d-42db-9d81-6209a23744f4","local_time":"20201209073141","is_ascension_mode":false,"campfire_choices":[{"floor":7,"key":"REST"},{"floor":15,"key":"REST"},{"data":"hermit:Gestalt","floor":23,"key":"SMITH"},{"floor":29,"key":"REST"},{"floor":32,"key":"REST"}],"neow_cost":"","seed_source_timestamp":13242142931100,"circlet_count":0,"master_deck":["hermit:Strike_Hermit","hermit:Strike_Hermit","hermit:Strike_Hermit","hermit:Strike_Hermit","hermit:Defend_Hermit","hermit:Defend_Hermit+1","hermit:Defend_Hermit","hermit:Defend_Hermit","hermit:Snapshot","hermit:Covet+1","hermit:Horror","hermit:Glare","Writhe","hermit:Gestalt","hermit:Headshot","hermit:Gestalt+1","hermit:LowProfile","hermit:Virtue","hermit:NoHoldsBarred+1","hermit:Desperado","hermit:FinalCanter","hermit:Desperado","hermit:Desperado","hermit:Ricochet","hermit:Horror+1","hermit:GhostlyPresence","hermit:Coalescence+1","hermit:Coalescence+1","hermit:Quickdraw+1","hermit:Deadeye+1","infinitespire:SevenWalls","hermit:HoleUp","hermit:HoleUp","hermit:Misfire"],"relics":["hermit:Momento","StuffTheSpire:GrapeVine","CCEMRelics:JestersCrown","War Paint","infinitespire:PuzzleCube","PreservedInsect","halation:EternalFortune","conspire:SpecialSausage","Orrery","Replay:Kaleidoscope","StuffTheSpire:Gunfinga","hubris:SphereOfDissonance","Replay:Mystery Machine"],"potions_floor_usage":[6,16,27,33,33],"damage_taken":[{"damage":0,"enemies":"Small Slimes","floor":1,"turns":2},{"damage":1,"enemies":"Cultist","floor":3,"turns":3},{"damage":6,"enemies":"Jaw Worm","floor":5,"turns":3},{"damage":45,"enemies":"3 Sentries","floor":6,"turns":11},{"damage":1,"enemies":"Looter","floor":8,"turns":3},{"damage":2,"enemies":"Lagavulin","floor":11,"turns":5},{"damage":5,"enemies":"conspire:2 RoseBushes","floor":14,"turns":4},{"damage":2,"enemies":"Slime Boss","floor":16,"turns":7},{"damage":1,"enemies":"Spheric Guardian","floor":18,"turns":3},{"damage":4,"enemies":"Chosen","floor":20,"turns":4},{"damage":1,"enemies":"Centurion and Healer","floor":22,"turns":4},{"damage":14,"enemies":"Snake Plant","floor":24,"turns":4},{"damage":3,"enemies":"Snecko","floor":27,"turns":6},{"damage":34,"enemies":"Nightmare","floor":28,"turns":5},{"damage":0,"enemies":"Gremlin Leader","floor":30,"turns":3},{"damage":9,"enemies":"3 Cultists","floor":31,"turns":5},{"damage":93,"enemies":"Automaton","floor":33,"turns":8}],"seed_played":"-4912117092067948710","potions_obtained":[{"floor":3,"key":"Weak Potion"},{"floor":8,"key":"Milkshake"},{"floor":14,"key":"SkillPotion"},{"floor":18,"key":"hermit:Tonic"},{"floor":22,"key":"Dexterity Potion"},{"floor":24,"key":"infinitespire:BlackPotion"},{"floor":30,"key":"conspire:TimeTravelPotion"}],"is_trial":false,"path_per_floor":["M","?","M","$","M","E","R","M","T","?","E","?","$","M","R","B",null,"M","$","M","?","M","R","M","?","T","M","NM","R","E","M","R","B"],"character_chosen":"HERMIT","items_purchased":["StuffTheSpire:GrapeVine","CCEMRelics:JestersCrown","hermit:Virtue","hermit:NoHoldsBarred+1","Orrery"],"campfire_rested":4,"item_purchase_floors":[0,4,13,13,19],"current_hp_per_floor":[75,75,74,74,68,23,45,44,44,44,42,45,45,43,67,65,81,80,80,76,76,75,75,61,61,61,58,27,52,52,43,68,0,0],"gold":237,"neow_bonus":"","is_prod":false,"is_daily":false,"chose_seed":false,"campfire_upgraded":1,"win_rate":0.0,"timestamp":1607517101,"path_taken":["M","?","M","?","M","E","R","?","T","?","E","?","$","M","R","BOSS","M","$","M","?","M","R","M","?","T","?","NM","R","E","M","R","BOSS"],"build_version":"2020-11-30","purchased_purges":0,"victory":false,"max_hp_per_floor":[75,75,75,75,75,75,75,75,75,75,75,78,78,81,81,81,81,81,81,81,81,81,81,81,81,81,81,84,84,84,84,84,84,84],"card_choices":[{"not_picked":["hermit:Dive","hermit:HighCaliber"],"picked":"hermit:Horror","floor":1},{"not_picked":["hermit:EyeOfTheStorm","hermit:Midnight"],"picked":"hermit:Glare","floor":3},{"not_picked":["hermit:Ricochet","hermit:SprayPray"],"picked":"hermit:Gestalt","floor":5},{"not_picked":["hermit:Ricochet","hermit:FatalDesire"],"picked":"hermit:Headshot","floor":6},{"not_picked":["hermit:EyeOfTheStorm","hermit:Combo"],"picked":"hermit:Gestalt","floor":8},{"not_picked":["hermit:Roulette","hermit:Enervate"],"picked":"hermit:LowProfile","floor":11},{"not_picked":["hermit:Maintenance","hermit:Vantage"],"picked":"hermit:Desperado","floor":14},{"not_picked":["hermit:BlackWind","hermit:FatalDesire"],"picked":"hermit:FinalCanter","floor":16},{"not_picked":["hermit:TakeAim","hermit:BodyArmor"],"picked":"hermit:Desperado","floor":18},{"not_picked":["hermit:FlashPowder","hermit:Reprieve"],"picked":"hermit:Desperado","floor":19},{"not_picked":["hermit:HighCaliber","hermit:LuckOfTheDraw"],"picked":"hermit:Ricochet","floor":19},{"not_picked":["hermit:Quickdraw","hermit:Headshot"],"picked":"hermit:Horror+1","floor":19},{"not_picked":["hermit:Feint+1","hermit:Roulette"],"picked":"hermit:GhostlyPresence","floor":19},{"not_picked":["hermit:ShadowCloak","hermit:Manifest+1"],"picked":"hermit:Coalescence+1","floor":19},{"not_picked":["hermit:ShadowCloak","hermit:Feint","hermit:TrackingShot"],"picked":"SKIP","floor":20},{"not_picked":["hermit:TrackingShot","hermit:Purgatory"],"picked":"hermit:Coalescence+1","floor":22},{"not_picked":["hermit:LoneWolf","hermit:WideOpen"],"picked":"hermit:Quickdraw+1","floor":24},{"not_picked":["hermit:LuckOfTheDraw","hermit:HoleUp"],"picked":"hermit:Deadeye+1","floor":27},{"not_picked":["infinitespire:Starlight","ReplayTheSpireMod:Haul"],"picked":"infinitespire:SevenWalls","floor":28},{"not_picked":["hermit:Brawl","hermit:TakeAim"],"picked":"hermit:HoleUp","floor":28},{"not_picked":["hermit:HighCaliber","hermit:BodyArmor"],"picked":"hermit:HoleUp","floor":30},{"not_picked":["hermit:Manifest+1","hermit:SprayPray"],"picked":"hermit:Misfire","floor":31}],"player_experience":73195,"relics_obtained":[{"floor":6,"key":"War Paint"},{"floor":9,"key":"infinitespire:PuzzleCube"},{"floor":11,"key":"PreservedInsect"},{"floor":14,"key":"halation:EternalFortune"},{"floor":26,"key":"StuffTheSpire:Gunfinga"},{"floor":28,"key":"hubris:SphereOfDissonance"},{"floor":28,"key":"halation:EternalFortune"},{"floor":30,"key":"Replay:Mystery Machine"}],"event_choices":[{"damage_healed":0,"gold_gain":0,"player_choice":"Ignored","damage_taken":0,"max_hp_gain":0,"max_hp_loss":0,"event_name":"betterNote:BetterNote","floor":2,"gold_loss":0,"cards_obtained":["hermit:Defend_Hermit"]}],"is_beta":false,"boss_relics":[{"not_picked":["Velvet Choker","hubris:Stopwatch"],"picked":"conspire:SpecialSausage"}],"items_purged_floors":[],"is_endless":true,"potions_floor_spawned":[3,8,14,18,22,24,30],"killed_by":"Automaton","ascension_level":0}}