{"host":"avjwtc49fhlk6kym","time":1607484112,"event":{"gold_per_floor":[111,128,144,160,160,160,171,171,194,194,269,289,289,342,342,442,442,458,558,572,572,572],"floor_reached":21,"playtime":522,"items_purged":[],"score":188,"play_id":"b1e0a035-ce42-411a-988b-f95692c90afe","local_time":"20201208222152","is_ascension_mode":true,"campfire_choices":[{"floor":6.0,"key":"REST"},{"data":"Eruption","floor":8.0,"key":"SMITH"},{"data":"BowlingBash","floor":10.0,"key":"SMITH"},{"data":"PathToVictory","floor":15.0,"key":"SMITH"}],"neow_cost":"NONE","seed_source_timestamp":711932166847500,"circlet_count":0,"master_deck":["Strike_P","Strike_P","Strike_P","Strike_P","Defend_P","Defend_P","Defend_P","Eruption+1","Vigilance","Conclude+1","BowlingBash+1","FlurryOfBlows+1","FollowUp+1","Protect","PathToVictory+1","Devotion","FollowUp"],"special_seed":0,"relics":["PureWater","Tiny Chest","VioletLotus"],"potions_floor_usage":[],"damage_taken":[{"damage":2.0,"enemies":"Jaw Worm","floor":1.0,"turns":3.0},{"damage":0.0,"enemies":"Cultist","floor":2.0,"turns":2.0},{"damage":2.0,"enemies":"2 Louse","floor":3.0,"turns":2.0},{"damage":4.0,"enemies":"Looter","floor":4.0,"turns":3.0},{"damage":4.0,"enemies":"Large Slime","floor":7.0,"turns":2.0},{"damage":2.0,"enemies":"Lots of Slimes","floor":12.0,"turns":2.0},{"damage":28.0,"enemies":"Slime Boss","floor":16.0,"turns":9.0},{"damage":39.0,"enemies":"Shell Parasite","floor":18.0,"turns":6.0},{"damage":16.0,"enemies":"2 Thieves","floor":20.0,"turns":3.0},{"damage":29,"enemies":"Centurion and Healer","floor":21,"turns":2}],"seed_played":"8130731882369369794","potions_obtained":[{"floor":1.0,"key":"SpeedPotion"},{"floor":4.0,"key":"Explosive Potion"},{"floor":7.0,"key":"LiquidMemories"},{"floor":16.0,"key":"ColorlessPotion"},{"floor":20.0,"key":"EssenceOfSteel"}],"is_trial":false,"path_per_floor":["M","M","M","M","?","R","M","R","T","R","?","M","?","T","R","B",null,"M","?","M","M"],"character_chosen":"WATCHER","items_purchased":[],"campfire_rested":1,"item_purchase_floors":[],"current_hp_per_floor":[70,70,68,64,50,71,67,67,67,67,60,58,58,58,58,30,72,33,33,17,0,0],"gold":572,"neow_bonus":"TRANSFORM_CARD","is_prod":false,"is_daily":false,"chose_seed":false,"campfire_upgraded":3,"win_rate":0,"timestamp":1607484112,"path_taken":["M","M","M","M","?","R","M","R","T","R","?","?","?","?","R","BOSS","M","?","M","M"],"build_version":"2020-11-30","purchased_purges":0,"victory":false,"max_hp_per_floor":[72,72,72,72,72,72,72,72,72,72,72,72,72,72,72,72,72,72,72,72,72,72],"card_choices":[{"not_picked":["Worship","Prostrate","EmptyFist"],"picked":"SKIP","floor":1.0},{"not_picked":["EmptyBody","Omniscience"],"picked":"BowlingBash","floor":2.0},{"not_picked":["Crescendo","Nirvana"],"picked":"FlurryOfBlows","floor":3.0},{"not_picked":["SashWhip","Weave"],"picked":"FollowUp","floor":4.0},{"not_picked":["Weave","DeceiveReality"],"picked":"Protect","floor":7.0},{"not_picked":["BowlingBash","Collect"],"picked":"PathToVictory","floor":12.0},{"not_picked":["ConjureBlade","Omniscience"],"picked":"Devotion","floor":16.0},{"not_picked":["Prostrate+1","CrushJoints"],"picked":"FollowUp","floor":18.0},{"not_picked":["Worship","SignatureMove+1","Fasting2"],"picked":"SKIP","floor":20.0}],"player_experience":482398,"relics_obtained":[{"floor":9.0,"key":"Tiny Chest"}],"event_choices":[{"damage_healed":64.0,"max_hp_gain":0.0,"max_hp_loss":72.0,"gold_gain":0.0,"event_name":"betterThird:BetterShining","player_choice":"Upgrade","floor":5.0,"gold_loss":0.0,"damage_taken":14.0,"cards_upgraded":["FollowUp","FlurryOfBlows"]},{"damage_healed":0.0,"max_hp_gain":0.0,"max_hp_loss":0.0,"gold_gain":75.0,"event_name":"FaceTrader","player_choice":"Touch","floor":11.0,"gold_loss":0.0,"damage_taken":7.0},{"damage_healed":0.0,"max_hp_gain":0.0,"max_hp_loss":0.0,"gold_gain":0.0,"event_name":"Living Wall","player_choice":"Grow","floor":13.0,"gold_loss":0.0,"damage_taken":0.0,"cards_upgraded":["Conclude"]},{"damage_healed":0.0,"max_hp_gain":0.0,"max_hp_loss":0.0,"gold_gain":100.0,"event_name":"Golden Shrine","player_choice":"Pray","floor":19.0,"gold_loss":0.0,"damage_taken":0.0}],"is_beta":false,"boss_relics":[{"not_picked":["Fusion Hammer","Pandora\u0027s Box"],"picked":"VioletLotus"}],"items_purged_floors":[],"is_endless":false,"potions_floor_spawned":[1,4,7,16,20],"killed_by":"Centurion and Healer","ascension_level":2}}