{"host":"womlpxqjjlvrjm57","time":1607487447,"event":{"gold_per_floor":[117,131,131,131,142,142,142,177,177,177,207,223,148,45,45,144,144,157,168,168,4,4,4,4],"floor_reached":23,"playtime":1630,"items_purged":["hubris:Sloth"],"score":245,"play_id":"c4291406-742e-4611-a6ed-77e205034cb7","local_time":"20201208231727","is_ascension_mode":true,"campfire_choices":[{"data":"TheCursedMod:HellfireBreathing","floor":6.0,"key":"SMITH"},{"floor":10.0,"key":"REST"},{"floor":15.0,"key":"REST"}],"neow_cost":"NONE","seed_source_timestamp":210054674550663,"circlet_count":0,"master_deck":["TheCursedMod:Strike_TheCursed","TheCursedMod:Strike_TheCursed","TheCursedMod:Strike_TheCursed","TheCursedMod:Strike_TheCursed","TheCursedMod:Defend_TheCursed","TheCursedMod:Defend_TheCursed","TheCursedMod:Defend_TheCursed","TheCursedMod:Defend_TheCursed+1","TheCursedMod:CleanUpWorkshop","TheCursedMod:Dregs","TheCursedMod:HellfireBreathing+1","TheCursedMod:TroublousMinions","infinitespire:Execution","TheCursedMod:FleshFromBone","TheCursedMod:CircleOfWindfury","TheCursedMod:SpitefulStrike","TheCursedMod:CursedMace","TheCursedMod:ManaBullet","TheCursedMod:CircleOfAbyss","TheCursedMod:CircleOfCorruption","TheCursedMod:AbyssShockwave","TheCursedMod:CursedShiv+1","infinitespire:Gouge","TheCursedMod:CursedWand"],"special_seed":0,"relics":["TheCursedMod:BlackMagic101","aspiration:Nostalgia","PureWater","Spirit Poop","StuffTheSpire:Mouthbags","relicPack:DarknessArmor","energizedSpire:DeadBattery","Replay:Lucky Slots"],"potions_floor_usage":[23],"damage_taken":[{"damage":1.0,"enemies":"Jaw Worm","floor":1.0,"turns":5.0},{"damage":7.0,"enemies":"conspire:RoseBush","floor":2.0,"turns":3.0},{"damage":0.0,"enemies":"Cultist","floor":5.0,"turns":4.0},{"damage":9.0,"enemies":"Replay:BlueRogue","floor":8.0,"turns":6.0},{"damage":24.0,"enemies":"Gremlin Nob","floor":11.0,"turns":4.0},{"damage":19.0,"enemies":"Large Slime","floor":12.0,"turns":7.0},{"damage":7.0,"enemies":"The Guardian","floor":16.0,"turns":9.0},{"damage":42.0,"enemies":"Spheric Guardian","floor":18.0,"turns":6.0},{"damage":27.0,"enemies":"Chosen","floor":19.0,"turns":6.0},{"damage":33,"enemies":"conspire:SneckoGhost","floor":23,"turns":4}],"seed_played":"6175368118718766424","potions_obtained":[{"floor":1.0,"key":"infinitespire:BlackPotion"},{"floor":5.0,"key":"FearPotion"},{"floor":8.0,"key":"Toxic Potion"},{"floor":12.0,"key":"Regen Potion"}],"is_trial":false,"path_per_floor":["M","M","?","?","M","R","?","E","T","R","E","M","?","$","R","B",null,"M","M","?","$","AVR","E"],"character_chosen":"THE_CURSED","items_purchased":["TheCursedMod:CursedMace","TheCursedMod:ManaBullet","TheCursedMod:CursedShiv+1","FearPotion"],"campfire_rested":2,"item_purchase_floors":[14,14,21,21],"current_hp_per_floor":[74,67,67,67,67,67,67,58,58,75,51,32,32,32,54,62,72,30,3,28,28,28,0,0],"gold":4,"neow_bonus":"NOSTALGIA","is_prod":false,"is_daily":false,"chose_seed":false,"campfire_upgraded":1,"win_rate":0,"timestamp":1607487447,"path_taken":["M","M","?","?","?","R","?","E","T","R","E","M","?","$","R","BOSS","M","M","?","?","AVR","E"],"build_version":"2020-11-30","purchased_purges":1,"victory":false,"max_hp_per_floor":[75,75,75,75,75,75,75,75,75,75,75,75,75,75,75,75,75,75,75,75,75,75,75,75],"relic_stats":{"counters":[10,53],"obtain_stats":[{"TheCursedMod:BlackMagic101":0,"StuffTheSpire:Mouthbags":8,"aspiration:Nostalgia":0,"Spirit Poop":4,"Replay:Lucky Slots":22,"relicPack:DarknessArmor":11,"PureWater":0,"energizedSpire:DeadBattery":17},{"TheCursedMod:BlackMagic101":0,"StuffTheSpire:Mouthbags":4,"aspiration:Nostalgia":0,"Spirit Poop":2,"Replay:Lucky Slots":9,"relicPack:DarknessArmor":5,"PureWater":0,"energizedSpire:DeadBattery":7},{"TheCursedMod:BlackMagic101":0,"StuffTheSpire:Mouthbags":18,"aspiration:Nostalgia":0,"Spirit Poop":8,"Replay:Lucky Slots":49,"relicPack:DarknessArmor":21,"PureWater":0,"energizedSpire:DeadBattery":37}]},"card_choices":[{"not_picked":["TheCursedMod:WearCloak","TheCursedMod:Torture"],"picked":"TheCursedMod:HellfireBreathing","floor":1.0},{"not_picked":["TheCursedMod:RapidMovement","TheCursedMod:RavingStaff"],"picked":"TheCursedMod:TroublousMinions","floor":2.0},{"not_picked":["ReplayTheSpireMod:Echoes of Time","ReplayTheSpireMod:Book of Names"],"picked":"infinitespire:Execution","floor":3.0},{"not_picked":["TheCursedMod:Wield","TheCursedMod:RavingStaff"],"picked":"TheCursedMod:FleshFromBone","floor":5.0},{"not_picked":["TheCursedMod:Stigma","TheCursedMod:OutForBlood","TheCursedMod:UltimatePain"],"picked":"SKIP","floor":8.0},{"not_picked":["TheCursedMod:CircleOfBlood","TheCursedMod:TroublousMinions"],"picked":"TheCursedMod:CircleOfWindfury","floor":11.0},{"not_picked":["TheCursedMod:TacticalStrike","TheCursedMod:EmpowerCircles"],"picked":"TheCursedMod:SpitefulStrike","floor":12.0},{"not_picked":["TheCursedMod:Neurasthenia","TheCursedMod:OutForBlood"],"picked":"TheCursedMod:CircleOfAbyss","floor":16.0},{"not_picked":["TheCursedMod:Wield","TheCursedMod:Obscuration"],"picked":"TheCursedMod:CircleOfCorruption","floor":18.0},{"not_picked":["TheCursedMod:SpitefulStrike+1","TheCursedMod:SmokeScreen"],"picked":"TheCursedMod:AbyssShockwave","floor":19.0}],"player_experience":500626,"relics_obtained":[{"floor":8.0,"key":"StuffTheSpire:Mouthbags"},{"floor":11.0,"key":"relicPack:DarknessArmor"}],"event_choices":[{"cards_removed":["hubris:Gluttony"],"damage_healed":0.0,"max_hp_gain":0.0,"max_hp_loss":0.0,"gold_gain":0.0,"event_name":"Bonfire Elementals","player_choice":"Offered Curse","floor":4.0,"gold_loss":0.0,"damage_taken":0.0,"relics_obtained":["Spirit Poop"]},{"damage_healed":0.0,"max_hp_gain":0.0,"max_hp_loss":0.0,"gold_gain":0.0,"event_name":"betterMatch:BetterMatch","player_choice":"2","floor":13.0,"gold_loss":0.0,"damage_taken":0.0,"cards_obtained":[]},{"damage_healed":25.0,"max_hp_gain":0.0,"max_hp_loss":0.0,"gold_gain":0.0,"event_name":"The Library","player_choice":"Heal","floor":20.0,"gold_loss":0.0,"damage_taken":0.0}],"is_beta":false,"boss_relics":[{"not_picked":["aspiration:FutureDiary","relicPack:StarArrow"],"picked":"energizedSpire:DeadBattery"}],"items_purged_floors":[21],"is_endless":false,"potions_floor_spawned":[1,5,8,12],"killed_by":"conspire:SneckoGhost","ascension_level":5}}