{"host":"4ag909k4xupnj24b","time":1607527885,"event":{"gold_per_floor":[117,117,132,5,5,5,34,134,134,151,151,171,171,187,187,291,291,310,37,37,37,49,49,64,64,87,186,202,214,214,314,314,314,314],"floor_reached":33,"playtime":1169,"items_purged":["Strike_B"],"score":432,"play_id":"48e01a69-e39e-4e20-a04a-ab1d1e78501c","local_time":"20201209073125","is_ascension_mode":true,"campfire_choices":[{"floor":6,"key":"REST"},{"floor":11,"key":"REST"},{"data":"Zap","floor":13,"key":"SMITH"},{"data":"Rainbow","floor":15,"key":"SMITH"},{"data":"Defragment","floor":23,"key":"SMITH"},{"data":"Loop","floor":25,"key":"SMITH"},{"data":"Loop","floor":30,"key":"SMITH"},{"floor":32,"key":"REST"}],"neow_cost":"NONE","seed_source_timestamp":36311660858700,"circlet_count":0,"master_deck":["AscendersBane","Strike_B+1","Defend_B+1","Defend_B","Defend_B+1","Defend_B+1","Zap+1","Dualcast","Barrage","Cold Snap","Glacier","Rainbow+1","Sweeping Beam","Core Surge","Coolheaded","Loop+1","Loop+1","Go for the Eyes","Defragment+1"],"relics":["Runic Dome","White Beast Statue","Anchor","Cables","Empty Cage","DollysMirror","War Paint","Girya","Bottled Tornado"],"potions_floor_usage":[7,10,16,18,31,33,33],"damage_taken":[{"damage":11,"enemies":"Jaw Worm","floor":1,"turns":4},{"damage":2,"enemies":"2 Louse","floor":3,"turns":3},{"damage":15,"enemies":"Lagavulin","floor":7,"turns":6},{"damage":0,"enemies":"Cultist","floor":10,"turns":3},{"damage":0,"enemies":"Large Slime","floor":12,"turns":6},{"damage":0,"enemies":"2 Fungi Beasts","floor":14,"turns":3},{"damage":28,"enemies":"Slime Boss","floor":16,"turns":6},{"damage":0,"enemies":"Spheric Guardian","floor":18,"turns":3},{"damage":6,"enemies":"3 Byrds","floor":22,"turns":6},{"damage":6,"enemies":"Snake Plant","floor":24,"turns":5},{"damage":0,"enemies":"Cultist and Chosen","floor":28,"turns":5},{"damage":0,"enemies":"Chosen and Byrds","floor":29,"turns":4},{"damage":0,"enemies":"Colosseum Slavers","floor":31,"turns":4},{"damage":18,"enemies":"Colosseum Nobs","floor":31,"turns":5},{"damage":66,"enemies":"Automaton","floor":33,"turns":6}],"seed_played":"-9013311089852983364","potions_obtained":[{"floor":1,"key":"Energy Potion"},{"floor":7,"key":"FearPotion"},{"floor":10,"key":"LiquidMemories"},{"floor":16,"key":"FearPotion"},{"floor":18,"key":"Ancient Potion"},{"floor":24,"key":"Energy Potion"},{"floor":28,"key":"FocusPotion"},{"floor":31,"key":"Block Potion"}],"is_trial":false,"path_per_floor":["M","?","M","$","?","R","E","?","T","M","R","M","R","M","R","B",null,"M","$","?","?","M","R","M","R","T","?","M","M","R","?","R","B"],"character_chosen":"DEFECT","items_purchased":["Explosive Potion","Loop","DollysMirror","Go for the Eyes"],"campfire_rested":3,"item_purchase_floors":[4,19,19,19],"current_hp_per_floor":[57,42,40,40,7,29,14,14,14,14,36,36,36,36,36,8,58,58,58,58,58,52,52,46,46,46,46,46,46,46,28,50,0,0],"gold":314,"neow_bonus":"BOSS_RELIC","is_prod":false,"is_daily":false,"chose_seed":false,"campfire_upgraded":5,"win_rate":0,"timestamp":1607527885,"path_taken":["M","?","M","$","?","R","E","?","T","M","R","?","R","M","R","BOSS","M","$","?","?","M","R","M","R","T","?","M","M","R","?","R","BOSS"],"build_version":"2020-11-30","purchased_purges":1,"victory":false,"max_hp_per_floor":[75,75,75,75,75,75,75,75,75,75,75,75,75,75,75,75,75,75,75,75,75,75,75,75,75,75,75,75,75,75,75,75,75,75],"card_choices":[{"not_picked":["Chaos","Hologram"],"picked":"Barrage","floor":1},{"not_picked":["Redo","Consume"],"picked":"Cold Snap","floor":3},{"not_picked":["Storm","Sweeping Beam"],"picked":"Glacier","floor":7},{"not_picked":["Stack","Melter","Streamline"],"picked":"SKIP","floor":10},{"not_picked":["Gash","Redo","Rainbow"],"picked":"SKIP","floor":12},{"not_picked":["Gash","Redo"],"picked":"Rainbow","floor":12},{"not_picked":["Recycle","Rebound"],"picked":"Sweeping Beam","floor":14},{"not_picked":["All For One","Hyperbeam"],"picked":"Core Surge","floor":16},{"not_picked":["Rip and Tear","Barrage"],"picked":"Coolheaded","floor":18},{"not_picked":["Hologram","Core Surge","Cold Snap"],"picked":"SKIP","floor":22},{"not_picked":["Genetic Algorithm+1","Rip and Tear","Turbo"],"picked":"SKIP","floor":24},{"not_picked":["Hologram+1","Compile Driver","Static Discharge"],"picked":"SKIP","floor":28},{"not_picked":["Sweeping Beam","Leap","Redo"],"picked":"SKIP","floor":29}],"player_experience":769805,"relics_obtained":[{"floor":7,"key":"Anchor"},{"floor":9,"key":"Cables"},{"floor":26,"key":"War Paint"},{"floor":31,"key":"Girya"},{"floor":31,"key":"Bottled Tornado"}],"event_choices":[{"damage_healed":0,"gold_gain":0,"player_choice":"Entered Light","damage_taken":15,"max_hp_gain":0,"max_hp_loss":0,"event_name":"Shining Light","floor":2,"gold_loss":0,"cards_upgraded":["Strike_B","Defend_B"]},{"damage_healed":0,"gold_gain":0,"player_choice":"Success","damage_taken":33,"relics_obtained":["White Beast Statue"],"max_hp_gain":0,"max_hp_loss":0,"event_name":"Scrap Ooze","floor":5,"gold_loss":0},{"damage_healed":0,"gold_gain":100,"player_choice":"Pray","damage_taken":0,"max_hp_gain":0,"max_hp_loss":0,"event_name":"Golden Shrine","floor":8,"gold_loss":0},{"damage_healed":0,"gold_gain":0,"player_choice":"Ignored","damage_taken":0,"max_hp_gain":0,"max_hp_loss":0,"event_name":"Vampires","floor":20,"gold_loss":0},{"damage_healed":0,"gold_gain":0,"player_choice":"Read","damage_taken":0,"max_hp_gain":0,"max_hp_loss":0,"event_name":"The Library","floor":21,"gold_loss":0,"cards_obtained":["Defragment"]},{"damage_healed":0,"gold_gain":99,"player_choice":"Stole From Cult","damage_taken":0,"max_hp_gain":0,"max_hp_loss":0,"event_name":"Nest","floor":27,"gold_loss":0},{"damage_healed":0,"gold_gain":0,"player_choice":"Fight","damage_taken":0,"max_hp_gain":0,"max_hp_loss":0,"event_name":"Colosseum","floor":31,"gold_loss":0},{"damage_healed":0,"gold_gain":0,"player_choice":"Fought Nobs","damage_taken":0,"max_hp_gain":0,"max_hp_loss":0,"event_name":"Colosseum","floor":31,"gold_loss":0}],"is_beta":false,"boss_relics":[{"not_picked":["Nuclear Battery","Cursed Key"],"picked":"Empty Cage"}],"items_purged_floors":[4],"is_endless":false,"potions_floor_spawned":[1,7,10,12,14,16,18,22,24,28,29,31,31],"killed_by":"Automaton","ascension_level":12}}