{"host":"5gc11emcm5chfr5t","time":1607477697,"event":{"gold_per_floor":[115,127,127,127,146,172,172,172,199,199,219,244,259,273,273,375,375,385,398,51,67,81,96,11,11,88,103,103,103],"floor_reached":28,"playtime":1206,"items_purged":["Strike_B"],"score":269,"play_id":"d97529bb-bb0b-44b7-9f78-063bfb2f1184","local_time":"20201208203457","is_ascension_mode":true,"campfire_choices":[{"data":"Genetic Algorithm","floor":7,"key":"SMITH"},{"floor":15,"key":"REST"},{"floor":25,"key":"REST"}],"neow_cost":"NONE","seed_source_timestamp":168001571800200,"circlet_count":0,"master_deck":["Strike_B","Strike_B+1","Strike_B+1","Defend_B","Defend_B","Defend_B","Defend_B","Zap+1","Dualcast","Ball Lightning","Genetic Algorithm+1","Capacitor","Redo","Rainbow","Melter","Beam Cell","Meteor Strike","Defragment","Conserve Battery+1","Recycle+1","Consume+1","Fusion+1"],"relics":["Cracked Core","NeowsBlessing","Smiling Mask","Juzu Bracelet","Pen Nib","Velvet Choker","Chemical X","Whetstone","Akabeko","Eternal Feather"],"potions_floor_usage":[6,6,12,13,16,19,22,27],"damage_taken":[{"damage":0,"enemies":"Cultist","floor":1,"turns":1},{"damage":0,"enemies":"2 Louse","floor":2,"turns":1},{"damage":0,"enemies":"Jaw Worm","floor":5,"turns":1},{"damage":18,"enemies":"Gremlin Nob","floor":6,"turns":3},{"damage":3,"enemies":"Blue Slaver","floor":11,"turns":3},{"damage":24,"enemies":"3 Sentries","floor":12,"turns":8},{"damage":17,"enemies":"Lots of Slimes","floor":13,"turns":4},{"damage":4,"enemies":"2 Fungi Beasts","floor":14,"turns":4},{"damage":26,"enemies":"Hexaghost","floor":16,"turns":10},{"damage":17,"enemies":"3 Byrds","floor":18,"turns":5},{"damage":17,"enemies":"2 Thieves","floor":19,"turns":4},{"damage":0,"enemies":"Sentry and Sphere","floor":21,"turns":3},{"damage":29,"enemies":"Shelled Parasite and Fungi","floor":22,"turns":6},{"damage":37,"enemies":"Chosen and Byrds","floor":23,"turns":7},{"damage":15,"enemies":"Snake Plant","floor":27,"turns":4},{"damage":30,"enemies":"Centurion and Healer","floor":28,"turns":5}],"seed_played":"4000737487257773451","potions_obtained":[{"floor":1,"key":"Swift Potion"},{"floor":5,"key":"Swift Potion"},{"floor":6,"key":"Energy Potion"},{"floor":12,"key":"ColorlessPotion"},{"floor":14,"key":"Dexterity Potion"},{"floor":18,"key":"BlessingOfTheForge"},{"floor":19,"key":"Swift Potion"},{"floor":21,"key":"FairyPotion"},{"floor":23,"key":"ColorlessPotion"}],"is_trial":false,"path_per_floor":["M","M","?","?","M","E","R","$","T","$","M","E","M","M","R","B",null,"M","M","$","M","M","M","?","R","T","M","M"],"character_chosen":"DEFECT","items_purchased":["Chemical X","Whetstone"],"campfire_rested":2,"item_purchase_floors":[20,20],"current_hp_per_floor":[75,75,75,75,75,57,57,57,57,57,54,30,13,9,31,5,75,58,41,41,41,12,22,22,44,44,29,0,0],"gold":103,"neow_bonus":"THREE_ENEMY_KILL","is_prod":false,"is_daily":false,"chose_seed":false,"campfire_upgraded":1,"win_rate":0,"timestamp":1607477697,"path_taken":["M","M","?","?","M","E","R","?","T","?","M","E","M","M","R","BOSS","M","M","$","M","M","M","?","R","T","M","M"],"build_version":"2020-11-30","purchased_purges":1,"victory":false,"max_hp_per_floor":[75,75,75,75,75,75,75,75,75,75,75,75,75,75,75,75,75,75,75,75,75,75,75,75,75,75,75,75,75],"card_choices":[{"not_picked":["Stack","Reprogram","Heatsinks"],"picked":"SKIP","floor":1},{"not_picked":["Coolheaded","Glacier"],"picked":"Ball Lightning","floor":2},{"not_picked":["Reprogram","Coolheaded"],"picked":"Genetic Algorithm","floor":5},{"not_picked":["Streamline","Redo"],"picked":"Capacitor","floor":6},{"not_picked":["Steam","Leap"],"picked":"Redo","floor":11},{"not_picked":["Turbo","Fusion"],"picked":"Rainbow","floor":12},{"not_picked":["Sunder","Go for the Eyes"],"picked":"Melter","floor":13},{"not_picked":["Streamline","Compile Driver"],"picked":"Beam Cell","floor":14},{"not_picked":["Multi-Cast","Fission"],"picked":"Meteor Strike","floor":16},{"not_picked":["Glacier","Steam+1"],"picked":"Defragment","floor":18},{"not_picked":["Steam","Streamline"],"picked":"Conserve Battery+1","floor":19},{"not_picked":["Sweeping Beam","Lockon"],"picked":"Recycle+1","floor":21},{"not_picked":["Hello World","Sweeping Beam"],"picked":"Consume+1","floor":22},{"not_picked":["Ball Lightning","Chaos+1"],"picked":"Fusion+1","floor":23},{"not_picked":["Redo+1","Turbo","Darkness"],"picked":"SKIP","floor":27}],"player_experience":295405,"relics_obtained":[{"floor":6,"key":"Smiling Mask"},{"floor":9,"key":"Juzu Bracelet"},{"floor":12,"key":"Pen Nib"},{"floor":26,"key":"Eternal Feather"}],"event_choices":[{"damage_healed":0,"gold_gain":0,"player_choice":"Grow","damage_taken":0,"max_hp_gain":0,"max_hp_loss":0,"event_name":"Living Wall","floor":3,"gold_loss":0,"cards_upgraded":["Zap"]},{"damage_healed":0,"gold_gain":0,"player_choice":"Ignored","damage_taken":0,"max_hp_gain":0,"max_hp_loss":0,"event_name":"Golden Wing","floor":4,"gold_loss":0},{"damage_healed":0,"gold_gain":0,"player_choice":"Obtained Relic","damage_taken":0,"relics_obtained":["Akabeko"],"max_hp_gain":0,"max_hp_loss":0,"event_name":"Addict","floor":24,"gold_loss":85}],"is_beta":false,"boss_relics":[{"not_picked":["Coffee Dripper","Fusion Hammer"],"picked":"Velvet Choker"}],"items_purged_floors":[20],"is_endless":false,"potions_floor_spawned":[1,5,6,12,14,18,19,21,23],"killed_by":"Centurion and Healer","ascension_level":3}}