{"host":"bxdue9bkfm2khp2x","time":1607516117,"event":{"gold_per_floor":[112,112,37,7,21,56,56,66,66,66,92,92,103,132,132,209,209,222,236,236,288,15,15,48,48,48,75,92,92,107,107,107,185,185,201,219,236,253,25,25,42,75,99,99,99,146,146,210,210,240],"floor_reached":51,"playtime":4378,"items_purged":["Defend_G","Strike_G","Strike_G"],"score":1558,"play_id":"36380d89-3d01-4da7-91cf-fb1fca6f2592","local_time":"20201209201517","is_ascension_mode":true,"campfire_choices":[{"data":"Neutralize","floor":7.0,"key":"SMITH"},{"data":"conspire:DoublingDagger","floor":10.0,"key":"SMITH"},{"data":"Accuracy","floor":12.0,"key":"SMITH"},{"data":"Escape Plan","floor":15.0,"key":"SMITH"},{"data":"Accuracy","floor":23,"key":"SMITH"},{"data":"Blade Dance","floor":25,"key":"SMITH"},{"data":"ReplayTheSpireMod:Speed Training","floor":25,"key":"SMITH"},{"data":"MostiFishMod:LethalBlade","floor":29,"key":"SMITH"},{"data":"Fluid Movement","floor":29,"key":"SMITH"},{"data":"Survivor","floor":32,"key":"SMITH"},{"data":"MostiFishMod:PerfectParry","floor":32,"key":"SMITH"},{"data":"Replay:Bag of Tricks","floor":40,"key":"SMITH"},{"data":"MostiFishMod:Volcan","floor":40,"key":"SMITH"},{"data":"Strike_G","floor":44,"key":"SMITH"},{"data":"Defend_G","floor":44,"key":"SMITH"},{"floor":49,"key":"REST"}],"neow_cost":"NONE","seed_source_timestamp":0,"circlet_count":0,"master_deck":["AscendersBane","Strike_G+1","Defend_G+1","Defend_G+1","Defend_G+1","Survivor+1","Neutralize+1","conspire:DoublingDagger+1","Accuracy+1","Escape Plan+1","MostiFishMod:PerfectParry+1","Fluid Movement+1","ReplayTheSpireMod:Speed Training+1","Accuracy+1","Blade Dance+1","MostiFishMod:LethalBlade+1","MostiFishMod:Volcan+1","Finisher+1","Replay:Bag of Tricks+1","Cloak And Dagger+1"],"special_seed":0,"relics":["Ring of the Snake","REME_ComplimentaryCards","DaveBox","ice","Nloth\u0027s Gift","Question Card","Tiny Chest","Vampiric Spirits","ImportantClient","Empty Cage","Dota2Spire:HeartOfTarrasque","Replay:Baseball","Replay:Arrowhead","ArrowTower","Shuriken","GodSword5","WristBlade","Lee\u0027s Waffle","War Paint","Dota2Spire:HandOfMidas","Orichalcum"],"potions_floor_usage":[18,27,33,37,41,48,50],"damage_taken":[{"damage":0.0,"enemies":"conspire:RoseBush","floor":1.0,"turns":4.0},{"damage":6.0,"enemies":"2 Louse","floor":5.0,"turns":5.0},{"damage":25.0,"enemies":"Replay:BlueRogue","floor":6.0,"turns":14.0},{"damage":0.0,"enemies":"Jaw Worm","floor":8.0,"turns":4.0},{"damage":26.0,"enemies":"Lagavulin","floor":11.0,"turns":9.0},{"damage":1.0,"enemies":"3 Louse","floor":13.0,"turns":4.0},{"damage":3.0,"enemies":"Gremlin Nob","floor":14.0,"turns":5.0},{"damage":0.0,"enemies":"Hexaghost","floor":16.0,"turns":9.0},{"damage":8,"enemies":"Chosen","floor":18,"turns":5},{"damage":0,"enemies":"conspire:FuzzyDice","floor":19,"turns":6},{"damage":68,"enemies":"conspire:MimicChest","floor":21,"turns":10},{"damage":0,"enemies":"conspire:Head Lice","floor":24,"turns":8},{"damage":22,"enemies":"REME_1_Revenger","floor":27,"turns":6},{"damage":10,"enemies":"Centurion and Healer","floor":28,"turns":5},{"damage":1,"enemies":"Snake Plant","floor":30,"turns":3},{"damage":0,"enemies":"Automaton","floor":33,"turns":5},{"damage":0,"enemies":"Orb Walker","floor":35,"turns":2},{"damage":0,"enemies":"3 Darklings","floor":36,"turns":1},{"damage":11,"enemies":"Sphere and 2 Shapes","floor":37,"turns":3},{"damage":41,"enemies":"Transient","floor":38,"turns":5},{"damage":0,"enemies":"Jaw Worm Horde","floor":41,"turns":2},{"damage":1,"enemies":"Giant Head","floor":42,"turns":3},{"damage":0,"enemies":"Spire Growth","floor":46,"turns":2},{"damage":38,"enemies":"Nemesis","floor":48,"turns":5},{"damage":35,"enemies":"Time Eater","floor":50,"turns":5}],"seed_played":"-2830946566445707191","potions_obtained":[{"floor":5.0,"key":"SmokeBomb"},{"floor":8.0,"key":"SpeedPotion"},{"floor":11.0,"key":"PowerPotion"},{"floor":16.0,"key":"EssenceOfSteel"},{"floor":19,"key":"ColorlessPotion"},{"floor":27,"key":"Languid Potion"},{"floor":28,"key":"Energy Potion"},{"floor":35,"key":"Dexterity Potion"},{"floor":38,"key":"Energy Potion"},{"floor":42,"key":"Energy Potion"}],"is_trial":false,"path_per_floor":["M","?","$","?","M","E","R","M","T","R","E","R","M","E","R","B",null,"M","M","?","?","$","R","E","R","T","E","M","R","M","T","R","B",null,"M","M","M","M","$","R","M","E","T","R","?","M","R","E","R","B",null],"character_chosen":"THE_SILENT","items_purchased":["Accuracy","Replay:Baseball","Lee\u0027s Waffle"],"campfire_rested":1,"item_purchase_floors":[22,22,39],"current_hp_per_floor":[59,59,59,59,53,28,28,28,28,28,2,2,5,65,65,67,77,69,74,62,84,84,84,101,101,101,83,78,78,84,84,84,101,122,123,124,113,72,137,137,137,137,137,137,137,139,139,101,141,106],"gold":240,"neow_bonus":"REMOVE_CARD","is_prod":false,"is_daily":false,"chose_seed":false,"campfire_upgraded":15,"win_rate":0,"timestamp":1607516117,"path_taken":["M","?","$","?","M","E","R","M","T","R","E","R","M","E","R","BOSS","M","?","?","?","$","R","E","R","T","E","M","R","M","?","R","BOSS","M","M","M","M","$","R","M","E","T","R","?","M","R","E","R","BOSS"],"build_version":"2020-11-30","purchased_purges":3,"victory":true,"max_hp_per_floor":[66,66,66,66,66,66,66,66,66,66,66,66,66,67,67,80,80,80,80,80,90,90,90,101,101,101,111,115,115,118,118,118,123,123,124,124,125,130,137,137,138,139,139,139,139,139,139,141,141,149],"card_choices":[{"not_picked":["Sucker Punch","Prepared","Acrobatics"],"picked":"SKIP","floor":1.0},{"not_picked":[],"picked":"conspire:DoublingDagger","floor":4.0},{"not_picked":["Poisoned Stab","Hidden Blade","Crippling Poison","PiercingWail"],"picked":"SKIP","floor":5.0},{"not_picked":["Dodge and Roll","Flying Knee","Deflect","Sucker Punch"],"picked":"SKIP","floor":6.0},{"not_picked":["Slice","Sucker Punch","Masterful Stab","Backflip"],"picked":"SKIP","floor":8.0},{"not_picked":["Poisoned Stab","Calculated Gamble","MostiFishMod:HiddenBlade"],"picked":"Accuracy","floor":11.0},{"not_picked":["Quick Slash","Finisher","Acrobatics","Prepared"],"picked":"SKIP","floor":13.0},{"not_picked":["REME_ShadowStrike","aspiration:Lunge","Underhanded Strike"],"picked":"Escape Plan","floor":14.0},{"not_picked":["Flying Knee","Hidden Blade","Finisher","Eviscerate"],"picked":"SKIP","floor":18},{"not_picked":["Acrobatics","Dagger Throw","Quick Slash"],"picked":"MostiFishMod:PerfectParry","floor":19},{"not_picked":["Prepared","Draining Mist","Quick Slash"],"picked":"Fluid Movement","floor":20},{"not_picked":["Prepared","Tools of the Trade","conspire:PoisonWeapons"],"picked":"ReplayTheSpireMod:Speed Training","floor":21},{"not_picked":["ReplayTheSpireMod:Scrap Shanks","Endless Agony","MostiFishMod:VineMother"],"picked":"Blade Dance","floor":24},{"not_picked":["MostiFishMod:PerfectParry","Quick Slash","Outmaneuver"],"picked":"MostiFishMod:LethalBlade","floor":27},{"not_picked":["Predator","Finisher","Deadly Poison","Noxious Fumes"],"picked":"SKIP","floor":28},{"not_picked":["MostiFishMod:FrostNova","Dodge and Roll","ReplayTheSpireMod:The Works","Slice"],"picked":"SKIP","floor":30},{"not_picked":["Burst","Poison Darts","MostiFishMod:WinterMarkForm"],"picked":"MostiFishMod:Volcan","floor":33},{"not_picked":["MostiFishMod:FrostNova","Well Laid Plans+1","MostiFishMod:Confrontation"],"picked":"Finisher+1","floor":35},{"not_picked":["Dagger Throw","Concentrate","Flechettes"],"picked":"Replay:Bag of Tricks","floor":36},{"not_picked":["conspire:PoisonWeapons","Blade Dance","Slice","MostiFishMod:ThornCasing"],"picked":"SKIP","floor":37},{"not_picked":["REME_SpectralBlade","ReplayTheSpireMod:Speed Training","Poisoned Stab+1","Bane+1"],"picked":"SKIP","floor":38},{"not_picked":["Dagger Spray","Underhanded Strike","Endless Agony"],"picked":"Cloak And Dagger+1","floor":41},{"not_picked":["REME_CopyPotion","Terror","All Out Attack","Hidden Blade"],"picked":"SKIP","floor":42},{"not_picked":["Eviscerate","Dagger Spray","Sucker Punch+1","conspire:PoisonWeapons"],"picked":"SKIP","floor":46},{"not_picked":["Bane","Dodge and Roll+1","Sucker Punch","Blur"],"picked":"SKIP","floor":48}],"player_experience":1346172,"relics_obtained":[{"floor":1.0,"key":"Question Card"},{"floor":6.0,"key":"Tiny Chest"},{"floor":11.0,"key":"Vampiric Spirits"},{"floor":16.0,"key":"ImportantClient"},{"floor":21,"key":"Dota2Spire:HeartOfTarrasque"},{"floor":24,"key":"Replay:Arrowhead"},{"floor":26,"key":"ArrowTower"},{"floor":27,"key":"Shuriken"},{"floor":31,"key":"GodSword5"},{"floor":42,"key":"War Paint"},{"floor":43,"key":"Dota2Spire:HandOfMidas"},{"floor":48,"key":"Orichalcum"}],"event_choices":[{"damage_healed":0,"gold_gain":0,"player_choice":"Ignored","damage_taken":0,"max_hp_gain":0,"max_hp_loss":0,"event_name":"Mysterious Sphere","floor":45,"gold_loss":0}],"is_beta":false,"boss_relics":[{"not_picked":["xbg","ChewingGum"],"picked":"Empty Cage"},{"not_picked":["conspire:SlowCooker","ReplayTheSpireMod:DimensionalGlitch"],"picked":"WristBlade"}],"items_purged_floors":[3,22,39],"is_endless":false,"potions_floor_spawned":[5,8,11,16,19,27,28,30,35,36,38,42],"ascension_level":16}}