{"host":"ajasp2lptqeegfi4","time":1607522224,"event":{"gold_per_floor":[111,122,122,122,122,139,139,64,90,90,124,124,139,156,156,257,257,268,64,81,41,41,41,41,41,41],"floor_reached":25,"playtime":1490,"items_purged":["MadScienceMod:Defend_MadScience","MadScienceMod:Strike_MadScience"],"score":199,"play_id":"257cbb37-c9f5-44b4-8e79-63368e8fed14","local_time":"20201209145704","is_ascension_mode":false,"campfire_choices":[{"data":"MadScienceMod:HideBehindJunk","floor":7,"key":"SMITH"},{"data":"MadScienceMod:RecyclingStation","floor":10,"key":"SMITH"},{"data":"MadScienceMod:FlexibleSpear","floor":12,"key":"SMITH"},{"data":"MadScienceMod:BandageBot","floor":15,"key":"SMITH"}],"neow_cost":"NONE","seed_source_timestamp":30714682968300,"circlet_count":0,"master_deck":["MadScienceMod:Strike_MadScience+1","MadScienceMod:Strike_MadScience","MadScienceMod:Strike_MadScience+1","MadScienceMod:Defend_MadScience","MadScienceMod:Defend_MadScience","MadScienceMod:Defend_MadScience","MadScienceMod:PoweredStrike","MadScienceMod:HideBehindJunk+1","MadScienceMod:FlexibleSpear+1","MadScienceMod:AcidSpray+1","MadScienceMod:RecyclingStation+1","MadScienceMod:Bayonet","MadScienceMod:Refuel","MadScienceMod:BandageBot+1","MadScienceMod:Generator+1","MadScienceMod:OilDrum","MadScienceMod:Sprocket","MadScienceMod:ShrinkRay+1"],"relics":["MadScienceMod:FuelTank","hubris:Towel","Whetstone","The Courier","Philosopher\u0027s Stone","Replay:Wax Seal","hubris:BottledHeart"],"potions_floor_usage":[11],"damage_taken":[{"damage":3,"enemies":"Cultist","floor":1,"turns":5},{"damage":0,"enemies":"Small Slimes","floor":2,"turns":3},{"damage":6,"enemies":"2 Louse","floor":6,"turns":2},{"damage":4,"enemies":"Lagavulin","floor":11,"turns":7},{"damage":3,"enemies":"Exordium Wildlife","floor":13,"turns":3},{"damage":0,"enemies":"Large Slime","floor":14,"turns":4},{"damage":41,"enemies":"Fading Forest","floor":16,"turns":11},{"damage":18,"enemies":"Spheric Guardian","floor":18,"turns":4},{"damage":8,"enemies":"Cultist and Chosen","floor":20,"turns":6},{"damage":5,"enemies":"3 Cultists","floor":25,"turns":6}],"seed_played":"3524696203210988716","potions_obtained":[{"floor":0,"key":"Block Potion"},{"floor":0,"key":"Block Potion"},{"floor":0,"key":"jedi:tentaclejuice"},{"floor":11,"key":"BlessingOfTheForge"}],"is_trial":false,"path_per_floor":["M","M","?","?","?","M","R","$","T","R","E","R","M","M","R","B",null,"M","$","M","?","?","?","?","M"],"character_chosen":"MAD_SCIENTIST","items_purchased":["Replay:Wax Seal","MadScienceMod:Sprocket"],"campfire_rested":0,"item_purchase_floors":[19,19],"current_hp_per_floor":[72,72,72,72,72,66,66,66,66,66,62,62,59,59,59,48,75,63,63,58,58,58,1,1,0,0],"gold":41,"neow_bonus":"THREE_SMALL_POTIONS","is_prod":false,"is_daily":false,"chose_seed":false,"campfire_upgraded":4,"win_rate":0.0,"timestamp":1607522224,"path_taken":["M","M","?","?","?","M","R","?","T","R","E","R","?","M","R","BOSS","M","$","M","?","?","?","?","?"],"build_version":"2020-11-30","purchased_purges":2,"victory":false,"max_hp_per_floor":[75,75,75,75,75,75,75,75,75,75,75,75,75,75,75,75,75,75,75,75,75,75,1,1,1,1],"card_choices":[{"not_picked":["MadScienceMod:LightOnFire","MadScienceMod:Inflate"],"picked":"MadScienceMod:FlexibleSpear","floor":1},{"not_picked":["MadScienceMod:Probe","MadScienceMod:Tune"],"picked":"MadScienceMod:AcidSpray","floor":2},{"not_picked":["MadScienceMod:MakeOrBreak","MadScienceMod:Sprocket"],"picked":"MadScienceMod:RecyclingStation","floor":6},{"not_picked":["MadScienceMod:SoftenUp","MadScienceMod:MechanicalClaw"],"picked":"MadScienceMod:Bayonet","floor":11},{"not_picked":["MadScienceMod:AntimatterBomb","MadScienceMod:Detonate"],"picked":"MadScienceMod:Refuel","floor":13},{"not_picked":["MadScienceMod:Bombardment","MadScienceMod:FlameThrower"],"picked":"MadScienceMod:BandageBot","floor":14},{"not_picked":["MadScienceMod:GlassCannon","MadScienceMod:Reconstitute"],"picked":"MadScienceMod:Generator","floor":16},{"not_picked":["MadScienceMod:Lightbulb","MadScienceMod:EnergyBarrier"],"picked":"MadScienceMod:OilDrum","floor":18},{"not_picked":["MadScienceMod:AntimatterBomb","MadScienceMod:OilDrum"],"picked":"MadScienceMod:ShrinkRay+1","floor":20}],"player_experience":1092143,"relics_obtained":[{"floor":9,"key":"Whetstone"},{"floor":11,"key":"The Courier"}],"event_choices":[{"damage_healed":0,"gold_gain":0,"player_choice":"Upgrade","damage_taken":0,"max_hp_gain":0,"max_hp_loss":0,"event_name":"Designer","floor":21,"gold_loss":40,"cards_upgraded":["MadScienceMod:Generator"]},{"damage_healed":0,"gold_gain":0,"player_choice":"Ignored","damage_taken":0,"max_hp_gain":0,"max_hp_loss":0,"event_name":"betterNote:BetterNote","floor":22,"gold_loss":0,"cards_obtained":["Strike_R"]}],"is_beta":false,"boss_relics":[{"not_picked":["Calling Bell","jedi:hotpepper"],"picked":"Philosopher\u0027s Stone"}],"items_purged_floors":[8,19],"is_endless":false,"potions_floor_spawned":[1,2,11,13,20],"killed_by":"3 Cultists","ascension_level":0}}