{"host":"4be9rrw6luv8jrir","time":1607536073,"event":{"gold_per_floor":[116,136,61,136,152,152,165,184,184,184,204,230,230,245,245,340,340,359,359,269,282,302,302,327,327,406,406,426,441,467,485,485,587,587,602,618,618,638,638,638,664,664,664,664,664,674,686,704,704,704],"floor_reached":51,"playtime":1595,"items_purged":["Strike_R","Strike_R","Strike_R","Strike_R","Bash"],"score":990,"play_id":"2a74a5bd-0c0c-4e81-a301-ed9d54009edb","local_time":"20201210014753","is_ascension_mode":true,"campfire_choices":[{"floor":6,"key":"RECALL"},{"data":"MostiFishMod:CullingBlade","floor":10,"key":"SMITH"},{"data":"Seeing Red","floor":15,"key":"SMITH"},{"floor":23,"key":"REST"},{"floor":32,"key":"REST"},{"data":"MostiFishMod:RacingGame","floor":40,"key":"SMITH"},{"data":"Heavy Blade","floor":45,"key":"SMITH"},{"data":"MostiFishMod:RacingGame","floor":49,"key":"SMITH"}],"neow_cost":"NONE","seed_source_timestamp":173168448931900,"circlet_count":0,"master_deck":["Defend_R+1","Defend_R","Defend_R","Defend_R","Intimidate","Heavy Blade","MostiFishMod:CullingBlade+1","Seeing Red+1","Impervious","Flame Barrier","Heavy Blade+1","Heavy Blade","Shrug It Off","Metallicize","Pot Of Greed","Pot Of Greed","Body Slam+1","Inflame+1","Seeing Red","MostiFishMod:RacingGame+1","Ghostly Armor+1","Body Slam+1","Seeing Red+1","Metallicize","Pot Of Greed","Inflame","MostiFishMod:RacingGame+1","Inflame+1"],"relics":["DaveBox","GreenFoldingFan","RhineSuit","Question Card","Incense Burner","Kunai","Ring of Fury","ImportantClient","DiscerningMonocle","wanderingMiniBosses:OtherGremlinHorn","Lizard Tail","PreservedInsect","Toolbox","conspire:BottledYoYo","ReplayTheSpireMod:TigerMarble","Grinning Jar","Bag of Preparation","hubris:Stopwatch","hubris:Icosahedron","ReplayTheSpireMod:Lightbulb","Bottled Flame","Centennial Puzzle","Another Sword","Pet Ghost","Strange Spoon","Lantern"],"potions_floor_usage":[22,22,29],"damage_taken":[{"damage":4,"enemies":"Cultist","floor":1,"turns":2},{"damage":4,"enemies":"2 Louse","floor":2,"turns":2},{"damage":4,"enemies":"Jaw Worm","floor":5,"turns":2},{"damage":10,"enemies":"Large Slime","floor":7,"turns":3},{"damage":19,"enemies":"Exordium Thugs","floor":8,"turns":3},{"damage":2,"enemies":"Blue Slaver","floor":11,"turns":1},{"damage":9,"enemies":"3 Sentries","floor":12,"turns":4},{"damage":4,"enemies":"2 Fungi Beasts","floor":14,"turns":2},{"damage":7,"enemies":"The Guardian","floor":16,"turns":2},{"damage":2,"enemies":"Shell Parasite","floor":18,"turns":1},{"damage":2,"enemies":"Spheric Guardian","floor":21,"turns":1},{"damage":61,"enemies":"3 Cultists","floor":22,"turns":7},{"damage":37,"enemies":"Slavers","floor":24,"turns":4},{"damage":4,"enemies":"Snake Plant","floor":28,"turns":2},{"damage":4,"enemies":"Shelled Parasite and Fungi","floor":29,"turns":2},{"damage":4,"enemies":"Gremlin Leader","floor":30,"turns":2},{"damage":6,"enemies":"Chosen and Byrds","floor":31,"turns":3},{"damage":2,"enemies":"Champ","floor":33,"turns":1},{"damage":4,"enemies":"3 Shapes","floor":35,"turns":2},{"damage":10,"enemies":"3 Darklings","floor":36,"turns":5},{"damage":6,"enemies":"Transient","floor":38,"turns":3},{"damage":2,"enemies":"Nemesis","floor":41,"turns":1},{"damage":6,"enemies":"4 Shapes","floor":46,"turns":3},{"damage":4,"enemies":"Maw","floor":47,"turns":2},{"damage":4,"enemies":"Jaw Worm Horde","floor":48,"turns":2},{"damage":16,"enemies":"Awakened One","floor":50,"turns":6}],"seed_played":"7696302526969213063","potions_obtained":[{"floor":1,"key":"Languid Potion"},{"floor":5,"key":"Death Potion"},{"floor":12,"key":"Strength Potion"},{"floor":14,"key":"Elixir"},{"floor":24,"key":"Block Potion"},{"floor":30,"key":"LiquidMemories"}],"is_trial":false,"path_per_floor":["M","M","$","?","M","R","M","M","T","R","M","E","?","M","R","B",null,"M","?","?","M","M","R","E","$","T","$","M","M","E","M","R","B",null,"M","M","?","M","$","R","E","$","T","?","R","M","M","M","R","B",null],"character_chosen":"IRONCLAD","items_purchased":["PreservedInsect","Toolbox","Metallicize","Swift Potion","conspire:BottledYoYo","ReplayTheSpireMod:TigerMarble","Grinning Jar","ReplayTheSpireMod:Lightbulb","Bottled Flame","FairyPotion","Another Sword","Pet Ghost","Strange Spoon","Metallicize"],"campfire_rested":2,"item_purchase_floors":[25,25,25,25,25,27,27,39,39,39,42,42,42,42],"current_hp_per_floor":[80,80,80,69,75,75,75,66,66,66,74,75,75,80,80,80,80,80,80,80,80,29,53,26,26,26,26,32,38,44,48,72,80,80,80,80,80,80,80,80,80,80,80,80,80,80,80,80,80,76],"gold":704,"neow_bonus":"BOSS_RELIC","is_prod":false,"is_daily":false,"chose_seed":false,"campfire_upgraded":5,"win_rate":0,"timestamp":1607536073,"path_taken":["M","M","$","?","M","R","M","M","T","R","M","E","?","M","R","BOSS","M","?","?","M","?","R","E","$","T","$","M","M","E","M","R","BOSS","M","M","?","M","$","R","E","$","T","?","R","M","M","M","R","BOSS"],"build_version":"2020-11-30","purchased_purges":5,"victory":true,"max_hp_per_floor":[80,80,80,80,80,80,80,80,80,80,80,80,80,80,80,80,80,80,80,80,80,80,80,80,80,80,80,80,80,80,80,80,80,80,80,80,80,80,80,80,80,80,80,80,80,80,80,80,80,80],"card_choices":[{"not_picked":["Second Wind","Rupture","Replay:Undeath\u0027s Touch"],"picked":"SKIP","floor":1},{"not_picked":["Defy Death","Havoc","Sword Boomerang"],"picked":"Intimidate","floor":2},{"not_picked":["ReplayTheSpireMod:Muscle Training","Warcry","Pommel Strike","conspire:ExplosiveBarrier"],"picked":"SKIP","floor":5},{"not_picked":["Evolve","Iron Wave","Armaments"],"picked":"Heavy Blade","floor":7},{"not_picked":["ReplayTheSpireMod:Stacked","Intimidate","Perfected Strike"],"picked":"MostiFishMod:CullingBlade","floor":8},{"not_picked":["Flex","Dual Wield","Sentinel"],"picked":"Seeing Red","floor":11},{"not_picked":["MostiFishMod:OrdinaryWorld","ReplayTheSpireMod:Corrosion Curse","Pommel Strike","Clash"],"picked":"SKIP","floor":12},{"not_picked":["Perfected Strike","Clash","Sentinel","hubris:ReadiedAction"],"picked":"SKIP","floor":14},{"not_picked":["Perfected Strike","Clash","Sentinel","hubris:ReadiedAction"],"picked":"SKIP","floor":14},{"not_picked":["MostiFishMod:Mania","Fiend Fire","Bludgeon"],"picked":"Impervious","floor":16},{"not_picked":["Flex+1","conspire:ExplosiveBarrier","Havoc"],"picked":"Flame Barrier","floor":18},{"not_picked":["Warcry","Clash","True Grit+1","Pommel Strike"],"picked":"SKIP","floor":21},{"not_picked":["Cleave","Havoc+1","ReplayTheSpireMod:Strike From Hell"],"picked":"Heavy Blade","floor":22},{"not_picked":["Whirlwind","Rupture","Clothesline+1"],"picked":"Shrug It Off","floor":24},{"not_picked":["Burning Pact","Pummel","Pommel Strike"],"picked":"Body Slam+1","floor":28},{"not_picked":["Replay:Undeath\u0027s Touch","Armaments","hubris:ReadiedAction"],"picked":"Inflame+1","floor":29},{"not_picked":["MostiFishMod:FireWorks","Whirlwind","Combust","Intimidate"],"picked":"SKIP","floor":30},{"not_picked":["Shrug It Off","ReplayTheSpireMod:LeadingStrike","Pommel Strike"],"picked":"Seeing Red","floor":31},{"not_picked":["Demonic Infusion","MostiFishMod:UniRed","MostiFishMod:HellRitual"],"picked":"MostiFishMod:RacingGame","floor":33},{"not_picked":["Cleave","Armaments+1","Fire Breathing+1"],"picked":"Ghostly Armor+1","floor":35},{"not_picked":["Warcry","Anger","Second Wind"],"picked":"Body Slam+1","floor":36},{"not_picked":["Carnage","Pommel Strike","Rupture+1","Clash"],"picked":"SKIP","floor":38},{"not_picked":["Flame Barrier+1","Feel No Pain","Clothesline+1"],"picked":"Seeing Red+1","floor":41},{"not_picked":["Clothesline+1","Clash","Shrug It Off+1","True Grit+1"],"picked":"SKIP","floor":46},{"not_picked":["Body Slam","Infernal Blade","Seeing Red"],"picked":"MostiFishMod:RacingGame","floor":47},{"not_picked":["Flame Barrier","ReplayTheSpireMod:Muscle Training","Warcry"],"picked":"Inflame+1","floor":48}],"player_experience":471831,"relics_obtained":[{"floor":1,"key":"Question Card"},{"floor":9,"key":"Incense Burner"},{"floor":12,"key":"Kunai"},{"floor":13,"key":"Ring of Fury"},{"floor":16,"key":"ImportantClient"},{"floor":22,"key":"wanderingMiniBosses:OtherGremlinHorn"},{"floor":24,"key":"Lizard Tail"},{"floor":30,"key":"Bag of Preparation"},{"floor":41,"key":"Centennial Puzzle"},{"floor":43,"key":"Lantern"}],"event_choices":[{"damage_healed":0,"gold_gain":75,"player_choice":"Gather Gold","damage_taken":11,"max_hp_gain":0,"max_hp_loss":0,"event_name":"World of Goop","floor":4,"gold_loss":0},{"damage_healed":0,"gold_gain":0,"player_choice":"Read","damage_taken":0,"max_hp_gain":0,"max_hp_loss":0,"event_name":"The Library","floor":19,"gold_loss":0,"cards_obtained":["Heavy Blade"]},{"cards_removed":["Strike_R"],"damage_healed":0,"gold_gain":0,"player_choice":"Upgrade and Remove","damage_taken":0,"max_hp_gain":0,"max_hp_loss":0,"event_name":"Designer","floor":20,"gold_loss":90,"cards_upgraded":["Defend_R"]}],"is_beta":false,"boss_relics":[{"not_picked":["PatriotShield","ReplayTheSpireMod:DimensionalGlitch"],"picked":"DiscerningMonocle"},{"not_picked":["MetatronsCube","Runic Dome"],"picked":"hubris:Stopwatch"}],"items_purged_floors":[3,25,27,39,42],"is_endless":false,"potions_floor_spawned":[1,5,12,14,18,24,28,30,36,46,48],"ascension_level":1}}