{"host":"q9718omregw4er46","time":1607486160,"event":{"gold_per_floor":[366,516,516,532,35,35,66,66,66,66,95,109,139,152,152,152,152],"floor_reached":16,"playtime":538,"items_purged":["Doubt"],"score":224,"play_id":"c44059ea-17b4-4a23-9748-5083f3e9c986","local_time":"20201209085600","is_ascension_mode":true,"campfire_choices":[{"floor":6.0,"key":"REST"},{"floor":8.0,"key":"REST"},{"data":"CutThroughFate","floor":10.0,"key":"SMITH"},{"floor":15,"key":"REST"}],"neow_cost":"PERCENT_DAMAGE","seed_source_timestamp":253394891392,"circlet_count":0,"master_deck":["AscendersBane","Strike_P","Strike_P","Strike_P","Strike_P+1","Defend_P","Defend_P","Defend_P","Defend_P+1","Eruption","Vigilance","CutThroughFate+1","BattleHymn","FlurryOfBlows","FlurryOfBlows","ReachHeaven","SashWhip"],"special_seed":0,"relics":["PureWater","Bird Faced Urn","The Courier","Bottled Tornado","Pear","Matryoshka"],"potions_floor_usage":[13,16],"damage_taken":[{"damage":13.0,"enemies":"Small Slimes","floor":1.0,"turns":6.0},{"damage":4.0,"enemies":"2 Louse","floor":4.0,"turns":3.0},{"damage":22.0,"enemies":"3 Sentries","floor":7.0,"turns":7.0},{"damage":16.0,"enemies":"Gremlin Nob","floor":11.0,"turns":3.0},{"damage":0.0,"enemies":"Cultist","floor":12.0,"turns":2.0},{"damage":17,"enemies":"3 Sentries","floor":13,"turns":3},{"damage":8,"enemies":"Exordium Thugs","floor":14,"turns":3},{"damage":29,"enemies":"Hexaghost","floor":16,"turns":9}],"seed_played":"6303233897666480005","potions_obtained":[{"floor":1.0,"key":"SpeedPotion"},{"floor":12.0,"key":"CultistPotion"},{"floor":13,"key":"Energy Potion"}],"is_trial":false,"path_per_floor":["M","?","?","M","$","R","E","R","T","R","E","M","E","M","R","B"],"character_chosen":"WATCHER","items_purchased":["Bird Faced Urn","BattleHymn"],"campfire_rested":3,"item_purchase_floors":[5,5],"current_hp_per_floor":[30,30,10,6,6,26,6,26,26,26,22,24,9,3,26,0,0],"gold":152,"neow_bonus":"TWO_FIFTY_GOLD","is_prod":false,"is_daily":false,"chose_seed":false,"campfire_upgraded":1,"win_rate":0,"timestamp":1607486160,"path_taken":["M","?","?","M","$","R","E","R","T","R","E","M","E","M","R","BOSS"],"build_version":"2020-11-30","purchased_purges":1,"victory":false,"max_hp_per_floor":[68,68,68,68,68,68,68,68,68,68,78,78,78,78,78,78,78],"relic_stats":{"counters":[8,36],"Bird Faced Urn":[12],"obtain_stats":[{"Pear":11,"Matryoshka":13,"Bird Faced Urn":5,"The Courier":7,"PureWater":0,"Bottled Tornado":9},{"Pear":4,"Matryoshka":6,"Bird Faced Urn":2,"The Courier":3,"PureWater":0,"Bottled Tornado":3},{"Pear":19,"Matryoshka":24,"Bird Faced Urn":9,"The Courier":16,"PureWater":0,"Bottled Tornado":16}]},"card_choices":[{"not_picked":["Pray","Prostrate","Evaluate"],"picked":"SKIP","floor":1.0},{"not_picked":["EmptyBody","Pray"],"picked":"CutThroughFate","floor":4.0},{"not_picked":["PathToVictory","EmptyBody"],"picked":"FlurryOfBlows","floor":7.0},{"not_picked":["ThirdEye","Nirvana"],"picked":"FlurryOfBlows","floor":11.0},{"not_picked":["Worship","ClearTheMind"],"picked":"ReachHeaven","floor":12.0},{"not_picked":["Consecrate","Prostrate"],"picked":"SashWhip","floor":13},{"not_picked":["WaveOfTheHand","JustLucky","FollowUp"],"picked":"SKIP","floor":14}],"player_experience":972417,"relics_obtained":[{"floor":7.0,"key":"The Courier"},{"floor":9.0,"key":"Bottled Tornado"},{"floor":11.0,"key":"Pear"},{"floor":13,"key":"Matryoshka"}],"event_choices":[{"damage_healed":0.0,"max_hp_gain":0.0,"max_hp_loss":0.0,"gold_gain":150.0,"event_name":"Liars Game","player_choice":"AGREE","floor":2.0,"gold_loss":0.0,"damage_taken":0.0,"cards_obtained":["Doubt"]},{"damage_healed":0.0,"max_hp_gain":0.0,"max_hp_loss":0.0,"gold_gain":0.0,"event_name":"Shining Light","player_choice":"Entered Light","floor":3.0,"gold_loss":0.0,"damage_taken":20.0,"cards_upgraded":["Strike_P","Defend_P"]}],"is_beta":false,"boss_relics":[],"items_purged_floors":[5],"is_endless":false,"potions_floor_spawned":[1,12,13],"killed_by":"Hexaghost","ascension_level":18}}