{"host":"vcrofm1hbk0ziuql","time":1607545737,"event":{"gold_per_floor":[99,130,130,130,143,160,160,188,188,219,60,74,5,27,41,139,239,239,257,257,271,283,283,283],"floor_reached":23,"playtime":2117,"items_purged":["Writhe"],"score":234,"play_id":"f8b0ecba-3505-47c6-bc26-ac5bf52af669","local_time":"20201209202857","is_ascension_mode":false,"campfire_choices":[{"data":"hexamod:Sear","floor":1,"key":"SMITH"},{"data":"hexamod:Float","floor":4,"key":"SMITH"},{"data":"hexamod:EmpoweredFlame","floor":18,"key":"SMITH"}],"neow_cost":"NONE","seed_source_timestamp":39075571555259,"circlet_count":0,"master_deck":["hexamod:Strike","hexamod:Strike","hexamod:Strike","hexamod:Defend","hexamod:Defend","hexamod:Defend","hexamod:Sear+1","hexamod:Float+1","hexamod:FastForward+1","hexamod:EtherealExpedition+1","hexamod:StepThrough","hexamod:SoulSteal+1","hexamod:EmpoweredFlame+1","hexamod:EtherealExpedition+1","hexamod:ChargedBarrage+1","hexamod:CrushingStance","CurseOfTheBell","hexamod:EtherealExpedition+1","Replay:SS_fish_2+1"],"relics":["hexamod:SpiritBrand","downfall:HeartsMalice","Toxic Egg 2","Blood Vial","MealTicket","PrismaticShard","Replay:Baseball","Odd Mushroom","Replay:Grab Bag","Replay:Wanted Poster","Cursed Key","Empty Cage","Calling Bell","Bag of Preparation","Shuriken","Unceasing Top"],"potions_floor_usage":[23],"damage_taken":[{"damage":0,"enemies":"Gremlin Nob","floor":2,"turns":1},{"damage":0,"enemies":"Small Slimes","floor":3,"turns":1},{"damage":0,"enemies":"Jaw Worm","floor":5,"turns":4},{"damage":3,"enemies":"2 Louse","floor":6,"turns":3},{"damage":17,"enemies":"Lagavulin","floor":8,"turns":6},{"damage":5,"enemies":"3 Sentries","floor":10,"turns":3},{"damage":0,"enemies":"downfall:FleeingMerchant","floor":11,"turns":4},{"damage":0,"enemies":"Large Slime","floor":12,"turns":3},{"damage":0,"enemies":"downfall:FleeingMerchant","floor":13,"turns":4},{"damage":11,"enemies":"The Mushroom Lair","floor":14,"turns":4},{"damage":9,"enemies":"Lots of Slimes","floor":15,"turns":5},{"damage":28,"enemies":"downfall:CharBossSilent","floor":16,"turns":6},{"damage":2,"enemies":"Spheric Guardian","floor":19,"turns":5},{"damage":4,"enemies":"Chosen","floor":21,"turns":3},{"damage":13,"enemies":"Snake Plant","floor":22,"turns":3},{"damage":75,"enemies":"Gremlin Leader","floor":23,"turns":8}],"seed_played":"-1110180000592986611","potions_obtained":[{"floor":6,"key":"Milkshake"},{"floor":8,"key":"Strength Potion"},{"floor":12,"key":"Guardian:BlockOnCardUsePotion"},{"floor":15,"key":"Energy Potion"}],"is_trial":false,"path_per_floor":["R","E","M","R","M","M","T","E","?","E","$","M","$","?","M","B",null,"R_BF","M","?","M","M","E"],"character_chosen":"THE_SPIRIT","items_purchased":["hexamod:EmpoweredFlame","hexamod:EtherealExpedition+1"],"campfire_rested":0,"item_purchase_floors":[11,13],"current_hp_per_floor":[70,70,70,70,70,67,67,52,52,49,66,68,70,59,52,26,70,70,68,68,66,55,0,0],"gold":283,"neow_bonus":"THREE_ENEMY_KILL","is_prod":false,"is_daily":false,"chose_seed":false,"campfire_upgraded":3,"win_rate":0.0,"timestamp":1607545737,"path_taken":["R","E","M","R","M","M","T","E","?","E","$","M","?","?","M","BOSS","R_BF","M","?","M","M","E"],"build_version":"2020-11-30","purchased_purges":1,"victory":false,"max_hp_per_floor":[70,70,70,70,70,70,70,70,70,70,70,70,70,70,70,70,70,70,70,70,70,70,70,70],"card_choices":[{"not_picked":["hexamod:Firestarter","hexamod:NightmareStrike","hexamod:SpectersWail"],"picked":"SKIP","floor":2},{"not_picked":["hexamod:Hexaguard+1","hexamod:GhostLash"],"picked":"hexamod:FastForward+1","floor":3},{"not_picked":["hexamod:NightmareStrike","hexamod:HeatShield+1"],"picked":"hexamod:EtherealExpedition+1","floor":5},{"not_picked":["hexamod:AdvancingGuard+1","hexamod:HauntingEcho"],"picked":"hexamod:StepThrough","floor":6},{"not_picked":["hexamod:NightmareGuise+1","hexamod:GhostShield+1"],"picked":"hexamod:SoulSteal+1","floor":8},{"not_picked":["Ball Lightning","Rebound","Purity+1"],"picked":"SKIP","floor":10},{"not_picked":["hexamod:BacktrackSmack","Guardian:Gem_Red","Compile Driver"],"picked":"SKIP","floor":12},{"not_picked":["EmptyFist","Wild Strike"],"picked":"hexamod:ChargedBarrage+1","floor":14},{"not_picked":["Conserve Battery+1","ReplayTheSpireMod:From All Sides","hexamod:SwordOfDarkness"],"picked":"SKIP","floor":15},{"not_picked":["Creative AI","DevaForm"],"picked":"hexamod:CrushingStance","floor":16},{"not_picked":["Masterful Stab","expansioncontent:PrepareCrush+1","Go for the Eyes"],"picked":"SKIP","floor":19},{"not_picked":["Slimebound:RollThrough","sneckomod:DiceBlock+1"],"picked":"hexamod:EtherealExpedition+1","floor":21},{"not_picked":["Slimebound:LeechingTouch","Slimebound:ForwardTackle"],"picked":"Replay:SS_fish_2+1","floor":22}],"player_experience":529988,"relics_obtained":[{"floor":2,"key":"Toxic Egg 2"},{"floor":7,"key":"Blood Vial"},{"floor":8,"key":"MealTicket"},{"floor":10,"key":"Replay:Baseball"},{"floor":14,"key":"Odd Mushroom"},{"floor":17,"key":"Bag of Preparation"},{"floor":17,"key":"Shuriken"},{"floor":17,"key":"Unceasing Top"}],"event_choices":[{"damage_healed":0,"gold_gain":0,"player_choice":"Fought Mushrooms","damage_taken":0,"max_hp_gain":0,"max_hp_loss":0,"event_name":"Mushrooms","floor":14,"gold_loss":0}],"is_beta":false,"boss_relics":[{"not_picked":["Replay:Ancient Bell","Tiny House"],"picked":"Replay:Grab Bag"},{"not_picked":["Runic Dome","Sozu"],"picked":"Replay:Wanted Poster"},{"not_picked":["Ectoplasm","Coffee Dripper"],"picked":"Cursed Key"},{"not_picked":["Snecko Eye","SacredBark"],"picked":"Empty Cage"},{"not_picked":["SlaversCollar","Replay:Drink Me"],"picked":"Calling Bell"}],"items_purged_floors":[11],"is_endless":false,"potions_floor_spawned":[6,8,12,15,19,21],"killed_by":"Gremlin Leader","ascension_level":0}}