{"host":"6k3g9e7w4m837wf6","time":1607526442,"event":{"gold_per_floor":[125,125,125,151,180,180,355,355,355],"floor_reached":8,"playtime":548,"items_purged":[],"score":46,"play_id":"e4dd3daf-2e58-4e1a-b434-ba995c474f2b","local_time":"20201209230722","is_ascension_mode":false,"campfire_choices":[{"data":"SnafuTest:PowerHangmenTree","floor":6,"key":"SMITH"}],"neow_cost":"NONE","seed_source_timestamp":49605265187000,"circlet_count":0,"master_deck":["SnafuTest:DefaultCommonAttack+1","SnafuTest:DefaultCommonAttack","SnafuTest:BountyHunt","SnafuTest:DefaultCommonSkill","SnafuTest:DefaultCommonSkill","SnafuTest:DefaultCommonSkill+1","SnafuTest:SignAard","SnafuTest:BombDancingStar","SnafuTest:SmashingSlash","SnafuTest:PowerHangmenTree+1","Doubt"],"relics":["SnafuTest:PlaceholderRelic","NeowsBlessing"],"potions_floor_usage":[8],"damage_taken":[{"damage":0,"enemies":"2 Louse","floor":1,"turns":1},{"damage":0,"enemies":"Small Slimes","floor":4,"turns":1},{"damage":0,"enemies":"Jaw Worm","floor":5,"turns":2},{"damage":54,"enemies":"Lagavulin","floor":8,"turns":8}],"seed_played":"3845914906852787264","potions_obtained":[{"floor":1,"key":"PowerPotion"},{"floor":5,"key":"SteroidPotion"}],"is_trial":false,"path_per_floor":["M","?","?","M","M","R","?","E"],"character_chosen":"THE_WITCHER","items_purchased":[],"campfire_rested":0,"item_purchase_floors":[],"current_hp_per_floor":[75,60,53,53,53,53,53,0,0],"gold":355,"neow_bonus":"THREE_ENEMY_KILL","is_prod":false,"is_daily":false,"chose_seed":false,"campfire_upgraded":1,"win_rate":0.0,"timestamp":1607526442,"path_taken":["M","?","?","M","?","R","?","E"],"build_version":"2020-11-30","purchased_purges":0,"victory":false,"max_hp_per_floor":[75,75,75,75,75,75,75,75,75],"card_choices":[{"not_picked":["SnafuTest:SpellLivingArmor","SnafuTest:MCMockAndRun"],"picked":"SnafuTest:BombDancingStar","floor":1},{"not_picked":["SnafuTest:PayHappyHour","SnafuTest:SpellButterflyIllusion"],"picked":"SnafuTest:SmashingSlash","floor":4},{"not_picked":["SnafuTest:Oriole","SnafuTest:UndefeatedNarcissism"],"picked":"SnafuTest:PowerHangmenTree","floor":5}],"player_experience":111245,"relics_obtained":[],"event_choices":[{"damage_healed":0,"gold_gain":0,"player_choice":"Entered Light","damage_taken":15,"max_hp_gain":0,"max_hp_loss":0,"event_name":"Shining Light","floor":2,"gold_loss":0,"cards_upgraded":["SnafuTest:DefaultCommonAttack","SnafuTest:DefaultCommonSkill"]},{"cards_removed":["SnafuTest:DefaultCommonAttack"],"damage_healed":0,"gold_gain":0,"player_choice":"Card Removal","damage_taken":7,"max_hp_gain":0,"max_hp_loss":0,"event_name":"Golden Wing","floor":3,"gold_loss":0},{"damage_healed":0,"gold_gain":175,"player_choice":"AGREE","damage_taken":0,"max_hp_gain":0,"max_hp_loss":0,"event_name":"Liars Game","floor":7,"gold_loss":0,"cards_obtained":["Doubt"]}],"is_beta":false,"boss_relics":[],"items_purged_floors":[],"is_endless":false,"potions_floor_spawned":[1,5],"killed_by":"Lagavulin","ascension_level":0}}