{"host":"knghpd923z1q8993","time":1607557506,"event":{"gold_per_floor":[111,36,36,36,55,83,99,134,134,150,150,178,128,154,154,257,257,270,270,280,129,29,54,54,89,139,139,89,107,118,149,149,254,254,274,203,203,203,214,214,243,243,317,346,358,358,376,376,376,376],"floor_reached":51,"playtime":8376,"items_purged":["Defend_G","Strike_G"],"score":936,"play_id":"b0b92d49-b8f8-4f46-9af3-2d3265347194","local_time":"20201210004506","is_ascension_mode":true,"campfire_choices":[{"data":"Accuracy","floor":15.0,"key":"SMITH"},{"data":"Cloak And Dagger","floor":24.0,"key":"SMITH"},{"data":"Blade Dance","floor":27.0,"key":"SMITH"},{"data":"Storm of Steel","floor":32,"key":"SMITH"},{"data":"Infinite Blades","floor":40,"key":"SMITH"},{"data":"Wraith Form v2","floor":42,"key":"SMITH"},{"data":"Wraith Form v2","floor":49,"key":"SMITH"}],"neow_cost":"NONE","seed_source_timestamp":1398164828173500,"circlet_count":0,"master_deck":["Defend_G","Defend_G","Defend_G","Survivor","Neutralize","Adrenaline+1","Glass Knife+1","Venomology+1","Dash","Crippling Poison","Storm of Steel+1","Acrobatics","Accuracy+1","Blade Dance+1","Cloak And Dagger+1","Escape Plan","Phantasmal Killer","Prepared","Accuracy+1","Expertise","Backflip","Wraith Form v2+1","Backflip+1","Escape Plan","Wraith Form v2+1","Infinite Blades+1","Master of Strategy","Dark Shackles","Calculated Gamble+1","Footwork+1"],"special_seed":0,"relics":["Astrolabe","Paper Crane","Peace Pipe","Shuriken","Pocketwatch","Sundial","Bottled Tornado","SlaversCollar","DollysMirror","Meat on the Bone","Letter Opener","Oddly Smooth Stone","Toy Ornithopter","Runic Pyramid","Anchor","Ornamental Fan","Bottled Lightning"],"potions_floor_usage":[29,30,31,31,33,33,39,41,44,45,45,50,50],"damage_taken":[{"damage":0.0,"enemies":"2 Louse","floor":1.0,"turns":3.0},{"damage":0.0,"enemies":"Small Slimes","floor":5.0,"turns":2.0},{"damage":4.0,"enemies":"Gremlin Nob","floor":6.0,"turns":4.0},{"damage":0.0,"enemies":"Jaw Worm","floor":7.0,"turns":2.0},{"damage":3.0,"enemies":"3 Sentries","floor":8.0,"turns":6.0},{"damage":2.0,"enemies":"Exordium Wildlife","floor":10.0,"turns":2.0},{"damage":9.0,"enemies":"Lagavulin","floor":12.0,"turns":4.0},{"damage":2.0,"enemies":"Gremlin Nob","floor":14.0,"turns":3.0},{"damage":12.0,"enemies":"The Guardian","floor":16.0,"turns":6.0},{"damage":0.0,"enemies":"Spheric Guardian","floor":18.0,"turns":2.0},{"damage":0.0,"enemies":"Shell Parasite","floor":20.0,"turns":3.0},{"damage":1.0,"enemies":"Slavers","floor":23.0,"turns":3.0},{"damage":4.0,"enemies":"Book of Stabbing","floor":25.0,"turns":2.0},{"damage":5,"enemies":"Cultist and Chosen","floor":29,"turns":3},{"damage":0,"enemies":"Centurion and Healer","floor":30,"turns":2},{"damage":2,"enemies":"Slavers","floor":31,"turns":3},{"damage":0,"enemies":"Collector","floor":33,"turns":4},{"damage":5,"enemies":"Orb Walker","floor":35,"turns":2},{"damage":0,"enemies":"3 Darklings","floor":39,"turns":3},{"damage":21,"enemies":"Nemesis","floor":41,"turns":3},{"damage":0,"enemies":"Giant Head","floor":44,"turns":3},{"damage":0,"enemies":"Spire Growth","floor":45,"turns":2},{"damage":0,"enemies":"Jaw Worm Horde","floor":47,"turns":3},{"damage":8,"enemies":"Donu and Deca","floor":50,"turns":5}],"seed_played":"-3829362807858000054","potions_obtained":[{"floor":5.0,"key":"Dexterity Potion"},{"floor":6.0,"key":"FearPotion"},{"floor":12.0,"key":"EntropicBrew"},{"floor":31,"key":"EssenceOfSteel"},{"floor":41,"key":"Dexterity Potion"}],"is_trial":false,"path_per_floor":["M","$","?","?","M","E","M","E","T","M","?","E","?","E","R","B",null,"M","?","M","$","$","E","R","E","T","R","$","M","M","E","R","B",null,"M","$","?","?","M","R","E","R","T","E","M","?","M","?","R","B",null],"character_chosen":"THE_SILENT","items_purchased":["DollysMirror","Backflip","Infinite Blades"],"campfire_rested":0,"item_purchase_floors":[21,28,36],"current_hp_per_floor":[70,70,70,45,45,41,41,38,38,36,41,32,32,30,30,18,75,75,75,75,75,75,74,74,70,70,70,70,65,65,68,68,75,75,70,70,70,60,65,65,49,49,49,54,64,64,64,64,64,66],"gold":376,"neow_bonus":"BOSS_RELIC","is_prod":false,"is_daily":false,"chose_seed":false,"campfire_upgraded":7,"win_rate":0,"timestamp":1607557506,"path_taken":["M","$","?","?","M","E","M","E","T","M","?","E","?","E","R","BOSS","M","?","M","?","$","E","R","E","T","R","?","?","M","E","R","BOSS","M","$","?","?","M","R","E","R","T","E","M","?","?","?","R","BOSS"],"build_version":"2020-11-30","purchased_purges":2,"victory":true,"max_hp_per_floor":[70,70,70,70,70,70,70,70,70,70,75,75,75,75,75,75,75,75,75,75,75,75,75,75,75,75,75,75,75,75,75,75,75,75,75,75,75,75,75,75,75,75,75,75,75,75,75,75,75,75],"card_choices":[{"not_picked":["Infinite Blades","Slice"],"picked":"Dash","floor":1.0},{"not_picked":["Bouncing Flask","Outmaneuver"],"picked":"Crippling Poison","floor":5.0},{"not_picked":["Accuracy","Night Terror"],"picked":"Storm of Steel","floor":6.0},{"not_picked":["Dagger Spray","Quick Slash"],"picked":"Acrobatics","floor":7.0},{"not_picked":["Poisoned Stab","Dagger Spray"],"picked":"Accuracy","floor":8.0},{"not_picked":["Deflect","Sucker Punch"],"picked":"Blade Dance","floor":10.0},{"not_picked":["Slice","Endless Agony"],"picked":"Cloak And Dagger","floor":12.0},{"not_picked":["Outmaneuver","Deflect"],"picked":"Escape Plan","floor":14.0},{"not_picked":["Adrenaline","Glass Knife"],"picked":"Phantasmal Killer","floor":16.0},{"not_picked":["PiercingWail","Quick Slash","Bane"],"picked":"SKIP","floor":18.0},{"not_picked":["Dash","Choke"],"picked":"Prepared","floor":20.0},{"not_picked":["Choke","Poisoned Stab","Slice+1"],"picked":"SKIP","floor":23.0},{"not_picked":["Flechettes","Deflect"],"picked":"Expertise","floor":25.0},{"not_picked":["All Out Attack+1","Deadly Poison"],"picked":"Wraith Form v2","floor":29},{"not_picked":["Deadly Poison","Quick Slash"],"picked":"Backflip+1","floor":30},{"not_picked":["Sucker Punch","Dodge and Roll"],"picked":"Escape Plan","floor":31},{"not_picked":["Tools of the Trade","Phantasmal Killer"],"picked":"Wraith Form v2","floor":33},{"not_picked":["All Out Attack+1","Flying Knee+1","Outmaneuver"],"picked":"SKIP","floor":35},{"not_picked":["Blind","Jack Of All Trades"],"picked":"Master of Strategy","floor":38},{"not_picked":["Flash of Steel","Transmutation"],"picked":"Dramatic Entrance","floor":38},{"not_picked":["Purity","Panacea"],"picked":"Dark Shackles","floor":38},{"not_picked":["Noxious Fumes+1","Flying Knee+1"],"picked":"Calculated Gamble+1","floor":39},{"not_picked":["Dodge and Roll","Bane","Caltrops+1"],"picked":"SKIP","floor":41},{"not_picked":["Sucker Punch+1","Caltrops"],"picked":"Footwork+1","floor":44},{"not_picked":["Sucker Punch+1","Poisoned Stab+1","PiercingWail+1"],"picked":"SKIP","floor":45},{"not_picked":["Backflip","Dagger Spray","Tools of the Trade"],"picked":"SKIP","floor":47}],"player_experience":47573,"relics_obtained":[{"floor":6.0,"key":"Peace Pipe"},{"floor":8.0,"key":"Shuriken"},{"floor":9.0,"key":"Pocketwatch"},{"floor":12.0,"key":"Sundial"},{"floor":14.0,"key":"Bottled Tornado"},{"floor":23.0,"key":"Meat on the Bone"},{"floor":25.0,"key":"Letter Opener"},{"floor":26.0,"key":"Oddly Smooth Stone"},{"floor":31,"key":"Toy Ornithopter"},{"floor":41,"key":"Anchor"},{"floor":43,"key":"Ornamental Fan"},{"floor":44,"key":"Bottled Lightning"}],"event_choices":[{"cards_removed":["Defend_G"],"damage_healed":0.0,"max_hp_gain":0.0,"max_hp_loss":0.0,"gold_gain":0.0,"event_name":"Living Wall","player_choice":"Forget","floor":3.0,"gold_loss":0.0,"damage_taken":0.0},{"damage_healed":0.0,"max_hp_gain":0.0,"max_hp_loss":0.0,"gold_gain":0.0,"event_name":"Scrap Ooze","player_choice":"Success","floor":4.0,"gold_loss":0.0,"damage_taken":25.0,"relics_obtained":["Paper Crane"]},{"damage_healed":0.0,"max_hp_gain":5.0,"max_hp_loss":0.0,"gold_gain":0.0,"event_name":"Big Fish","player_choice":"Donut","floor":11.0,"gold_loss":0.0,"damage_taken":0.0},{"cards_removed":["Strike_G"],"damage_healed":0.0,"max_hp_gain":0.0,"max_hp_loss":0.0,"gold_gain":0.0,"event_name":"The Cleric","player_choice":"Card Removal","floor":13.0,"gold_loss":50.0,"damage_taken":0.0},{"damage_healed":0,"gold_gain":0,"player_choice":"Ignored","damage_taken":0,"max_hp_gain":0,"max_hp_loss":0,"event_name":"Tomb of Lord Red Mask","floor":37,"gold_loss":0},{"damage_healed":0,"gold_gain":0,"player_choice":"Memory 3","damage_taken":10,"max_hp_gain":0,"max_hp_loss":0,"event_name":"SensoryStone","floor":38,"gold_loss":0},{"cards_removed":["Dramatic Entrance"],"damage_healed":0,"gold_gain":0,"player_choice":"Removed Attack","damage_taken":0,"max_hp_gain":0,"max_hp_loss":0,"event_name":"Falling","floor":46,"gold_loss":0},{"damage_healed":0,"gold_gain":0,"player_choice":"Bought 0 Potions","damage_taken":0,"max_hp_gain":0,"max_hp_loss":0,"event_name":"The Woman in Blue","floor":48,"gold_loss":0}],"is_beta":false,"boss_relics":[{"not_picked":["Snecko Eye","Tiny House"],"picked":"SlaversCollar"},{"not_picked":["Velvet Choker","Empty Cage"],"picked":"Runic Pyramid"}],"items_purged_floors":[2,22],"is_endless":false,"potions_floor_spawned":[5,6,12,18,25,29,31,41,44],"ascension_level":3}}