{"host":"bq4pt811tk9yrmjl","time":1607516515,"event":{"gold_per_floor":[118,118,132,148,198,198,223,223,223,250,265,112,131,164,164,268,268,285,200,300,311,381,397,430,430,430,448,91,91,105,123,123,221,221,234,234,307,7,357,357,386,386,386,414,424,424,440,457,457,457,457,457,6,36,36,36],"floor_reached":55,"playtime":1246,"items_purged":["Strike_R"],"score":827,"play_id":"8b9ebf02-82c3-4de6-b2ec-aa3b4aacfade","local_time":"20201209102155","is_ascension_mode":true,"campfire_choices":[{"data":"Disarm","floor":6.0,"key":"SMITH"},{"data":"Rampage","floor":8.0,"key":"SMITH"},{"data":"Inflame","floor":15,"key":"SMITH"},{"floor":29,"key":"RECALL"},{"floor":32,"key":"REST"},{"data":"Berserk","floor":40,"key":"SMITH"},{"floor":42,"key":"REST"},{"data":"Twin Strike","floor":49,"key":"SMITH"},{"data":"Bash","floor":52,"key":"SMITH"}],"neow_cost":"NONE","seed_source_timestamp":2753077644900,"circlet_count":0,"master_deck":["Strike_R","Defend_R","Defend_R","Defend_R","Defend_R","Bash+1","Twin Strike+1","Disarm+1","Rampage+1","Inflame+1","Berserk+1","Seeing Red+1","Shrug It Off+1","Ghostly Armor+1","Body Slam+1","Disarm+1","Spot Weakness+1","Feel No Pain+1"],"special_seed":0,"relics":["Burning Blood","Vajra","PreservedInsect","Matryoshka","Blood Vial","Tiny Chest","Velvet Choker","Mummified Hand","Boot","Letter Opener","Dead Branch","Kunai","Calipers","Bird Faced Urn","Astrolabe","Pear","Eternal Feather","Old Coin","Strawberry","Darkstone Periapt","Orichalcum","Bronze Scales","Bottled Tornado","Bottled Flame"],"potions_floor_usage":[14,24,27,27,29,50,50,54,54,55],"damage_taken":[{"damage":0.0,"enemies":"Small Slimes","floor":1.0,"turns":3.0},{"damage":0.0,"enemies":"Cultist","floor":3.0,"turns":2.0},{"damage":5.0,"enemies":"2 Louse","floor":4.0,"turns":2.0},{"damage":18.0,"enemies":"Lagavulin","floor":7.0,"turns":6.0},{"damage":6.0,"enemies":"Gremlin Nob","floor":10.0,"turns":3.0},{"damage":10.0,"enemies":"Looter","floor":11.0,"turns":2.0},{"damage":5.0,"enemies":"Lots of Slimes","floor":13.0,"turns":3.0},{"damage":0,"enemies":"Lagavulin","floor":14,"turns":4},{"damage":46,"enemies":"Slime Boss","floor":16,"turns":7},{"damage":7,"enemies":"Chosen","floor":18,"turns":4},{"damage":5,"enemies":"3 Byrds","floor":21,"turns":5},{"damage":9,"enemies":"Snecko","floor":23,"turns":4},{"damage":33,"enemies":"Slavers","floor":24,"turns":4},{"damage":20,"enemies":"Snake Plant","floor":27,"turns":4},{"damage":49,"enemies":"Shelled Parasite and Fungi","floor":30,"turns":5},{"damage":22,"enemies":"Centurion and Healer","floor":31,"turns":5},{"damage":66,"enemies":"Automaton","floor":33,"turns":12},{"damage":14,"enemies":"3 Shapes","floor":35,"turns":4},{"damage":29,"enemies":"Mind Bloom Boss Battle","floor":39,"turns":6},{"damage":37,"enemies":"Reptomancer","floor":41,"turns":6},{"damage":29,"enemies":"Nemesis","floor":44,"turns":6},{"damage":7,"enemies":"Orb Walker","floor":45,"turns":3},{"damage":14,"enemies":"Writhing Mass","floor":47,"turns":4},{"damage":12,"enemies":"Spire Growth","floor":48,"turns":4},{"damage":63,"enemies":"Time Eater","floor":50,"turns":13},{"damage":87,"enemies":"Shield and Spear","floor":54,"turns":7},{"damage":42,"enemies":"The Heart","floor":55,"turns":3}],"seed_played":"-907531765575885768","potions_obtained":[{"floor":1.0,"key":"Explosive Potion"},{"floor":2.0,"key":"EntropicBrew"},{"floor":2.0,"key":"Block Potion"},{"floor":7.0,"key":"Fruit Juice"},{"floor":13.0,"key":"DistilledChaos"},{"floor":16,"key":"FearPotion"},{"floor":18,"key":"FairyPotion"},{"floor":23,"key":"Fire Potion"},{"floor":24,"key":"DuplicationPotion"},{"floor":35,"key":"Strength Potion"},{"floor":44,"key":"Strength Potion"},{"floor":54,"key":"Block Potion"}],"is_trial":false,"path_per_floor":["M","?","M","M","T","R","E","R","T","E","M","$","M","E","R","B",null,"M","?","?","M","T","M","E","?","T","M","$","R","M","M","R","B",null,"M","?","T","$","?","R","E","R","T","E","M","?","M","M","R","B",null,"R","$","E","B"],"character_chosen":"IRONCLAD","items_purchased":["DistilledChaos","Bird Faced Urn","BloodPotion","Eternal Feather","Explosive Potion","Bronze Scales","Bottled Tornado","Strength Potion"],"campfire_rested":2,"item_purchase_floors":[12,28,28,38,38,53,53,53],"current_hp_per_floor":[80,80,80,80,80,80,73,73,73,73,71,71,74,82,82,44,85,84,84,84,85,85,82,57,57,57,54,54,71,34,24,49,31,85,77,77,87,87,72,81,61,100,100,79,84,84,82,84,93,44,102,102,102,23,0,0],"gold":36,"neow_bonus":"RANDOM_COMMON_RELIC","is_prod":false,"is_daily":false,"chose_seed":false,"campfire_upgraded":6,"win_rate":0,"timestamp":1607516515,"path_taken":["M","?","M","?","?","R","E","R","T","E","M","?","M","E","R","BOSS","M","?","?","?","?","M","E","?","T","M","?","R","M","M","R","BOSS","M","?","?","$","?","R","E","R","T","E","M","?","M","M","R","BOSS","R","$","E","BOSS"],"build_version":"2020-11-30","purchased_purges":1,"victory":false,"max_hp_per_floor":[80,80,80,80,80,80,85,85,85,85,85,85,85,85,85,85,85,85,85,85,85,85,85,85,85,85,85,85,85,85,85,85,85,85,85,85,95,95,95,95,102,102,102,102,102,102,102,102,102,102,102,102,102,102,102,102],"card_choices":[{"not_picked":["Battle Trance","Sever Soul"],"picked":"Twin Strike","floor":1.0},{"not_picked":["Infernal Blade","Pommel Strike"],"picked":"Disarm","floor":3.0},{"not_picked":["Iron Wave","Pommel Strike"],"picked":"Rampage","floor":4.0},{"not_picked":["Seeing Red","True Grit","Flex"],"picked":"SKIP","floor":7.0},{"not_picked":["Perfected Strike","Havoc"],"picked":"Inflame","floor":10.0},{"not_picked":["Cleave","Armaments","Thunderclap"],"picked":"SKIP","floor":11.0},{"not_picked":["Warcry","Rupture","Thunderclap"],"picked":"SKIP","floor":13.0},{"not_picked":["Flex","Headbutt","Iron Wave"],"picked":"SKIP","floor":14},{"not_picked":["Brutality","Bludgeon"],"picked":"Berserk","floor":16},{"not_picked":["Blood for Blood","Battle Trance+1","Havoc"],"picked":"SKIP","floor":18},{"not_picked":["Heavy Blade","True Grit","Twin Strike"],"picked":"SKIP","floor":21},{"not_picked":["Body Slam","Sever Soul"],"picked":"Seeing Red+1","floor":23},{"not_picked":["Pommel Strike+1","Body Slam","True Grit+1"],"picked":"SKIP","floor":24},{"not_picked":["Havoc","Shockwave","Pommel Strike+1"],"picked":"SKIP","floor":27},{"not_picked":["Second Wind","Brutality"],"picked":"Shrug It Off+1","floor":30},{"not_picked":["Sword Boomerang","Clash"],"picked":"Ghostly Armor+1","floor":31},{"not_picked":["Searing Blow+1","Heavy Blade+1","Flame Barrier+1"],"picked":"SKIP","floor":35},{"not_picked":["Berserk","Perfected Strike","Thunderclap+1"],"picked":"SKIP","floor":41},{"not_picked":["Thunderclap","Dual Wield+1","Combust+1"],"picked":"SKIP","floor":44},{"not_picked":["Wild Strike+1","Thunderclap","Headbutt"],"picked":"SKIP","floor":45},{"not_picked":["Clothesline+1","Thunderclap+1"],"picked":"Feel No Pain+1","floor":47},{"not_picked":["Havoc","Double Tap","Headbutt+1"],"picked":"SKIP","floor":48},{"not_picked":["Immolate","Twin Strike+1","Inflame"],"picked":"SKIP","floor":54}],"player_experience":48414,"relics_obtained":[{"floor":7.0,"key":"PreservedInsect"},{"floor":9.0,"key":"Matryoshka"},{"floor":10.0,"key":"Blood Vial"},{"floor":14,"key":"Tiny Chest"},{"floor":22,"key":"Boot"},{"floor":22,"key":"Letter Opener"},{"floor":24,"key":"Dead Branch"},{"floor":26,"key":"Kunai"},{"floor":26,"key":"Calipers"},{"floor":37,"key":"Pear"},{"floor":39,"key":"Old Coin"},{"floor":41,"key":"Strawberry"},{"floor":43,"key":"Darkstone Periapt"},{"floor":44,"key":"Orichalcum"},{"floor":54,"key":"Bottled Flame"}],"event_choices":[{"damage_healed":0.0,"max_hp_gain":0.0,"max_hp_loss":0.0,"gold_gain":0.0,"event_name":"Lab","player_choice":"Got Potions","floor":2.0,"gold_loss":0.0,"damage_taken":0.0},{"damage_healed":0,"gold_gain":0,"player_choice":"Obtained Relic","damage_taken":0,"relics_obtained":["Mummified Hand"],"max_hp_gain":0,"max_hp_loss":0,"event_name":"Addict","floor":19,"gold_loss":85},{"damage_healed":0,"gold_gain":100,"player_choice":"Pray","damage_taken":0,"max_hp_gain":0,"max_hp_loss":0,"event_name":"Golden Shrine","floor":20,"gold_loss":0},{"damage_healed":0,"gold_gain":0,"player_choice":"Ignored","damage_taken":0,"max_hp_gain":0,"max_hp_loss":0,"event_name":"Ghosts","floor":25,"gold_loss":0},{"damage_healed":0,"gold_gain":0,"player_choice":"Ignored","damage_taken":0,"max_hp_gain":0,"max_hp_loss":0,"event_name":"Tomb of Lord Red Mask","floor":36,"gold_loss":0},{"damage_healed":0,"gold_gain":0,"player_choice":"Fight","damage_taken":0,"max_hp_gain":0,"max_hp_loss":0,"event_name":"MindBloom","floor":39,"gold_loss":0},{"damage_healed":0,"gold_gain":0,"player_choice":"Bought 0 Potions","damage_taken":0,"max_hp_gain":0,"max_hp_loss":0,"event_name":"The Woman in Blue","floor":46,"gold_loss":0}],"is_beta":false,"boss_relics":[{"not_picked":["Fusion Hammer","Runic Dome"],"picked":"Velvet Choker"},{"not_picked":["Tiny House","Cursed Key"],"picked":"Astrolabe"}],"items_purged_floors":[12],"is_endless":false,"potions_floor_spawned":[1,3,7,13,16,18,23,24,35,44,45,48,54],"killed_by":"The Heart","ascension_level":1}}