{"host":"2hea6pl5vmah38iy","time":1607525357,"event":{"gold_per_floor":[119,138,153,171,171,171,200,213,213,226,255,106,29,48,48,149,149,165,3,17,36,36,36,62,130,179,195,205,219,1,17,17,119,119,133,145,145,165,215,215,245,245,245,245,100,125,144,160,160,160,160,160,13,45,45,45],"floor_reached":55,"playtime":3977,"items_purged":["Strike_G","Strike_G"],"score":1391,"play_id":"de57c665-1ac2-40f2-9baa-1db6de44d8ef","local_time":"20201209234917","is_ascension_mode":true,"campfire_choices":[{"data":"Neutralize","floor":6.0,"key":"SMITH"},{"data":"Concentrate","floor":15.0,"key":"SMITH"},{"data":"Acrobatics","floor":23.0,"key":"SMITH"},{"floor":32.0,"key":"REST"},{"data":"Concentrate","floor":40.0,"key":"SMITH"},{"data":"Burst","floor":42.0,"key":"SMITH"},{"floor":49.0,"key":"RECALL"},{"data":"Calculated Gamble","floor":52.0,"key":"SMITH"}],"neow_cost":"NONE","seed_source_timestamp":1158687858075100,"circlet_count":0,"master_deck":["AscendersBane","Strike_G","Strike_G","Strike_G","Defend_G","Defend_G","Defend_G","Defend_G","Defend_G","Survivor","Neutralize+1","Acrobatics+1","Backflip","Backflip","Flechettes+1","Bouncing Flask","Concentrate+1","Acrobatics","Concentrate+1","Reflex","Burst+1","Blur","Tools of the Trade","Underhanded Strike","Escape Plan","Adrenaline","Outmaneuver","Catalyst+1","Grand Finale","Bouncing Flask+1","Catalyst","Well Laid Plans+1","Acrobatics","Calculated Gamble+1","Adrenaline","Blur"],"special_seed":0,"relics":["Ring of the Snake","Bag of Marbles","MealTicket","Matryoshka","Sundial","Bag of Preparation","Runic Dome","HornCleat","Art of War","Singing Bowl","Omamori","Vajra","Frozen Eye","Cursed Key","Turnip","Ginger","Akabeko","DollysMirror","Strawberry"],"potions_floor_usage":[],"damage_taken":[{"damage":0.0,"enemies":"Cultist","floor":1.0,"turns":4.0},{"damage":7.0,"enemies":"Jaw Worm","floor":2.0,"turns":4.0},{"damage":0.0,"enemies":"2 Louse","floor":3.0,"turns":4.0},{"damage":9.0,"enemies":"Blue Slaver","floor":4.0,"turns":4.0},{"damage":29.0,"enemies":"3 Sentries","floor":7.0,"turns":18.0},{"damage":0.0,"enemies":"Exordium Thugs","floor":8.0,"turns":5.0},{"damage":0.0,"enemies":"Exordium Wildlife","floor":10.0,"turns":1.0},{"damage":6.0,"enemies":"Lagavulin","floor":11.0,"turns":5.0},{"damage":0.0,"enemies":"Large Slime","floor":14.0,"turns":3.0},{"damage":0.0,"enemies":"The Guardian","floor":16.0,"turns":7.0},{"damage":1.0,"enemies":"2 Thieves","floor":18.0,"turns":3.0},{"damage":0.0,"enemies":"3 Byrds","floor":20.0,"turns":5.0},{"damage":5.0,"enemies":"Snecko","floor":21.0,"turns":5.0},{"damage":34.0,"enemies":"Slavers","floor":24.0,"turns":7.0},{"damage":0.0,"enemies":"Cultist and Chosen","floor":27.0,"turns":4.0},{"damage":0.0,"enemies":"3 Cultists","floor":28.0,"turns":3.0},{"damage":18.0,"enemies":"Snecko","floor":29.0,"turns":4.0},{"damage":5.0,"enemies":"Shelled Parasite and Fungi","floor":31.0,"turns":4.0},{"damage":0.0,"enemies":"Champ","floor":33.0,"turns":5.0},{"damage":2.0,"enemies":"3 Darklings","floor":35.0,"turns":3.0},{"damage":7.0,"enemies":"3 Shapes","floor":36.0,"turns":5.0},{"damage":24.0,"enemies":"Writhing Mass","floor":38.0,"turns":4.0},{"damage":0.0,"enemies":"Mind Bloom Boss Battle","floor":39.0,"turns":3.0},{"damage":3.0,"enemies":"Nemesis","floor":41.0,"turns":5.0},{"damage":9.0,"enemies":"Reptomancer","floor":46.0,"turns":5.0},{"damage":0.0,"enemies":"Spire Growth","floor":47.0,"turns":2.0},{"damage":0.0,"enemies":"3 Darklings","floor":48.0,"turns":5.0},{"damage":2.0,"enemies":"Time Eater","floor":50.0,"turns":3.0},{"damage":27.0,"enemies":"Shield and Spear","floor":54.0,"turns":3.0},{"damage":63,"enemies":"The Heart","floor":55,"turns":3}],"seed_played":"977561642106865754","potions_obtained":[{"floor":2.0,"key":"Dexterity Potion"},{"floor":3.0,"key":"Swift Potion"},{"floor":11.0,"key":"Explosive Potion"},{"floor":20.0,"key":"Explosive Potion"},{"floor":31.0,"key":"SteroidPotion"},{"floor":36.0,"key":"Block Potion"},{"floor":46.0,"key":"SpeedPotion"},{"floor":48.0,"key":"PowerPotion"},{"floor":54.0,"key":"Explosive Potion"}],"is_trial":false,"path_per_floor":["M","M","M","M","?","R","E","M","T","M","E","$","$","M","R","B",null,"M","$","M","M","?","R","E","T","T","M","M","M","$","M","R","B",null,"M","M","?","M","?","R","E","R","T","?","$","E","M","M","R","B",null,"R","$","E","B"],"character_chosen":"THE_SILENT","items_purchased":["Bag of Preparation","Reflex","Tools of the Trade","Frozen Eye","Acrobatics","DollysMirror"],"campfire_rested":1,"item_purchase_floors":[12,13,19,30,45,53],"current_hp_per_floor":[63,56,56,47,47,47,18,18,18,18,12,27,42,42,42,42,63,62,70,70,65,65,65,31,31,31,33,35,17,32,27,49,49,68,66,61,61,37,39,39,36,36,36,36,51,44,44,46,46,44,73,73,82,62,0,0],"gold":45,"neow_bonus":"RANDOM_COMMON_RELIC","is_prod":false,"is_daily":false,"chose_seed":false,"campfire_upgraded":6,"win_rate":0,"timestamp":1607525357,"path_taken":["M","M","M","M","?","R","E","?","T","M","E","?","$","M","R","BOSS","M","?","M","M","?","R","E","?","T","M","M","M","?","M","R","BOSS","M","M","?","?","?","R","E","R","T","?","?","E","?","M","R","BOSS","R","$","E","BOSS"],"build_version":"2020-11-30","purchased_purges":2,"victory":false,"max_hp_per_floor":[70,70,70,70,70,70,70,70,70,70,70,70,70,70,70,70,70,70,70,70,70,70,70,70,70,70,72,74,74,74,74,74,74,74,74,76,76,76,78,78,78,78,78,78,78,80,80,82,82,82,82,82,82,89,89,89],"card_choices":[{"not_picked":["Bane","Prepared"],"picked":"Acrobatics","floor":1.0},{"not_picked":["Acrobatics","Cloak And Dagger"],"picked":"Backflip","floor":2.0},{"not_picked":["Sucker Punch","Expertise"],"picked":"Backflip","floor":3.0},{"not_picked":["Dagger Throw","All Out Attack"],"picked":"Flechettes","floor":4.0},{"not_picked":["Sucker Punch","Expertise"],"picked":"Bouncing Flask","floor":7.0},{"not_picked":["Sucker Punch","Backstab"],"picked":"Concentrate","floor":8.0},{"not_picked":["Bane","Underhanded Strike"],"picked":"Acrobatics","floor":10.0},{"not_picked":["Deadly Poison","Quick Slash"],"picked":"Concentrate","floor":11.0},{"not_picked":["Outmaneuver","Dagger Throw","Leg Sweep"],"picked":"SKIP","floor":14.0},{"not_picked":["Doppelganger","Night Terror"],"picked":"Burst","floor":16.0},{"not_picked":["Backflip","Cloak And Dagger"],"picked":"Blur","floor":18.0},{"not_picked":["PiercingWail+1","Cloak And Dagger"],"picked":"Underhanded Strike","floor":20.0},{"not_picked":["Terror","Quick Slash"],"picked":"Escape Plan","floor":21.0},{"not_picked":["Flechettes","Acrobatics"],"picked":"Adrenaline","floor":24.0},{"not_picked":["Endless Agony","Bane","Well Laid Plans"],"picked":"Singing Bowl","floor":27.0},{"not_picked":["Flying Knee+1","Poisoned Stab","Expertise+1"],"picked":"Singing Bowl","floor":28.0},{"not_picked":["Dagger Spray","Envenom"],"picked":"Outmaneuver","floor":29.0},{"not_picked":["Deadly Poison","Sucker Punch"],"picked":"Catalyst+1","floor":31.0},{"not_picked":["Corpse Explosion","Malaise"],"picked":"Grand Finale","floor":33.0},{"not_picked":["Backflip","Deadly Poison"],"picked":"Bouncing Flask+1","floor":35.0},{"not_picked":["Finisher","Deadly Poison","Dagger Spray"],"picked":"Singing Bowl","floor":36.0},{"not_picked":["Dodge and Roll","Tools of the Trade"],"picked":"Catalyst","floor":38.0},{"not_picked":["PiercingWail","Cloak And Dagger","Leg Sweep"],"picked":"Singing Bowl","floor":39.0},{"not_picked":["Riddle With Holes","Setup"],"picked":"Well Laid Plans+1","floor":41.0},{"not_picked":["Endless Agony","A Thousand Cuts","Underhanded Strike+1"],"picked":"Singing Bowl","floor":46.0},{"not_picked":["Dagger Spray","Blade Dance"],"picked":"Calculated Gamble","floor":47.0},{"not_picked":["Blade Dance","Deadly Poison","Caltrops"],"picked":"Singing Bowl","floor":48.0},{"not_picked":["Phantasmal Killer","Cloak And Dagger"],"picked":"Blur","floor":54.0}],"player_experience":383306,"relics_obtained":[{"floor":7.0,"key":"MealTicket"},{"floor":9.0,"key":"Matryoshka"},{"floor":11.0,"key":"Sundial"},{"floor":24.0,"key":"HornCleat"},{"floor":25.0,"key":"Art of War"},{"floor":25.0,"key":"Singing Bowl"},{"floor":26.0,"key":"Omamori"},{"floor":26.0,"key":"Vajra"},{"floor":39.0,"key":"Turnip"},{"floor":41.0,"key":"Ginger"},{"floor":46.0,"key":"Akabeko"},{"floor":54.0,"key":"Strawberry"}],"event_choices":[{"damage_healed":0.0,"max_hp_gain":0.0,"max_hp_loss":0.0,"gold_gain":0.0,"event_name":"Upgrade Shrine","player_choice":"Upgraded","floor":5.0,"gold_loss":0.0,"damage_taken":0.0,"cards_upgraded":["Flechettes"]},{"damage_healed":0.0,"max_hp_gain":0.0,"max_hp_loss":0.0,"gold_gain":0.0,"event_name":"Ghosts","player_choice":"Ignored","floor":22.0,"gold_loss":0.0,"damage_taken":0.0},{"damage_healed":0.0,"max_hp_gain":0.0,"max_hp_loss":0.0,"gold_gain":0.0,"event_name":"Wheel of Change","player_choice":"Cursed","floor":37.0,"gold_loss":0.0,"damage_taken":0.0,"cards_obtained":["Decay"]},{"damage_healed":0.0,"max_hp_gain":0.0,"max_hp_loss":0.0,"gold_gain":0.0,"event_name":"MindBloom","player_choice":"Fight","floor":39.0,"gold_loss":0.0,"damage_taken":0.0},{"damage_healed":0.0,"max_hp_gain":0.0,"max_hp_loss":0.0,"gold_gain":0.0,"event_name":"Tomb of Lord Red Mask","player_choice":"Ignored","floor":44.0,"gold_loss":0.0,"damage_taken":0.0}],"is_beta":false,"boss_relics":[{"not_picked":["WristBlade","Ectoplasm"],"picked":"Runic Dome"},{"not_picked":["Coffee Dripper","SacredBark"],"picked":"Cursed Key"}],"items_purged_floors":[30,45],"is_endless":false,"potions_floor_spawned":[2,3,4,10,11,16,20,27,31,33,36,39,46,48,54],"killed_by":"The Heart","ascension_level":12}}