{"host":"agela5aetnmltfvm","time":1607534070,"event":{"gold_per_floor":[116,135,151,161,177,177,195,195,219,237,87,97,97,97],"floor_reached":13,"playtime":529,"items_purged":["hierophant:Defend_Hierophant"],"score":81,"play_id":"ff012f1a-f6a9-47b8-b5e4-afd1fc7cac82","local_time":"20201210011430","is_ascension_mode":false,"campfire_choices":[{"data":"hierophant:ChurchCoffers","floor":6,"key":"SMITH"}],"neow_cost":"PERCENT_DAMAGE","seed_source_timestamp":10865418800600,"circlet_count":0,"master_deck":["hierophant:Strike_Hierophant","hierophant:Strike_Hierophant","hierophant:Strike_Hierophant","hierophant:Defend_Hierophant+1","hierophant:Defend_Hierophant+1","hierophant:ChurchCoffers+1","hierophant:Shelter","hierophant:SealAway","hierophant:Anathema","hierophant:MirrorShield"],"relics":["hierophant:PropheticMaskRelic","War Paint"],"potions_floor_usage":[13],"damage_taken":[{"damage":5,"enemies":"Jaw Worm","floor":1,"turns":6},{"damage":6,"enemies":"Cultist","floor":2,"turns":3},{"damage":0,"enemies":"2 Louse","floor":3,"turns":2},{"damage":2,"enemies":"2 Fungi Beasts","floor":4,"turns":3},{"damage":13,"enemies":"Lots of Slimes","floor":5,"turns":2},{"damage":4,"enemies":"Blue Slaver","floor":7,"turns":6},{"damage":5,"enemies":"3 Louse","floor":10,"turns":3},{"damage":0,"enemies":"Gremlin Gang","floor":12,"turns":6},{"damage":36,"enemies":"Lagavulin","floor":13,"turns":5}],"seed_played":"291999475895642575","potions_obtained":[{"floor":2,"key":"SneckoOil"},{"floor":3,"key":"AttackPotion"},{"floor":10,"key":"Strength Potion"}],"is_trial":false,"path_per_floor":["M","M","M","M","M","R","M","?","T","M","$","M","E"],"character_chosen":"HIEROPHANT","items_purchased":["hierophant:MirrorShield"],"campfire_rested":0,"item_purchase_floors":[11],"current_hp_per_floor":[49,43,43,41,28,28,24,24,24,19,19,19,0,0],"gold":97,"neow_bonus":"REMOVE_TWO","is_prod":false,"is_daily":false,"chose_seed":false,"campfire_upgraded":1,"win_rate":0.0,"timestamp":1607534070,"path_taken":["M","M","M","M","M","R","M","?","T","M","?","M","E"],"build_version":"2020-11-30","purchased_purges":1,"victory":false,"max_hp_per_floor":[75,75,75,75,75,75,75,75,75,75,75,75,75,75],"card_choices":[{"not_picked":["hierophant:RepressedViolence","hierophant:RustyCrate","hierophant:Charity"],"picked":"SKIP","floor":1},{"not_picked":["hierophant:AuricBeam","hierophant:FlamingChariot","hierophant:AuricShield"],"picked":"SKIP","floor":2},{"not_picked":["hierophant:AuricBeam","hierophant:Encroach"],"picked":"hierophant:Shelter","floor":3},{"not_picked":["hierophant:WrathOfGod","hierophant:HolyVerse","hierophant:Prophecy"],"picked":"SKIP","floor":4},{"not_picked":["hierophant:AuricBeam","hierophant:RustyCrate","hierophant:Zeal"],"picked":"SKIP","floor":5},{"not_picked":["hierophant:Martyrdom","hierophant:FlamingChariot"],"picked":"hierophant:SealAway","floor":7},{"not_picked":["hierophant:Encroach","hierophant:Flagellation","hierophant:OrnateBuckler"],"picked":"SKIP","floor":10},{"not_picked":["hierophant:AuricBeam","hierophant:Determination","hierophant:PassingBell"],"picked":"SKIP","floor":12}],"player_experience":490797,"relics_obtained":[{"floor":9,"key":"War Paint"}],"event_choices":[{"damage_healed":0,"gold_gain":0,"cards_transformed":["hierophant:Punish"],"player_choice":"Transformed","damage_taken":0,"max_hp_gain":0,"max_hp_loss":0,"event_name":"Transmorgrifier","floor":8,"gold_loss":0,"cards_obtained":["hierophant:Anathema"]}],"is_beta":false,"boss_relics":[],"items_purged_floors":[11],"is_endless":false,"potions_floor_spawned":[2,3,10],"killed_by":"Lagavulin","ascension_level":0}}