{"host":"rmsq46plbpwfbxcc","time":1607482348,"event":{"gold_per_floor":[14,28,44,64,81,81,109,109,109,109,123,158,208,221,221,298,298,309,339,358,358,373,373,403,415,461,487,487,487,498,378,378,452,452,466,478,217,227,280,280,311,311,311,329,329,339,373,384,384,384,384],"floor_reached":50,"playtime":2051,"items_purged":["Night Terror","Strike_G"],"score":1046,"play_id":"5b5a5724-7462-4c44-96d3-0d7aa40b2482","local_time":"20201209115228","is_ascension_mode":true,"campfire_choices":[{"data":"Apotheosis","floor":6.0,"key":"SMITH"},{"data":"Neutralize","floor":10.0,"key":"SMITH"},{"data":"Terror","floor":15,"key":"SMITH"},{"floor":23,"key":"REST"},{"floor":29,"key":"REST"},{"floor":32,"key":"RECALL"},{"floor":40,"key":"REST"},{"floor":42,"key":"REST"},{"floor":49,"key":"REST"}],"neow_cost":"NO_GOLD","seed_source_timestamp":1865681138216900,"circlet_count":0,"master_deck":["AscendersBane","Strike_G","Strike_G","Defend_G","Defend_G","Defend_G","Defend_G","Survivor","Neutralize+1","Apotheosis+1","Finisher","Dagger Spray","Backflip+1","Blade Dance","Terror+1","Storm of Steel+1","Dash","Blade Dance","Cloak And Dagger","PiercingWail","Well Laid Plans+1","Infinite Blades+1","Wraith Form v2+1","Choke","Calculated Gamble","Acrobatics","Madness","Madness","Calculated Gamble+1"],"special_seed":0,"relics":["Ring of the Serpent","Thread and Needle","Letter Opener","PreservedInsect","Fusion Hammer","Red Mask","Frozen Egg 2","Boot","War Paint","Bag of Marbles","Tough Bandages","Potion Belt","Paper Crane","Singing Bowl"],"potions_floor_usage":[16,33,41,44,50],"damage_taken":[{"damage":2.0,"enemies":"Cultist","floor":1.0,"turns":5.0},{"damage":0.0,"enemies":"Small Slimes","floor":2.0,"turns":4.0},{"damage":0.0,"enemies":"2 Louse","floor":3.0,"turns":2.0},{"damage":4.0,"enemies":"Exordium Thugs","floor":4.0,"turns":4.0},{"damage":0.0,"enemies":"2 Fungi Beasts","floor":5.0,"turns":5.0},{"damage":5.0,"enemies":"Gremlin Nob","floor":7.0,"turns":3.0},{"damage":1.0,"enemies":"Large Slime","floor":11.0,"turns":6.0},{"damage":2.0,"enemies":"3 Sentries","floor":12.0,"turns":7.0},{"damage":4,"enemies":"3 Louse","floor":14,"turns":3},{"damage":2,"enemies":"Hexaghost","floor":16,"turns":9},{"damage":0,"enemies":"Chosen","floor":18,"turns":3},{"damage":2,"enemies":"Masked Bandits","floor":19,"turns":4},{"damage":1,"enemies":"Shell Parasite","floor":20,"turns":3},{"damage":4,"enemies":"Chosen and Byrds","floor":22,"turns":4},{"damage":9,"enemies":"Book of Stabbing","floor":24,"turns":5},{"damage":0,"enemies":"Centurion and Healer","floor":25,"turns":5},{"damage":11,"enemies":"Gremlin Leader","floor":27,"turns":4},{"damage":0,"enemies":"Cultist and Chosen","floor":30,"turns":4},{"damage":66,"enemies":"Collector","floor":33,"turns":7},{"damage":0,"enemies":"Orb Walker","floor":35,"turns":4},{"damage":5,"enemies":"3 Darklings","floor":36,"turns":5},{"damage":0,"enemies":"Maw","floor":38,"turns":6},{"damage":1,"enemies":"2 Orb Walkers","floor":39,"turns":5},{"damage":0,"enemies":"Reptomancer","floor":41,"turns":4},{"damage":5,"enemies":"Writhing Mass","floor":44,"turns":4},{"damage":0,"enemies":"Sphere and 2 Shapes","floor":46,"turns":7},{"damage":3,"enemies":"Giant Head","floor":47,"turns":5},{"damage":14,"enemies":"Maw","floor":48,"turns":5},{"damage":70,"enemies":"Time Eater","floor":50,"turns":9}],"seed_played":"4939945946556920696","potions_obtained":[{"floor":1.0,"key":"LiquidBronze"},{"floor":4.0,"key":"DuplicationPotion"},{"floor":7.0,"key":"Fruit Juice"},{"floor":16,"key":"Strength Potion"},{"floor":20,"key":"Block Potion"},{"floor":27,"key":"DistilledChaos"},{"floor":36,"key":"Ancient Potion"},{"floor":39,"key":"Weak Potion"},{"floor":41,"key":"Fruit Juice"},{"floor":44,"key":"AttackPotion"},{"floor":47,"key":"DistilledChaos"}],"is_trial":false,"path_per_floor":["M","M","M","M","M","R","E","?","T","R","M","E","?","M","R","B",null,"M","?","M","?","M","R","E","M","T","E","?","R","M","$","R","B",null,"M","M","$","M","?","R","E","R","T","M","?","M","E","M","R","B"],"character_chosen":"THE_SILENT","items_purchased":["Infinite Blades+1","Bag of Marbles"],"campfire_rested":5,"item_purchase_floors":[31,37],"current_hp_per_floor":[57,57,57,53,53,53,53,53,53,53,52,50,43,39,39,37,63,63,61,60,60,56,71,62,62,62,51,51,71,71,71,71,5,55,55,50,50,50,49,70,75,76,76,71,57,57,56,42,65,0,0],"gold":384,"neow_bonus":"RANDOM_COLORLESS_2","is_prod":false,"is_daily":false,"chose_seed":false,"campfire_upgraded":3,"win_rate":0,"timestamp":1607482348,"path_taken":["M","?","M","M","M","R","E","?","T","R","M","E","?","?","R","BOSS","M","?","M","?","M","R","E","M","T","E","?","R","M","$","R","BOSS","M","M","$","M","?","R","E","R","T","M","?","M","E","M","R","BOSS"],"build_version":"2020-11-30","purchased_purges":2,"victory":false,"max_hp_per_floor":[66,66,66,66,66,66,71,71,71,71,71,71,71,71,71,71,71,71,71,71,71,71,71,71,71,71,71,71,71,71,71,71,71,71,71,71,71,71,71,71,76,76,76,76,76,76,78,78,78,78,78],"card_choices":[{"not_picked":["Secret Weapon","Metamorphosis"],"picked":"Apotheosis","floor":0.0},{"not_picked":["Calculated Gamble","Predator"],"picked":"Finisher","floor":1.0},{"not_picked":["Deadly Poison","Reflex"],"picked":"Dagger Spray","floor":2.0},{"not_picked":["Underhanded Strike","Flechettes","Prepared"],"picked":"SKIP","floor":3.0},{"not_picked":["Prepared","Bouncing Flask"],"picked":"Backflip","floor":4.0},{"not_picked":["Bane","Deadly Poison","Flying Knee"],"picked":"SKIP","floor":5.0},{"not_picked":["Setup","Dagger Spray","All Out Attack"],"picked":"SKIP","floor":7.0},{"not_picked":["Underhanded Strike","Eviscerate"],"picked":"Blade Dance","floor":11.0},{"not_picked":["Flying Knee","PiercingWail"],"picked":"Terror","floor":12.0},{"not_picked":["Masterful Stab","Dodge and Roll","Flechettes"],"picked":"SKIP","floor":14},{"not_picked":["Malaise","Corpse Explosion"],"picked":"Storm of Steel","floor":16},{"not_picked":["Dodge and Roll","Dagger Spray"],"picked":"Dash","floor":18},{"not_picked":["Backflip","Reflex"],"picked":"Blade Dance","floor":20},{"not_picked":["Slice","Predator","Grand Finale"],"picked":"SKIP","floor":22},{"not_picked":["Slice","Blade Dance+1"],"picked":"Cloak And Dagger","floor":24},{"not_picked":["Outmaneuver","Deadly Poison","Poisoned Stab"],"picked":"SKIP","floor":25},{"not_picked":["Dagger Throw","Leg Sweep","Cloak And Dagger"],"picked":"SKIP","floor":27},{"not_picked":["Leg Sweep","Dodge and Roll+1"],"picked":"Well Laid Plans+1","floor":30},{"not_picked":["Corpse Explosion","Unload"],"picked":"Wraith Form v2+1","floor":33},{"not_picked":["PiercingWail","Dagger Throw","Bane"],"picked":"SKIP","floor":35},{"not_picked":["Blade Dance","Backflip","All Out Attack+1"],"picked":"SKIP","floor":36},{"not_picked":["Blur","Acrobatics"],"picked":"Choke","floor":38},{"not_picked":["Masterful Stab","Finisher"],"picked":"Calculated Gamble","floor":39},{"not_picked":["Dagger Throw+1","Backflip+1","Sucker Punch"],"picked":"SKIP","floor":41},{"not_picked":["Reflex","Tools of the Trade+1"],"picked":"Acrobatics","floor":44},{"not_picked":["Dodge and Roll","Poisoned Stab+1","Concentrate"],"picked":"SKIP","floor":46},{"not_picked":["Dagger Throw","Deadly Poison","All Out Attack"],"picked":"Singing Bowl","floor":47},{"not_picked":["Underhanded Strike","Bane"],"picked":"Calculated Gamble+1","floor":48}],"player_experience":1288972,"relics_obtained":[{"floor":7.0,"key":"Thread and Needle"},{"floor":9.0,"key":"Letter Opener"},{"floor":12.0,"key":"PreservedInsect"},{"floor":19,"key":"Red Mask"},{"floor":24,"key":"Frozen Egg 2"},{"floor":26,"key":"Boot"},{"floor":27,"key":"War Paint"},{"floor":39,"key":"Tough Bandages"},{"floor":41,"key":"Potion Belt"},{"floor":43,"key":"Paper Crane"},{"floor":47,"key":"Singing Bowl"}],"event_choices":[{"damage_healed":0.0,"max_hp_gain":0.0,"max_hp_loss":0.0,"gold_gain":0.0,"event_name":"Shining Light","player_choice":"Ignored","floor":8.0,"gold_loss":0.0,"damage_taken":0.0},{"damage_healed":0,"gold_gain":50,"player_choice":"Touch","damage_taken":7,"max_hp_gain":0,"max_hp_loss":0,"event_name":"FaceTrader","floor":13,"gold_loss":0},{"damage_healed":0,"gold_gain":0,"player_choice":"Fought Bandits","damage_taken":0,"max_hp_gain":0,"max_hp_loss":0,"event_name":"Masked Bandits","floor":19,"gold_loss":0},{"cards_removed":["Strike_G"],"damage_healed":0,"gold_gain":0,"player_choice":"Elegance","damage_taken":0,"max_hp_gain":0,"max_hp_loss":0,"event_name":"Back to Basics","floor":21,"gold_loss":0},{"damage_healed":0,"gold_gain":0,"cards_transformed":["Strike_G","Defend_G"],"player_choice":"Became Test Subject","damage_taken":0,"max_hp_gain":0,"max_hp_loss":0,"event_name":"Drug Dealer","floor":28,"gold_loss":0,"cards_obtained":["Night Terror","PiercingWail"]},{"damage_healed":0,"gold_gain":0,"player_choice":"Fight","damage_taken":0,"max_hp_gain":0,"max_hp_loss":0,"event_name":"Mysterious Sphere","floor":39,"gold_loss":0},{"damage_healed":0,"gold_gain":0,"player_choice":"Embrace Madness","damage_taken":14,"max_hp_gain":0,"max_hp_loss":0,"event_name":"Winding Halls","floor":45,"gold_loss":0,"cards_obtained":["Madness","Madness"]}],"is_beta":false,"boss_relics":[{"not_picked":["Velvet Choker","Tiny House"],"picked":"Fusion Hammer"},{"not_picked":["Cursed Key","Sozu"],"picked":"Ring of the Serpent"}],"items_purged_floors":[31,37],"is_endless":false,"potions_floor_spawned":[1,4,7,16,20,27,30,36,39,41,44,47],"killed_by":"Time Eater","ascension_level":16}}