{"host":"kux12pw67lc1ca9q","time":1607540907,"event":{"gold_per_floor":[119,119,119,136,11,11,11,11],"floor_reached":7,"playtime":295,"items_purged":[],"score":78,"play_id":"4a11261c-3f45-40c9-b8cf-c28fda9e6d36","local_time":"20201209190827","is_ascension_mode":true,"campfire_choices":[{"data":"Menagerie:BeastSpirit","floor":6,"key":"SMITH"}],"neow_cost":"NONE","seed_source_timestamp":355762449508000,"circlet_count":0,"master_deck":["AscendersBane","WordoMod:StrikeCard","WordoMod:StrikeCard","WordoMod:StrikeCard","WordoMod:StrikeCard","WordoMod:DefendCard+1","WordoMod:DefendCard","WordoMod:DefendCard","WordoMod:DefendCard+1","WordoMod:Accursed","WordoMod:IllWill","WordoMod:Exorcism","Menagerie:BeastSpirit+1","WordoMod:Hysteria","WordoMod:PurgeDisease+1","WordoMod:LanternFlame+1"],"relics":["WordoMod:Obsidian","WordoMod:Effigy","aspiration:Nostalgia","hierophant:PropheticMaskRelic","Menagerie:MalignantTentacle"],"potions_floor_usage":[],"damage_taken":[{"damage":6,"enemies":"Menagerie:WhisperingWraith","floor":1,"turns":6},{"damage":3,"enemies":"Menagerie:2_RABBITS","floor":4,"turns":3},{"damage":0,"enemies":"Menagerie:VoidReaper","floor":7,"turns":1}],"seed_played":"-6896703748343720881","potions_obtained":[],"is_trial":false,"path_per_floor":["M","?","?","M","?","R","E"],"character_chosen":"JUDGE_CLASS","items_purchased":[],"campfire_rested":0,"item_purchase_floors":[],"current_hp_per_floor":[62,62,62,59,59,59,59,59],"gold":11,"neow_bonus":"NOSTALGIA","is_prod":false,"is_daily":false,"chose_seed":false,"campfire_upgraded":1,"win_rate":0,"timestamp":1607540907,"path_taken":["M","?","?","M","?","R","E"],"build_version":"2020-11-30","purchased_purges":0,"victory":false,"max_hp_per_floor":[75,75,70,70,70,70,70,70],"card_choices":[{"not_picked":["WordoMod:CurseBuckler","WordoMod:BurdenOfSin"],"picked":"WordoMod:Exorcism","floor":1},{"not_picked":["WordoMod:Sickness","WordoMod:Cremate"],"picked":"WordoMod:Hysteria","floor":4},{"not_picked":["WordoMod:DarkBead+1","WordoMod:Cleanse+1"],"picked":"WordoMod:PurgeDisease+1","floor":5},{"not_picked":["WordoMod:Resurrection+1","WordoMod:Retaliate+1"],"picked":"WordoMod:LanternFlame+1","floor":5}],"player_experience":1305483,"relics_obtained":[],"event_choices":[{"damage_healed":0,"gold_gain":0,"player_choice":"Enter","damage_taken":0,"relics_obtained":["Menagerie:MalignantTentacle"],"max_hp_gain":0,"max_hp_loss":0,"event_name":"Menagerie:CorruptingLight","floor":2,"gold_loss":0,"cards_upgraded":["WordoMod:DefendCard","WordoMod:DefendCard"]},{"damage_healed":0,"gold_gain":0,"player_choice":"Knelt","damage_taken":0,"max_hp_gain":0,"max_hp_loss":5,"event_name":"Menagerie:BeastSpiritShrine","floor":3,"gold_loss":0,"cards_obtained":["Menagerie:BeastSpirit"]},{"damage_healed":0,"gold_gain":0,"player_choice":"2","damage_taken":0,"max_hp_gain":0,"max_hp_loss":0,"event_name":"betterMatch:BetterMatch","floor":5,"gold_loss":0,"cards_obtained":["betterMatch:UncommonCard","betterMatch:CommonCard"]}],"is_beta":false,"boss_relics":[],"items_purged_floors":[],"is_endless":false,"potions_floor_spawned":[],"killed_by":"Menagerie:VoidReaper","ascension_level":20}}