{"host":"zk71suw73lg2r165","time":1607546805,"event":{"gold_per_floor":[366,381,391,61,71,71,105,105,105,105,105,137,137,155,155,229,229,239,254,69,86,96,96,125,125,125,158,158,158,172,172,172,248,248,268,92,111,128,144,179,179,191,191,208,233,233,233,247,247,247,247],"floor_reached":50,"playtime":2450,"items_purged":["Strike_B","Strike_B","Writhe"],"score":1098,"play_id":"98c79fd8-2f44-480f-b6c1-b56f203ee9d5","local_time":"20201209154645","is_ascension_mode":true,"campfire_choices":[{"data":"Fusion","floor":6.0,"key":"SMITH"},{"floor":8.0,"key":"REST"},{"floor":13.0,"key":"REST"},{"data":"Biased Cognition","floor":15.0,"key":"SMITH"},{"floor":23.0,"key":"REST"},{"floor":25.0,"key":"RECALL"},{"floor":32.0,"key":"REST"},{"floor":46,"key":"DIG"},{"floor":49,"key":"DIG"}],"neow_cost":"PERCENT_DAMAGE","seed_source_timestamp":28704814282760,"circlet_count":0,"master_deck":["AscendersBane","Strike_B","Strike_B","Defend_B","Defend_B","Defend_B","Defend_B","Zap","Dualcast","Coolheaded","Compile Driver","Defragment+1","Fusion+1","Conserve Battery","Biased Cognition+1","Undo","Hyperbeam","Reinforced Body","FTL","Darkness","Chill+1","Hologram","Melter","Capacitor","Ghostly","Ghostly","Ghostly","Meteor Strike","Skim","Coolheaded","Force Field","Pain","Multi-Cast"],"special_seed":0,"relics":["Cracked Core","ClockworkSouvenir","Incense Burner","Kunai","Meat on the Bone","Fusion Hammer","StrikeDummy","Pantograph","Bag of Marbles","Enchiridion","MealTicket","Snecko Eye","Shovel","WarpedTongs","Mango","Nunchaku","Happy Flower","Bottled Tornado"],"potions_floor_usage":[39,44,50],"damage_taken":[{"damage":10.0,"enemies":"2 Louse","floor":1.0,"turns":2.0},{"damage":0.0,"enemies":"Small Slimes","floor":2.0,"turns":3.0},{"damage":0.0,"enemies":"Cultist","floor":3.0,"turns":3.0},{"damage":8.0,"enemies":"Blue Slaver","floor":5.0,"turns":5.0},{"damage":19.0,"enemies":"Lagavulin","floor":7.0,"turns":8.0},{"damage":51.0,"enemies":"Gremlin Nob","floor":12.0,"turns":5.0},{"damage":0.0,"enemies":"Exordium Wildlife","floor":14.0,"turns":3.0},{"damage":9.0,"enemies":"Slime Boss","floor":16.0,"turns":11.0},{"damage":37.0,"enemies":"3 Byrds","floor":18.0,"turns":5.0},{"damage":11.0,"enemies":"Spheric Guardian","floor":19.0,"turns":5.0},{"damage":1.0,"enemies":"Centurion and Healer","floor":21.0,"turns":6.0},{"damage":0.0,"enemies":"Snake Plant","floor":22.0,"turns":5.0},{"damage":5.0,"enemies":"Book of Stabbing","floor":24.0,"turns":7.0},{"damage":20.0,"enemies":"Slavers","floor":27.0,"turns":7.0},{"damage":0.0,"enemies":"Snecko","floor":30.0,"turns":6.0},{"damage":8.0,"enemies":"Champ","floor":33.0,"turns":16.0},{"damage":1.0,"enemies":"Orb Walker","floor":35.0,"turns":3.0},{"damage":1,"enemies":"3 Darklings","floor":37,"turns":6},{"damage":0,"enemies":"Sphere and 2 Shapes","floor":38,"turns":7},{"damage":0,"enemies":"Maw","floor":39,"turns":7},{"damage":21,"enemies":"Nemesis","floor":40,"turns":13},{"damage":4,"enemies":"Spire Growth","floor":42,"turns":7},{"damage":4,"enemies":"4 Shapes","floor":44,"turns":6},{"damage":1,"enemies":"Mind Bloom Boss Battle","floor":45,"turns":6},{"damage":1,"enemies":"Maw","floor":48,"turns":8},{"damage":71,"enemies":"Time Eater","floor":50,"turns":13}],"seed_played":"8668095526936678277","potions_obtained":[{"floor":3.0,"key":"Explosive Potion"},{"floor":12.0,"key":"SpeedPotion"},{"floor":14.0,"key":"AttackPotion"},{"floor":18.0,"key":"ColorlessPotion"},{"floor":21.0,"key":"EssenceOfSteel"},{"floor":33.0,"key":"LiquidMemories"},{"floor":39,"key":"EssenceOfDarkness"},{"floor":44,"key":"Explosive Potion"}],"is_trial":false,"path_per_floor":["M","M","M","$","M","R","E","R","T","?","?","E","R","M","R","B",null,"M","M","$","M","M","R","E","R","T","E","?","?","M","?","R","B",null,"M","$","M","M","M","E","?","M","T","M","?","R","T","M","R","B"],"character_chosen":"DEFECT","items_purchased":["Defragment","ClockworkSouvenir","Darkness","Coolheaded"],"campfire_rested":4,"item_purchase_floors":[4,4,20,36],"current_hp_per_floor":[36,36,36,36,28,28,9,30,30,53,53,2,23,35,35,38,63,38,39,39,38,38,59,54,54,54,46,25,25,37,35,35,27,33,32,35,34,34,34,25,25,21,21,29,48,48,48,47,47,0,0],"gold":247,"neow_bonus":"TWO_FIFTY_GOLD","is_prod":false,"is_daily":false,"chose_seed":false,"campfire_upgraded":2,"win_rate":0,"timestamp":1607546805,"path_taken":["M","M","M","$","M","R","E","R","T","?","?","E","R","M","R","BOSS","M","M","$","M","M","R","E","R","T","E","?","?","M","?","R","BOSS","M","$","M","M","M","E","?","M","T","?","?","R","?","M","R","BOSS"],"build_version":"2020-11-30","purchased_purges":3,"victory":false,"max_hp_per_floor":[71,71,71,71,71,71,71,71,71,71,71,71,71,71,71,71,71,71,71,71,71,71,71,71,71,71,71,71,71,71,35,35,35,35,35,35,35,35,35,35,35,35,35,35,49,49,49,49,49,49,49],"relic_stats":{"Nunchaku":[2],"Shovel":2,"Happy Flower":[7],"counters":[26,173],"Pantograph":8,"Snecko Eye":[143,138,119,139],"MealTicket":3,"Kunai":[21],"obtain_stats":[{"Happy Flower":47,"Enchiridion":28,"Mango":45,"Incense Burner":7,"Bottled Tornado":49,"ClockworkSouvenir":4,"WarpedTongs":41,"Nunchaku":46,"Shovel":40,"Pantograph":26,"Snecko Eye":34,"MealTicket":29,"Fusion Hammer":17,"Bag of Marbles":27,"Kunai":9,"Cracked Core":0,"StrikeDummy":24,"Meat on the Bone":12},{"Happy Flower":24,"Enchiridion":14,"Mango":24,"Incense Burner":5,"Bottled Tornado":25,"ClockworkSouvenir":3,"WarpedTongs":21,"Nunchaku":24,"Shovel":21,"Pantograph":13,"Snecko Eye":16,"MealTicket":14,"Fusion Hammer":8,"Bag of Marbles":14,"Kunai":5,"Cracked Core":0,"StrikeDummy":13,"Meat on the Bone":6},{"Happy Flower":152,"Enchiridion":75,"Mango":152,"Incense Burner":21,"Bottled Tornado":160,"ClockworkSouvenir":8,"WarpedTongs":133,"Nunchaku":152,"Shovel":133,"Pantograph":68,"Snecko Eye":97,"MealTicket":75,"Fusion Hammer":40,"Bag of Marbles":75,"Kunai":21,"Cracked Core":0,"StrikeDummy":68,"Meat on the Bone":26}],"Meat on the Bone":96,"WarpedTongs":[40]},"card_choices":[{"not_picked":["Steam Power","Rip and Tear"],"picked":"Coolheaded","floor":1.0},{"not_picked":["Scrape","Force Field","Recycle"],"picked":"SKIP","floor":2.0},{"not_picked":["Force Field","Leap"],"picked":"Compile Driver","floor":3.0},{"not_picked":["Skim","Compile Driver"],"picked":"Fusion","floor":5.0},{"not_picked":["Steam","Streamline"],"picked":"Conserve Battery","floor":7.0},{"not_picked":["Steam","Beam Cell"],"picked":"Biased Cognition","floor":12.0},{"not_picked":["Force Field","Barrage"],"picked":"Undo","floor":14.0},{"not_picked":["Thunder Strike","Fission"],"picked":"Hyperbeam","floor":16.0},{"not_picked":["Stack+1","Sweeping Beam"],"picked":"Reinforced Body","floor":18.0},{"not_picked":["Gash+1","Undo"],"picked":"FTL","floor":19.0},{"not_picked":["Leap","Beam Cell"],"picked":"Chill+1","floor":21.0},{"not_picked":["Lockon+1","Compile Driver"],"picked":"Hologram","floor":22.0},{"not_picked":["Cold Snap","Melter","Turbo"],"picked":"SKIP","floor":24.0},{"not_picked":["Rebound","Gash"],"picked":"Melter","floor":27.0},{"not_picked":["Redo","FTL"],"picked":"Capacitor","floor":30.0},{"not_picked":["Reboot","Hyperbeam"],"picked":"Meteor Strike","floor":33.0},{"not_picked":["Cold Snap+1","BootSequence"],"picked":"Skim","floor":35.0},{"not_picked":["Cold Snap","Streamline+1","Consume"],"picked":"SKIP","floor":37},{"not_picked":["Gash","Steam","FTL"],"picked":"SKIP","floor":38},{"not_picked":["Leap+1","Chill","Heatsinks"],"picked":"SKIP","floor":39},{"not_picked":["Auto Shields","Compile Driver"],"picked":"Force Field","floor":40},{"not_picked":["Double Energy","Hello World","Stack"],"picked":"SKIP","floor":42},{"not_picked":["Turbo","Gash"],"picked":"Multi-Cast","floor":44},{"not_picked":["Gash+1","Ball Lightning","Redo+1"],"picked":"SKIP","floor":48}],"player_experience":1304376,"relics_obtained":[{"floor":7.0,"key":"Incense Burner"},{"floor":9.0,"key":"Kunai"},{"floor":12.0,"key":"Meat on the Bone"},{"floor":24.0,"key":"StrikeDummy"},{"floor":26.0,"key":"Pantograph"},{"floor":27.0,"key":"Bag of Marbles"},{"floor":28.0,"key":"Enchiridion"},{"floor":40,"key":"Shovel"},{"floor":45,"key":"Mango"},{"floor":46,"key":"Nunchaku"},{"floor":47,"key":"Happy Flower"},{"floor":49,"key":"Bottled Tornado"}],"event_choices":[{"damage_healed":23.0,"max_hp_gain":0.0,"max_hp_loss":0.0,"gold_gain":0.0,"event_name":"Big Fish","player_choice":"Banana","floor":10.0,"gold_loss":0.0,"damage_taken":0.0},{"damage_healed":0.0,"max_hp_gain":0.0,"max_hp_loss":0.0,"gold_gain":0.0,"event_name":"Living Wall","player_choice":"Grow","floor":11.0,"gold_loss":0.0,"damage_taken":0.0,"cards_upgraded":["Defragment"]},{"damage_healed":0.0,"max_hp_gain":0.0,"max_hp_loss":0.0,"gold_gain":0.0,"event_name":"Cursed Tome","player_choice":"Obtained Book","floor":28.0,"gold_loss":0.0,"damage_taken":21.0},{"damage_healed":0.0,"max_hp_gain":0.0,"max_hp_loss":0.0,"gold_gain":0.0,"event_name":"The Mausoleum","player_choice":"Opened","floor":29.0,"gold_loss":0.0,"damage_taken":0.0,"relics_obtained":["MealTicket"],"cards_obtained":["Writhe"]},{"damage_healed":0.0,"max_hp_gain":0.0,"max_hp_loss":36.0,"gold_gain":0.0,"event_name":"Ghosts","player_choice":"Became a Ghost","floor":31.0,"gold_loss":0.0,"damage_taken":0.0,"cards_obtained":["Ghostly","Ghostly","Ghostly"]},{"damage_healed":0,"gold_gain":0,"player_choice":"Rummage","damage_taken":0,"relics_obtained":["WarpedTongs"],"max_hp_gain":0,"max_hp_loss":0,"event_name":"Accursed Blacksmith","floor":41,"gold_loss":0,"cards_obtained":["Pain"]},{"damage_healed":0,"gold_gain":0,"player_choice":"Fight","damage_taken":0,"max_hp_gain":0,"max_hp_loss":0,"event_name":"MindBloom","floor":45,"gold_loss":0}],"is_beta":false,"boss_relics":[{"not_picked":["Busted Crown","Philosopher\u0027s Stone"],"picked":"Fusion Hammer"},{"not_picked":["Tiny House","SlaversCollar"],"picked":"Snecko Eye"}],"items_purged_floors":[4,20,36],"is_endless":false,"potions_floor_spawned":[3,12,14,18,21,33,35,39,44,45],"killed_by":"Time Eater","ascension_level":20}}