{"host":"4ag909k4xupnj24b","time":1607526700,"event":{"gold_per_floor":[109,109,123,139,139,174,174,26,52,52,63,73,100,119,119,222,222,234,246,266,276,191,191,191,191,191,191,211,222,0,26,26,125,125,142,142,159,13,32,32,82,82,82,94,94,0,0,28,28,28,28,28,28,53,53,53],"floor_reached":55,"playtime":3037,"items_purged":[],"score":1127,"play_id":"5c85890b-9eb4-4328-bb43-2438449993ca","local_time":"20201209071140","is_ascension_mode":true,"campfire_choices":[{"data":"Chaos","floor":7.0,"key":"SMITH"},{"floor":10.0,"key":"REST"},{"data":"Consume","floor":15.0,"key":"SMITH"},{"floor":23.0,"key":"REST"},{"data":"Biased Cognition","floor":25.0,"key":"SMITH"},{"data":"Blizzard","floor":27.0,"key":"SMITH"},{"floor":32,"key":"REST"},{"floor":40,"key":"RECALL"},{"data":"Loop","floor":42,"key":"SMITH"},{"data":"Capacitor","floor":45,"key":"SMITH"},{"data":"Zap","floor":47,"key":"SMITH"},{"data":"Dualcast","floor":49,"key":"SMITH"},{"data":"Electrodynamics","floor":52,"key":"SMITH"}],"neow_cost":"NONE","seed_source_timestamp":33086297730400,"circlet_count":0,"master_deck":["AscendersBane","Strike_B+1","Strike_B+1","Strike_B+1","Strike_B+1","Defend_B+1","Defend_B+1","Defend_B+1","Defend_B+1","Zap+1","Dualcast+1","Genetic Algorithm+1","Coolheaded","Cold Snap","Blizzard+1","Glacier","Rebound","Self Repair","Capacitor+1","Consume+1","Ball Lightning","Biased Cognition+1","Loop+1","Loop+1","Electrodynamics+1","Core Surge"],"special_seed":0,"relics":["FrozenCore","NeowsBlessing","Bronze Scales","Orrery","Potion Belt","Turnip","Inserter","Oddly Smooth Stone","Eternal Feather","Art of War","MealTicket","Happy Flower","StoneCalendar","Red Mask","Toy Ornithopter","Sundial"],"potions_floor_usage":[33,33,33,44,44,54,55],"damage_taken":[{"damage":0.0,"enemies":"Small Slimes","floor":1.0,"turns":1.0},{"damage":0.0,"enemies":"Cultist","floor":3.0,"turns":1.0},{"damage":0.0,"enemies":"Jaw Worm","floor":4.0,"turns":1.0},{"damage":31.0,"enemies":"Gremlin Nob","floor":6.0,"turns":5.0},{"damage":11.0,"enemies":"Large Slime","floor":11.0,"turns":4.0},{"damage":8.0,"enemies":"Exordium Wildlife","floor":12.0,"turns":5.0},{"damage":20.0,"enemies":"3 Sentries","floor":13.0,"turns":10.0},{"damage":0.0,"enemies":"Looter","floor":14.0,"turns":5.0},{"damage":0.0,"enemies":"Slime Boss","floor":16.0,"turns":6.0},{"damage":1.0,"enemies":"Spheric Guardian","floor":18.0,"turns":6.0},{"damage":18.0,"enemies":"2 Thieves","floor":19.0,"turns":5.0},{"damage":32.0,"enemies":"Snake Plant","floor":20.0,"turns":6.0},{"damage":20.0,"enemies":"Shelled Parasite and Fungi","floor":21.0,"turns":4.0},{"damage":9.0,"enemies":"Snecko","floor":28.0,"turns":4.0},{"damage":7.0,"enemies":"Cultist and Chosen","floor":29.0,"turns":5.0},{"damage":46,"enemies":"Gremlin Leader","floor":31,"turns":11},{"damage":7,"enemies":"Automaton","floor":33,"turns":8},{"damage":0,"enemies":"3 Shapes","floor":35,"turns":3},{"damage":6,"enemies":"Orb Walker","floor":37,"turns":6},{"damage":24,"enemies":"Jaw Worm Horde","floor":39,"turns":4},{"damage":0,"enemies":"Mind Bloom Boss Battle","floor":41,"turns":9},{"damage":29,"enemies":"Transient","floor":44,"turns":5},{"damage":8,"enemies":"Nemesis","floor":48,"turns":7},{"damage":13,"enemies":"Donu and Deca","floor":50,"turns":12},{"damage":41,"enemies":"Shield and Spear","floor":54,"turns":8},{"damage":48,"enemies":"The Heart","floor":55,"turns":2}],"seed_played":"-1973834869004777265","potions_obtained":[{"floor":1.0,"key":"SpeedPotion"},{"floor":4.0,"key":"AttackPotion"},{"floor":11.0,"key":"Ancient Potion"},{"floor":14.0,"key":"Swift Potion"},{"floor":20.0,"key":"DistilledChaos"},{"floor":28.0,"key":"Dexterity Potion"},{"floor":31,"key":"Swift Potion"},{"floor":33,"key":"SteroidPotion"},{"floor":37,"key":"GamblersBrew"},{"floor":39,"key":"Block Potion"},{"floor":44,"key":"DistilledChaos"},{"floor":54,"key":"CultistPotion"}],"is_trial":false,"path_per_floor":["M","?","M","M","?","E","R","$","T","R","M","M","E","M","R","B",null,"M","M","M","M","?","R","?","R","T","R","M","M","$","E","R","B",null,"M","?","M","$","M","R","?","R","T","M","R","?","R","E","R","B",null,"R","$","E","B"],"character_chosen":"DEFECT","items_purchased":["Orrery","Art of War","Loop","Happy Flower"],"campfire_rested":3,"item_purchase_floors":[8,30,30,38],"current_hp_per_floor":[68,61,61,61,61,30,30,30,30,52,48,47,34,41,41,41,67,73,55,30,17,17,39,39,39,39,51,49,49,49,10,47,47,68,68,68,69,75,51,66,73,75,75,46,61,61,75,74,75,69,74,75,75,41,0,0],"gold":53,"neow_bonus":"THREE_ENEMY_KILL","is_prod":false,"is_daily":false,"chose_seed":false,"campfire_upgraded":9,"win_rate":0,"timestamp":1607526700,"path_taken":["M","?","?","M","?","E","R","?","T","R","?","M","E","M","R","BOSS","M","M","M","M","?","R","?","R","T","R","M","M","$","E","R","BOSS","M","?","M","$","M","R","?","R","T","M","R","?","R","E","R","BOSS","R","$","E","BOSS"],"build_version":"2020-11-30","purchased_purges":0,"victory":false,"max_hp_per_floor":[75,75,75,75,75,75,75,75,75,75,75,75,75,75,75,75,75,75,75,75,75,75,75,75,75,75,75,75,75,75,75,75,75,75,75,75,75,75,75,75,75,75,75,75,75,75,75,75,75,75,75,75,75,75,75,75],"card_choices":[{"not_picked":["Aggregate","Sweeping Beam"],"picked":"Genetic Algorithm","floor":1.0},{"not_picked":["Darkness","Sunder"],"picked":"Coolheaded","floor":3.0},{"not_picked":["Redo","Steam"],"picked":"Chaos","floor":4.0},{"not_picked":["Stack","Conserve Battery"],"picked":"Cold Snap","floor":6.0},{"not_picked":["Stack","Coolheaded"],"picked":"Blizzard","floor":8.0},{"not_picked":["Force Field","Barrage"],"picked":"Glacier","floor":8.0},{"not_picked":["Melter","Cold Snap"],"picked":"Rebound","floor":8.0},{"not_picked":["Rainbow","Force Field"],"picked":"Self Repair","floor":8.0},{"not_picked":["Auto Shields","Leap","Streamline"],"picked":"SKIP","floor":11.0},{"not_picked":["Compile Driver","Genetic Algorithm"],"picked":"Capacitor","floor":12.0},{"not_picked":["Lockon","Defragment"],"picked":"Consume","floor":13.0},{"not_picked":["Stack","Compile Driver"],"picked":"Ball Lightning","floor":14.0},{"not_picked":["Rainbow","Meteor Strike"],"picked":"Biased Cognition","floor":16.0},{"not_picked":["Barrage","Reinforced Body","Coolheaded"],"picked":"SKIP","floor":18.0},{"not_picked":["Hello World","Force Field+1","Steam+1"],"picked":"SKIP","floor":19.0},{"not_picked":["Creative AI","Hologram","Heatsinks"],"picked":"SKIP","floor":20.0},{"not_picked":["Melter","Beam Cell","Redo"],"picked":"SKIP","floor":21.0},{"not_picked":["Melter","Compile Driver"],"picked":"Loop+1","floor":28.0},{"not_picked":["Aggregate","Genetic Algorithm","Cold Snap"],"picked":"SKIP","floor":29.0},{"not_picked":["Steam Power","All For One","Tempest"],"picked":"SKIP","floor":31},{"not_picked":["Hyperbeam","Core Surge"],"picked":"Electrodynamics","floor":33},{"not_picked":["Steam+1","Compile Driver+1","Skim+1"],"picked":"SKIP","floor":35},{"not_picked":["Hello World+1","FTL","Turbo"],"picked":"SKIP","floor":37},{"not_picked":["Blizzard","Reprogram","Coolheaded+1"],"picked":"SKIP","floor":39},{"not_picked":["Sweeping Beam+1","Rebound","Steam"],"picked":"SKIP","floor":44},{"not_picked":["All For One","Cold Snap"],"picked":"Core Surge","floor":48},{"not_picked":["Self Repair","Sunder+1","Leap+1"],"picked":"SKIP","floor":54}],"player_experience":766768,"relics_obtained":[{"floor":6.0,"key":"Bronze Scales"},{"floor":9.0,"key":"Potion Belt"},{"floor":13.0,"key":"Turnip"},{"floor":26.0,"key":"Eternal Feather"},{"floor":31,"key":"MealTicket"},{"floor":41,"key":"StoneCalendar"},{"floor":48,"key":"Toy Ornithopter"},{"floor":54,"key":"Sundial"}],"event_choices":[{"damage_healed":0.0,"max_hp_gain":0.0,"max_hp_loss":0.0,"gold_gain":0.0,"event_name":"Wheel of Change","player_choice":"Damaged","floor":2.0,"gold_loss":0.0,"damage_taken":7.0},{"damage_healed":0.0,"max_hp_gain":0.0,"max_hp_loss":0.0,"gold_gain":0.0,"event_name":"Accursed Blacksmith","player_choice":"Forge","floor":5.0,"gold_loss":0.0,"damage_taken":0.0,"cards_upgraded":["Genetic Algorithm"]},{"damage_healed":0.0,"max_hp_gain":0.0,"max_hp_loss":0.0,"gold_gain":0.0,"event_name":"Addict","player_choice":"Obtained Relic","floor":22.0,"gold_loss":85.0,"damage_taken":0.0,"relics_obtained":["Oddly Smooth Stone"]},{"damage_healed":0.0,"max_hp_gain":0.0,"max_hp_loss":0.0,"gold_gain":0.0,"event_name":"Back to Basics","player_choice":"Simplicity","floor":24.0,"gold_loss":0.0,"damage_taken":0.0,"cards_upgraded":["Strike_B","Strike_B","Strike_B","Strike_B","Defend_B","Defend_B","Defend_B","Defend_B"]},{"cards_removed":["Chaos"],"damage_healed":0,"gold_gain":0,"player_choice":"Removed Skill","damage_taken":0,"max_hp_gain":0,"max_hp_loss":0,"event_name":"Falling","floor":36,"gold_loss":0},{"damage_healed":0,"gold_gain":0,"player_choice":"Fight","damage_taken":0,"max_hp_gain":0,"max_hp_loss":0,"event_name":"MindBloom","floor":41,"gold_loss":0},{"damage_healed":0,"gold_gain":0,"player_choice":"Paid","damage_taken":0,"relics_obtained":["Red Mask"],"max_hp_gain":0,"max_hp_loss":0,"event_name":"Tomb of Lord Red Mask","floor":46,"gold_loss":94}],"is_beta":false,"boss_relics":[{"not_picked":["Coffee Dripper","Runic Dome"],"picked":"Inserter"},{"not_picked":["Astrolabe","Black Star"],"picked":"FrozenCore"}],"items_purged_floors":[],"is_endless":false,"potions_floor_spawned":[1,4,11,14,20,28,31,33,37,39,44,54],"killed_by":"The Heart","ascension_level":11}}