{"host":"2fcuechlb8c23yrb","time":1607476396,"event":{"gold_per_floor":[219,70,70,83,13,46,46,57,80,80,90,124,124,146,146,146,146],"floor_reached":16,"playtime":598,"items_purged":[],"score":108,"play_id":"1f191ba8-f9b6-4b47-932e-9e04bf876d61","local_time":"20201208201316","is_ascension_mode":false,"campfire_choices":[{"floor":7,"key":"REST"},{"floor":10,"key":"RECALL"},{"floor":15,"key":"REST"}],"neow_cost":"NONE","seed_source_timestamp":0,"circlet_count":0,"master_deck":["Strike_B","Strike_B","Strike_B","Strike_B","Defend_B+1","Defend_B","Defend_B","Defend_B+1","Zap","Dualcast","Conserve Battery","Melter","Capacitor","Cold Snap","Conserve Battery","Cold Snap","Doom and Gloom"],"special_seed":0,"relics":["Cracked Core","Ancient Tea Set","Oddly Smooth Stone","Eternal Feather","Odd Mushroom"],"potions_floor_usage":[13,13,13],"damage_taken":[{"damage":4,"enemies":"2 Louse","floor":1,"turns":3},{"damage":0,"enemies":"Jaw Worm","floor":4,"turns":4},{"damage":21,"enemies":"Lagavulin","floor":6,"turns":8},{"damage":0,"enemies":"Small Slimes","floor":8,"turns":3},{"damage":0,"enemies":"2 Fungi Beasts","floor":11,"turns":3},{"damage":43,"enemies":"Gremlin Nob","floor":12,"turns":6},{"damage":10,"enemies":"Gremlin Nob","floor":13,"turns":4},{"damage":3,"enemies":"The Mushroom Lair","floor":14,"turns":5},{"damage":35,"enemies":"Slime Boss","floor":16,"turns":10}],"seed_played":"-3370457959598509611","potions_obtained":[{"floor":4,"key":"SkillPotion"},{"floor":8,"key":"Strength Potion"},{"floor":11,"key":"SmokeBomb"}],"is_trial":false,"path_per_floor":["M","$","?","M","$","E","R","M","T","R","M","E","?","?","R","B"],"character_chosen":"DEFECT","items_purchased":["Ancient Tea Set","Capacitor"],"campfire_rested":2,"item_purchase_floors":[2,5],"current_hp_per_floor":[71,71,56,56,56,35,57,57,57,57,57,14,4,1,32,0,0],"gold":146,"neow_bonus":"HUNDRED_GOLD","is_prod":false,"is_daily":false,"chose_seed":false,"campfire_upgraded":0,"win_rate":0,"timestamp":1607476396,"path_taken":["M","$","?","M","$","E","R","M","T","R","M","E","?","?","R","BOSS"],"build_version":"2020-11-30","purchased_purges":0,"victory":false,"max_hp_per_floor":[75,75,75,75,75,75,75,75,75,75,75,75,75,75,75,75,75],"relic_stats":{"counters":[9,46],"Eternal Feather":9,"obtain_stats":[{"Oddly Smooth Stone":6,"Eternal Feather":12,"Odd Mushroom":14,"Cracked Core":0,"Ancient Tea Set":2},{"Oddly Smooth Stone":3,"Eternal Feather":6,"Odd Mushroom":8,"Cracked Core":0,"Ancient Tea Set":1},{"Oddly Smooth Stone":15,"Eternal Feather":27,"Odd Mushroom":36,"Cracked Core":0,"Ancient Tea Set":3}]},"card_choices":[{"not_picked":["Coolheaded","Leap"],"picked":"Conserve Battery","floor":1},{"not_picked":["Chaos","Recycle"],"picked":"Melter","floor":4},{"not_picked":["Hello World","Steam"],"picked":"Cold Snap","floor":6},{"not_picked":["Turbo","Steam","Reboot"],"picked":"SKIP","floor":8},{"not_picked":["Go for the Eyes","Skim"],"picked":"Conserve Battery","floor":11},{"not_picked":["Blizzard","Skim"],"picked":"Cold Snap","floor":12},{"not_picked":["Scrape","Rebound"],"picked":"Doom and Gloom","floor":14}],"player_experience":53124,"relics_obtained":[{"floor":6,"key":"Oddly Smooth Stone"},{"floor":12,"key":"Eternal Feather"},{"floor":14,"key":"Odd Mushroom"}],"event_choices":[{"damage_healed":0,"gold_gain":0,"player_choice":"Entered Light","damage_taken":15,"max_hp_gain":0,"max_hp_loss":0,"event_name":"Shining Light","floor":3,"gold_loss":0,"cards_upgraded":["Defend_B","Defend_B"]},{"damage_healed":0,"gold_gain":0,"player_choice":"Searched \u00271\u0027 times","damage_taken":0,"max_hp_gain":0,"max_hp_loss":0,"event_name":"Dead Adventurer","floor":13,"gold_loss":0},{"damage_healed":0,"gold_gain":0,"player_choice":"Fought Mushrooms","damage_taken":0,"max_hp_gain":0,"max_hp_loss":0,"event_name":"Mushrooms","floor":14,"gold_loss":0}],"is_beta":false,"boss_relics":[],"items_purged_floors":[],"is_endless":false,"potions_floor_spawned":[4,8,11,13],"killed_by":"Slime Boss","ascension_level":0}}