{"host":"2pgz2fctomabfk86","time":1607509361,"event":{"gold_per_floor":[109,127,127,138,157,157,157,176,201,201,217,217,71,83,83,159,159,170,170,187,205,35,35,60,70,70,99,116,116,116,133,133,207,207,224,224,238,44,44,78,88,88,88],"floor_reached":42,"playtime":2438,"items_purged":["Strike_P","Strike_P","Strike_P"],"score":1036,"play_id":"daef856b-6e5f-42ff-a26c-b88d9ecf79ac","local_time":"20201209192241","is_ascension_mode":true,"campfire_choices":[{"data":"Eruption","floor":7.0,"key":"SMITH"},{"data":"Pray","floor":10.0,"key":"SMITH"},{"data":"Vault","floor":12.0,"key":"SMITH"},{"data":"CrushJoints","floor":15.0,"key":"SMITH"},{"floor":23.0,"key":"REST"},{"floor":30.0,"key":"REST"},{"data":"Evaluate","floor":32.0,"key":"SMITH"}],"neow_cost":"NONE","seed_source_timestamp":0,"circlet_count":0,"master_deck":["AscendersBane","Defend_P","Defend_P","Defend_P","Defend_P","Eruption+1","Vigilance","Vault+1","CrushJoints+1","FearNoEvil","EmptyFist","Pray+1","Swivel","ConjureBlade","Evaluate+1","ClearTheMind+1","Indignation","InnerPeace","DeceiveReality+1","InnerPeace","Halt+1","EmptyMind"],"special_seed":0,"relics":["HolyWater","Happy Flower","Tiny Chest","Anchor","Mercury Hourglass","Ancient Tea Set","VioletLotus","InkBottle","Frozen Egg 2","StrikeDummy"],"potions_floor_usage":[],"damage_taken":[{"damage":4.0,"enemies":"Jaw Worm","floor":1.0,"turns":3.0},{"damage":0.0,"enemies":"Cultist","floor":2.0,"turns":2.0},{"damage":0.0,"enemies":"2 Louse","floor":4.0,"turns":1.0},{"damage":23.0,"enemies":"Exordium Wildlife","floor":5.0,"turns":5.0},{"damage":3.0,"enemies":"Blue Slaver","floor":8.0,"turns":4.0},{"damage":1.0,"enemies":"Red Slaver","floor":11.0,"turns":3.0},{"damage":0.0,"enemies":"Looter","floor":14.0,"turns":2.0},{"damage":12.0,"enemies":"Hexaghost","floor":16.0,"turns":10.0},{"damage":1.0,"enemies":"Spheric Guardian","floor":18.0,"turns":3.0},{"damage":6.0,"enemies":"3 Byrds","floor":20.0,"turns":5.0},{"damage":23.0,"enemies":"3 Cultists","floor":21.0,"turns":6.0},{"damage":8.0,"enemies":"Centurion and Healer","floor":25.0,"turns":5.0},{"damage":30.0,"enemies":"Slavers","floor":27.0,"turns":5.0},{"damage":10.0,"enemies":"Snecko","floor":28.0,"turns":4.0},{"damage":23.0,"enemies":"Shelled Parasite and Fungi","floor":31.0,"turns":5.0},{"damage":79.0,"enemies":"Champ","floor":33.0,"turns":10.0},{"damage":0.0,"enemies":"Orb Walker","floor":35.0,"turns":4.0},{"damage":0.0,"enemies":"3 Shapes","floor":37.0,"turns":4.0},{"damage":52.0,"enemies":"Reptomancer","floor":40.0,"turns":7.0},{"damage":23.0,"enemies":"Maw","floor":41.0,"turns":8.0},{"damage":0,"enemies":"Giant Head","floor":42,"turns":5}],"seed_played":"-5840584948107621913","potions_obtained":[{"floor":5.0,"key":"SpeedPotion"},{"floor":8.0,"key":"Fire Potion"},{"floor":11.0,"key":"BottledMiracle"},{"floor":20.0,"key":"DuplicationPotion"},{"floor":21.0,"key":"BottledMiracle"},{"floor":27.0,"key":"Energy Potion"},{"floor":31.0,"key":"Weak Potion"},{"floor":35.0,"key":"Regen Potion"}],"is_trial":false,"path_per_floor":["M","M","?","M","M","?","R","M","T","R","M","R","$","M","R","B",null,"M","?","M","M","$","R","T","M","T","E","M","?","R","M","R","B",null,"M","T","M","$","?","E","M","E"],"character_chosen":"WATCHER","items_purchased":["Swivel","InnerPeace","EmptyMind"],"campfire_rested":2,"item_purchase_floors":[13,22,38],"current_hp_per_floor":[57,57,62,62,39,28,28,25,25,25,24,24,24,24,24,12,58,57,57,51,28,28,49,49,41,41,11,1,1,22,61,61,43,66,66,66,66,66,71,19,11,11,11],"gold":88,"neow_bonus":"ONE_RANDOM_RARE_CARD","is_prod":false,"is_daily":false,"chose_seed":false,"campfire_upgraded":5,"win_rate":0,"timestamp":1607509361,"path_taken":["M","M","?","M","M","?","R","M","T","R","M","R","$","M","R","BOSS","M","?","M","?","?","R","?","M","T","E","?","?","R","?","R","BOSS","M","?","M","?","?","E","?","E"],"build_version":"2020-11-30","purchased_purges":3,"victory":false,"max_hp_per_floor":[68,68,73,73,73,73,73,73,73,73,73,73,73,73,73,73,73,73,73,73,73,73,73,73,73,73,73,73,73,73,73,73,73,73,73,73,73,73,73,73,73,73,73],"card_choices":[{"not_picked":["Prostrate","Nirvana"],"picked":"CrushJoints","floor":1.0},{"not_picked":["ClearTheMind","Protect"],"picked":"FearNoEvil","floor":2.0},{"not_picked":["Nirvana","Consecrate"],"picked":"EmptyFist","floor":4.0},{"not_picked":["SashWhip","Consecrate","Collect"],"picked":"SKIP","floor":5.0},{"not_picked":["WreathOfFlame","FollowUp"],"picked":"Pray","floor":8.0},{"not_picked":["Omniscience","Wireheading","WindmillStrike"],"picked":"SKIP","floor":11.0},{"not_picked":["Consecrate","PathToVictory"],"picked":"BowlingBash","floor":14.0},{"not_picked":["Wish","Scrawl"],"picked":"ConjureBlade","floor":16.0},{"not_picked":["Consecrate+1","Protect","CutThroughFate"],"picked":"SKIP","floor":18.0},{"not_picked":["CrushJoints","SashWhip"],"picked":"ClearTheMind+1","floor":20.0},{"not_picked":["ClearTheMind","FearNoEvil"],"picked":"Indignation","floor":21.0},{"not_picked":["FollowUp+1","FearNoEvil","CutThroughFate"],"picked":"SKIP","floor":25.0},{"not_picked":["MasterReality","ThirdEye"],"picked":"DeceiveReality+1","floor":27.0},{"not_picked":["Swivel","PathToVictory"],"picked":"InnerPeace","floor":28.0},{"not_picked":["Nirvana","EmptyFist"],"picked":"Halt+1","floor":31.0},{"not_picked":["CrushJoints","Evaluate","SashWhip+1"],"picked":"SKIP","floor":35.0},{"not_picked":["Protect","Establishment","JustLucky"],"picked":"SKIP","floor":37.0},{"not_picked":["InnerPeace","Evaluate","EmptyFist"],"picked":"SKIP","floor":40.0}],"player_experience":852136,"relics_obtained":[{"floor":9.0,"key":"Tiny Chest"},{"floor":24.0,"key":"Anchor"},{"floor":26.0,"key":"Mercury Hourglass"},{"floor":27.0,"key":"Ancient Tea Set"},{"floor":36.0,"key":"InkBottle"},{"floor":40.0,"key":"Frozen Egg 2"},{"floor":41,"key":"StrikeDummy"}],"event_choices":[{"damage_healed":0.0,"max_hp_gain":5.0,"max_hp_loss":0.0,"gold_gain":0.0,"event_name":"Big Fish","player_choice":"Donut","floor":3.0,"gold_loss":0.0,"damage_taken":0.0},{"damage_healed":0.0,"max_hp_gain":0.0,"max_hp_loss":0.0,"gold_gain":0.0,"event_name":"Scrap Ooze","player_choice":"Success","floor":6.0,"gold_loss":0.0,"damage_taken":11.0,"relics_obtained":["Happy Flower"]},{"damage_healed":0.0,"max_hp_gain":0.0,"max_hp_loss":0.0,"gold_gain":0.0,"cards_transformed":["Strike_P"],"event_name":"Transmorgrifier","player_choice":"Transformed","floor":19.0,"gold_loss":0.0,"damage_taken":0.0,"cards_obtained":["Evaluate"]},{"damage_healed":0.0,"max_hp_gain":0.0,"max_hp_loss":0.0,"gold_gain":0.0,"event_name":"FaceTrader","player_choice":"Leave","floor":29.0,"gold_loss":0.0,"damage_taken":0.0},{"cards_removed":["BowlingBash"],"damage_healed":5.0,"max_hp_gain":0.0,"max_hp_loss":0.0,"gold_gain":0.0,"event_name":"Bonfire Elementals","player_choice":"Offered Common","floor":39.0,"gold_loss":0.0,"damage_taken":0.0},{"cards_removed":["BowlingBash"],"damage_healed":5.0,"max_hp_gain":0.0,"max_hp_loss":0.0,"gold_gain":0.0,"event_name":"Bonfire Elementals","player_choice":"Offered Special","floor":39.0,"gold_loss":0.0,"damage_taken":0.0}],"is_beta":false,"boss_relics":[{"not_picked":["Runic Dome","SlaversCollar"],"picked":"HolyWater"},{"not_picked":["Sozu","Black Star"],"picked":"VioletLotus"}],"items_purged_floors":[13,22,38],"is_endless":false,"potions_floor_spawned":[5,8,11,20,21,27,31,35],"killed_by":"Giant Head","ascension_level":15}}