{"host":"p084pgp93u1tv48k","time":1607555878,"event":{"gold_per_floor":[112,129,148,161,131,131,149,149,196,46,65,80,93,125,125,222,272,287,301,301,317,317,317,317],"floor_reached":23,"playtime":1272,"items_purged":["hermit:Defend_Hermit"],"score":197,"play_id":"3c3b01de-cbe0-4106-a13e-1f57bcb3a962","local_time":"20201209184758","is_ascension_mode":false,"campfire_choices":[{"data":"hermit:Dive","floor":6,"key":"SMITH"},{"data":"hermit:Dive","floor":8,"key":"SMITH"},{"data":"hermit:TakeAim","floor":15,"key":"SMITH"}],"neow_cost":"NONE","seed_source_timestamp":95907428951300,"circlet_count":0,"master_deck":["hermit:Strike_Hermit","hermit:Strike_Hermit","hermit:Strike_Hermit","hermit:Strike_Hermit","hermit:Defend_Hermit","hermit:Defend_Hermit","hermit:Defend_Hermit","hermit:Snapshot+1","hermit:Covet","hermit:Dive+1","hermit:TrackingShot","hermit:Dive+1","hermit:TakeAim+1","hermit:Headshot","hermit:Deadeye"],"relics":["hermit:Momento","NeowsBlessing","Mastiff:ReiMu","Bottled Flame","Tiny House","MutagenicStrength","Peace Pipe"],"potions_floor_usage":[11,14,16,16,18,23,23],"damage_taken":[{"damage":0,"enemies":"Small Slimes","floor":1,"turns":1},{"damage":0,"enemies":"Jaw Worm","floor":2,"turns":1},{"damage":0,"enemies":"Cultist","floor":3,"turns":1},{"damage":2,"enemies":"2 Fungi Beasts","floor":4,"turns":4},{"damage":0,"enemies":"Looter","floor":5,"turns":4},{"damage":9,"enemies":"Gremlin Gang","floor":7,"turns":7},{"damage":13,"enemies":"Exordium Thugs","floor":11,"turns":7},{"damage":0,"enemies":"Red Slaver","floor":12,"turns":6},{"damage":0,"enemies":"Looter","floor":13,"turns":3},{"damage":26,"enemies":"Gremlin Nob","floor":14,"turns":5},{"damage":10,"enemies":"Hexaghost","floor":16,"turns":16},{"damage":9,"enemies":"Chosen","floor":18,"turns":6},{"damage":12,"enemies":"Shell Parasite","floor":19,"turns":7},{"damage":25,"enemies":"Snecko","floor":21,"turns":6},{"damage":39,"enemies":"Gremlin Leader","floor":23,"turns":7}],"seed_played":"415656799919457382","potions_obtained":[{"floor":2,"key":"PowerPotion"},{"floor":4,"key":"SkillPotion"},{"floor":11,"key":"SpeedPotion"},{"floor":12,"key":"SpeedPotion"},{"floor":14,"key":"hermit:Tonic"},{"floor":17,"key":"ColorlessPotion"},{"floor":21,"key":"PowerPotion"}],"is_trial":false,"path_per_floor":["M","M","M","M","M","R","M","R","T","$","M","M","M","E","R","B",null,"M","M","?","M","T","E"],"character_chosen":"HERMIT","items_purchased":["hermit:TakeAim"],"campfire_rested":0,"item_purchase_floors":[10],"current_hp_per_floor":[75,75,75,73,73,73,64,64,64,64,51,51,51,25,25,15,80,71,59,59,34,34,0,0],"gold":317,"neow_bonus":"THREE_ENEMY_KILL","is_prod":false,"is_daily":false,"chose_seed":false,"campfire_upgraded":3,"win_rate":0.0,"timestamp":1607555878,"path_taken":["M","M","M","M","M","R","M","R","T","$","M","M","M","E","R","BOSS","M","M","?","M","?","E"],"build_version":"2020-11-30","purchased_purges":1,"victory":false,"max_hp_per_floor":[75,75,75,75,75,75,75,75,75,75,75,75,75,75,75,75,80,80,80,80,80,80,80,80],"card_choices":[{"not_picked":["hermit:Midnight","hermit:Manifest"],"picked":"hermit:Dive","floor":1},{"not_picked":["hermit:HoleUp","hermit:SprayPray"],"picked":"hermit:TrackingShot","floor":2},{"not_picked":["hermit:BodyArmor","hermit:Showdown","hermit:Determination"],"picked":"SKIP","floor":3},{"not_picked":["hermit:ItchyTrigger","hermit:NoHoldsBarred","hermit:Feint"],"picked":"SKIP","floor":4},{"not_picked":["hermit:Scavenge","hermit:Desperado"],"picked":"hermit:Dive","floor":5},{"not_picked":["hermit:FlashPowder","hermit:Roulette","hermit:WideOpen"],"picked":"SKIP","floor":7},{"not_picked":["hermit:Scavenge","hermit:SprayPray","hermit:HeroicBravado"],"picked":"SKIP","floor":11},{"not_picked":["hermit:Quickdraw","hermit:LoneWolf"],"picked":"hermit:Headshot","floor":12},{"not_picked":["hermit:Snipe","hermit:Maintenance","hermit:Virtue"],"picked":"SKIP","floor":13},{"not_picked":["hermit:LuckOfTheDraw","hermit:Feint","hermit:Horror"],"picked":"SKIP","floor":14},{"not_picked":["hermit:Snipe","hermit:Spite"],"picked":"hermit:Deadeye","floor":17},{"not_picked":["hermit:SprayPray","hermit:Quickdraw","hermit:BodyArmor"],"picked":"SKIP","floor":18},{"not_picked":["hermit:HoleUp","hermit:CursedWeapon","hermit:Quickdraw+1"],"picked":"SKIP","floor":19},{"not_picked":["hermit:BodyArmor","hermit:TrackingShot+1","hermit:LoneWolf"],"picked":"SKIP","floor":21}],"player_experience":82116,"relics_obtained":[{"floor":9,"key":"Mastiff:ReiMu"},{"floor":14,"key":"Bottled Flame"},{"floor":22,"key":"Peace Pipe"}],"event_choices":[{"damage_healed":0,"gold_gain":0,"player_choice":"Inject Mutagens","damage_taken":0,"relics_obtained":["MutagenicStrength"],"max_hp_gain":0,"max_hp_loss":0,"event_name":"Drug Dealer","floor":20,"gold_loss":0}],"is_beta":false,"boss_relics":[{"not_picked":["hermit:ClaspedLocket","Busted Crown"],"picked":"Tiny House"}],"items_purged_floors":[10],"is_endless":false,"potions_floor_spawned":[2,4,11,12,14,21],"killed_by":"Gremlin Leader","ascension_level":0}}