{"host":"1m3dfme8k5w8sg4k","time":1607540955,"event":{"gold_per_floor":[111,121,133,152,172,172,207,207,207,240,270,270,304,315,315,315,315],"floor_reached":16,"playtime":620,"items_purged":[],"score":122,"play_id":"38f84616-19a2-4e51-a610-bf77d8e4f493","local_time":"20201209140915","is_ascension_mode":false,"campfire_choices":[{"data":"Predator","floor":6,"key":"SMITH"},{"data":"Neutralize","floor":8,"key":"SMITH"},{"data":"Catalyst","floor":15,"key":"SMITH"}],"neow_cost":"NONE","seed_source_timestamp":0,"circlet_count":0,"master_deck":["Strike_G","Strike_G","Strike_G","Strike_G","Strike_G","Defend_G","Defend_G","Defend_G","Defend_G","Defend_G","Survivor","Neutralize+1","Predator+1","Quick Slash","Dagger Spray","Deadly Poison","Catalyst+1","Crippling Poison","Backflip"],"special_seed":0,"relics":["Ring of the Snake","Ancient Tea Set","Snake Skull","Paper Crane","Kunai"],"potions_floor_usage":[10],"damage_taken":[{"damage":2,"enemies":"Small Slimes","floor":1,"turns":5},{"damage":2,"enemies":"Jaw Worm","floor":2,"turns":4},{"damage":0,"enemies":"2 Louse","floor":3,"turns":2},{"damage":4,"enemies":"Red Slaver","floor":4,"turns":4},{"damage":9,"enemies":"Gremlin Gang","floor":5,"turns":3},{"damage":9,"enemies":"3 Sentries","floor":7,"turns":6},{"damage":16,"enemies":"Lagavulin","floor":10,"turns":6},{"damage":10,"enemies":"Gremlin Nob","floor":13,"turns":3},{"damage":7,"enemies":"Blue Slaver","floor":14,"turns":3},{"damage":16,"enemies":"Hexaghost","floor":16,"turns":7}],"seed_played":"237230645279535929","potions_obtained":[{"floor":4,"key":"Weak Potion"},{"floor":10,"key":"Ancient Potion"},{"floor":14,"key":"SteroidPotion"}],"is_trial":false,"path_per_floor":["M","M","M","M","M","R","E","R","T","E","?","?","E","M","R","B"],"character_chosen":"THE_SILENT","items_purchased":[],"campfire_rested":0,"item_purchase_floors":[],"current_hp_per_floor":[68,66,66,62,53,53,44,44,44,28,28,33,23,16,16,0,0],"gold":315,"neow_bonus":"RANDOM_COMMON_RELIC","is_prod":false,"is_daily":false,"chose_seed":false,"campfire_upgraded":3,"win_rate":0,"timestamp":1607540955,"path_taken":["M","M","M","M","M","R","E","R","T","E","?","?","E","M","R","BOSS"],"build_version":"2020-11-30","purchased_purges":0,"victory":false,"max_hp_per_floor":[70,70,70,70,70,70,70,70,70,70,70,75,75,75,75,75,75],"relic_stats":{"counters":[10,43],"Snake Skull":[13],"Kunai":[3],"obtain_stats":[{"Snake Skull":7,"Kunai":13,"Paper Crane":10,"Ancient Tea Set":0,"Ring of the Snake":0},{"Snake Skull":6,"Kunai":8,"Paper Crane":7,"Ancient Tea Set":0,"Ring of the Snake":0},{"Snake Skull":24,"Kunai":33,"Paper Crane":30,"Ancient Tea Set":0,"Ring of the Snake":0}],"Ring of the Snake":[20]},"card_choices":[{"not_picked":["Backflip","Quick Slash"],"picked":"Predator","floor":1},{"not_picked":["Underhanded Strike","Backflip"],"picked":"Quick Slash","floor":2},{"not_picked":["Terror","Skewer"],"picked":"Dagger Spray","floor":3},{"not_picked":["Underhanded Strike","Concentrate"],"picked":"Deadly Poison","floor":4},{"not_picked":["Acrobatics","Bane"],"picked":"Catalyst","floor":5},{"not_picked":["Eviscerate","Dagger Spray","Underhanded Strike"],"picked":"SKIP","floor":7},{"not_picked":["Die Die Die","Dodge and Roll"],"picked":"Crippling Poison","floor":10},{"not_picked":["Quick Slash","Distraction","Phantasmal Killer"],"picked":"SKIP","floor":13},{"not_picked":["Prepared","Infinite Blades"],"picked":"Backflip","floor":14}],"player_experience":1589342,"relics_obtained":[{"floor":7,"key":"Snake Skull"},{"floor":10,"key":"Paper Crane"},{"floor":13,"key":"Kunai"}],"event_choices":[{"damage_healed":0,"gold_gain":30,"player_choice":"Searched \u00271\u0027 times","damage_taken":0,"max_hp_gain":0,"max_hp_loss":0,"event_name":"Dead Adventurer","floor":11,"gold_loss":0},{"damage_healed":0,"gold_gain":0,"player_choice":"Donut","damage_taken":0,"max_hp_gain":5,"max_hp_loss":0,"event_name":"Big Fish","floor":12,"gold_loss":0}],"is_beta":false,"boss_relics":[],"items_purged_floors":[],"is_endless":false,"potions_floor_spawned":[4,10,14],"killed_by":"Hexaghost","ascension_level":0}}