{"host":"xeomgo6joa8vwt8r","time":1607491960,"event":{"gold_per_floor":[119,139,139,158,177,206,206,206,230,230,230],"floor_reached":10,"playtime":478,"items_purged":[],"score":78,"play_id":"58c75761-f067-4668-873c-0a440ce313aa","local_time":"20201209003240","is_ascension_mode":true,"campfire_choices":[{"floor":8.0,"key":"REST"}],"neow_cost":"NONE","seed_source_timestamp":1158212507435200,"circlet_count":0,"master_deck":["Strike_R","Strike_R","Strike_R","Strike_R","Strike_R","Defend_R","Defend_R","Defend_R","Defend_R","Bash","hubris:ReadiedAction+1","hubris:ReadiedAction+1","Intimidate","Thunderclap"],"special_seed":0,"relics":["Burning Blood","NeowsBlessing","aspiration:BabyByrd","Bag of Marbles","DemoMod:LamentConfigurum","War Paint"],"potions_floor_usage":[10],"damage_taken":[{"damage":0.0,"enemies":"Jaw Worm","floor":1.0,"turns":1.0},{"damage":0.0,"enemies":"Small Slimes","floor":2.0,"turns":1.0},{"damage":0.0,"enemies":"Cultist","floor":4.0,"turns":1.0},{"damage":23.0,"enemies":"Exordium Thugs","floor":5.0,"turns":5.0},{"damage":60.0,"enemies":"3 Sentries","floor":6.0,"turns":11.0},{"damage":23,"enemies":"Lagavulin","floor":10,"turns":6}],"seed_played":"-964593557349204957","potions_obtained":[{"floor":6.0,"key":"Swift Potion"}],"is_trial":false,"path_per_floor":["M","M","?","M","M","E","?","R","T","E"],"character_chosen":"IRONCLAD","items_purchased":[],"campfire_rested":1,"item_purchase_floors":[],"current_hp_per_floor":[80,80,80,80,63,9,2,26,26,3,3],"gold":230,"neow_bonus":"THREE_ENEMY_KILL","is_prod":false,"is_daily":false,"chose_seed":false,"campfire_upgraded":0,"win_rate":0,"timestamp":1607491960,"path_taken":["M","M","?","M","M","E","?","R","T","E"],"build_version":"2020-11-30","purchased_purges":0,"victory":false,"max_hp_per_floor":[80,80,80,80,80,80,80,80,80,80,80],"card_choices":[{"not_picked":["Pommel Strike","Shrug It Off"],"picked":"hubris:ReadiedAction","floor":1.0},{"not_picked":["Berserk","Bloodletting"],"picked":"hubris:ReadiedAction","floor":2.0},{"not_picked":["Searing Blow","Rupture","Dropkick"],"picked":"SKIP","floor":4.0},{"not_picked":["Flex","True Grit"],"picked":"Intimidate","floor":5.0},{"not_picked":["True Grit","Double Tap"],"picked":"Thunderclap","floor":6.0}],"player_experience":97605,"relics_obtained":[{"floor":6.0,"key":"Bag of Marbles"},{"floor":9.0,"key":"War Paint"}],"event_choices":[{"damage_healed":0.0,"max_hp_gain":0.0,"max_hp_loss":0.0,"gold_gain":0.0,"event_name":"Scrap Ooze","player_choice":"Success","floor":7.0,"gold_loss":0.0,"damage_taken":7.0,"relics_obtained":["DemoMod:LamentConfigurum"]}],"is_beta":false,"boss_relics":[],"items_purged_floors":[],"is_endless":false,"potions_floor_spawned":[6],"killed_by":"Lagavulin","ascension_level":3}}