{"host":"1hv1kueuvc4r3rdp","time":1607546224,"event":{"gold_per_floor":[111,125,138,138,138,138,157,186,261,261,274,274,301,251,251,355,355,367,386,395,148,148,148],"floor_reached":22,"playtime":1034,"items_purged":["Decay"],"score":350,"play_id":"07995611-6609-4c14-8778-44626f9e3c4b","local_time":"20201209143704","is_ascension_mode":true,"campfire_choices":[{"floor":6,"key":"REST"},{"data":"CarveReality","floor":10,"key":"SMITH"},{"data":"Eruption","floor":12,"key":"SMITH"},{"data":"Vigilance","floor":15,"key":"SMITH"}],"neow_cost":"NONE","seed_source_timestamp":54280864350900,"circlet_count":0,"master_deck":["AscendersBane","Strike_P","Strike_P","Strike_P","Defend_P+1","Defend_P","Eruption+1","Vigilance+1","SashWhip+1","CarveReality+1","InnerPeace","MasterReality","Halt","DeceiveReality"],"relics":["PureWater","Toy Ornithopter","GoldenEye","Anchor","The Courier","CeramicFish","Empty Cage","Pen Nib"],"potions_floor_usage":[8],"damage_taken":[{"damage":0,"enemies":"Small Slimes","floor":1,"turns":3},{"damage":7,"enemies":"Jaw Worm","floor":2,"turns":4},{"damage":0,"enemies":"Cultist","floor":3,"turns":2},{"damage":4,"enemies":"Large Slime","floor":7,"turns":4},{"damage":0,"enemies":"Lagavulin","floor":8,"turns":3},{"damage":0,"enemies":"Blue Slaver","floor":11,"turns":3},{"damage":19,"enemies":"Gremlin Nob","floor":13,"turns":3},{"damage":35,"enemies":"The Guardian","floor":16,"turns":14},{"damage":35,"enemies":"3 Byrds","floor":18,"turns":7},{"damage":13,"enemies":"Spheric Guardian","floor":19,"turns":4},{"damage":26,"enemies":"Cultist and Chosen","floor":22,"turns":7}],"seed_played":"5219458528384660100","potions_obtained":[{"floor":2,"key":"FairyPotion"},{"floor":3,"key":"Swift Potion"},{"floor":8,"key":"SpeedPotion"}],"is_trial":false,"path_per_floor":["M","M","M","?","?","R","M","E","T","R","M","R","E","?","R","B",null,"M","M","?","$","M"],"character_chosen":"WATCHER","items_purchased":["Halt","DeceiveReality","Pen Nib"],"campfire_rested":1,"item_purchase_floors":[21,21,21],"current_hp_per_floor":[65,58,58,44,37,58,54,59,59,59,59,59,40,40,40,5,55,20,7,7,7,3,3],"gold":148,"neow_bonus":"RANDOM_COMMON_RELIC","is_prod":false,"is_daily":false,"chose_seed":false,"campfire_upgraded":3,"win_rate":0,"timestamp":1607546224,"path_taken":["M","M","M","?","?","R","M","E","T","R","M","R","E","?","R","BOSS","M","M","?","$","M"],"build_version":"2020-11-30","purchased_purges":1,"victory":false,"max_hp_per_floor":[72,72,72,72,72,72,72,72,72,72,72,72,72,72,72,72,72,72,72,72,72,72,72],"card_choices":[{"not_picked":["Halt","Evaluate"],"picked":"SashWhip","floor":1},{"not_picked":["WindmillStrike","InnerPeace"],"picked":"CarveReality","floor":2},{"not_picked":["JustLucky","Evaluate","Adaptation"],"picked":"SKIP","floor":3},{"not_picked":["ReachHeaven","Protect","Crescendo"],"picked":"SKIP","floor":7},{"not_picked":["SashWhip","Judgement"],"picked":"InnerPeace","floor":8},{"not_picked":["SashWhip","Indignation","EmptyBody"],"picked":"SKIP","floor":11},{"not_picked":["ReachHeaven","Sanctity","FlurryOfBlows"],"picked":"SKIP","floor":13},{"not_picked":["Devotion","LessonLearned"],"picked":"MasterReality","floor":16},{"not_picked":["PathToVictory","JustLucky","Vengeance"],"picked":"SKIP","floor":18},{"not_picked":["FlyingSleeves","Crescendo","Wireheading"],"picked":"SKIP","floor":19}],"player_experience":944225,"relics_obtained":[{"floor":8,"key":"Anchor"},{"floor":9,"key":"The Courier"},{"floor":13,"key":"CeramicFish"}],"event_choices":[{"damage_healed":0,"gold_gain":0,"player_choice":"Entered Light","damage_taken":14,"max_hp_gain":0,"max_hp_loss":0,"event_name":"Shining Light","floor":4,"gold_loss":0,"cards_upgraded":["SashWhip","Defend_P"]},{"damage_healed":0,"gold_gain":0,"player_choice":"Success","damage_taken":7,"relics_obtained":["GoldenEye"],"max_hp_gain":0,"max_hp_loss":0,"event_name":"Scrap Ooze","floor":5,"gold_loss":0},{"cards_removed":["Defend_P"],"damage_healed":0,"gold_gain":0,"player_choice":"Card Removal","damage_taken":0,"max_hp_gain":0,"max_hp_loss":0,"event_name":"The Cleric","floor":14,"gold_loss":50},{"damage_healed":0,"gold_gain":0,"player_choice":"Smashed Altar","damage_taken":0,"max_hp_gain":0,"max_hp_loss":0,"event_name":"Forgotten Altar","floor":20,"gold_loss":0,"cards_obtained":["Decay"]}],"is_beta":false,"boss_relics":[{"not_picked":["SacredBark","Snecko Eye"],"picked":"Empty Cage"}],"items_purged_floors":[21],"is_endless":false,"potions_floor_spawned":[2,3,8],"killed_by":"Cultist and Chosen","ascension_level":12}}