{"host":"igj4vwc42ivwqexo","time":1607505503,"event":{"gold_per_floor":[117,117,136,136,146,146,481,481,481,481,508,508,522,533,533,630,630,648,195,195,215,232,263,263,263,263,295,311,311,311,311,311,409,409,426,473,473,483,583,615,615,634,706,736,752,104,121,121,121,121,121],"floor_reached":50,"playtime":5894,"items_purged":["Strike_G","Defend_G"],"score":874,"play_id":"26ec8b5e-b547-41b1-bc73-bae5d63db8b4","local_time":"20201209101823","is_ascension_mode":true,"campfire_choices":[{"data":"infinitespire:Oblivion","floor":6.0,"key":"SMITH"},{"data":"Footwork","floor":8.0,"key":"SMITH"},{"data":"Neutralize","floor":10.0,"key":"SMITH"},{"data":"Well Laid Plans","floor":12.0,"key":"SMITH"},{"data":"Backflip","floor":15.0,"key":"SMITH"},{"data":"Venomology","floor":24.0,"key":"SMITH"},{"data":"infinitespire:Neurotoxin","floor":30.0,"key":"SMITH"},{"data":"Footwork","floor":32.0,"key":"SMITH"},{"data":"Venomology","floor":41.0,"key":"SMITH"},{"data":"Footwork","floor":49,"key":"SMITH"}],"neow_cost":"NONE","seed_source_timestamp":0,"circlet_count":0,"master_deck":["Defend_G","Defend_G","Defend_G","Survivor","Neutralize+1","Well Laid Plans+1","Dagger Throw","infinitespire:Oblivion+1","Reflex","Footwork+1","Dash+1","Backflip+1","Underhanded Strike+1","Venomology+1","Footwork+1","Footwork+1","Flying Knee+1","Footwork+1","All Out Attack+1","Blur+1","infinitespire:Neurotoxin+1","Heel Hook+1","Bite+1","Bite+1","Bite+1","Bite+1","Bite+1","Venomology+1","Poisoned Stab+1","Backstab+1","infinitespire:SevenWalls+1","Flying Knee+1","Dagger Throw+1","Blade Dance+1","Poisoned Stab+1","Escape Plan+1","Secret Weapon+1","Expertise+1"],"special_seed":0,"relics":["Ring of the Snake","infinitespire:Cupcake","infinitespire:CursedDice","Dream Catcher","MealTicket","Ancient Tea Set","Toxic Egg 2","Ginger","Vajra","Tiny Chest","infinitespire:ShieldingShard","infinitespire:Eraser","Nilry\u0027s Codex","Mummified Hand","Toy Ornithopter","White Beast Statue","Philosopher\u0027s Stone","Old Coin","Kunai","infinitespire:Satchel","ClockworkSouvenir","Molten Egg 2"],"potions_floor_usage":[45,45,47,50,50,50,50],"damage_taken":[{"damage":14.0,"enemies":"Jaw Worm","floor":1.0,"turns":6.0},{"damage":0.0,"enemies":"Cultist","floor":3.0,"turns":5.0},{"damage":0.0,"enemies":"2 Louse","floor":5.0,"turns":3.0},{"damage":12.0,"enemies":"Gremlin Nob","floor":7.0,"turns":4.0},{"damage":0.0,"enemies":"Lagavulin","floor":11.0,"turns":5.0},{"damage":7.0,"enemies":"Red Slaver","floor":13.0,"turns":4.0},{"damage":0.0,"enemies":"2 Fungi Beasts","floor":14.0,"turns":2.0},{"damage":0.0,"enemies":"The Guardian","floor":16.0,"turns":8.0},{"damage":1.0,"enemies":"Spheric Guardian","floor":18.0,"turns":3.0},{"damage":0.0,"enemies":"Chosen","floor":21.0,"turns":5.0},{"damage":0.0,"enemies":"Snake Plant","floor":22.0,"turns":4.0},{"damage":7.0,"enemies":"Slavers","floor":23.0,"turns":6.0},{"damage":13.0,"enemies":"Gremlin Leader","floor":27.0,"turns":6.0},{"damage":0.0,"enemies":"3 Cultists","floor":28.0,"turns":5.0},{"damage":3.0,"enemies":"Automaton","floor":33.0,"turns":9.0},{"damage":0.0,"enemies":"Orb Walker","floor":35.0,"turns":3.0},{"damage":0.0,"enemies":"3 Shapes","floor":38.0,"turns":2.0},{"damage":2.0,"enemies":"infinitespire:Three Voidlings","floor":39.0,"turns":5.0},{"damage":35.0,"enemies":"Nightmare_Alpha","floor":39.0,"turns":12.0},{"damage":0.0,"enemies":"Reptomancer","floor":40.0,"turns":4.0},{"damage":3.0,"enemies":"3 Darklings","floor":42.0,"turns":3.0},{"damage":0.0,"enemies":"Nemesis","floor":44.0,"turns":7.0},{"damage":0,"enemies":"Maw","floor":45,"turns":5},{"damage":0,"enemies":"Writhing Mass","floor":47,"turns":4},{"damage":8,"enemies":"infinitespire:MassOfShapes","floor":50,"turns":4}],"seed_played":"1161104624877301086","potions_obtained":[{"floor":1.0,"key":"Strength Potion"},{"floor":3.0,"key":"GhostInAJar"},{"floor":7.0,"key":"Explosive Potion"},{"floor":16.0,"key":"Fire Potion"},{"floor":22.0,"key":"Fire Potion"},{"floor":33.0,"key":"SteroidPotion"},{"floor":39.0,"key":"Explosive Potion"},{"floor":40.0,"key":"BlessingOfTheForge"},{"floor":44,"key":"Strength Potion"},{"floor":45,"key":"Poison Potion"},{"floor":47,"key":"Explosive Potion"}],"is_trial":false,"path_per_floor":["M","?","M","?","M","R","E","R","T","R","E","R","M","M","R","B",null,"M","$","?","M","M","E","R","AVR","T","E","M","?","R","T","R","B",null,"M","T","?","M","?","E","R","M","T","E","M","$","M","T","R","B"],"character_chosen":"THE_SILENT","items_purchased":["Footwork","Tiny Chest","Flying Knee+1","ClockworkSouvenir","Escape Plan+1","Secret Weapon+1","infinitespire:CursedDice"],"campfire_rested":0,"item_purchase_floors":[19,19,19,19,46,46,46],"current_hp_per_floor":[56,49,49,32,32,32,20,20,20,20,20,20,13,13,13,13,70,69,70,54,54,54,47,47,47,47,34,34,34,34,34,34,49,49,49,49,49,49,24,49,49,49,49,49,49,49,49,49,49,49,49],"gold":121,"neow_bonus":"RANDOM_COMMON_RELIC","is_prod":false,"is_daily":false,"chose_seed":false,"campfire_upgraded":10,"win_rate":0,"timestamp":1607505503,"path_taken":["M","?","M","?","M","R","E","R","T","R","E","R","M","M","R","BOSS","M","$","?","M","M","E","R","AVR","T","E","M","?","R","?","R","BOSS","M","?","?","?","?","E","R","M","T","E","M","$","M","?","R","BOSS"],"build_version":"2020-11-30","purchased_purges":2,"victory":false,"max_hp_per_floor":[70,70,70,70,70,70,70,70,70,70,70,70,70,70,70,70,70,70,70,70,70,70,70,70,70,70,70,70,49,49,49,49,49,49,49,49,49,49,49,49,49,49,49,49,49,49,49,49,49,49,49],"card_choices":[{"not_picked":["Poisoned Stab","Quick Slash"],"picked":"Well Laid Plans","floor":1.0},{"not_picked":["Deadly Poison","Dagger Spray"],"picked":"Dagger Throw","floor":3.0},{"not_picked":["infinitespire:FutureSight","infinitespire:Menacing"],"picked":"infinitespire:Oblivion","floor":4.0},{"not_picked":["Acrobatics","Masterful Stab"],"picked":"Reflex","floor":5.0},{"not_picked":["Choke","Riddle With Holes"],"picked":"Footwork","floor":7.0},{"not_picked":["Grand Finale+1","Bane+1"],"picked":"Dash+1","floor":11.0},{"not_picked":["Acrobatics","Eviscerate+1"],"picked":"Backflip","floor":13.0},{"not_picked":["Eviscerate+1","Finisher+1"],"picked":"Underhanded Strike+1","floor":14.0},{"not_picked":["Storm of Steel","Corpse Explosion"],"picked":"Venomology","floor":16.0},{"not_picked":["Sucker Punch+1","Endless Agony+1"],"picked":"Footwork+1","floor":18.0},{"not_picked":["Bane+1","Prepared"],"picked":"Footwork","floor":21.0},{"not_picked":["Deadly Poison","Blade Dance"],"picked":"All Out Attack+1","floor":22.0},{"not_picked":["Bane+1","Slice+1"],"picked":"Blur+1","floor":23.0},{"not_picked":["Choke+1","Cloak And Dagger"],"picked":"infinitespire:Neurotoxin","floor":27.0},{"not_picked":["Predator+1","Catalyst"],"picked":"Heel Hook+1","floor":28.0},{"not_picked":["Storm of Steel","Night Terror"],"picked":"Venomology","floor":33.0},{"not_picked":["Choke+1","Slice+1"],"picked":"Poisoned Stab+1","floor":35.0},{"not_picked":["Slice+1","Dagger Spray+1"],"picked":"Backstab+1","floor":38.0},{"not_picked":["infinitespire:Oblivion","infinitespire:Gouge"],"picked":"infinitespire:SevenWalls","floor":39.0},{"not_picked":["Deflect+1","Well Laid Plans+1"],"picked":"Flying Knee+1","floor":39.0},{"not_picked":["Prepared+1","Phantasmal Killer"],"picked":"Dagger Throw+1","floor":40.0},{"not_picked":["PiercingWail","Bane+1","Prepared+1"],"picked":"SKIP","floor":42.0},{"not_picked":["Slice+1","Bane+1"],"picked":"Blade Dance+1","floor":44},{"not_picked":["Setup+1","Flying Knee+1"],"picked":"Poisoned Stab+1","floor":45},{"not_picked":["Poisoned Stab+1","Cloak And Dagger+1"],"picked":"Expertise+1","floor":47}],"player_experience":154964,"relics_obtained":[{"floor":7.0,"key":"Old Coin"},{"floor":9.0,"key":"Kunai"},{"floor":11.0,"key":"Molten Egg 2"},{"floor":20.0,"key":"Nilry\u0027s Codex"},{"floor":23.0,"key":"Ancient Tea Set"},{"floor":26.0,"key":"infinitespire:ShieldingShard"},{"floor":27.0,"key":"Vajra"},{"floor":31.0,"key":"Mummified Hand"},{"floor":36.0,"key":"Toy Ornithopter"},{"floor":39.0,"key":"Ginger"},{"floor":40.0,"key":"White Beast Statue"},{"floor":43.0,"key":"Toxic Egg 2"},{"floor":44,"key":"Dream Catcher"},{"floor":48,"key":"infinitespire:Eraser"}],"event_choices":[{"cards_removed":["Defend_G"],"damage_healed":0.0,"max_hp_gain":0.0,"max_hp_loss":0.0,"gold_gain":0.0,"event_name":"Golden Wing","player_choice":"Card Removal","floor":2.0,"gold_loss":0.0,"damage_taken":7.0},{"damage_healed":0.0,"max_hp_gain":0.0,"max_hp_loss":0.0,"gold_gain":0.0,"event_name":"Cursed Tome","player_choice":"Obtained Book","floor":20.0,"gold_loss":0.0,"damage_taken":16.0},{"damage_healed":0.0,"max_hp_gain":0.0,"max_hp_loss":21.0,"gold_gain":0.0,"event_name":"Vampires","player_choice":"Became a vampire","floor":29.0,"gold_loss":0.0,"damage_taken":0.0,"cards_obtained":["Bite","Bite","Bite","Bite","Bite"]},{"damage_healed":0.0,"max_hp_gain":0.0,"max_hp_loss":0.0,"gold_gain":0.0,"event_name":"The Woman in Blue","player_choice":"Bought 0 Potions","floor":37.0,"gold_loss":0.0,"damage_taken":0.0}],"is_beta":false,"boss_relics":[{"not_picked":["SacredBark","Busted Crown"],"picked":"infinitespire:Cupcake"},{"not_picked":["WristBlade","Snecko Eye"],"picked":"Philosopher\u0027s Stone"}],"items_purged_floors":[19,46],"is_endless":true,"potions_floor_spawned":[1,3,7,16,22,23,33,39,40,42,44,45,47],"killed_by":"infinitespire:MassOfShapes","ascension_level":3}}