{"host":"hvwa7s69zr612rn1","time":1607491607,"event":{"gold_per_floor":[118,118,118,128,128,140,155,0,27,58,70,70,96,123,135,246,258,289,1,18,18,18,18,18],"floor_reached":23,"playtime":1334,"items_purged":["Strike_MRS"],"score":211,"play_id":"4e1c1bca-a2e8-49d1-9c97-37decc93dcab","local_time":"20201209162647","is_ascension_mode":true,"campfire_choices":[{"data":"PropBag","floor":12,"key":"SMITH"},{"data":"UltimateShortwave","floor":15,"key":"SMITH"}],"neow_cost":"NONE","seed_source_timestamp":20172490927932,"circlet_count":0,"master_deck":["Strike_MRS","Strike_MRS+1","Defend_MRS","Defend_MRS","Defend_MRS","MasterSpark","UpSweep+1","GalacticHalo","PropBag+1","EarthLightRay","JA+1","AlicesGift","UltimateShortwave+1","ChargeUpSpray","CurseOfTheBell","DeepEcoloBomb","TreasureHunter","OneTimeOff"],"relics":["MiniHakkero","Blood Vial","Whetstone","Strawberry","MawBank","Calling Bell","Toy Ornithopter","InkBottle","Incense Burner","ClockworkSouvenir","Mercury Hourglass"],"potions_floor_usage":[10,13,20,23],"damage_taken":[{"damage":3,"enemies":"2 Louse","floor":1,"turns":2},{"damage":2,"enemies":"Jaw Worm","floor":4,"turns":4},{"damage":0,"enemies":"Small Slimes","floor":6,"turns":3},{"damage":7,"enemies":"Blue Slaver","floor":7,"turns":3},{"damage":22,"enemies":"Lagavulin","floor":10,"turns":3},{"damage":8,"enemies":"3 Louse","floor":11,"turns":2},{"damage":16,"enemies":"Gremlin Nob","floor":13,"turns":3},{"damage":6,"enemies":"Exordium Wildlife","floor":14,"turns":3},{"damage":20,"enemies":"Hexaghost","floor":16,"turns":5},{"damage":17,"enemies":"Spheric Guardian","floor":18,"turns":4},{"damage":38,"enemies":"2 Thieves","floor":20,"turns":4},{"damage":62,"enemies":"Gremlin Leader","floor":23,"turns":6}],"seed_played":"-4200901056012797860","potions_obtained":[{"floor":4,"key":"LiquidMemories"},{"floor":10,"key":"DuplicationPotion"},{"floor":13,"key":"Dexterity Potion"},{"floor":14,"key":"BottledSpark"}],"is_trial":false,"path_per_floor":["M","?","?","M","?","M","M","$","T","E","M","R","E","M","R","B",null,"M","$","M","?","?","E"],"character_chosen":"MARISA","items_purchased":["JA","ClockworkSouvenir","DeepEcoloBomb"],"campfire_rested":0,"item_purchase_floors":[8,19,19],"current_hp_per_floor":[72,77,70,68,43,45,44,44,44,35,33,33,31,31,31,17,87,70,70,43,43,43,0,0],"gold":18,"neow_bonus":"UPGRADE_CARD","is_prod":false,"is_daily":false,"chose_seed":false,"campfire_upgraded":2,"win_rate":0,"timestamp":1607491607,"path_taken":["M","?","?","M","?","M","M","$","T","E","M","R","E","M","R","BOSS","M","$","M","?","?","E"],"build_version":"2020-11-30","purchased_purges":1,"victory":false,"max_hp_per_floor":[75,80,80,80,80,80,80,80,80,87,87,87,87,87,87,87,87,87,87,87,87,87,87,87],"card_choices":[{"not_picked":["ShootingEcho","IllusionStar"],"picked":"GalacticHalo","floor":1},{"not_picked":["WitchOfGreed","NonDirectionalLaser"],"picked":"PropBag","floor":4},{"not_picked":["DoubleSpark","SuperPerseids"],"picked":"EarthLightRay","floor":6},{"not_picked":["WitchLeyline","DoubleSpark","NonDirectionalLaser"],"picked":"SKIP","floor":7},{"not_picked":["GrandCross","LuminesStrike","UnstableBomb"],"picked":"SKIP","floor":10},{"not_picked":["GrandCross","UnstableBomb"],"picked":"AlicesGift","floor":11},{"not_picked":["BlazeAway","SprinkleStarSeal"],"picked":"UltimateShortwave","floor":13},{"not_picked":["UnstableBomb","AsteroidBelt"],"picked":"ChargeUpSpray","floor":14},{"not_picked":["BigCrunch","SatelliteIllusion"],"picked":"CollectingQuirk","floor":16},{"not_picked":["IllusionStar","GalacticHalo+1","DC"],"picked":"SKIP","floor":18},{"not_picked":["LuminesStrike+1","BlazeAway","MysteriousBeam"],"picked":"SKIP","floor":20}],"player_experience":332361,"relics_obtained":[{"floor":9,"key":"Whetstone"},{"floor":10,"key":"Strawberry"},{"floor":13,"key":"MawBank"},{"floor":17,"key":"Toy Ornithopter"},{"floor":17,"key":"InkBottle"},{"floor":17,"key":"Incense Burner"}],"event_choices":[{"damage_healed":0,"gold_gain":0,"player_choice":"Donut","damage_taken":0,"max_hp_gain":5,"max_hp_loss":0,"event_name":"Big Fish","floor":2,"gold_loss":0},{"cards_removed":["Defend_MRS"],"damage_healed":0,"gold_gain":0,"player_choice":"Card Removal","damage_taken":7,"max_hp_gain":0,"max_hp_loss":0,"event_name":"Golden Wing","floor":3,"gold_loss":0},{"damage_healed":0,"gold_gain":0,"player_choice":"Success","damage_taken":25,"relics_obtained":["Blood Vial"],"max_hp_gain":0,"max_hp_loss":0,"event_name":"Scrap Ooze","floor":5,"gold_loss":0},{"damage_healed":0,"gold_gain":0,"cards_transformed":["CollectingQuirk","Strike_MRS"],"player_choice":"Became Test Subject","damage_taken":0,"max_hp_gain":0,"max_hp_loss":0,"event_name":"Drug Dealer","floor":21,"gold_loss":0,"cards_obtained":["TreasureHunter","OneTimeOff"]},{"damage_healed":0,"gold_gain":0,"player_choice":"Ignored","damage_taken":0,"max_hp_gain":0,"max_hp_loss":0,"event_name":"Vampires","floor":22,"gold_loss":0}],"is_beta":false,"boss_relics":[{"not_picked":["Cursed Key","Runic Pyramid"],"picked":"Calling Bell"}],"items_purged_floors":[19],"is_endless":false,"potions_floor_spawned":[4,10,13,14],"killed_by":"Gremlin Leader","ascension_level":1}}