{"host":"p7j7o00jacnw7qzt","time":1607485842,"event":{"gold_per_floor":[118,135,60,72,82,110,122,122,122,155,174,205,205,30,30,104,104,124,124,124,124,39,39,73,103,103,103,116,146,177,192,192,270,270,281,206,220,220,220,261,261,291,359,386,407,407,425,468,468,468,468,468,468,153,195,195],"floor_reached":57,"playtime":4807,"items_purged":["Strike_G","Strike_G","Defend_G"],"score":3732,"play_id":"aeaef8c2-ff32-46ba-b95c-52edd11aee14","local_time":"20201208225042","is_ascension_mode":true,"campfire_choices":[{"data":"Acrobatics","floor":8.0,"key":"SMITH"},{"data":"Blade Dance","floor":13.0,"key":"SMITH"},{"data":"Reflex","floor":15.0,"key":"SMITH"},{"data":"Tactician","floor":23.0,"key":"SMITH"},{"data":"Acrobatics","floor":32.0,"key":"SMITH"},{"floor":46,"key":"RECALL"},{"data":"Accuracy","floor":49,"key":"SMITH"},{"data":"Prepared","floor":53,"key":"SMITH"}],"neow_cost":"NONE","seed_source_timestamp":2069847018225000,"circlet_count":0,"master_deck":["AscendersBane","Defend_G","Defend_G","Survivor","Neutralize","Acrobatics+1","Storm of Steel","Tactician+1","Blade Dance+1","Escape Plan","Reflex+1","After Image","Terror","Adrenaline+1","Acrobatics+1","Concentrate","Blade Dance+1","After Image+1","Prepared+1","Flash of Steel","Finesse+1","Accuracy+1","Acrobatics+1","Night Terror+1","Escape Plan+1","Accuracy+1"],"special_seed":0,"relics":["WristBlade","Anchor","Sundial","Bottled Lightning","Gremlin Horn","HoveringKite","WingedGreaves","Kunai","PreservedInsect","Mango","Dream Catcher","Astrolabe","CeramicFish","Nunchaku","Pear","Toxic Egg 2","InkBottle","War Paint"],"potions_floor_usage":[54],"damage_taken":[{"damage":3.0,"enemies":"Cultist","floor":1.0,"turns":4.0},{"damage":0.0,"enemies":"Small Slimes","floor":2.0,"turns":3.0},{"damage":3.0,"enemies":"2 Louse","floor":4.0,"turns":4.0},{"damage":0.0,"enemies":"Looter","floor":5.0,"turns":3.0},{"damage":3.0,"enemies":"Gremlin Nob","floor":6.0,"turns":3.0},{"damage":0.0,"enemies":"Blue Slaver","floor":7.0,"turns":2.0},{"damage":25.0,"enemies":"Lagavulin","floor":10.0,"turns":6.0},{"damage":11.0,"enemies":"Exordium Thugs","floor":11.0,"turns":4.0},{"damage":0.0,"enemies":"3 Sentries","floor":12.0,"turns":5.0},{"damage":0.0,"enemies":"Hexaghost","floor":16.0,"turns":5.0},{"damage":0.0,"enemies":"Spheric Guardian","floor":18.0,"turns":3.0},{"damage":0.0,"enemies":"Gremlin Leader","floor":24.0,"turns":2.0},{"damage":8.0,"enemies":"Slavers","floor":25.0,"turns":3.0},{"damage":0.0,"enemies":"Chosen","floor":28.0,"turns":4.0},{"damage":0.0,"enemies":"Gremlin Leader","floor":29.0,"turns":2.0},{"damage":6.0,"enemies":"Book of Stabbing","floor":30.0,"turns":3.0},{"damage":0.0,"enemies":"Snake Plant","floor":31.0,"turns":3.0},{"damage":0.0,"enemies":"Champ","floor":33.0,"turns":7.0},{"damage":0.0,"enemies":"3 Shapes","floor":35.0,"turns":2.0},{"damage":8.0,"enemies":"Orb Walker","floor":37.0,"turns":3.0},{"damage":0.0,"enemies":"Reptomancer","floor":40.0,"turns":2.0},{"damage":0,"enemies":"Nemesis","floor":42,"turns":3},{"damage":0,"enemies":"Reptomancer","floor":44,"turns":3},{"damage":0,"enemies":"Maw","floor":45,"turns":3},{"damage":0,"enemies":"Spire Growth","floor":47,"turns":2},{"damage":0,"enemies":"Giant Head","floor":48,"turns":1},{"damage":26,"enemies":"Time Eater","floor":50,"turns":5},{"damage":0,"enemies":"Donu and Deca","floor":51,"turns":2},{"damage":0,"enemies":"Shield and Spear","floor":55,"turns":1},{"damage":0,"enemies":"The Heart","floor":56,"turns":4}],"seed_played":"779786760868848502","potions_obtained":[{"floor":1.0,"key":"Block Potion"},{"floor":2.0,"key":"CunningPotion"},{"floor":6.0,"key":"FairyPotion"},{"floor":11.0,"key":"EssenceOfSteel"},{"floor":16.0,"key":"Fruit Juice"},{"floor":29.0,"key":"SpeedPotion"},{"floor":30.0,"key":"ColorlessPotion"},{"floor":42,"key":"PowerPotion"},{"floor":47,"key":"Fruit Juice"}],"is_trial":false,"path_per_floor":["M","M","$","M","M","E","M","R","T","E","M","E","R","$","R","B",null,"M","?","?","?","?","R","E","E","T","?","M","E","E","M","R","B",null,"M","?","M","?","?","E","?","E","T","E","M","R","M","E","R","B","B",null,"R","$","E","B",null],"character_chosen":"THE_SILENT","items_purchased":["Terror","Escape Plan+1","FairyPotion"],"campfire_rested":0,"item_purchase_floors":[14,54,54],"current_hp_per_floor":[56,56,56,53,53,50,50,50,50,25,14,14,14,14,14,14,53,53,53,53,53,53,53,53,45,45,45,45,64,58,58,58,58,78,78,78,70,60,60,60,60,60,70,70,70,70,70,70,70,44,44,82,82,87,87,87],"gold":195,"neow_bonus":"BOSS_RELIC","is_prod":false,"is_daily":false,"chose_seed":false,"campfire_upgraded":7,"win_rate":0,"timestamp":1607485842,"path_taken":["M","M","$","M","M","E","?","R","T","E","?","E","R","?","R","BOSS","M","?","?","?","?","R","E","E","T","?","?","E","E","M","R","BOSS","M","?","?","?","?","E","?","E","T","E","M","R","M","E","R","BOSS","BOSS","R","$","E","BOSS"],"build_version":"2020-11-30","purchased_purges":3,"victory":true,"max_hp_per_floor":[66,66,66,66,66,66,66,66,66,66,66,66,66,66,66,66,66,66,66,66,66,66,66,66,66,66,66,66,85,85,85,85,85,85,85,85,85,85,85,85,85,85,95,95,95,95,95,95,95,95,95,95,95,100,100,100],"relic_stats":{"Gremlin Horn":[14,14],"counters":[30,97],"Astrolabe":["Blade Dance","After Image","Endless Agony"],"CeramicFish":45,"HoveringKite":[47],"PreservedInsect":469,"War Paint":["Finesse","Adrenaline"],"Dream Catcher":0,"Nunchaku":[16],"Sundial":[32],"Kunai":[102],"obtain_stats":[{"Pear":43,"Gremlin Horn":12,"Astrolabe":34,"CeramicFish":40,"HoveringKite":17,"Mango":29,"PreservedInsect":25,"War Paint":55,"Anchor":6,"Dream Catcher":30,"Nunchaku":42,"WristBlade":0,"Sundial":9,"WingedGreaves":22,"Bottled Lightning":10,"Kunai":24,"Toxic Egg 2":44,"InkBottle":48,"Ring of the Snake":0},{"Pear":22,"Gremlin Horn":9,"Astrolabe":18,"CeramicFish":21,"HoveringKite":10,"Mango":15,"PreservedInsect":13,"War Paint":29,"Anchor":5,"Dream Catcher":16,"Nunchaku":22,"WristBlade":0,"Sundial":6,"WingedGreaves":11,"Bottled Lightning":7,"Kunai":12,"Toxic Egg 2":23,"InkBottle":26,"Ring of the Snake":0},{"Pear":76,"Gremlin Horn":34,"Astrolabe":66,"CeramicFish":73,"HoveringKite":39,"Mango":53,"PreservedInsect":47,"War Paint":93,"Anchor":17,"Dream Catcher":56,"Nunchaku":76,"WristBlade":0,"Sundial":19,"WingedGreaves":42,"Bottled Lightning":25,"Kunai":44,"Toxic Egg 2":79,"InkBottle":85,"Ring of the Snake":0}],"InkBottle":[24]},"card_choices":[{"not_picked":["Blur","Dash"],"picked":"Acrobatics","floor":1.0},{"not_picked":["Quick Slash","Underhanded Strike","Distraction"],"picked":"SKIP","floor":2.0},{"not_picked":["Poisoned Stab","Acrobatics"],"picked":"Storm of Steel","floor":4.0},{"not_picked":["Backstab","Dodge and Roll"],"picked":"Tactician","floor":5.0},{"not_picked":["Sucker Punch","Dagger Throw","Poisoned Stab"],"picked":"SKIP","floor":6.0},{"not_picked":["Cloak And Dagger","Deadly Poison"],"picked":"Blade Dance","floor":7.0},{"not_picked":["Setup","Endless Agony"],"picked":"Escape Plan","floor":10.0},{"not_picked":["Deadly Poison","Expertise"],"picked":"Reflex","floor":11.0},{"not_picked":["Bane","Slice"],"picked":"After Image","floor":12.0},{"not_picked":["A Thousand Cuts","Malaise"],"picked":"Adrenaline","floor":16.0},{"not_picked":["Underhanded Strike+1","Bane","Riddle With Holes"],"picked":"SKIP","floor":18.0},{"not_picked":["Dagger Spray","Expertise"],"picked":"Concentrate","floor":24.0},{"not_picked":["Riddle With Holes","Sucker Punch","Setup+1"],"picked":"SKIP","floor":25.0},{"not_picked":["Sucker Punch","Deflect","Dagger Spray"],"picked":"SKIP","floor":28.0},{"not_picked":["Night Terror","Catalyst","Footwork"],"picked":"SKIP","floor":29.0},{"not_picked":["Dagger Spray","Dagger Throw","Sucker Punch"],"picked":"SKIP","floor":30.0},{"not_picked":["Concentrate","Flying Knee","Skewer+1"],"picked":"SKIP","floor":31.0},{"not_picked":["Bane","Dodge and Roll+1","Tactician"],"picked":"SKIP","floor":35.0},{"not_picked":["Outmaneuver+1","Endless Agony+1"],"picked":"Prepared","floor":37.0},{"not_picked":["Finesse","PanicButton"],"picked":"Flash of Steel","floor":38.0},{"not_picked":["Panache","Thinking Ahead"],"picked":"Finesse","floor":38.0},{"not_picked":["Quick Slash+1","Blade Dance"],"picked":"Accuracy","floor":40.0},{"not_picked":["Deflect","Backstab","Crippling Poison"],"picked":"SKIP","floor":42},{"not_picked":["Bane","Slice","Dagger Spray"],"picked":"SKIP","floor":44},{"not_picked":["Skewer","Endless Agony"],"picked":"Acrobatics+1","floor":45},{"not_picked":["Blade Dance+1","Dagger Spray","Sucker Punch"],"picked":"SKIP","floor":47},{"not_picked":["Blade Dance+1","Dagger Spray","Sucker Punch"],"picked":"SKIP","floor":47},{"not_picked":["Quick Slash+1","PiercingWail+1"],"picked":"Night Terror+1","floor":48},{"not_picked":["Poisoned Stab","Unload"],"picked":"Accuracy+1","floor":55}],"player_experience":687764,"relics_obtained":[{"floor":6.0,"key":"Anchor"},{"floor":9.0,"key":"Sundial"},{"floor":10.0,"key":"Bottled Lightning"},{"floor":12.0,"key":"Gremlin Horn"},{"floor":24.0,"key":"Kunai"},{"floor":25.0,"key":"PreservedInsect"},{"floor":29.0,"key":"Mango"},{"floor":30.0,"key":"Dream Catcher"},{"floor":40.0,"key":"CeramicFish"},{"floor":42,"key":"Nunchaku"},{"floor":43,"key":"Pear"},{"floor":44,"key":"Toxic Egg 2"},{"floor":48,"key":"InkBottle"},{"floor":55,"key":"War Paint"}],"event_choices":[{"cards_removed":["Strike_G"],"damage_healed":0.0,"max_hp_gain":0.0,"max_hp_loss":0.0,"gold_gain":0.0,"event_name":"Back to Basics","player_choice":"Elegance","floor":19.0,"gold_loss":0.0,"damage_taken":0.0},{"damage_healed":0.0,"max_hp_gain":0.0,"max_hp_loss":0.0,"gold_gain":0.0,"event_name":"Vampires","player_choice":"Ignored","floor":20.0,"gold_loss":0.0,"damage_taken":0.0},{"damage_healed":0.0,"max_hp_gain":0.0,"max_hp_loss":0.0,"gold_gain":0.0,"event_name":"The Library","player_choice":"Read","floor":21.0,"gold_loss":0.0,"damage_taken":0.0,"cards_obtained":["Acrobatics"]},{"damage_healed":0.0,"max_hp_gain":0.0,"max_hp_loss":0.0,"gold_gain":0.0,"event_name":"Addict","player_choice":"Obtained Relic","floor":22.0,"gold_loss":85.0,"damage_taken":0.0,"relics_obtained":["WingedGreaves"]},{"damage_healed":0.0,"max_hp_gain":0.0,"max_hp_loss":0.0,"gold_gain":0.0,"event_name":"The Mausoleum","player_choice":"Ignored","floor":27.0,"gold_loss":0.0,"damage_taken":0.0},{"cards_removed":["Defend_G"],"damage_healed":0.0,"max_hp_gain":0.0,"max_hp_loss":0.0,"gold_gain":0.0,"event_name":"Designer","player_choice":"Single Remove","floor":36.0,"gold_loss":75.0,"damage_taken":0.0},{"damage_healed":0.0,"max_hp_gain":0.0,"max_hp_loss":0.0,"gold_gain":0.0,"event_name":"SensoryStone","player_choice":"Memory 3","floor":38.0,"gold_loss":0.0,"damage_taken":10.0},{"cards_removed":["Endless Agony"],"damage_healed":0.0,"max_hp_gain":0.0,"max_hp_loss":0.0,"gold_gain":0.0,"event_name":"Falling","player_choice":"Removed Attack","floor":39.0,"gold_loss":0.0,"damage_taken":0.0},{"damage_healed":0.0,"max_hp_gain":0.0,"max_hp_loss":0.0,"gold_gain":0.0,"event_name":"Tomb of Lord Red Mask","player_choice":"Ignored","floor":41.0,"gold_loss":0.0,"damage_taken":0.0}],"is_beta":false,"boss_relics":[{"not_picked":["Snecko Eye","Cursed Key"],"picked":"HoveringKite"},{"not_picked":["SacredBark","Empty Cage"],"picked":"Astrolabe"}],"items_purged_floors":[3,14,54],"is_endless":false,"potions_floor_spawned":[1,2,6,11,16,29,30,31,42,44,47],"ascension_level":20}}