{"host":"u0xal07c9acliyus","time":1607500408,"event":{"gold_per_floor":[112,132,152,252,270,270,287,300,300,0,11,11,0,27,27,130,130,144,74,14,14,31,31,47,47,126,141,141,158,158,171,171,270,270,280,64,64,64],"floor_reached":37,"playtime":2232,"items_purged":[],"score":373,"play_id":"3ceb8749-f8d4-4dc3-9704-117ceede0fc4","local_time":"20201209005328","is_ascension_mode":false,"campfire_choices":[{"data":"Zap","floor":6,"key":"SMITH"},{"floor":23,"key":"REST"},{"floor":28,"key":"REST"},{"data":"BasicCrystalCard","floor":30,"key":"SMITH"},{"data":"Machine Learning","floor":32,"key":"SMITH"}],"neow_cost":"NONE","seed_source_timestamp":3558816852957401962,"circlet_count":0,"master_deck":["Strike_B","Defend_B","Defend_B","Defend_B","Zap+1","Dualcast","Turbo","Tempest+1","BasicCrystalCard+1","Cold Snap","BootSequence","Capacitor","Enlightenment","Ball Lightning","Machine Learning+1","Capacitor","Panic Button","Consume","Conserve Battery","ReplayTheSpireMod:Dual Polarity+1","Go for the Eyes+1","Seek+1","Steam","Conserve Battery+1","Storm","Echo Form+1","Redo+1","Chaos"],"relics":["m_GuardianBlood","HornCleat","Replay:Baseball","Bag of Preparation","infinitespire:Cubic Diamond","CaptainsWheel","Black Star","Bird Faced Urn","Astrolabe","Eternal Feather","Ring of Chaos","Guide Book"],"potions_floor_usage":[14,14,14,37],"damage_taken":[{"damage":2,"enemies":"Small Slimes","floor":1,"turns":4},{"damage":1,"enemies":"Cultist","floor":2,"turns":3},{"damage":1,"enemies":"Jaw Worm","floor":3,"turns":2},{"damage":5,"enemies":"Looter","floor":5,"turns":3},{"damage":1,"enemies":"Large Slime","floor":7,"turns":6},{"damage":0,"enemies":"2 Fungi Beasts","floor":8,"turns":2},{"damage":0,"enemies":"Red Slaver","floor":11,"turns":3},{"damage":8,"enemies":"Lagavulin","floor":14,"turns":5},{"damage":25,"enemies":"Slime Boss","floor":16,"turns":14},{"damage":24,"enemies":"3 Byrds","floor":18,"turns":6},{"damage":16,"enemies":"2 Thieves","floor":20,"turns":4},{"damage":30,"enemies":"Sentry and Sphere","floor":22,"turns":7},{"damage":41,"enemies":"Centurion and Healer","floor":24,"turns":14},{"damage":11,"enemies":"Snake Plant","floor":27,"turns":3},{"damage":49,"enemies":"3 Cultists","floor":29,"turns":7},{"damage":18,"enemies":"Centurion and Healer","floor":31,"turns":9},{"damage":20,"enemies":"Champ","floor":33,"turns":14},{"damage":29,"enemies":"3 Shapes","floor":35,"turns":5},{"damage":76,"enemies":"2 Orb Walkers","floor":37,"turns":5}],"seed_played":"6463423490660130913","potions_obtained":[{"floor":2,"key":"infinitespire:BlackPotion"},{"floor":3,"key":"LiquidBronze"},{"floor":7,"key":"FocusPotion"},{"floor":16,"key":"Energy Potion"},{"floor":22,"key":"SpeedPotion"}],"is_trial":false,"path_per_floor":["M","M","M","?","M","R","M","M","T","$","M","?","?","E","R_BF","B",null,"M","$","M","?","M","R","M","AVR","T","M","R","M","R","M","R","B",null,"M","$","?"],"character_chosen":"DEFECT","items_purchased":["Replay:Baseball","Bag of Preparation","Bird Faced Urn","Chaos","Guide Book"],"campfire_rested":2,"item_purchase_floors":[10,10,19,36,36],"current_hp_per_floor":[73,72,71,71,66,66,65,65,65,65,65,65,71,69,69,50,81,63,63,59,59,41,65,36,36,36,37,73,36,48,42,57,51,81,64,64,0,0],"gold":64,"neow_bonus":"REMOVE_CARD","is_prod":false,"is_daily":false,"chose_seed":false,"campfire_upgraded":3,"win_rate":0.0,"timestamp":1607500408,"path_taken":["M","M","M","?","M","R","M","?","T","$","M","?","?","E","R_BF","BOSS","M","$","M","?","M","R","?","AVR","T","?","R","M","R","M","R","BOSS","M","$","?"],"build_version":"2020-11-30","purchased_purges":0,"victory":false,"max_hp_per_floor":[75,75,75,75,75,75,75,75,75,75,75,75,81,81,81,81,81,81,81,81,81,81,81,81,81,81,81,81,81,81,81,81,81,81,81,81,81,81],"relic_stats":{"counters":[19,116],"Bird Faced Urn":[58],"Astrolabe":["ReplayTheSpireMod:Dual Polarity","Go for the Eyes","Seek"],"Eternal Feather":39,"Bag of Preparation":[26],"Black Star":0,"obtain_stats":[{"Astrolabe":25,"Guide Book":36,"Eternal Feather":26,"infinitespire:Cubic Diamond":12,"Ring of Chaos":34,"Bag of Preparation":10,"m_GuardianBlood":12,"Replay:Baseball":10,"CaptainsWheel":14,"HornCleat":9,"Bird Faced Urn":19,"Black Star":17,"Cracked Core":0},{"Astrolabe":13,"Guide Book":18,"Eternal Feather":13,"infinitespire:Cubic Diamond":7,"Ring of Chaos":17,"Bag of Preparation":6,"m_GuardianBlood":7,"Replay:Baseball":6,"CaptainsWheel":8,"HornCleat":6,"Bird Faced Urn":10,"Black Star":9,"Cracked Core":0},{"Astrolabe":73,"Guide Book":111,"Eternal Feather":73,"infinitespire:Cubic Diamond":23,"Ring of Chaos":106,"Bag of Preparation":20,"m_GuardianBlood":23,"Replay:Baseball":20,"CaptainsWheel":28,"HornCleat":20,"Bird Faced Urn":48,"Black Star":42,"Cracked Core":0}]},"card_choices":[{"not_picked":["Gash","Melter"],"picked":"Turbo","floor":1},{"not_picked":["Streamline","Scrape"],"picked":"Tempest","floor":2},{"not_picked":["Steam","Leap"],"picked":"BasicCrystalCard","floor":3},{"not_picked":["Sweeping Beam","Beam Cell"],"picked":"Cold Snap","floor":5},{"not_picked":["Leap","Double Energy"],"picked":"BootSequence","floor":7},{"not_picked":["Stack","FTL"],"picked":"Capacitor","floor":8},{"not_picked":["FTL","Barrage"],"picked":"BasicCrystalCard","floor":11},{"not_picked":["Steam","Turbo"],"picked":"Whirlwind","floor":14},{"not_picked":["Reboot","Biased Cognition"],"picked":"Machine Learning","floor":16},{"not_picked":["Stack","Turbo+1"],"picked":"Capacitor","floor":18},{"not_picked":["Hologram","Go for the Eyes"],"picked":"Panic Button","floor":20},{"not_picked":["ReplayTheSpireMod:Reroute Power","Go for the Eyes+1"],"picked":"Consume","floor":22},{"not_picked":["Reprogram+1","Turbo+1"],"picked":"Conserve Battery","floor":24},{"not_picked":["Turbo","Genetic Algorithm"],"picked":"Steam","floor":27},{"not_picked":["Hologram","Sweeping Beam"],"picked":"Conserve Battery+1","floor":29},{"not_picked":["Gash+1","Panic Button"],"picked":"Storm","floor":31},{"not_picked":["Hyperbeam","Reboot"],"picked":"Echo Form","floor":33},{"not_picked":["Stack+1","Leap"],"picked":"Redo+1","floor":35}],"player_experience":70304,"relics_obtained":[{"floor":9,"key":"HornCleat"},{"floor":14,"key":"CaptainsWheel"},{"floor":26,"key":"Eternal Feather"}],"event_choices":[{"damage_healed":0,"gold_gain":100,"player_choice":"Pray","damage_taken":0,"max_hp_gain":0,"max_hp_loss":0,"event_name":"Golden Shrine","floor":4,"gold_loss":0},{"damage_healed":0,"gold_gain":0,"player_choice":"RENOUNCE","damage_taken":11,"max_hp_gain":0,"max_hp_loss":0,"event_name":"betterThird:BetterSerpent","floor":13,"gold_loss":11,"cards_obtained":["Enlightenment"]},{"cards_removed":["Defend_B"],"damage_healed":0,"gold_gain":0,"player_choice":"Offered Basic","damage_taken":0,"max_hp_gain":0,"max_hp_loss":0,"event_name":"Bonfire Elementals","floor":21,"gold_loss":0},{"damage_healed":0,"gold_gain":0,"player_choice":"Fight","damage_taken":0,"max_hp_gain":0,"max_hp_loss":0,"event_name":"Mysterious Sphere","floor":37,"gold_loss":0}],"is_beta":false,"boss_relics":[{"not_picked":["Replay:Grab Bag","SacredBark"],"picked":"Black Star"},{"not_picked":["Sozu","Busted Crown"],"picked":"Ring of Chaos"}],"items_purged_floors":[],"is_endless":false,"potions_floor_spawned":[2,3,7,16,22,24,27,33,35],"killed_by":"2 Orb Walkers","ascension_level":0}}