{"host":"b4asi0laiv85suj9","time":1607505981,"event":{"gold_per_floor":[116,131,131,131,146,171,171],"floor_reached":6,"playtime":194,"items_purged":[],"score":49,"play_id":"92c57556-6e5a-4f47-8c50-e9686adf09fe","local_time":"20201209172621","is_ascension_mode":true,"campfire_choices":[],"neow_cost":"NONE","seed_source_timestamp":5555395122410686,"circlet_count":0,"master_deck":["Strike_G","Strike_G","Strike_G","Strike_G","Defend_G","Defend_G","Defend_G","Defend_G","Defend_G","Survivor","Neutralize","MostiFishMod:ThornCasing","Wish"],"relics":["Ring of the Snake","testmod-TestBox","DaveBox","ice","testmod-SaigiyounoYou","BionicSphere","NeowsBlessing","Question Card","PrismaticShard"],"potions_floor_usage":[],"damage_taken":[{"damage":0,"enemies":"2 Louse","floor":1,"turns":1},{"damage":0,"enemies":"Small Slimes","floor":2,"turns":1},{"damage":0,"enemies":"Cultist","floor":5,"turns":1},{"damage":72,"enemies":"3 Sentries","floor":6,"turns":11}],"seed_played":"8000200774597627900","potions_obtained":[],"is_trial":false,"path_per_floor":["M","M","?","?","M","E"],"character_chosen":"THE_SILENT","items_purchased":[],"campfire_rested":0,"item_purchase_floors":[],"current_hp_per_floor":[65,67,67,67,68,5,5],"gold":171,"neow_bonus":"THREE_ENEMY_KILL","is_prod":false,"is_daily":false,"chose_seed":false,"campfire_upgraded":0,"win_rate":0,"timestamp":1607505981,"path_taken":["M","M","?","?","?","E"],"build_version":"2020-11-30","purchased_purges":0,"victory":false,"max_hp_per_floor":[70,70,70,70,70,70,70],"relic_stats":{"counters":[4,14],"Question Card":2,"obtain_stats":[{"testmod-TestBox":0,"DaveBox":0,"NeowsBlessing":0,"BionicSphere":0,"ice":0,"testmod-SaigiyounoYou":0,"Question Card":1,"PrismaticShard":1,"Ring of the Snake":0},{"testmod-TestBox":0,"DaveBox":0,"NeowsBlessing":0,"BionicSphere":0,"ice":0,"testmod-SaigiyounoYou":0,"Question Card":1,"PrismaticShard":1,"Ring of the Snake":0},{"testmod-TestBox":0,"DaveBox":0,"NeowsBlessing":0,"BionicSphere":0,"ice":0,"testmod-SaigiyounoYou":0,"Question Card":1,"PrismaticShard":1,"Ring of the Snake":0}],"Ring of the Snake":[8]},"card_choices":[{"not_picked":["Bane","PiercingWail","Accuracy"],"picked":"SKIP","floor":1},{"not_picked":["CutThroughFate","Barrage","FTL","Body Slam"],"picked":"SKIP","floor":2},{"not_picked":["Fasting2","Rebound","Cleave"],"picked":"Wish","floor":5}],"player_experience":149780,"relics_obtained":[{"floor":1,"key":"Question Card"},{"floor":1,"key":"PrismaticShard"}],"event_choices":[{"damage_healed":0,"gold_gain":0,"player_choice":"Ignored","damage_taken":0,"max_hp_gain":0,"max_hp_loss":0,"event_name":"Liars Game","floor":3,"gold_loss":0},{"damage_healed":0,"gold_gain":0,"cards_transformed":["Strike_G"],"player_choice":"Transformed","damage_taken":0,"max_hp_gain":0,"max_hp_loss":0,"event_name":"Transmorgrifier","floor":4,"gold_loss":0,"cards_obtained":["MostiFishMod:ThornCasing"]}],"is_beta":false,"boss_relics":[],"items_purged_floors":[],"is_endless":false,"potions_floor_spawned":[],"killed_by":"3 Sentries","ascension_level":7}}