{"host":"ci7ivtocgfxh0ueo","time":1607530792,"event":{"gold_per_floor":[113,113,129,147,162,162,162,162,162,192,35,45,57,0,0,79,79,91,16,16],"floor_reached":19,"playtime":312,"items_purged":[],"score":286,"play_id":"4044a878-ac2b-40de-95ba-8e4d18ee5757","local_time":"20201210001952","is_ascension_mode":true,"campfire_choices":[{"data":"Core Surge","floor":6,"key":"SMITH"},{"data":"Rip and Tear","floor":8,"key":"SMITH"},{"data":"Defragment","floor":15,"key":"SMITH"}],"neow_cost":"NONE","seed_source_timestamp":106548420807600,"circlet_count":0,"master_deck":["AscendersBane","Zap","Dualcast","Rip and Tear+1","Core Surge+1","Redo","Ball Lightning","Defragment+1","Electrodynamics","Go for the Eyes","Force Field","Stack","Auto Shields","Lockon","Rainbow","Auto Shields","Fusion","Go for the Eyes"],"relics":["Cracked Core","NeowsBlessing","CultistMask","Eternal Feather","Membership Card","Pandora\u0027s Box"],"potions_floor_usage":[13,16,16],"damage_taken":[{"damage":0,"enemies":"Jaw Worm","floor":1,"turns":1},{"damage":0,"enemies":"Cultist","floor":3,"turns":1},{"damage":0,"enemies":"2 Louse","floor":4,"turns":1},{"damage":3,"enemies":"Blue Slaver","floor":5,"turns":3},{"damage":20,"enemies":"Lots of Slimes","floor":12,"turns":3},{"damage":1,"enemies":"Exordium Thugs","floor":13,"turns":3},{"damage":31,"enemies":"The Guardian","floor":16,"turns":7},{"damage":26,"enemies":"Shell Parasite","floor":18,"turns":4},{"damage":34,"enemies":"2 Thieves","floor":19,"turns":3}],"seed_played":"-253030416259451890","potions_obtained":[{"floor":1,"key":"Strength Potion"},{"floor":12,"key":"GamblersBrew"},{"floor":13,"key":"Regen Potion"},{"floor":18,"key":"FocusPotion"}],"is_trial":false,"path_per_floor":["M","?","M","M","M","R","?","R","T","?","$","M","M","$","R","B",null,"M","M"],"character_chosen":"DEFECT","items_purchased":["Membership Card","FocusPotion","AttackPotion"],"campfire_rested":0,"item_purchase_floors":[11,14,14],"current_hp_per_floor":[64,64,64,64,61,61,61,61,61,61,61,41,40,40,49,18,58,32,0,0],"gold":16,"neow_bonus":"THREE_ENEMY_KILL","is_prod":false,"is_daily":false,"chose_seed":false,"campfire_upgraded":3,"win_rate":0,"timestamp":1607530792,"path_taken":["M","?","?","M","M","R","?","R","T","?","$","M","M","?","R","BOSS","M","?"],"build_version":"2020-11-30","purchased_purges":0,"victory":false,"max_hp_per_floor":[71,71,71,71,71,71,71,71,71,71,71,71,71,71,71,71,71,71,71,71],"card_choices":[{"not_picked":["Skim","Recycle","Gash"],"picked":"SKIP","floor":1},{"not_picked":["Sweeping Beam","Barrage"],"picked":"Rip and Tear","floor":3},{"not_picked":["Hologram","Compile Driver"],"picked":"Core Surge","floor":4},{"not_picked":["Steam","Turbo"],"picked":"Redo","floor":5},{"not_picked":["Beam Cell","Coolheaded"],"picked":"Ball Lightning","floor":12},{"not_picked":["Reinforced Body","Undo"],"picked":"Defragment","floor":13},{"not_picked":["Thunder Strike","All For One"],"picked":"Electrodynamics","floor":16},{"not_picked":["Gash","Tempest"],"picked":"Go for the Eyes","floor":18}],"player_experience":1242423,"relics_obtained":[{"floor":9,"key":"Eternal Feather"}],"event_choices":[{"damage_healed":0,"gold_gain":0,"player_choice":"Trade","damage_taken":0,"relics_obtained":["CultistMask"],"max_hp_gain":0,"max_hp_loss":0,"event_name":"FaceTrader","floor":2,"gold_loss":0},{"damage_healed":0,"gold_gain":0,"player_choice":"Ignored","damage_taken":0,"max_hp_gain":0,"max_hp_loss":0,"event_name":"Golden Idol","floor":7,"gold_loss":0},{"damage_healed":0,"gold_gain":30,"player_choice":"Searched \u00271\u0027 times","damage_taken":0,"max_hp_gain":0,"max_hp_loss":0,"event_name":"Dead Adventurer","floor":10,"gold_loss":0}],"is_beta":false,"boss_relics":[{"not_picked":["Runic Pyramid","Philosopher\u0027s Stone"],"picked":"Pandora\u0027s Box"}],"items_purged_floors":[],"is_endless":false,"potions_floor_spawned":[1,12,13,18],"killed_by":"2 Thieves","ascension_level":16}}