{"host":"nptej036rrbiurf5","time":1607482762,"event":{"gold_per_floor":[213,229,379,57,68,68,23,58,58,77,77,91,103,83,83,83,83],"floor_reached":16,"playtime":393,"items_purged":["Doubt"],"score":204,"play_id":"1d77dec6-0963-4698-8751-2fc3e6daa9a1","local_time":"20201209115922","is_ascension_mode":true,"campfire_choices":[{"data":"Eruption","floor":6.0,"key":"SMITH"},{"data":"Wallop","floor":11.0,"key":"SMITH"},{"data":"Meditate","floor":15.0,"key":"SMITH"}],"neow_cost":"NONE","seed_source_timestamp":0,"circlet_count":0,"master_deck":["AscendersBane","Strike_P","Strike_P","Strike_P","Strike_P","Defend_P","Defend_P","Defend_P","Defend_P","Eruption+1","Vigilance","Meditate+1","Wallop+1","WreathOfFlame","FearNoEvil","Sanctity"],"special_seed":0,"relics":["PureWater","MealTicket","Bird Faced Urn","Gambling Chip"],"potions_floor_usage":[],"damage_taken":[{"damage":11.0,"enemies":"2 Louse","floor":1.0,"turns":3.0},{"damage":14.0,"enemies":"Small Slimes","floor":2.0,"turns":3.0},{"damage":1.0,"enemies":"Cultist","floor":5.0,"turns":3.0},{"damage":10.0,"enemies":"3 Sentries","floor":8.0,"turns":10.0},{"damage":15.0,"enemies":"3 Louse","floor":10.0,"turns":4.0},{"damage":0.0,"enemies":"Gremlin Gang","floor":12.0,"turns":3.0},{"damage":5.0,"enemies":"Lots of Slimes","floor":13.0,"turns":4.0},{"damage":0,"enemies":"Hexaghost","floor":16,"turns":1}],"seed_played":"362690183486866745","potions_obtained":[{"floor":5.0,"key":"Dexterity Potion"},{"floor":12.0,"key":"Weak Potion"},{"floor":13.0,"key":"SteroidPotion"},{"floor":14.0,"key":"Ambrosia"}],"is_trial":false,"path_per_floor":["M","M","?","$","M","R","$","E","T","M","R","M","M","?","R","B"],"character_chosen":"WATCHER","items_purchased":["Regen Potion","MealTicket","WreathOfFlame"],"campfire_rested":0,"item_purchase_floors":[4,4,7],"current_hp_per_floor":[50,36,36,36,35,35,50,55,55,40,40,40,35,35,35,35,35],"gold":83,"neow_bonus":"HUNDRED_GOLD","is_prod":false,"is_daily":false,"chose_seed":false,"campfire_upgraded":3,"win_rate":0,"timestamp":1607482762,"path_taken":["M","M","?","$","M","R","$","E","T","M","R","M","M","?","R","BOSS"],"build_version":"2020-11-30","purchased_purges":1,"victory":false,"max_hp_per_floor":[68,68,68,68,68,68,68,68,68,68,68,68,68,68,68,68,68],"card_choices":[{"not_picked":["JustLucky","ClearTheMind","BowlingBash"],"picked":"SKIP","floor":1.0},{"not_picked":["Halt","Collect"],"picked":"Meditate","floor":2.0},{"not_picked":["FlurryOfBlows","SpiritShield"],"picked":"Wallop","floor":5.0},{"not_picked":["Consecrate","Halt"],"picked":"FearNoEvil","floor":8.0},{"not_picked":["Prostrate","FlyingSleeves","Meditate"],"picked":"SKIP","floor":10.0},{"not_picked":["Crescendo","Evaluate","ClearTheMind"],"picked":"SKIP","floor":12.0},{"not_picked":["PathToVictory","EmptyMind"],"picked":"Sanctity","floor":13.0}],"player_experience":806057,"relics_obtained":[{"floor":8.0,"key":"Bird Faced Urn"},{"floor":9.0,"key":"Gambling Chip"}],"event_choices":[{"damage_healed":0.0,"max_hp_gain":0.0,"max_hp_loss":0.0,"gold_gain":150.0,"event_name":"Liars Game","player_choice":"AGREE","floor":3.0,"gold_loss":0.0,"damage_taken":0.0,"cards_obtained":["Doubt"]},{"damage_healed":0.0,"max_hp_gain":0.0,"max_hp_loss":0.0,"gold_gain":0.0,"event_name":"The Woman in Blue","player_choice":"Bought 1 Potion","floor":14.0,"gold_loss":0.0,"damage_taken":0.0}],"is_beta":false,"boss_relics":[],"items_purged_floors":[4],"is_endless":false,"potions_floor_spawned":[5,12,13],"killed_by":"Hexaghost","ascension_level":20}}