{"host":"yllrlz30c75z9571","time":1607551515,"event":{"gold_per_floor":[110,122,134,145,27,27,27],"floor_reached":6,"playtime":428,"items_purged":[],"score":38,"play_id":"29e88748-107e-471e-8764-7f5444aa9fc9","local_time":"20201209220515","is_ascension_mode":false,"campfire_choices":[],"neow_cost":"NONE","seed_source_timestamp":473405796154100,"circlet_count":0,"master_deck":["MadScienceMod:Strike_MadScience","MadScienceMod:Strike_MadScience","MadScienceMod:Strike_MadScience","MadScienceMod:Strike_MadScience","MadScienceMod:Defend_MadScience","MadScienceMod:Defend_MadScience","MadScienceMod:Defend_MadScience","MadScienceMod:Defend_MadScience","MadScienceMod:PoweredStrike+1","MadScienceMod:HideBehindJunk","MadScienceMod:GattlingGun","MadScienceMod:AutoStrike","MadScienceMod:LightOnFire","MadScienceMod:AssemblyLine","MadScienceMod:Refuel"],"relics":["MadScienceMod:FuelTank","HushsDoor","DeadEye","StoneCalendar"],"potions_floor_usage":[],"damage_taken":[{"damage":0,"enemies":"Small Slimes","floor":1,"turns":3},{"damage":5,"enemies":"Jaw Worm","floor":2,"turns":3},{"damage":6,"enemies":"Cultist","floor":3,"turns":3},{"damage":20,"enemies":"Large Slime","floor":4,"turns":6},{"damage":45,"enemies":"3 Sentries","floor":6,"turns":6}],"seed_played":"24392579104115967","potions_obtained":[{"floor":1,"key":"Swift Potion"},{"floor":3,"key":"construct:ShiftPotion"}],"is_trial":false,"path_per_floor":["M","M","M","M","$","E"],"character_chosen":"MAD_SCIENTIST","items_purchased":["MadScienceMod:Refuel","StoneCalendar"],"campfire_rested":0,"item_purchase_floors":[5,5],"current_hp_per_floor":[75,70,64,44,44,0,0],"gold":27,"neow_bonus":"UPGRADE_CARD","is_prod":false,"is_daily":false,"chose_seed":false,"campfire_upgraded":0,"win_rate":0.0,"timestamp":1607551515,"path_taken":["M","M","M","M","$","E"],"build_version":"2020-11-30","purchased_purges":0,"victory":false,"max_hp_per_floor":[75,75,75,75,75,75,75],"card_choices":[{"not_picked":["MadScienceMod:AutoStrike","Bomb"],"picked":"MadScienceMod:GattlingGun","floor":1},{"not_picked":["Bomb","MadScienceMod:Tune"],"picked":"MadScienceMod:AutoStrike","floor":2},{"not_picked":["MadScienceMod:Probe","MadScienceMod:Sprocket"],"picked":"MadScienceMod:LightOnFire","floor":3},{"not_picked":["MadScienceMod:ExploreOptions","MadScienceMod:FragmentationGrenade"],"picked":"MadScienceMod:AssemblyLine","floor":4}],"player_experience":97775,"relics_obtained":[],"event_choices":[],"is_beta":false,"boss_relics":[],"items_purged_floors":[],"is_endless":false,"potions_floor_spawned":[1,3],"killed_by":"3 Sentries","ascension_level":0}}