{"host":"mi0eibewekhugwl1","time":1607500352,"event":{"gold_per_floor":[113,128,148,128,139,139,149,149,149,149,149,169,169,183,183,183,183],"floor_reached":16,"playtime":195,"items_purged":[],"score":188,"play_id":"856601ab-2ae5-436b-84e8-d1019965a5da","local_time":"20201209165232","is_ascension_mode":true,"campfire_choices":[{"data":"Cleave","floor":6,"key":"SMITH"},{"data":"Bludgeon","floor":8,"key":"SMITH"},{"data":"Bash","floor":11,"key":"SMITH"},{"data":"Uppercut","floor":13,"key":"SMITH"},{"data":"Ghostly Armor","floor":15,"key":"SMITH"}],"neow_cost":"PERCENT_DAMAGE","seed_source_timestamp":928344309208200,"circlet_count":0,"master_deck":["AscendersBane","Strike_R","Strike_R","Strike_R","Strike_R","Defend_R","Defend_R","Defend_R","Bash+1","Cleave+1","Ghostly Armor+1","Anger","Bludgeon+1","Uppercut+1"],"special_seed":0,"relics":["Burning Blood","Meat on the Bone"],"potions_floor_usage":[16,16],"damage_taken":[{"damage":12,"enemies":"2 Louse","floor":1,"turns":3},{"damage":6,"enemies":"Cultist","floor":2,"turns":3},{"damage":19,"enemies":"Jaw Worm","floor":3,"turns":4},{"damage":9,"enemies":"3 Louse","floor":5,"turns":3},{"damage":2,"enemies":"Looter","floor":7,"turns":3},{"damage":2,"enemies":"Exordium Thugs","floor":12,"turns":4},{"damage":4,"enemies":"Blue Slaver","floor":14,"turns":3},{"damage":53,"enemies":"Slime Boss","floor":16,"turns":8}],"seed_played":"3287898130994006589","potions_obtained":[{"floor":2,"key":"EntropicBrew"},{"floor":4,"key":"BlessingOfTheForge"}],"is_trial":false,"path_per_floor":["M","M","M","?","M","R","M","R","T","?","R","M","R","M","R","B"],"character_chosen":"IRONCLAD","items_purchased":[],"campfire_rested":0,"item_purchase_floors":[],"current_hp_per_floor":[44,44,31,31,28,28,32,32,32,37,37,53,53,55,55,2,2],"gold":183,"neow_bonus":"REMOVE_TWO","is_prod":false,"is_daily":false,"chose_seed":false,"campfire_upgraded":5,"win_rate":0,"timestamp":1607500352,"path_taken":["M","M","M","?","?","R","M","R","T","?","R","M","R","M","R","BOSS"],"build_version":"2020-11-30","purchased_purges":0,"victory":false,"max_hp_per_floor":[75,75,75,75,75,75,75,75,75,80,80,80,80,80,80,80,80],"relic_stats":{"counters":[8,31],"obtain_stats":[{"Burning Blood":0,"Meat on the Bone":9},{"Burning Blood":0,"Meat on the Bone":5},{"Burning Blood":0,"Meat on the Bone":16}],"Burning Blood":42,"Meat on the Bone":12},"card_choices":[{"not_picked":["Heavy Blade","Flex","Dark Embrace"],"picked":"SKIP","floor":1},{"not_picked":["Anger","True Grit"],"picked":"Cleave","floor":2},{"not_picked":["Iron Wave","Wild Strike"],"picked":"Ghostly Armor","floor":3},{"not_picked":["Hemokinesis","Clothesline"],"picked":"Anger","floor":5},{"not_picked":["Armaments","Flex"],"picked":"Bludgeon","floor":7},{"not_picked":["Twin Strike","Bloodletting"],"picked":"Uppercut","floor":12},{"not_picked":["Warcry","Entrench","Infernal Blade"],"picked":"SKIP","floor":14}],"player_experience":1653071,"relics_obtained":[{"floor":9,"key":"Meat on the Bone"}],"event_choices":[{"damage_healed":0,"gold_gain":0,"player_choice":"Bought 1 Potion","damage_taken":0,"max_hp_gain":0,"max_hp_loss":0,"event_name":"The Woman in Blue","floor":4,"gold_loss":0},{"damage_healed":0,"gold_gain":0,"player_choice":"Donut","damage_taken":0,"max_hp_gain":5,"max_hp_loss":0,"event_name":"Big Fish","floor":10,"gold_loss":0}],"is_beta":false,"boss_relics":[],"items_purged_floors":[],"is_endless":false,"potions_floor_spawned":[2,12,14],"killed_by":"Slime Boss","ascension_level":20}}