{"host":"fq9q35as5g8xdsoo","time":1607485182,"event":{"gold_per_floor":[118,133,133,151,151,182,182,182,182,157,174,186,196,226,226,226,226],"floor_reached":16,"playtime":619,"items_purged":[],"score":143,"play_id":"752c18db-9956-4b02-9e73-ae117b2b886b","local_time":"20201208193942","is_ascension_mode":true,"campfire_choices":[{"data":"RobotSpaceExplorer:MiniLasers","floor":7,"key":"SMITH"},{"data":"RobotSpaceExplorer:Scan","floor":15,"key":"SMITH"}],"neow_cost":"NONE","seed_source_timestamp":506909425772600,"circlet_count":0,"master_deck":["RobotSpaceExplorer:Scan+1","RobotSpaceExplorer:MiniLasers+1","RobotSpaceExplorer:DroneSwarm","hubris:DuctTapeCard"],"relics":["Hammer of Thor","Seething Fire","Anvil of the Gods","energizedSpire:CursedPentagram","TungstenRod","Menagerie:ShiftingBlessing","vexMod:InvisibilityCloak","beaked:MendingPlumage","hubris:DuctTape"],"potions_floor_usage":[],"damage_taken":[{"damage":0,"enemies":"Menagerie:2_RABBITS","floor":1,"turns":3},{"damage":6,"enemies":"Menagerie:WhisperingWraith","floor":2,"turns":5},{"damage":0,"enemies":"Menagerie:StygianBoar","floor":4,"turns":2},{"damage":2,"enemies":"Menagerie:MaskedSummoner","floor":6,"turns":4},{"damage":0,"enemies":"Menagerie:Hexasnake","floor":11,"turns":1},{"damage":0,"enemies":"Menagerie:RedMage","floor":12,"turns":1},{"damage":0,"enemies":"Menagerie:STYGIAN_BOAR_AND_RABBIT","floor":13,"turns":1},{"damage":0,"enemies":"Menagerie:Hydra","floor":14,"turns":3},{"damage":0,"enemies":"Menagerie:Suneater","floor":16,"turns":1}],"seed_played":"-4412759245260976647","potions_obtained":[{"floor":11,"key":"Regen Potion"},{"floor":12,"key":"Regen Potion"},{"floor":13,"key":"Venom Potion"}],"is_trial":false,"path_per_floor":["M","M","?","M","?","E","R","?","T","?","M","M","M","E","R","B"],"character_chosen":"RobotSpaceExplorer","items_purchased":[],"campfire_rested":0,"item_purchase_floors":[],"current_hp_per_floor":[75,69,69,69,69,67,67,59,59,59,65,71,72,72,72,72,72],"gold":226,"neow_bonus":"BOSS_RELIC","is_prod":false,"is_daily":false,"chose_seed":false,"campfire_upgraded":2,"win_rate":0,"timestamp":1607485182,"path_taken":["M","M","?","M","?","E","R","?","T","?","?","M","M","E","R","BOSS"],"build_version":"2020-11-30","purchased_purges":0,"victory":false,"max_hp_per_floor":[75,75,72,72,72,72,72,72,72,72,72,72,72,72,72,72,72],"card_choices":[{"not_picked":["RobotSpaceExplorer:ScrapMissile","RobotSpaceExplorer:Probe"],"picked":"RobotSpaceExplorer:SlimeMissile","floor":1},{"not_picked":["RobotSpaceExplorer:SlimeMissile","RobotSpaceExplorer:StunGrenade"],"picked":"RobotSpaceExplorer:ImprovisedAttack","floor":2},{"not_picked":["RobotSpaceExplorer:StunGrenade","RobotSpaceExplorer:GearShield"],"picked":"RobotSpaceExplorer:PowerCollector","floor":4},{"not_picked":["RobotSpaceExplorer:MiniDrones","RobotSpaceExplorer:JunkDive","RobotSpaceExplorer:GlueSpray"],"picked":"SKIP","floor":6},{"not_picked":["RobotSpaceExplorer:LuckyStrike","RobotSpaceExplorer:FranticSearch","RobotSpaceExplorer:SurgingStrike"],"picked":"SKIP","floor":11},{"not_picked":["RobotSpaceExplorer:SlimeMissile","RobotSpaceExplorer:SwiftStep","RobotSpaceExplorer:ScrapToss"],"picked":"SKIP","floor":12},{"not_picked":["RobotSpaceExplorer:ImprovisedAttack","RobotSpaceExplorer:GlueShot"],"picked":"RobotSpaceExplorer:DroneSwarm","floor":13},{"not_picked":["RobotSpaceExplorer:FreezeRay","RobotSpaceExplorer:StarDust","RobotSpaceExplorer:StunGrenade"],"picked":"SKIP","floor":14}],"player_experience":779813,"relics_obtained":[{"floor":6,"key":"TungstenRod"},{"floor":9,"key":"vexMod:InvisibilityCloak"},{"floor":14,"key":"hubris:DuctTape"}],"event_choices":[{"damage_healed":0,"gold_gain":0,"player_choice":"Knelt","damage_taken":0,"max_hp_gain":0,"max_hp_loss":3,"event_name":"Menagerie:BeastSpiritShrine","floor":3,"gold_loss":0,"cards_obtained":["Menagerie:BeastSpirit"]},{"damage_healed":0,"gold_gain":0,"player_choice":"Forge","damage_taken":0,"max_hp_gain":0,"max_hp_loss":0,"event_name":"Accursed Blacksmith","floor":5,"gold_loss":0,"cards_upgraded":["Menagerie:BeastSpirit"]},{"damage_healed":0,"gold_gain":0,"player_choice":"Touch","damage_taken":9,"relics_obtained":["Menagerie:ShiftingBlessing"],"max_hp_gain":0,"max_hp_loss":0,"event_name":"Menagerie:LunarGift","floor":8,"gold_loss":0}],"is_beta":false,"boss_relics":[],"items_purged_floors":[],"is_endless":false,"potions_floor_spawned":[11,12,13,14],"killed_by":"Menagerie:Suneater","ascension_level":1}}