{"host":"siy7oa151ubrcv6h","time":1607491128,"event":{"gold_per_floor":[109,119,131,143,143,143,162,162,162,197,197,272,272,252,252],"floor_reached":14,"playtime":196,"items_purged":[],"score":180,"play_id":"a1d83619-5937-4a51-8691-bf22ef281f8c","local_time":"20201209141848","is_ascension_mode":true,"campfire_choices":[{"data":"Inflame","floor":6,"key":"SMITH"},{"data":"Shockwave","floor":8,"key":"SMITH"}],"neow_cost":"NONE","seed_source_timestamp":330233787537800,"circlet_count":0,"master_deck":["AscendersBane","Strike_R","Strike_R","Strike_R","Strike_R","Strike_R","Defend_R","Defend_R","Defend_R","Defend_R","Bash","DevaForm","Inflame+1","Clothesline","Shockwave+1","Clothesline"],"relics":["Burning Blood","REME_ComplimentaryCards","NeowsBlessing","The Courier","Bronze Scales","Girya"],"potions_floor_usage":[],"damage_taken":[{"damage":0,"enemies":"2 Louse","floor":1,"turns":2},{"damage":0,"enemies":"Cultist","floor":2,"turns":1},{"damage":0,"enemies":"Small Slimes","floor":3,"turns":1},{"damage":39,"enemies":"2 Fungi Beasts","floor":4,"turns":5},{"damage":21,"enemies":"Large Slime","floor":7,"turns":4},{"damage":49,"enemies":"3 Sentries","floor":10,"turns":8},{"damage":3,"enemies":"Exordium Thugs","floor":14,"turns":1}],"seed_played":"-6240718900490319062","potions_obtained":[{"floor":1,"key":"DuplicationPotion"},{"floor":3,"key":"LiquidBronze"}],"is_trial":false,"path_per_floor":["M","M","M","M","?","R","M","R","T","E","?","?","?","M"],"character_chosen":"IRONCLAD","items_purchased":[],"campfire_rested":0,"item_purchase_floors":[],"current_hp_per_floor":[74,75,75,42,75,75,60,60,60,17,12,1,1,0,0],"gold":252,"neow_bonus":"THREE_ENEMY_KILL","is_prod":false,"is_daily":false,"chose_seed":false,"campfire_upgraded":2,"win_rate":0,"timestamp":1607491128,"path_taken":["M","M","M","M","?","R","?","R","T","E","?","?","?","M"],"build_version":"2020-11-30","purchased_purges":0,"victory":false,"max_hp_per_floor":[75,75,75,75,75,75,75,75,75,75,75,75,75,75,75],"card_choices":[{"not_picked":["Hemokinesis","Iron Wave"],"picked":"Inflame","floor":1},{"not_picked":["True Grit","Pummel"],"picked":"Second Wind","floor":2},{"not_picked":["Spot Weakness","Carnage"],"picked":"Clothesline","floor":3},{"not_picked":["Immolate","Whirlwind"],"picked":"Shockwave","floor":4},{"not_picked":["Anger","Metallicize"],"picked":"Clothesline","floor":7},{"not_picked":["Perfected Strike","Iron Wave","Sever Soul"],"picked":"SKIP","floor":10}],"player_experience":459124,"relics_obtained":[{"floor":9,"key":"The Courier"},{"floor":10,"key":"Bronze Scales"}],"event_choices":[{"cards_removed":["Second Wind"],"damage_healed":33,"gold_gain":0,"player_choice":"Offered Uncommon","damage_taken":0,"max_hp_gain":0,"max_hp_loss":0,"event_name":"Bonfire Elementals","floor":5,"gold_loss":0},{"damage_healed":0,"gold_gain":0,"player_choice":"Success","damage_taken":5,"relics_obtained":["Girya"],"max_hp_gain":0,"max_hp_loss":0,"event_name":"Scrap Ooze","floor":11,"gold_loss":0},{"damage_healed":0,"gold_gain":75,"player_choice":"Gather Gold","damage_taken":11,"max_hp_gain":0,"max_hp_loss":0,"event_name":"World of Goop","floor":12,"gold_loss":0},{"damage_healed":0,"gold_gain":0,"player_choice":"Ignored","damage_taken":0,"max_hp_gain":0,"max_hp_loss":0,"event_name":"Liars Game","floor":13,"gold_loss":0}],"is_beta":false,"boss_relics":[],"items_purged_floors":[],"is_endless":false,"potions_floor_spawned":[1,3,4,10],"killed_by":"Exordium Thugs","ascension_level":20}}