{"host":"4be9rrw6luv8jrir","time":1607534446,"event":{"gold_per_floor":[114,133,133,145,107,141,159,159,182,212,212,240,258,269,269,269,269],"floor_reached":16,"playtime":498,"items_purged":["Strike_R"],"score":128,"play_id":"4ce6ea13-972f-4a0d-b96a-c3bbc9630c12","local_time":"20201210012046","is_ascension_mode":true,"campfire_choices":[{"data":"Body Slam","floor":8,"key":"SMITH"},{"floor":11,"key":"REST"},{"floor":15,"key":"REST"}],"neow_cost":"NONE","seed_source_timestamp":172661183094300,"circlet_count":0,"master_deck":["Strike_R","Strike_R","Strike_R","Strike_R","Defend_R","Defend_R","Defend_R","Defend_R","Bash","Fire Breathing+1","Rampage","Body Slam+1","Heavy Blade","Body Slam","Flex"],"relics":["Burning Blood","DaveBox","NeowsBlessing","Membership Card","Question Card","PreservedInsect","Replay:Rubber Ducky","Darkstone Periapt","Garlic"],"potions_floor_usage":[7,13,16],"damage_taken":[{"damage":0,"enemies":"2 Louse","floor":1,"turns":1},{"damage":0,"enemies":"Cultist","floor":2,"turns":1},{"damage":0,"enemies":"Small Slimes","floor":4,"turns":1},{"damage":28,"enemies":"Gremlin Nob","floor":6,"turns":4},{"damage":35,"enemies":"Exordium Thugs","floor":7,"turns":6},{"damage":9,"enemies":"3 Sentries","floor":10,"turns":5},{"damage":23,"enemies":"Lagavulin","floor":12,"turns":6},{"damage":0,"enemies":"Large Slime","floor":13,"turns":4},{"damage":5,"enemies":"Red Slaver","floor":14,"turns":4},{"damage":82,"enemies":"The Guardian","floor":16,"turns":8}],"seed_played":"5192974825389938660","potions_obtained":[{"floor":2,"key":"Explosive Potion"},{"floor":12,"key":"FearPotion"},{"floor":13,"key":"PowerPotion"}],"is_trial":false,"path_per_floor":["M","M","?","M","$","E","M","R","T","E","R","E","M","M","R","B"],"character_chosen":"IRONCLAD","items_purchased":[],"campfire_rested":2,"item_purchase_floors":[],"current_hp_per_floor":[80,80,80,80,80,58,29,29,29,26,50,33,39,40,64,0,0],"gold":269,"neow_bonus":"THREE_ENEMY_KILL","is_prod":false,"is_daily":false,"chose_seed":false,"campfire_upgraded":1,"win_rate":0,"timestamp":1607534446,"path_taken":["M","M","?","M","$","E","M","R","T","E","R","E","?","?","R","BOSS"],"build_version":"2020-11-30","purchased_purges":1,"victory":false,"max_hp_per_floor":[80,80,80,80,80,80,80,80,80,80,80,80,80,80,80,80,80],"card_choices":[{"not_picked":["Armaments","Rupture","Wild Strike"],"picked":"SKIP","floor":1},{"not_picked":["Replay:Undeath\u0027s Touch","Clothesline","Twin Strike"],"picked":"Fire Breathing","floor":2},{"not_picked":["Rage","Twin Strike","hubris:SharpeningStone"],"picked":"Rampage","floor":4},{"not_picked":["Ghostly Armor","Shrug It Off","Headbutt"],"picked":"Body Slam","floor":6},{"not_picked":["hubris:CleavingFinish","Dual Wield","Thunderclap","Dark Embrace"],"picked":"SKIP","floor":7},{"not_picked":["Anger","ReplayTheSpireMod:Strike From Hell","Rampage"],"picked":"Heavy Blade","floor":10},{"not_picked":["Replay:Undeath\u0027s Touch","Cleave","Armaments","Blood for Blood"],"picked":"SKIP","floor":12},{"not_picked":["Rampage","Combust","Armaments"],"picked":"Body Slam","floor":13},{"not_picked":["Replay:Undeath\u0027s Touch","Corruption","Cleave"],"picked":"Flex","floor":14}],"player_experience":471333,"relics_obtained":[{"floor":1,"key":"Question Card"},{"floor":6,"key":"PreservedInsect"},{"floor":9,"key":"Replay:Rubber Ducky"},{"floor":10,"key":"Darkstone Periapt"},{"floor":12,"key":"Garlic"}],"event_choices":[{"damage_healed":0,"gold_gain":0,"player_choice":"Upgraded","damage_taken":0,"max_hp_gain":0,"max_hp_loss":0,"event_name":"Upgrade Shrine","floor":3,"gold_loss":0,"cards_upgraded":["Fire Breathing"]}],"is_beta":false,"boss_relics":[],"items_purged_floors":[5],"is_endless":false,"potions_floor_spawned":[2,12,13],"killed_by":"The Guardian","ascension_level":1}}