{"host":"10hinapzqlh39548","time":1607519348,"event":{"gold_per_floor":[116,127,142,71,85,114,158,184,184,184,199,216,216,196,196,296,396,435,487,399,439,464,490,490,509,556,595,607,647,659,722,734,841,853,876,905,931,616,616,616,646,646,646,662,662,697,351,369,369,369,369,369,179,213,13],"floor_reached":56,"playtime":6091,"items_purged":["Strike_B","Defend_B","Defend_B","ReplayTheSpireMod:Restless Dread"],"score":1836,"play_id":"7e0ed235-75ab-46b2-8511-82ccc86ed6c7","local_time":"20201209140908","is_ascension_mode":true,"campfire_choices":[{"floor":10.0,"key":"REST"},{"data":"Genetic Algorithm","floor":13.0,"key":"SMITH"},{"data":"ReplayRNGCard","floor":15.0,"key":"SMITH"},{"data":"MostiFishMod:LinkProtocol","floor":24.0,"key":"SMITH"},{"data":"MostiFishMod:DawningShadow","floor":28.0,"key":"SMITH"},{"floor":30.0,"key":"RECALL"},{"data":"Pot Of Greed","floor":32.0,"key":"SMITH"},{"data":"Defragment","floor":40.0,"key":"SMITH"},{"data":"Pot Of Greed","floor":42.0,"key":"SMITH"},{"data":"ReplayTheSpireMod:Calculation Training","floor":45.0,"key":"SMITH"},{"data":"MostiFishMod:TalkingToTheRain","floor":49,"key":"SMITH"},{"data":"Pot Of Greed","floor":52,"key":"SMITH"}],"neow_cost":"NONE","seed_source_timestamp":0,"circlet_count":0,"master_deck":["Defend_B","Defend_B+1","Zap+1","Dualcast+1","White Noise","Cold Snap","Force Field","Loop","ReplayRNGCard+1","Cold Snap","Defragment+1","Genetic Algorithm+1","MostiFishMod:LinkProtocol+1","MostiFishMod:DawningShadow+1","Blizzard","Blizzard","ReplayTheSpireMod:Calculation Training+1","Pot Of Greed+1","Pot Of Greed+1","Capacitor","MostiFishMod:TalkingToTheRain+1","Self Repair+1","Self Repair","Loop+1","Pot Of Greed+1"],"special_seed":0,"relics":["Cracked Core","DaveBox","Nloth\u0027s Gift","Question Card","Eternal Feather","Replay:Bottled Steam","ImportantClient","Replay:Grab Bag","Replay:Wanted Poster","Replay:Bronze Core","Replay:Drink Me","RhineCircuit","ReplayTheSpireMod:Lightbulb","Cables","MawBank","Nunchaku","Grinning Jar","wanderingMiniBosses:LockLocket","ChiXiaoBlade","Replay:Multitool","StrikeDummy","Mango","War Paint","Bronze Scales","CeramicFish","ReplayTheSpireMod:CursedCoin","FossilizedHelix","ImprovedEquipment"],"potions_floor_usage":[54,55,55],"damage_taken":[{"damage":0.0,"enemies":"Cultist","floor":1.0,"turns":3.0},{"damage":7.0,"enemies":"Jaw Worm","floor":2.0,"turns":3.0},{"damage":2.0,"enemies":"Small Slimes","floor":3.0,"turns":3.0},{"damage":13.0,"enemies":"2 Fungi Beasts","floor":5.0,"turns":4.0},{"damage":20.0,"enemies":"3 Sentries","floor":6.0,"turns":5.0},{"damage":4.0,"enemies":"Looter","floor":7.0,"turns":7.0},{"damage":12.0,"enemies":"Lagavulin","floor":8.0,"turns":7.0},{"damage":5.0,"enemies":"Exordium Wildlife","floor":11.0,"turns":5.0},{"damage":6.0,"enemies":"Large Slime","floor":12.0,"turns":5.0},{"damage":29.0,"enemies":"Slime Boss","floor":16.0,"turns":8.0},{"damage":0.0,"enemies":"Spheric Guardian","floor":18.0,"turns":8.0},{"damage":0.0,"enemies":"Shell Parasite","floor":21.0,"turns":11.0},{"damage":0.0,"enemies":"Centurion and Healer","floor":22.0,"turns":8.0},{"damage":0.0,"enemies":"Gremlin Leader","floor":23.0,"turns":7.0},{"damage":0.0,"enemies":"Snake Plant","floor":25.0,"turns":7.0},{"damage":0.0,"enemies":"Book of Stabbing","floor":27.0,"turns":6.0},{"damage":30.0,"enemies":"Gremlin Leader","floor":29.0,"turns":5.0},{"damage":0.0,"enemies":"Snecko","floor":31.0,"turns":6.0},{"damage":3.0,"enemies":"Pondfish","floor":33.0,"turns":7.0},{"damage":0.0,"enemies":"Orb Walker","floor":35.0,"turns":4.0},{"damage":19.0,"enemies":"3 Shapes","floor":36.0,"turns":4.0},{"damage":0.0,"enemies":"Transient","floor":37.0,"turns":5.0},{"damage":0.0,"enemies":"Nemesis","floor":41.0,"turns":5.0},{"damage":14.0,"enemies":"Writhing Mass","floor":44.0,"turns":4.0},{"damage":15.0,"enemies":"R_Hoarder","floor":46.0,"turns":5.0},{"damage":1,"enemies":"Sphere and 2 Shapes","floor":48,"turns":4},{"damage":5,"enemies":"Awakened One","floor":50,"turns":5},{"damage":28,"enemies":"Shield and Spear","floor":54,"turns":4},{"damage":75,"enemies":"The Heart","floor":55,"turns":6}],"seed_played":"2581151470353207464","potions_obtained":[{"floor":1.0,"key":"Strength Potion"},{"floor":5.0,"key":"DistilledChaos"},{"floor":6.0,"key":"Venom Potion"},{"floor":8.0,"key":"FearPotion"},{"floor":12.0,"key":"Swift Potion"},{"floor":14.0,"key":"Reflective Coating"},{"floor":21.0,"key":"Regen Potion"},{"floor":23.0,"key":"Regen Potion"},{"floor":31.0,"key":"Explosive Potion"},{"floor":35.0,"key":"AttackPotion"},{"floor":39.0,"key":"Fruit Juice"},{"floor":39.0,"key":"LiquidMemories"}],"is_trial":false,"path_per_floor":["M","M","M","$","M","E","M","E","T","R","M","M","R","?","R","B",null,"M","T","$","M","M","E","R","M","T","E","R","E","R","M","R","B",null,"M","M","M","$","?","R","E","R","T","M","R","E","$","M","R","B",null,"R","$","E","B",null],"character_chosen":"DEFECT","items_purchased":["Loop","Blizzard","Replay:Multitool","Bronze Scales","CeramicFish","ReplayTheSpireMod:CursedCoin","FossilizedHelix"],"campfire_rested":1,"item_purchase_floors":[4,20,38,47,47,53,53],"current_hp_per_floor":[68,61,59,59,46,26,22,10,10,41,36,30,39,39,48,19,48,48,48,48,48,48,48,57,57,57,57,57,36,48,57,57,54,56,56,47,57,57,62,62,62,62,76,76,76,76,76,76,76,76,76,76,76,65,18],"gold":13,"neow_bonus":"UPGRADE_CARD","is_prod":false,"is_daily":false,"chose_seed":false,"campfire_upgraded":10,"win_rate":0,"timestamp":1607519348,"path_taken":["M","M","M","$","M","E","M","E","T","R","M","?","R","?","R","BOSS","M","?","$","M","M","E","R","M","T","E","R","E","R","M","R","BOSS","M","M","M","$","?","R","E","R","T","M","R","E","?","?","R","BOSS","R","$","E","BOSS"],"build_version":"2020-11-30","purchased_purges":4,"victory":true,"max_hp_per_floor":[75,75,75,75,75,75,75,75,75,75,75,75,75,75,75,75,57,57,57,57,57,57,57,57,57,57,57,57,57,57,57,57,57,57,57,57,57,57,62,62,62,62,76,76,76,76,76,76,76,76,76,76,76,76,76],"card_choices":[{"not_picked":["Panic Button","MostiFishMod:FourSeasons"],"picked":"White Noise","floor":1.0},{"not_picked":["Turbo","Hologram","ReplayTheSpireMod:System Scan"],"picked":"Cold Snap","floor":2.0},{"not_picked":["MostiFishMod:PushDownKick","Hologram","Fission"],"picked":"Force Field","floor":3.0},{"not_picked":["Go for the Eyes","BootSequence","Rebound","Streamline"],"picked":"SKIP","floor":5.0},{"not_picked":["MostiFishMod:Culaccino","Hologram","Skim"],"picked":"ReplayRNGCard","floor":6.0},{"not_picked":["BasicCrystalCard","Conserve Battery","Fission"],"picked":"Cold Snap","floor":7.0},{"not_picked":["Rebound","Hologram","Machine Learning"],"picked":"Defragment","floor":8.0},{"not_picked":["Beam Cell","Stack","Panic Button","Barrage"],"picked":"SKIP","floor":11.0},{"not_picked":["Darkness","Crystallizer","ReplayGash"],"picked":"Genetic Algorithm","floor":12.0},{"not_picked":["Reboot","MostiFishMod:StarOceanB","MostiFishMod:InterfaceCompatibility"],"picked":"MostiFishMod:LinkProtocol","floor":16.0},{"not_picked":["Cold Snap","Coolheaded","Steam"],"picked":"MostiFishMod:DawningShadow","floor":18.0},{"not_picked":["Go for the Eyes","Turbo","Compile Driver+1"],"picked":"Blizzard","floor":21.0},{"not_picked":["Rebound","Ball Lightning","Steam","Go for the Eyes"],"picked":"SKIP","floor":22.0},{"not_picked":["BootSequence","Static Discharge","Ball Lightning"],"picked":"ReplayTheSpireMod:Calculation Training","floor":23.0},{"not_picked":["Ball Lightning+1","Streamline","Multi-Cast","Turbo"],"picked":"SKIP","floor":25.0},{"not_picked":["Multi-Cast","Hyperbeam","ReplayTheSpireMod:System Scan","MostiFishMod:FourSeasons"],"picked":"SKIP","floor":27.0},{"not_picked":["Leap","Barrage","Loop"],"picked":"Capacitor","floor":29.0},{"not_picked":["Panic Button","Rip and Tear","Go for the Eyes","Melter+1"],"picked":"SKIP","floor":31.0},{"not_picked":["MostiFishMod:FluxCapactior","MostiFishMod:PushDownKick","Hyperbeam"],"picked":"MostiFishMod:TalkingToTheRain","floor":33.0},{"not_picked":["Recycle","Hello World","Static Discharge"],"picked":"Self Repair+1","floor":35.0},{"not_picked":["Rebound","Stack+1","Go for the Eyes","FIFO Queue+1"],"picked":"SKIP","floor":36.0},{"not_picked":["Rebound","Stack+1","Go for the Eyes","FIFO Queue+1"],"picked":"SKIP","floor":36.0},{"not_picked":["Turbo+1","Sweeping Beam+1","ReplayGash","MostiFishMod:IntelligentEquipment"],"picked":"SKIP","floor":37.0},{"not_picked":["Conserve Battery","Reinforced Body","Reprogram"],"picked":"Self Repair","floor":41.0},{"not_picked":["ReplayTheSpireMod:Reroute Power","Undo","Steam","Panic Button+1"],"picked":"SKIP","floor":44.0},{"not_picked":["ReplayTheSpireMod:Reroute Power","Undo","Steam","Panic Button+1"],"picked":"SKIP","floor":44.0},{"not_picked":["Biased Cognition","Rebound","FIFO Queue"],"picked":"Loop+1","floor":46.0},{"not_picked":["ReplayTheSpireMod:Repulse","Darkness","Panic Button","Ball Lightning+1"],"picked":"SKIP","floor":48},{"not_picked":["FIFO Queue+1","Barrage","Fusion","MostiFishMod:PushDownKick"],"picked":"SKIP","floor":54}],"player_experience":1063411,"relics_obtained":[{"floor":1.0,"key":"Question Card"},{"floor":6.0,"key":"Eternal Feather"},{"floor":8.0,"key":"Replay:Bottled Steam"},{"floor":16.0,"key":"ImportantClient"},{"floor":19.0,"key":"ReplayTheSpireMod:Lightbulb"},{"floor":23.0,"key":"Cables"},{"floor":26.0,"key":"MawBank"},{"floor":27.0,"key":"Nunchaku"},{"floor":29.0,"key":"Grinning Jar"},{"floor":31.0,"key":"wanderingMiniBosses:LockLocket"},{"floor":41.0,"key":"StrikeDummy"},{"floor":43.0,"key":"Mango"},{"floor":46.0,"key":"War Paint"},{"floor":54,"key":"ImprovedEquipment"}],"event_choices":[{"damage_healed":0.0,"max_hp_gain":0.0,"max_hp_loss":0.0,"gold_gain":0.0,"event_name":"The Woman in Blue","player_choice":"Bought 1 Potion","floor":14.0,"gold_loss":0.0,"damage_taken":0.0},{"damage_healed":0.0,"max_hp_gain":0.0,"max_hp_loss":0.0,"gold_gain":0.0,"event_name":"Lab","player_choice":"Got Potions","floor":39.0,"gold_loss":0.0,"damage_taken":0.0}],"is_beta":false,"boss_relics":[{"not_picked":["Philosopher\u0027s Stone","HaiYi:Twilight"],"picked":"Replay:Grab Bag"},{"not_picked":["Busted Crown","Abe\u0027s Treasure"],"picked":"Replay:Wanted Poster"},{"not_picked":["Cursed Key","Sozu"],"picked":"Replay:Bronze Core"},{"not_picked":["TimeKeys","BloodWine"],"picked":"Replay:Drink Me"},{"not_picked":["TakeMeEscape","Ring of Chaos"],"picked":"RhineCircuit"},{"not_picked":["OneHitWonderSystem","MetatronsCube"],"picked":"ChiXiaoBlade"}],"items_purged_floors":[20,38,47,53],"is_endless":false,"potions_floor_spawned":[1,5,6,8,12,21,23,27,31,35,48],"ascension_level":8}}