{"host":"jm9833yuloeli2yd","time":1607534665,"event":{"gold_per_floor":[115,115,139,139,160,160,176,176,176],"floor_reached":8,"playtime":179,"items_purged":[],"score":92,"play_id":"68da8cd9-ff62-4ca5-8891-f68dc3b8f9fe","local_time":"20201209122425","is_ascension_mode":true,"campfire_choices":[{"floor":6.0,"key":"REST"}],"neow_cost":"TEN_PERCENT_HP_LOSS","seed_source_timestamp":760943559642900,"circlet_count":0,"master_deck":["AscendersBane","Strike_B","Strike_B","Strike_B","Strike_B","Defend_B","Defend_B","Defend_B","Defend_B","Zap","Dualcast","Magnetism","Auto Shields","Compile Driver","Genetic Algorithm"],"special_seed":0,"relics":["Cracked Core","Golden Idol","Art of War","Bag of Preparation"],"potions_floor_usage":[8],"damage_taken":[{"damage":12.0,"enemies":"2 Louse","floor":1.0,"turns":4.0},{"damage":1.0,"enemies":"Jaw Worm","floor":5.0,"turns":4.0},{"damage":4.0,"enemies":"Small Slimes","floor":7.0,"turns":3.0},{"damage":29,"enemies":"3 Sentries","floor":8,"turns":4}],"seed_played":"2026451020238772505","potions_obtained":[{"floor":5.0,"key":"Strength Potion"},{"floor":7.0,"key":"SpeedPotion"}],"is_trial":false,"path_per_floor":["M","?","T","?","M","R","M","E"],"character_chosen":"DEFECT","items_purchased":[],"campfire_rested":1,"item_purchase_floors":[],"current_hp_per_floor":[52,52,52,17,16,33,29,0,0],"gold":176,"neow_bonus":"RANDOM_COLORLESS_2","is_prod":false,"is_daily":false,"chose_seed":false,"campfire_upgraded":0,"win_rate":0,"timestamp":1607534665,"path_taken":["M","?","?","?","M","R","M","E"],"build_version":"2020-11-30","purchased_purges":0,"victory":false,"max_hp_per_floor":[64,58,58,58,58,58,58,58,58],"card_choices":[{"not_picked":["Master of Strategy","Panache"],"picked":"Magnetism","floor":0.0},{"not_picked":["White Noise","Recycle"],"picked":"Auto Shields","floor":1.0},{"not_picked":["Hologram","Sweeping Beam"],"picked":"Compile Driver","floor":5.0},{"not_picked":["Go for the Eyes","Redo"],"picked":"Genetic Algorithm","floor":7.0}],"player_experience":979067,"relics_obtained":[{"floor":3.0,"key":"Art of War"}],"event_choices":[{"damage_healed":0.0,"max_hp_gain":0.0,"max_hp_loss":6.0,"gold_gain":0.0,"event_name":"Golden Idol","player_choice":"Lose Max HP","floor":2.0,"gold_loss":0.0,"damage_taken":0.0,"relics_obtained":["Golden Idol"]},{"damage_healed":0.0,"max_hp_gain":0.0,"max_hp_loss":0.0,"gold_gain":0.0,"event_name":"Scrap Ooze","player_choice":"Success","floor":4.0,"gold_loss":0.0,"damage_taken":35.0,"relics_obtained":["Bag of Preparation"]}],"is_beta":false,"boss_relics":[],"items_purged_floors":[],"is_endless":false,"potions_floor_spawned":[5,7],"killed_by":"3 Sentries","ascension_level":20}}