{"host":"hrqqt8m0zf5zoikh","time":1607491639,"event":{"gold_per_floor":[110,128,128,128,197,224,224,250,274,286,306,319,334,406,406,504,504,516,536,536,50,62,91,104,104,104],"floor_reached":25,"playtime":2565,"items_purged":[],"score":247,"play_id":"e184bbee-80f8-4f22-b3ad-406f35a4a8c8","local_time":"20201209062719","is_ascension_mode":true,"campfire_choices":[{"floor":15.0,"key":"REST"}],"neow_cost":"NONE","seed_source_timestamp":0,"circlet_count":0,"master_deck":["Strike_B","Strike_B","Strike_B","Strike_B","Defend_B","Defend_B","Defend_B","Zap+1","Dualcast+1","Turbo+1","Conserve Battery+1","Double Energy+1","Genetic Algorithm+1","Chill+1","Cold Snap+1","Creative AI+1","Creative AI+1","Turbo+1","Tempest+1","Creative AI+1","Electrodynamics","Pain","BasicCrystalCard","ReplaySort","Streamline","Conserve Battery"],"special_seed":0,"relics":["Cracked Core","Hammer of Thor","Seething Fire","Anvil of the Gods","Blood Vial","Question Card","Toy Ornithopter","Potion Belt","Strawberry","Kunai","Frozen Eye","Ginger","Anchor","Prayer Wheel"],"potions_floor_usage":[25],"damage_taken":[{"damage":5.0,"enemies":"Small Slimes","floor":1.0,"turns":3.0},{"damage":0.0,"enemies":"2 Louse","floor":2.0,"turns":1.0},{"damage":18.0,"enemies":"Replay:BlueRogue","floor":6.0,"turns":6.0},{"damage":41.0,"enemies":"Gremlin Nob","floor":8.0,"turns":5.0},{"damage":0.0,"enemies":"Jaw Worm","floor":10.0,"turns":3.0},{"damage":11.0,"enemies":"Large Slime","floor":11.0,"turns":4.0},{"damage":0.0,"enemies":"Lots of Slimes","floor":12.0,"turns":4.0},{"damage":13.0,"enemies":"Exordium Wildlife","floor":13.0,"turns":6.0},{"damage":19.0,"enemies":"Slime Boss","floor":16.0,"turns":8.0},{"damage":9.0,"enemies":"Shell Parasite","floor":18.0,"turns":6.0},{"damage":19.0,"enemies":"3 Byrds","floor":19.0,"turns":5.0},{"damage":60.0,"enemies":"Cultist and Chosen","floor":22.0,"turns":7.0},{"damage":34.0,"enemies":"Gremlin Leader","floor":23.0,"turns":8.0},{"damage":12.0,"enemies":"Snake Plant","floor":24.0,"turns":5.0},{"damage":1,"enemies":"Slavers","floor":25,"turns":3}],"seed_played":"7022418091323891325","potions_obtained":[{"floor":8.0,"key":"PowerPotion"},{"floor":10.0,"key":"FairyPotion"},{"floor":13.0,"key":"SpeedPotion"},{"floor":16.0,"key":"Energy Potion"},{"floor":18.0,"key":"Swift Potion"},{"floor":19.0,"key":"Explosive Potion"},{"floor":23.0,"key":"Swift Potion"}],"is_trial":false,"path_per_floor":["M","M","?","?","T","E","?","E","T","M","M","M","M","T","R","B",null,"M","M","?","$","M","E","M","E"],"character_chosen":"DEFECT","items_purchased":["Electrodynamics","Frozen Eye","Ginger","Anchor"],"campfire_rested":1,"item_purchase_floors":[21,21,21,21],"current_hp_per_floor":[70,70,70,70,70,54,54,22,22,24,20,22,11,11,35,23,82,73,61,61,61,13,12,2,8,8],"gold":104,"neow_bonus":"TRANSFORM_CARD","is_prod":false,"is_daily":false,"chose_seed":false,"campfire_upgraded":0,"win_rate":0,"timestamp":1607491639,"path_taken":["M","M","?","?","?","E","?","E","T","M","?","M","M","?","R","BOSS","M","M","?","$","M","E","M","E"],"build_version":"2020-11-30","purchased_purges":0,"victory":false,"max_hp_per_floor":[75,75,75,75,75,75,75,82,82,82,82,82,82,82,82,82,82,82,82,82,82,82,82,82,82,82],"card_choices":[{"not_picked":["Hologram","Steam Power"],"picked":"Turbo","floor":1.0},{"not_picked":["Rebound","Leap"],"picked":"Conserve Battery","floor":2.0},{"not_picked":["Stack","Beam Cell","ReplayRNGCard"],"picked":"Double Energy","floor":6.0},{"not_picked":["Redo","Turbo","ReplayTheSpireMod:Reroute Power"],"picked":"Genetic Algorithm","floor":8.0},{"not_picked":["ReplayTheSpireMod:System Scan","Turbo","Steam"],"picked":"Chill","floor":10.0},{"not_picked":["Rebound","Scrape","ReplayTheSpireMod:Reroute Power"],"picked":"Cold Snap","floor":11.0},{"not_picked":["Skim","Leap","Redo","BasicCrystalCard"],"picked":"SKIP","floor":12.0},{"not_picked":["Reprogram","Recycle","Time Bomb"],"picked":"Creative AI","floor":13.0},{"not_picked":["ReplayRNGCard","Machine Learning","Amplify"],"picked":"Creative AI","floor":16.0},{"not_picked":["Gash","Heatsinks+1","Blizzard"],"picked":"Turbo+1","floor":18.0},{"not_picked":["Cold Snap+1","Streamline+1","Glacier+1"],"picked":"Tempest+1","floor":19.0},{"not_picked":["Stack+1","Reprogram","Coolheaded"],"picked":"BasicCrystalCard","floor":22.0},{"not_picked":["Gash+1","Turbo","ReplayGash"],"picked":"ReplaySort","floor":23.0},{"not_picked":["Stack+1","ReplayTheSpireMod:Repulse","Heatsinks"],"picked":"Streamline","floor":24.0},{"not_picked":["Barrage","Genetic Algorithm","Doom and Gloom"],"picked":"Conserve Battery","floor":24.0}],"player_experience":418041,"relics_obtained":[{"floor":5.0,"key":"Question Card"},{"floor":6.0,"key":"Toy Ornithopter"},{"floor":8.0,"key":"Strawberry"},{"floor":14.0,"key":"Kunai"},{"floor":23.0,"key":"Prayer Wheel"}],"event_choices":[{"damage_healed":0.0,"max_hp_gain":0.0,"max_hp_loss":0.0,"gold_gain":0.0,"event_name":"Big Fish","player_choice":"Box","floor":3.0,"gold_loss":0.0,"damage_taken":0.0,"relics_obtained":["Blood Vial"],"cards_obtained":["Regret"]},{"damage_healed":0.0,"max_hp_gain":0.0,"max_hp_loss":0.0,"gold_gain":0.0,"event_name":"The Cleric","player_choice":"Leave","floor":4.0,"gold_loss":0.0,"damage_taken":0.0},{"cards_removed":["Gash"],"damage_healed":0.0,"max_hp_gain":0.0,"max_hp_loss":0.0,"gold_gain":0.0,"event_name":"WeMeetAgain","player_choice":"Gave Card","floor":7.0,"gold_loss":0.0,"damage_taken":0.0,"relics_obtained":["Potion Belt"]},{"damage_healed":0.0,"max_hp_gain":0.0,"max_hp_loss":0.0,"gold_gain":0.0,"event_name":"Duplicator","player_choice":"Copied","floor":20.0,"gold_loss":0.0,"damage_taken":0.0,"cards_obtained":["Creative AI"]}],"is_beta":false,"boss_relics":[{"not_picked":["Runic Pyramid","ReplayTheSpireMod:DimensionalGlitch","Painkiller Herb"]}],"items_purged_floors":[],"is_endless":false,"potions_floor_spawned":[8,10,13,16,18,19,23],"killed_by":"Slavers","ascension_level":1}}