{"host":"5gc11emcm5chfr5t","time":1607479880,"event":{"gold_per_floor":[117,117,127,92,102,102,131,131,156,184,184,204,379,398,398,398,398],"floor_reached":16,"playtime":692,"items_purged":[],"score":143,"play_id":"6757b3d9-eed7-4ec6-93f8-a5ee22167137","local_time":"20201208211120","is_ascension_mode":true,"campfire_choices":[{"data":"Neutralize","floor":6,"key":"SMITH"},{"floor":8,"key":"REST"},{"floor":11,"key":"REST"},{"floor":15,"key":"REST"}],"neow_cost":"NONE","seed_source_timestamp":170699867465900,"circlet_count":0,"master_deck":["Strike_G","Strike_G","Strike_G","Strike_G","Strike_G","Defend_G","Defend_G","Defend_G","Defend_G","Survivor","Neutralize+1","CurseOfTheBell","Quick Slash","PiercingWail","Slice","Malaise","Backstab","Doubt","Slice"],"relics":["Calling Bell","Ancient Tea Set","Question Card","Peace Pipe","Lantern","Mango"],"potions_floor_usage":[7,10],"damage_taken":[{"damage":6,"enemies":"2 Louse","floor":1,"turns":4},{"damage":0,"enemies":"Cultist","floor":3,"turns":4},{"damage":2,"enemies":"Small Slimes","floor":5,"turns":4},{"damage":43,"enemies":"3 Sentries","floor":7,"turns":16},{"damage":42,"enemies":"Gremlin Nob","floor":10,"turns":5},{"damage":6,"enemies":"Looter","floor":12,"turns":4},{"damage":5,"enemies":"Blue Slaver","floor":14,"turns":4},{"damage":60,"enemies":"Hexaghost","floor":16,"turns":15}],"seed_played":"5252073480268533235","potions_obtained":[{"floor":3,"key":"ColorlessPotion"},{"floor":7,"key":"LiquidBronze"}],"is_trial":false,"path_per_floor":["M","?","M","?","M","R","E","R","T","E","R","M","?","M","R","B"],"character_chosen":"THE_SILENT","items_purchased":[],"campfire_rested":3,"item_purchase_floors":[],"current_hp_per_floor":[57,57,57,70,68,68,25,46,46,18,43,37,37,32,57,0,0],"gold":398,"neow_bonus":"BOSS_RELIC","is_prod":false,"is_daily":false,"chose_seed":false,"campfire_upgraded":1,"win_rate":0,"timestamp":1607479880,"path_taken":["M","?","?","?","M","R","E","R","T","E","R","M","?","M","R","BOSS"],"build_version":"2020-11-30","purchased_purges":0,"victory":false,"max_hp_per_floor":[70,70,70,70,70,70,70,70,70,84,84,84,84,84,84,84,84],"card_choices":[{"not_picked":["Bane","Sucker Punch","Crippling Poison"],"picked":"Quick Slash","floor":1},{"not_picked":["Accuracy","Outmaneuver","Underhanded Strike","Acrobatics"],"picked":"SKIP","floor":3},{"not_picked":["Noxious Fumes","Backflip","Bouncing Flask"],"picked":"PiercingWail","floor":5},{"not_picked":["Well Laid Plans","Accuracy","Deflect"],"picked":"Slice","floor":7},{"not_picked":["Riddle With Holes","Choke","Concentrate"],"picked":"Malaise","floor":10},{"not_picked":["Deflect","Flying Knee","Infinite Blades"],"picked":"Backstab","floor":12},{"not_picked":["Quick Slash","Dodge and Roll","Outmaneuver"],"picked":"Slice","floor":14}],"player_experience":298076,"relics_obtained":[{"floor":0,"key":"Ancient Tea Set"},{"floor":0,"key":"Question Card"},{"floor":0,"key":"Peace Pipe"},{"floor":7,"key":"Lantern"},{"floor":10,"key":"Mango"}],"event_choices":[{"cards_removed":["Defend_G"],"damage_healed":0,"gold_gain":0,"player_choice":"Purged","damage_taken":0,"max_hp_gain":0,"max_hp_loss":0,"event_name":"Purifier","floor":2,"gold_loss":0},{"damage_healed":17,"gold_gain":0,"player_choice":"Healed","damage_taken":0,"max_hp_gain":0,"max_hp_loss":0,"event_name":"The Cleric","floor":4,"gold_loss":35},{"damage_healed":0,"gold_gain":175,"player_choice":"AGREE","damage_taken":0,"max_hp_gain":0,"max_hp_loss":0,"event_name":"Liars Game","floor":13,"gold_loss":0,"cards_obtained":["Doubt"]}],"is_beta":false,"boss_relics":[],"items_purged_floors":[],"is_endless":false,"potions_floor_spawned":[3,7],"killed_by":"Hexaghost","ascension_level":6}}