{"host":"hfvpa4llnnjpeawn","time":1607480065,"event":{"gold_per_floor":[218,218,18,18,18,46,46,96,121,15,46,46,58,88,88,193,193,212,242,259,109,129,161,161,209,234,234,264,264],"floor_reached":28,"playtime":1337,"items_purged":[],"score":425,"play_id":"379cb65e-dfc0-45ec-b264-f5298356169a","local_time":"20201208211425","is_ascension_mode":true,"campfire_choices":[{"data":"Life Link","floor":7,"key":"SMITH"},{"data":"Whirlwind","floor":15,"key":"SMITH"},{"data":"Flex","floor":15,"key":"SMITH"},{"data":"Fire Breathing","floor":24,"key":"SMITH"},{"data":"conspire:HitWhereItHurts","floor":24,"key":"SMITH"}],"neow_cost":"NONE","seed_source_timestamp":297115178105300,"circlet_count":0,"master_deck":["Strike_R","Strike_R","Strike_R+1","Strike_R","Strike_R+1","Defend_R+1","Defend_R","Defend_R","Defend_R","Bash","Armaments+1","Life Link+1","Whirlwind+1","Flex+1","Iron Wave","Voices","ReplayTheSpireMod:IOU","Shockwave+1","Shame","hubris:ReadiedAction","Evolve","hubris:Envy","Feed","Sword Boomerang+1","Headbutt","conspire:HitWhereItHurts+1","Fire Breathing+1","Pommel Strike+1","Heavy Blade+1","Shame","Decay"],"relics":["Burning Blood","hubris:Icosahedron","Whetstone","Ring of Greed","Ring of Hypnosis","The Courier","Membership Card","Bronze Scales","Chemical X","Replay:Wax Seal","DemoMod:PinkGuonStone","Replay:Arrowhead","Pantograph","War Paint","Replay:Bronze Core","Red Mask","Magic Flower","Replay:Bandana","Letter Opener","DemoMod:WeirdEgg"],"potions_floor_usage":[11,16,22,23,28],"damage_taken":[{"damage":2,"enemies":"2 Louse","floor":1,"turns":3},{"damage":23,"enemies":"Gremlin Nob","floor":6,"turns":4},{"damage":20,"enemies":"Lagavulin","floor":11,"turns":7},{"damage":0,"enemies":"Small Slimes","floor":13,"turns":3},{"damage":22,"enemies":"3 Sentries","floor":14,"turns":3},{"damage":32,"enemies":"The Guardian","floor":16,"turns":8},{"damage":19,"enemies":"2 Thieves","floor":18,"turns":3},{"damage":0,"enemies":"Masked Bandits","floor":19,"turns":1},{"damage":5,"enemies":"Chosen","floor":20,"turns":4},{"damage":24,"enemies":"Sentry and Sphere","floor":22,"turns":3},{"damage":0,"enemies":"Slavers","floor":23,"turns":1},{"damage":52,"enemies":"Gremlin Leader","floor":25,"turns":5},{"damage":38,"enemies":"Book of Stabbing","floor":28,"turns":3}],"seed_played":"1343560200248815525","potions_obtained":[{"floor":1,"key":"DemoMod:LeadSkinPotion"},{"floor":14,"key":"Adrenaline Potion"},{"floor":16,"key":"SteroidPotion"},{"floor":19,"key":"Swift Potion"},{"floor":25,"key":"Explosive Potion"}],"is_trial":false,"path_per_floor":["M","?","$","?","?","E","R","?","T","$","E","T","M","E","R","B",null,"M","?","M","$","M","E","R","E","T","?","E"],"character_chosen":"IRONCLAD","items_purchased":["Life Link","Whirlwind","Flex","Chemical X","Replay:Wax Seal","DemoMod:PinkGuonStone","Shockwave","Magic Flower","Fire Breathing"],"campfire_rested":0,"item_purchase_floors":[3,3,3,10,10,10,10,21,21],"current_hp_per_floor":[80,80,80,80,80,63,63,63,63,70,56,56,62,46,46,45,87,74,80,81,81,66,75,75,32,32,32,0,0],"gold":264,"neow_bonus":"HUNDRED_GOLD","is_prod":false,"is_daily":false,"chose_seed":false,"campfire_upgraded":5,"win_rate":0,"timestamp":1607480065,"path_taken":["M","?","$","?","?","E","R","?","T","$","E","?","M","E","R","BOSS","M","?","M","$","M","E","R","E","T","?","E"],"build_version":"2020-11-30","purchased_purges":0,"victory":false,"max_hp_per_floor":[80,80,80,80,80,80,80,80,80,87,87,87,87,87,87,87,87,87,87,87,87,87,87,87,87,87,87,87,87],"card_choices":[{"not_picked":["Dark Embrace","ReplayTheSpireMod:LeadingStrike"],"picked":"Armaments","floor":1},{"not_picked":["Wild Strike","Dual Wield"],"picked":"Iron Wave","floor":6},{"not_picked":["Reckless Charge","Blood for Blood","Exhume"],"picked":"SKIP","floor":11},{"not_picked":["Warcry","Infernal Blade"],"picked":"hubris:ReadiedAction","floor":13},{"not_picked":["Wild Strike","Dark Embrace"],"picked":"Evolve","floor":14},{"not_picked":["conspire:HitWhereItHurts","Exhume"],"picked":"Feed","floor":16},{"not_picked":["Clothesline","Defy Death+1"],"picked":"Sword Boomerang+1","floor":18},{"not_picked":["Massacre","Life Link"],"picked":"Headbutt","floor":19},{"not_picked":["Shrug It Off","Infernal Blade"],"picked":"conspire:HitWhereItHurts","floor":20},{"not_picked":["ReplayTheSpireMod:Strike From Hell","Headbutt"],"picked":"Pommel Strike+1","floor":22},{"not_picked":["Replay:Undeath\u0027s Touch","Clothesline"],"picked":"Heavy Blade+1","floor":23},{"not_picked":["Anger+1","Fiend Fire","Evolve"],"picked":"SKIP","floor":25}],"player_experience":152926,"relics_obtained":[{"floor":6,"key":"Whetstone"},{"floor":8,"key":"Ring of Greed"},{"floor":8,"key":"Ring of Hypnosis"},{"floor":8,"key":"The Courier"},{"floor":8,"key":"Membership Card"},{"floor":9,"key":"Bronze Scales"},{"floor":11,"key":"Replay:Arrowhead"},{"floor":12,"key":"Pantograph"},{"floor":14,"key":"War Paint"},{"floor":19,"key":"Red Mask"},{"floor":23,"key":"Replay:Bandana"},{"floor":25,"key":"Letter Opener"},{"floor":26,"key":"DemoMod:WeirdEgg"}],"event_choices":[{"damage_healed":0,"gold_gain":0,"player_choice":"Fought Bandits","damage_taken":0,"max_hp_gain":0,"max_hp_loss":0,"event_name":"Masked Bandits","floor":19,"gold_loss":0},{"damage_healed":0,"gold_gain":0,"player_choice":"Smashed Altar","damage_taken":0,"max_hp_gain":0,"max_hp_loss":0,"event_name":"Forgotten Altar","floor":27,"gold_loss":0,"cards_obtained":["Decay"]}],"is_beta":false,"boss_relics":[{"not_picked":["conspire:SeveredTorchhead","Philosopher\u0027s Stone"],"picked":"Replay:Bronze Core"}],"items_purged_floors":[],"is_endless":false,"potions_floor_spawned":[1,14,16,19,25],"killed_by":"Book of Stabbing","ascension_level":2}}