{"host":"ueef25wtkg2eer3h","time":1607501656,"event":{"gold_per_floor":[113,35,54,70,70,104,104,117,169,169,23,56,70,97,97,198,198,216,231,6,15,36,36,36],"floor_reached":23,"playtime":885,"items_purged":["Strike_B","Strike_B"],"score":285,"play_id":"a1df9362-1185-4a2d-86cd-d8c3e1b57013","local_time":"20201209091416","is_ascension_mode":true,"campfire_choices":[{"data":"Defragment","floor":7,"key":"SMITH"},{"floor":10,"key":"REST"},{"floor":15,"key":"REST"}],"neow_cost":"NONE","seed_source_timestamp":71558368420800,"circlet_count":0,"master_deck":["Strike_B","Strike_B","Defend_B","Defend_B","Defend_B","Defend_B","Zap","Dualcast","Beam Cell","FTL","Defragment+1","Defragment+1","Sweeping Beam","Buffer","Double Energy","Static Discharge","Ball Lightning","FTL","Fission","Storm+1","Go for the Eyes","Capacitor","Writhe","Self Repair"],"relics":["Cracked Core","Pen Nib","Pear","DataDisk","Regal Pillow","Emotion Chip","Nuclear Battery","CeramicFish"],"potions_floor_usage":[6,14,18,22,22,23],"damage_taken":[{"damage":9,"enemies":"2 Louse","floor":1,"turns":3},{"damage":0,"enemies":"Small Slimes","floor":3,"turns":3},{"damage":0,"enemies":"Cultist","floor":4,"turns":2},{"damage":29,"enemies":"Gremlin Nob","floor":6,"turns":4},{"damage":8,"enemies":"Blue Slaver","floor":8,"turns":2},{"damage":35,"enemies":"3 Sentries","floor":12,"turns":5},{"damage":4,"enemies":"2 Fungi Beasts","floor":13,"turns":2},{"damage":10,"enemies":"Gremlin Nob","floor":14,"turns":3},{"damage":26,"enemies":"Hexaghost","floor":16,"turns":4},{"damage":11,"enemies":"3 Byrds","floor":18,"turns":4},{"damage":23,"enemies":"2 Thieves","floor":19,"turns":3},{"damage":10,"enemies":"Centurion and Healer","floor":22,"turns":3},{"damage":34,"enemies":"Slavers","floor":23,"turns":1}],"seed_played":"-7177735444807404082","potions_obtained":[{"floor":4,"key":"ColorlessPotion"},{"floor":8,"key":"SteroidPotion"},{"floor":12,"key":"ColorlessPotion"},{"floor":14,"key":"BlessingOfTheForge"},{"floor":19,"key":"SpeedPotion"}],"is_trial":false,"path_per_floor":["M","$","M","M","?","E","R","M","T","R","$","E","M","E","R","B",null,"M","M","$","?","M","E"],"character_chosen":"DEFECT","items_purchased":["FTL","Double Energy","Capacitor","SkillPotion"],"campfire_rested":2,"item_purchase_floors":[2,11,20,20],"current_hp_per_floor":[59,59,59,59,59,40,40,32,32,57,57,22,18,8,48,22,69,58,35,35,35,25,0,0],"gold":36,"neow_bonus":"RANDOM_COMMON_RELIC","is_prod":false,"is_daily":false,"chose_seed":false,"campfire_upgraded":1,"win_rate":0,"timestamp":1607501656,"path_taken":["M","$","M","M","?","E","R","M","T","R","$","E","M","E","R","BOSS","M","M","$","?","M","E"],"build_version":"2020-11-30","purchased_purges":2,"victory":false,"max_hp_per_floor":[75,75,75,75,75,85,85,85,85,85,85,85,85,85,85,85,85,85,85,85,85,85,85,85],"card_choices":[{"not_picked":["Ball Lightning","Barrage"],"picked":"Beam Cell","floor":1},{"not_picked":["Darkness","Barrage"],"picked":"Defragment","floor":3},{"not_picked":["Rip and Tear","FTL"],"picked":"Defragment","floor":4},{"not_picked":["Reinforced Body","Cold Snap"],"picked":"Sweeping Beam","floor":6},{"not_picked":["Barrage","Scrape"],"picked":"Buffer","floor":8},{"not_picked":["Steam","Turbo"],"picked":"Static Discharge","floor":12},{"not_picked":["Coolheaded","Gash"],"picked":"Ball Lightning","floor":13},{"not_picked":["Gash","Steam"],"picked":"FTL","floor":14},{"not_picked":["Reboot","Rainbow"],"picked":"Fission","floor":16},{"not_picked":["Gash","Redo"],"picked":"Storm+1","floor":18},{"not_picked":["Gash","Steam Power"],"picked":"Go for the Eyes","floor":19},{"not_picked":["Steam","Skim"],"picked":"Self Repair","floor":22}],"player_experience":203162,"relics_obtained":[{"floor":6,"key":"Pear"},{"floor":9,"key":"DataDisk"},{"floor":12,"key":"Regal Pillow"},{"floor":14,"key":"Emotion Chip"}],"event_choices":[{"damage_healed":0,"gold_gain":0,"player_choice":"Grow","damage_taken":0,"max_hp_gain":0,"max_hp_loss":0,"event_name":"Living Wall","floor":5,"gold_loss":0,"cards_upgraded":["Defragment"]},{"damage_healed":0,"gold_gain":0,"player_choice":"Opened","damage_taken":0,"relics_obtained":["CeramicFish"],"max_hp_gain":0,"max_hp_loss":0,"event_name":"The Mausoleum","floor":21,"gold_loss":0,"cards_obtained":["Writhe"]}],"is_beta":false,"boss_relics":[{"not_picked":["Tiny House","Velvet Choker"],"picked":"Nuclear Battery"}],"items_purged_floors":[11,20],"is_endless":false,"potions_floor_spawned":[4,8,12,14,19],"killed_by":"Slavers","ascension_level":7}}