{"host":"59ckh7bj2z84pzgo","time":1607519659,"event":{"gold_per_floor":[213,261,271,271,283,315,315,340,340,351,351,363,363,397,397,475,475,486,499,513,545,557,557,589,589,589,621,631,138,138,149,149,220,220,235,235,285,299,311,311,324,356,379,408,1407,1438,568,591,591,605,610,610,610,37,87,102],"floor_reached":57,"playtime":4768,"items_purged":["Strike_G","Defend_G","Defend_G"],"score":3194,"play_id":"24ca6838-e5e2-4757-832c-77f019906da8","local_time":"20201209211419","is_ascension_mode":true,"campfire_choices":[{"floor":7.0,"key":"REST"},{"floor":11.0,"key":"REST"},{"data":"Escape Plan","floor":13.0,"key":"SMITH"},{"data":"Adrenaline","floor":23.0,"key":"SMITH"},{"floor":25,"key":"REST"},{"data":"Catalyst","floor":30,"key":"SMITH"},{"data":"Adrenaline","floor":40,"key":"SMITH"},{"floor":49,"key":"RECALL"},{"data":"testmod-Superconductor","floor":53,"key":"SMITH"}],"neow_cost":"NONE","seed_source_timestamp":13998369815429,"circlet_count":0,"master_deck":["AscendersBane","Strike_G+1","Strike_G+1","Defend_G+1","Defend_G","Defend_G","Survivor","Neutralize+1","ReplayUltimateDefense","Dagger Throw","Underhanded Strike","Replay:Poison Smokescreen+1","Backflip","Escape Plan+1","Wraith Form v2+1","PiercingWail","Poison Darts+1","Poison Darts+1","Dagger Spray","Blade Dance+1","Crippling Poison","Adrenaline+1","Catalyst+1","Well Laid Plans","Bouncing Flask","Adrenaline+1","Crippling Poison","Blur","testmod-Superconductor+1","Catalyst+1","After Image","Outmaneuver"],"special_seed":0,"relics":["Ring of the Snake","REME_ComplimentaryCards","testmod-TestBox","testmod-InfectionSource","testmod-Hope","Iron Hammer","Smiling Mask","Bottled Flame","FossilizedHelix","Red Mask","ReplayTheSpireMod:TigerMarble","Whetstone","Replay:Bottled Eggs","Replay:Rubber Ducky","Akabeko","Replay:Baseball","Replay:Accelerometer","testmod-EnergyCheck","REME_HourglassOfDeath","testmod-Fortitude","testmod-Acrobat","Pet Ghost","Du-Vu Doll","Replay:Bottled Steam","Chemical X","War Paint","REME_CardOfGreed","ReplayTheSpireMod:Ninjato","Torii"],"potions_floor_usage":[24,33,33,38,56],"damage_taken":[{"damage":4.0,"enemies":"Small Slimes","floor":1.0,"turns":4.0},{"damage":2.0,"enemies":"2 Louse","floor":3.0,"turns":3.0},{"damage":1.0,"enemies":"Jaw Worm","floor":5.0,"turns":3.0},{"damage":12.0,"enemies":"Lagavulin","floor":6.0,"turns":5.0},{"damage":22.0,"enemies":"Gremlin Nob","floor":8.0,"turns":4.0},{"damage":0.0,"enemies":"Red Slaver","floor":10.0,"turns":2.0},{"damage":2.0,"enemies":"2 Fungi Beasts","floor":12.0,"turns":3.0},{"damage":15.0,"enemies":"Lagavulin","floor":14.0,"turns":6.0},{"damage":0.0,"enemies":"The Guardian","floor":16.0,"turns":8.0},{"damage":4.0,"enemies":"Chosen","floor":18.0,"turns":5.0},{"damage":18.0,"enemies":"2 Thieves","floor":19.0,"turns":4.0},{"damage":1.0,"enemies":"Snecko","floor":20.0,"turns":4.0},{"damage":6.0,"enemies":"Masked Bandits","floor":21.0,"turns":3.0},{"damage":20.0,"enemies":"Centurion and Healer","floor":22.0,"turns":6.0},{"damage":38,"enemies":"Gremlin Leader","floor":24,"turns":7},{"damage":3,"enemies":"Book of Stabbing","floor":27,"turns":4},{"damage":18,"enemies":"Shelled Parasite and Fungi","floor":28,"turns":3},{"damage":0,"enemies":"3 Cultists","floor":31,"turns":5},{"damage":20,"enemies":"Champ","floor":33,"turns":4},{"damage":0,"enemies":"3 Shapes","floor":35,"turns":4},{"damage":0,"enemies":"3 Darklings","floor":38,"turns":5},{"damage":0,"enemies":"Maw","floor":39,"turns":3},{"damage":0,"enemies":"Sphere and 2 Shapes","floor":41,"turns":3},{"damage":0,"enemies":"Giant Head","floor":42,"turns":5},{"damage":0,"enemies":"R_Hoarder","floor":44,"turns":5},{"damage":0,"enemies":"Mind Bloom Boss Battle","floor":46,"turns":4},{"damage":0,"enemies":"3 Darklings","floor":48,"turns":2},{"damage":0,"enemies":"Awakened One","floor":50,"turns":6},{"damage":12,"enemies":"Time Eater","floor":51,"turns":3},{"damage":0,"enemies":"Shield and Spear","floor":55,"turns":4},{"damage":40,"enemies":"The Heart","floor":56,"turns":5}],"seed_played":"7496021609035924573","potions_obtained":[{"floor":2.0,"key":"Doom Potion"},{"floor":3.0,"key":"SpeedPotion"},{"floor":10.0,"key":"Energy Potion"},{"floor":18.0,"key":"Elixir"},{"floor":22.0,"key":"Adrenaline Potion"},{"floor":27,"key":"Swift Potion"},{"floor":33,"key":"Energy Potion"},{"floor":39,"key":"GamblersBrew"}],"is_trial":false,"path_per_floor":["M","?","M","?","M","E","R","E","T","M","R","M","R","E","R","B",null,"M","M","M","?","M","R","E","R","T","E","M","$","R","M","R","B",null,"M","?","?","M","M","R","M","E","T","E","?","?","$","M","R","B","B",null,"R","$","E","B",null],"character_chosen":"THE_SILENT","items_purchased":["Replay:Baseball","Replay:Accelerometer","Replay:Bottled Steam","Chemical X","War Paint","REME_CardOfGreed","testmod-Superconductor","After Image","ReplayTheSpireMod:Ninjato","ColorlessPotion"],"campfire_rested":3,"item_purchase_floors":[29,29,47,47,47,47,47,54,54,54],"current_hp_per_floor":[55,34,32,32,31,19,38,16,16,16,35,33,33,18,37,37,59,55,37,36,66,46,46,8,27,27,66,48,48,48,52,52,32,58,58,58,58,58,58,58,58,58,58,58,58,58,58,58,58,58,46,61,61,61,65,25],"gold":102,"neow_bonus":"HUNDRED_GOLD","is_prod":false,"is_daily":false,"chose_seed":false,"campfire_upgraded":5,"win_rate":0,"timestamp":1607519659,"path_taken":["M","?","M","?","M","E","R","E","T","M","R","M","R","E","R","BOSS","M","M","M","?","M","R","E","R","T","E","M","$","R","M","R","BOSS","M","?","?","M","?","R","M","E","T","E","?","?","$","M","R","BOSS","BOSS","R","$","E","BOSS"],"build_version":"2020-11-30","purchased_purges":3,"victory":true,"max_hp_per_floor":[66,66,66,66,66,66,66,66,66,66,66,66,66,66,66,66,66,66,66,66,66,66,66,66,66,66,66,66,66,66,66,66,66,66,66,66,66,66,66,66,66,66,66,66,66,66,66,66,66,66,66,66,66,66,66,66],"card_choices":[{"not_picked":["Footwork","Skewer"],"picked":"Dagger Throw","floor":1.0},{"not_picked":["Infinite Blades","Choke"],"picked":"Underhanded Strike","floor":2.0},{"not_picked":["PiercingWail","Escape Plan"],"picked":"Replay:Poison Smokescreen","floor":3.0},{"not_picked":["Dash","Blade Dance"],"picked":"Backflip","floor":5.0},{"not_picked":["Blur","Dodge and Roll"],"picked":"Escape Plan","floor":6.0},{"not_picked":["Toxin Wave","Cloak And Dagger"],"picked":"Wraith Form v2","floor":8.0},{"not_picked":["Cloak And Dagger","Predator"],"picked":"PiercingWail","floor":10.0},{"not_picked":["Deflect","Choke","Poisoned Stab"],"picked":"SKIP","floor":12.0},{"not_picked":["Prepared","Underhanded Strike"],"picked":"Poison Darts","floor":14.0},{"not_picked":["REME_GrazeFinale","Die Die Die"],"picked":"Poison Darts","floor":16.0},{"not_picked":["Underhanded Strike","Backflip"],"picked":"Dagger Spray","floor":18.0},{"not_picked":["Riddle With Holes","Backstab"],"picked":"Blade Dance+1","floor":19.0},{"not_picked":["Bane","Prepared"],"picked":"Crippling Poison","floor":20.0},{"not_picked":["Catalyst+1","Prepared"],"picked":"Adrenaline","floor":21.0},{"not_picked":["Deflect","Quick Slash","Choke"],"picked":"SKIP","floor":22.0},{"not_picked":["Cloak And Dagger","Prepared"],"picked":"Catalyst","floor":24},{"not_picked":["Tactician","Finisher+1","Deflect"],"picked":"SKIP","floor":27},{"not_picked":["ReplayTheSpireMod:The Works","Dagger Throw","Sucker Punch"],"picked":"SKIP","floor":28},{"not_picked":["Prepared","REME_ShadowStrike"],"picked":"Well Laid Plans","floor":31},{"not_picked":["REME_GrazeFinale","Venomology"],"picked":"Adrenaline","floor":33},{"not_picked":["PiercingWail+1","Skewer","Masterful Stab"],"picked":"SKIP","floor":35},{"not_picked":["PiercingWail","Bane","Dagger Throw"],"picked":"SKIP","floor":38},{"not_picked":["Backflip","Bane"],"picked":"Crippling Poison","floor":39},{"not_picked":["Skewer","Dodge and Roll","Replay:Poison Smokescreen+1"],"picked":"SKIP","floor":41},{"not_picked":["Deadly Poison+1","Infinite Blades"],"picked":"Blur","floor":42},{"not_picked":["Poisoned Stab","Dagger Spray","Flying Knee"],"picked":"SKIP","floor":44},{"not_picked":["Deflect+1","Deadly Poison"],"picked":"Catalyst+1","floor":48},{"not_picked":["Fluid Movement","Predator"],"picked":"Outmaneuver","floor":55}],"player_experience":101193,"relics_obtained":[{"floor":2.0,"key":"testmod-Hope"},{"floor":6.0,"key":"Iron Hammer"},{"floor":8.0,"key":"Smiling Mask"},{"floor":9.0,"key":"Bottled Flame"},{"floor":14.0,"key":"FossilizedHelix"},{"floor":21.0,"key":"Red Mask"},{"floor":24,"key":"ReplayTheSpireMod:TigerMarble"},{"floor":24,"key":"Whetstone"},{"floor":26,"key":"Replay:Bottled Eggs"},{"floor":27,"key":"Replay:Rubber Ducky"},{"floor":27,"key":"Akabeko"},{"floor":42,"key":"REME_HourglassOfDeath"},{"floor":42,"key":"testmod-Fortitude"},{"floor":44,"key":"testmod-Acrobat"},{"floor":44,"key":"Pet Ghost"},{"floor":46,"key":"Du-Vu Doll"},{"floor":55,"key":"Torii"}],"event_choices":[{"damage_healed":0.0,"max_hp_gain":0.0,"max_hp_loss":0.0,"gold_gain":0.0,"event_name":"Upgrade Shrine","player_choice":"Upgraded","floor":4.0,"gold_loss":0.0,"damage_taken":0.0,"cards_upgraded":["Neutralize"]},{"damage_healed":0.0,"max_hp_gain":0.0,"max_hp_loss":0.0,"gold_gain":0.0,"event_name":"Masked Bandits","player_choice":"Fought Bandits","floor":21.0,"gold_loss":0.0,"damage_taken":0.0},{"cards_removed":["Strike_G"],"damage_healed":0,"gold_gain":0,"player_choice":"Removed Attack","damage_taken":0,"max_hp_gain":0,"max_hp_loss":0,"event_name":"Falling","floor":36,"gold_loss":0},{"damage_healed":0,"gold_gain":50,"player_choice":"Pray","damage_taken":0,"max_hp_gain":0,"max_hp_loss":0,"event_name":"Golden Shrine","floor":37,"gold_loss":0},{"damage_healed":0,"gold_gain":999,"player_choice":"Sell","damage_taken":0,"max_hp_gain":0,"max_hp_loss":0,"event_name":"¶÷ÂåË¹µÄÅÌ×Ó","floor":45,"relics_lost":["Black Star"],"gold_loss":0},{"damage_healed":0,"gold_gain":0,"player_choice":"Fight","damage_taken":0,"max_hp_gain":0,"max_hp_loss":0,"event_name":"MindBloom","floor":46,"gold_loss":0}],"is_beta":false,"boss_relics":[{"not_picked":["WristBlade","ReplayTheSpireMod:DimensionalGlitch"],"picked":"Black Star"},{"not_picked":["HoveringKite","Painkiller Herb"],"picked":"testmod-EnergyCheck"}],"items_purged_floors":[29,47,54],"is_endless":false,"potions_floor_spawned":[3,5,10,12,18,22,27,33,39,41,48],"ascension_level":20}}