{"host":"zaewvcigpm0efuvp","time":1607522402,"event":{"gold_per_floor":[109,109,122,122,122,157,157,167,167,167,127,147,166,15,15,112,112,124,46,46,46,46,46,46,81,81,81,91,91,121,121,121,226,226,241,241,287,297,297,39,74,90,160,198,198],"floor_reached":44,"playtime":2258,"items_purged":[],"score":545,"play_id":"488505cb-9baa-47fb-8222-18daf6d572e0","local_time":"20201209150002","is_ascension_mode":false,"campfire_choices":[{"data":"Reaper","floor":7,"key":"SMITH"},{"data":"theWildCard:Metatron","floor":10,"key":"SMITH"},{"data":"Inflame","floor":15,"key":"SMITH"},{"data":"infinitespire:DeathsTouch","floor":23,"key":"SMITH"},{"data":"Flex","floor":27,"key":"SMITH"},{"data":"Inflame","floor":29,"key":"SMITH"},{"data":"Thunderclap","floor":32,"key":"SMITH"}],"neow_cost":"","seed_source_timestamp":712457025401600,"circlet_count":0,"master_deck":["Strike_R","Strike_R","Strike_R","Strike_R","Strike_R","Defend_R","Defend_R","Defend_R","Defend_R","Bash","Thunderclap+1","theWildCard:Metatron+1","Inflame+1","RemiliaMod:CYMZW","ReplayTheSpireMod:Faulty Equipment","Reaper+1","Sword Boomerang","Sword Boomerang","StuffTheSpire:BloodClot","Juggernaut","Metallicize","conspire:Charge","hubris:CleavingFinish","Perfected Strike","jedi:fear+1","Flex+1","infinitespire:DeathsTouch+1","Inflame+1","Clothesline","Double Tap+1","conspire:HitWhereItHurts","Searing Blow","infinitespire:UltimateForm","ReplayTheSpireMod:Splinters","Iron Wave","ReplayTheSpireMod:Corrosion Curse+1","StuffTheSpire:Pyroclast+1","hubris:SharpeningStone+1"],"relics":["Burning Blood","HushsDoor","KeepersGift","Ring of Fury","Ring of Searing","Bromod:ArcaneTempo","Another Sword","PaintedHorse:ReiMu","Medical Kit","construct:ClawGrip","Orrery","Dota2Spire:BlackKingBar","theJungle:BirthdayCake","MaYiHuaBei","Replay:Baseball","jedi:firstaidkit","conspire:RoyalGoblet","Dota2Spire:UrnOfShadows","StuffTheSpire:GreaterSneckoEye","Quantum Egg","infinitespire:Midas Blood","jedi:ironblood"],"potions_floor_usage":[6,33,42,42],"damage_taken":[{"damage":1,"enemies":"Jaw Worm","floor":1,"turns":3},{"damage":12,"enemies":"2 Louse","floor":3,"turns":2},{"damage":41,"enemies":"Lagavulin","floor":6,"turns":5},{"damage":3,"enemies":"Small Slimes","floor":8,"turns":3},{"damage":6,"enemies":"Looter","floor":12,"turns":2},{"damage":9,"enemies":"2 Fungi Beasts","floor":13,"turns":2},{"damage":18,"enemies":"The Guardian","floor":16,"turns":3},{"damage":25,"enemies":"Shell Parasite","floor":18,"turns":3},{"damage":6,"enemies":"theJungle:2_Phrogs","floor":25,"turns":3},{"damage":10,"enemies":"theJungle:Flameango_and_Byrd","floor":28,"turns":2},{"damage":5,"enemies":"Nightmare","floor":30,"turns":2},{"damage":38,"enemies":"theJungle:FunGuy","floor":33,"turns":5},{"damage":20,"enemies":"Orb Walker","floor":35,"turns":2},{"damage":7,"enemies":"3 Darklings","floor":38,"turns":2},{"damage":30,"enemies":"HollowMod:StalkingDevout","floor":41,"turns":5},{"damage":17,"enemies":"Writhing Mass","floor":42,"turns":2},{"damage":116,"enemies":"Nightmare","floor":44,"turns":5}],"seed_played":"-7391052445931519801","potions_obtained":[{"floor":1,"key":"Venom Potion"},{"floor":12,"key":"LifebloodPotion"},{"floor":13,"key":"Ancient Potion"},{"floor":28,"key":"SteroidPotion"},{"floor":37,"key":"BloodPotion"},{"floor":42,"key":"EntropicBrew"}],"is_trial":false,"path_per_floor":["M","?","M","?","?","E","R","M","T","R","?","M","M","$","R","B",null,"M","$","?","?","AVR","R","?","E","T","R","M","R","NM","?","R","B",null,"M","AVR","?","M","?","$","E","M","T","NM"],"character_chosen":"IRONCLAD","items_purchased":["Medical Kit","Orrery","Quantum Egg"],"campfire_rested":0,"item_purchase_floors":[14,19,40],"current_hp_per_floor":[80,80,74,79,79,44,44,57,57,57,57,64,61,61,61,49,85,80,80,80,59,59,59,79,79,79,79,84,84,85,85,85,79,105,91,91,91,90,70,70,53,63,63,0,0],"gold":198,"neow_bonus":"","is_prod":false,"is_daily":false,"chose_seed":false,"campfire_upgraded":7,"win_rate":0.0,"timestamp":1607522402,"path_taken":["M","?","?","?","?","E","R","?","T","R","?","M","M","$","R","BOSS","M","$","?","?","AVR","R","?","E","T","R","?","R","NM","?","R","BOSS","M","AVR","?","M","?","$","E","?","T","NM"],"build_version":"2020-11-30","purchased_purges":0,"victory":false,"max_hp_per_floor":[80,80,80,85,85,85,85,85,85,85,85,85,85,85,85,85,85,85,85,85,85,85,85,105,105,105,105,105,105,105,105,105,105,105,105,105,105,105,105,105,105,105,105,105,105],"card_choices":[{"not_picked":[],"picked":"ChaosCard","floor":0},{"not_picked":["StuffTheSpire:RockThrow","ReplayTheSpireMod:Corrosion Curse"],"picked":"Thunderclap","floor":1},{"not_picked":["Sword Boomerang","ReplayTheSpireMod:Strike From Hell"],"picked":"Inflame","floor":3},{"not_picked":["Flex","Iron Wave"],"picked":"Reaper","floor":6},{"not_picked":["Clash","Iron Wave"],"picked":"Sword Boomerang","floor":8},{"not_picked":["Clash","Body Slam"],"picked":"Sword Boomerang","floor":12},{"not_picked":["conspire:Purge","ReplayTheSpireMod:Strike From Hell"],"picked":"StuffTheSpire:BloodClot","floor":13},{"not_picked":["Double Tap","StuffTheSpire:TitanForm"],"picked":"Juggernaut","floor":16},{"not_picked":["Replay:Undeath\u0027s Touch","Bloodletting"],"picked":"Metallicize","floor":18},{"not_picked":["jedi:hate","Perfected Strike"],"picked":"conspire:Charge","floor":19},{"not_picked":["Twin Strike","Headbutt"],"picked":"hubris:CleavingFinish","floor":19},{"not_picked":["Cleave","StuffTheSpire:RockThrow"],"picked":"Perfected Strike","floor":19},{"not_picked":["Impervious","Iron Wave"],"picked":"jedi:fear+1","floor":19},{"not_picked":["Replay:Undeath\u0027s Touch+1","Warcry"],"picked":"Flex","floor":19},{"not_picked":["infinitespire:Gouge","infinitespire:NeuralNetwork"],"picked":"infinitespire:DeathsTouch","floor":21},{"not_picked":["Burning Pact+1","Rampage"],"picked":"Inflame","floor":25},{"not_picked":["Replay:Undeath\u0027s Touch","ReplayTheSpireMod:Strike From Hell"],"picked":"Clothesline","floor":28},{"not_picked":["Dual Wield","Warcry"],"picked":"Double Tap","floor":30},{"not_picked":["Demonic Infusion","Juggernaut"],"picked":"conspire:HitWhereItHurts","floor":33},{"not_picked":["Armaments","Clash"],"picked":"Searing Blow","floor":35},{"not_picked":["StuffTheSpire:Pyroclast","Pommel Strike+1"],"picked":"Iron Wave","floor":37},{"not_picked":["Cleave","hubris:CleavingFinish"],"picked":"ReplayTheSpireMod:Corrosion Curse+1","floor":38},{"not_picked":["Armaments","Pommel Strike+1"],"picked":"StuffTheSpire:Pyroclast+1","floor":41},{"not_picked":["Feel No Pain+1","Run Through+1"],"picked":"hubris:SharpeningStone+1","floor":42}],"player_experience":0,"relics_obtained":[{"floor":5,"key":"Ring of Fury"},{"floor":5,"key":"Ring of Searing"},{"floor":6,"key":"Bromod:ArcaneTempo"},{"floor":9,"key":"Another Sword"},{"floor":25,"key":"MaYiHuaBei"},{"floor":26,"key":"Replay:Baseball"},{"floor":30,"key":"jedi:firstaidkit"},{"floor":37,"key":"Dota2Spire:UrnOfShadows"},{"floor":39,"key":"StuffTheSpire:GreaterSneckoEye"},{"floor":41,"key":"infinitespire:Midas Blood"},{"floor":43,"key":"jedi:ironblood"}],"event_choices":[{"damage_healed":0,"gold_gain":0,"player_choice":"CYMZW","damage_taken":0,"max_hp_gain":5,"max_hp_loss":0,"event_name":"Remilia_CDSJ09","floor":4,"gold_loss":0},{"damage_healed":0,"gold_gain":0,"player_choice":"Donate","damage_taken":0,"relics_obtained":["PaintedHorse:ReiMu"],"max_hp_gain":0,"max_hp_loss":0,"event_name":"yidonshenshe","floor":11,"gold_loss":40},{"cards_removed":["Reaper"],"damage_healed":0,"gold_gain":0,"player_choice":"Give","damage_taken":0,"max_hp_gain":0,"max_hp_loss":0,"event_name":"betterNote:BetterNote","floor":20,"gold_loss":0,"cards_obtained":["None"]}],"is_beta":false,"boss_relics":[{"not_picked":["Replay:Drink Me","conspire:SeveredTorchhead"],"picked":"construct:ClawGrip"},{"not_picked":[]},{"not_picked":["Sozu","Tiny House"],"picked":"conspire:RoyalGoblet"},{"not_picked":[]}],"items_purged_floors":[],"is_endless":false,"potions_floor_spawned":[1,12,13,28,38,42],"killed_by":"Nightmare","ascension_level":0}}