{"host":"1sep654oresgee70","time":1607504421,"event":{"gold_per_floor":[1902,173,26,40,40,40,55,89,89,105,115,126,126,143,143,244,244,260,28,47,47,66,66,100,100,100,132,145,179,179,198,198,296,296,309,359,369,388,1,33,33,49,73,141,151,181,198,248,248,248,248,248,2,27,27],"floor_reached":56,"playtime":2559,"items_purged":["hubris:Lust"],"score":1808,"play_id":"96a8707d-5f18-46ab-aa60-ba44cf72d929","local_time":"20201209100021","is_ascension_mode":true,"campfire_choices":[{"floor":6,"key":"RECALL"},{"floor":13,"key":"REST"},{"data":"Sadistic Nature","floor":15,"key":"SMITH"},{"data":"Bullet Time","floor":23,"key":"SMITH"},{"data":"Ragnarok","floor":25,"key":"SMITH"},{"floor":30,"key":"REST"},{"data":"SpiritShield","floor":32,"key":"SMITH"},{"floor":41,"key":"REST"},{"floor":49,"key":"REST"},{"data":"Omniscience","floor":52,"key":"SMITH"}],"neow_cost":"NONE","seed_source_timestamp":34583427660588,"circlet_count":0,"master_deck":["Strike_P","Strike_P","Strike_P+1","Strike_P","Defend_P","Defend_P","Defend_P","Defend_P","Eruption","Vigilance","Prostrate","Injury","Tantrum","Sadistic Nature+1","Protect","LikeWater","Ragnarok+1","BowlingBash","ForeignInfluence","Injury","Replay:BluntJabs","BattleHymn+1","TalkToTheHand","Swivel","Bullet Time+1","DeceiveReality","Wish","Prostrate","Storm+1","Conserve Battery","Sunder","Wallop+1","SpiritShield+1","Beam Cell","Scrawl","Replay:Cycle","Omniscience+1","CurseOfTheBell","BattleHymn+1","Strike_P","Strike_P","Strike_P","Strike_P","Defend_P+1","Defend_P+1","Defend_P+1","Defend_P+1","Eruption","Vigilance+1","Prostrate+1","Injury","Tantrum","Sadistic Nature+1","Protect+1","LikeWater+1","Ragnarok+1","BowlingBash","ForeignInfluence+1","Injury","Replay:BluntJabs","BattleHymn+1","TalkToTheHand","Swivel+1","Bullet Time+1","DeceiveReality+1","Wish+1","Prostrate+1","Storm+1","Conserve Battery+1","Sunder","Wallop+1","SpiritShield+1","Beam Cell","Scrawl+1","Replay:Cycle+1","Omniscience+1","CurseOfTheBell","BattleHymn+1","FIFO Queue+1","Go for the Eyes","Metamorphosis+1","Crystallizer+1","Hologram+1","SpiritShield+1","Cold Snap+1","Halt+1","Replay:DivineShield+1","BootSequence+1","Heatsinks+1","White Noise+1","Cold Snap+1","Prostrate+1","Redo+1","DevaForm+1","conspire:Banana+1","Barrage","Auto Shields+1","Auto Shields+1"],"relics":["PureWater","NeowsBlessing","ReplayTheSpireMod:CursedCoin","Vajra","aspiration:HummingbirdHeart","Replay:Accelerometer","Replay:M_StaffOfTheSnake","MerchantsRug","hubris:Reverence","StoneCalendar","Frozen Egg 2","conspire:DecoderRing","aspiration:DefectSkillbook","Blood Vial","SsserpentHead","Strawberry","Garlic","Pet Ghost","Bag of Marbles","Calling Bell","hubris:ToyBattleship","Toxic Egg 2","hubris:BundleOfHerbs","Orrery","Ancient Tea Set","Gremlin Food","Toy Ornithopter","ReplayTheSpireMod:Lightbulb"],"potions_floor_usage":[8,11,16,18,22,24,28,29,29,29,31,33,44,45,46,50,55,55],"damage_taken":[{"damage":0,"enemies":"Cultist","floor":1,"turns":1},{"damage":0,"enemies":"2 Louse","floor":4,"turns":1},{"damage":0,"enemies":"Jaw Worm","floor":7,"turns":1},{"damage":0,"enemies":"Gremlin Nob","floor":8,"turns":2},{"damage":6,"enemies":"3 Louse","floor":10,"turns":2},{"damage":0,"enemies":"Blue Slaver","floor":11,"turns":3},{"damage":5,"enemies":"Gremlin Gang","floor":12,"turns":4},{"damage":0,"enemies":"Looter","floor":14,"turns":3},{"damage":11,"enemies":"The Guardian","floor":16,"turns":7},{"damage":10,"enemies":"2 Thieves","floor":18,"turns":3},{"damage":0,"enemies":"3 Byrds","floor":20,"turns":3},{"damage":0,"enemies":"Snake Plant","floor":22,"turns":3},{"damage":14,"enemies":"Gremlin Leader","floor":24,"turns":6},{"damage":0,"enemies":"Book of Stabbing","floor":27,"turns":3},{"damage":7,"enemies":"Centurion and Healer","floor":28,"turns":5},{"damage":0,"enemies":"Slavers","floor":29,"turns":4},{"damage":1,"enemies":"Shelled Parasite and Fungi","floor":31,"turns":3},{"damage":41,"enemies":"conspire:MysteriousRune","floor":33,"turns":5},{"damage":2,"enemies":"3 Shapes","floor":35,"turns":3},{"damage":0,"enemies":"3 Darklings","floor":37,"turns":3},{"damage":12,"enemies":"Jaw Worm Horde","floor":38,"turns":2},{"damage":0,"enemies":"Nemesis","floor":40,"turns":3},{"damage":4,"enemies":"4 Shapes","floor":42,"turns":2},{"damage":0,"enemies":"Writhing Mass","floor":44,"turns":3},{"damage":0,"enemies":"Sphere and 2 Shapes","floor":45,"turns":3},{"damage":0,"enemies":"R_Hoarder","floor":46,"turns":3},{"damage":0,"enemies":"Spire Growth","floor":47,"turns":3},{"damage":26,"enemies":"Awakened One","floor":50,"turns":6},{"damage":0,"enemies":"Shield and Spear","floor":54,"turns":4},{"damage":74,"enemies":"The Heart","floor":55,"turns":7}],"seed_played":"4693928301743682480","potions_obtained":[{"floor":1,"key":"ColorlessPotion"},{"floor":8,"key":"Dexterity Potion"},{"floor":12,"key":"Explosive Potion"},{"floor":18,"key":"Fruit Juice"},{"floor":20,"key":"PowerPotion"},{"floor":27,"key":"Elixir"},{"floor":28,"key":"EntropicBrew"},{"floor":29,"key":"Weak Potion"},{"floor":31,"key":"ColorlessPotion"},{"floor":35,"key":"BlessingOfTheForge"},{"floor":42,"key":"BlessingOfTheForge"},{"floor":44,"key":"StancePotion"},{"floor":45,"key":"LifebloodPotion"},{"floor":47,"key":"FearPotion"}],"is_trial":false,"path_per_floor":["M","$","$","M","?","R","M","E","T","M","M","M","R","M","R","B",null,"M","$","M","?","M","R","E","R","T","E","M","E","R","M","R","B",null,"M","?","M","M","$","E","R","M","T","M","M","E","M","?","R","B",null,"R","$","E","B",null],"character_chosen":"WATCHER","items_purchased":["ReplayTheSpireMod:CursedCoin","Vajra","aspiration:HummingbirdHeart","Replay:Accelerometer","aspiration:Nostalgia","Tantrum","Sadistic Nature","Protect","LikeWater","Regen Potion","SkillPotion","MerchantsRug","Ragnarok","hubris:Reverence","StoneCalendar","BowlingBash","Storm+1","Blood Vial","Metamorphosis+1","Crystallizer+1","Orrery","conspire:Banana+1","Barrage","Auto Shields+1","ColorlessPotion"],"campfire_rested":4,"item_purchase_floors":[2,2,2,2,2,2,2,2,2,2,2,2,2,2,3,3,19,19,39,39,39,53,53,53,53],"current_hp_per_floor":[72,72,72,72,72,72,72,72,72,66,66,61,72,72,72,61,72,67,67,69,69,71,71,84,84,84,84,77,79,84,83,83,43,84,82,82,84,72,72,74,84,80,80,82,84,84,84,68,84,58,84,84,84,84,17],"gold":27,"neow_bonus":"THREE_ENEMY_KILL","is_prod":false,"is_daily":false,"chose_seed":false,"campfire_upgraded":5,"win_rate":0,"timestamp":1607504421,"path_taken":["M","?","$","M","?","R","M","E","T","M","M","M","R","M","R","BOSS","M","$","M","?","M","R","E","R","T","E","M","E","R","M","R","BOSS","M","?","M","M","$","E","R","M","T","?","M","E","M","?","R","BOSS","R","$","E","BOSS"],"build_version":"2020-11-30","purchased_purges":1,"victory":true,"max_hp_per_floor":[72,72,72,72,72,72,72,72,72,72,72,72,72,72,72,72,72,77,77,77,77,77,77,84,84,84,84,84,84,84,84,84,84,84,84,84,84,84,84,84,84,84,84,84,84,84,84,84,84,84,84,84,84,84,86],"card_choices":[{"not_picked":["WaveOfTheHand","Consecrate"],"picked":"Prostrate","floor":1},{"not_picked":["CrushJoints","FlyingSleeves"],"picked":"ForeignInfluence","floor":4},{"not_picked":["ClearTheMind","Evaluate"],"picked":"Replay:BluntJabs","floor":7},{"not_picked":["Nirvana+1","Replay:Hum"],"picked":"BattleHymn+1","floor":8},{"not_picked":["FollowUp","ReachHeaven"],"picked":"TalkToTheHand","floor":10},{"not_picked":["WaveOfTheHand","Outmaneuver"],"picked":"Swivel","floor":11},{"not_picked":["CarveReality","Replay:Battleflow"],"picked":"Bullet Time","floor":12},{"not_picked":["BowlingBash","Indignation"],"picked":"DeceiveReality","floor":14},{"not_picked":["MasterReality+1","Scrawl"],"picked":"Wish","floor":16},{"not_picked":["BowlingBash","Rebound","Steam Power"],"picked":"Prostrate","floor":18},{"not_picked":["JustLucky","Crescendo","Rebound"],"picked":"Conserve Battery","floor":20},{"not_picked":["Gash","ClearTheMind+1","ReplayTheSpireMod:GoodbyeWorld+1"],"picked":"Sunder","floor":22},{"not_picked":["CarveReality+1","Reinforced Body","Weave+1"],"picked":"Wallop+1","floor":24},{"not_picked":["SashWhip","FlyingSleeves+1","Chill+1"],"picked":"SpiritShield","floor":27},{"not_picked":["EmptyFist","FlurryOfBlows","Leap"],"picked":"Beam Cell","floor":28},{"not_picked":["Rebound+1","Fusion","Perseverance"],"picked":"Scrawl","floor":29},{"not_picked":["EmptyFist","CarveReality+1","DeceiveReality"],"picked":"Replay:Cycle","floor":31},{"not_picked":["LessonLearned","Brilliance","Ragnarok"],"picked":"Omniscience","floor":33},{"not_picked":["Wallop+1","Stack+1","BowlingBash"],"picked":"BattleHymn+1","floor":35},{"not_picked":["Consecrate","InnerPeace+1","BowlingBash+1"],"picked":"FIFO Queue+1","floor":37},{"not_picked":["Collect+1","Replay:AtTheReady+1","Lockon+1"],"picked":"Go for the Eyes","floor":38},{"not_picked":["Ragnarok","WaveOfTheHand+1","Replay:ManipulateFuture+1"],"picked":"Hologram+1","floor":39},{"not_picked":["Meditate+1","Replay:Vibes+1","Undo+1"],"picked":"SpiritShield+1","floor":39},{"not_picked":["hubris:Prefetch+1","Reprogram+1","Brilliance"],"picked":"Cold Snap+1","floor":39},{"not_picked":["FlyingSleeves","Study+1","Replay:Hum+1"],"picked":"Halt+1","floor":39},{"not_picked":["Evaluate+1","ConjureBlade+1","Replay:AtTheReady+1"],"picked":"Replay:DivineShield+1","floor":39},{"not_picked":["ForeignInfluence+1","Blasphemy+1","Replay:DivineShield+1"],"picked":"BootSequence+1","floor":40},{"not_picked":["CutThroughFate+1","Hologram+1","Wireheading+1"],"picked":"Heatsinks+1","floor":42},{"not_picked":["Static Discharge+1","CrushJoints+1","Replay:AtTheReady+1"],"picked":"White Noise+1","floor":44},{"not_picked":["Streamline","Rebound+1","Fission+1"],"picked":"Cold Snap+1","floor":45},{"not_picked":["CrushJoints","Gash+1","Leap+1"],"picked":"Prostrate+1","floor":46},{"not_picked":["Recycle+1","SashWhip+1","hubris:Ukulele+1"],"picked":"Redo+1","floor":47},{"not_picked":["Leap+1","ReplayTheSpireMod:Repulse+1","JustLucky"],"picked":"Auto Shields+1","floor":54}],"player_experience":2228003,"relics_obtained":[{"floor":8,"key":"conspire:DecoderRing"},{"floor":24,"key":"Strawberry"},{"floor":26,"key":"Garlic"},{"floor":27,"key":"Pet Ghost"},{"floor":29,"key":"Bag of Marbles"},{"floor":34,"key":"hubris:ToyBattleship"},{"floor":34,"key":"Toxic Egg 2"},{"floor":34,"key":"hubris:BundleOfHerbs"},{"floor":40,"key":"Ancient Tea Set"},{"floor":43,"key":"Gremlin Food"},{"floor":46,"key":"Toy Ornithopter"},{"floor":54,"key":"ReplayTheSpireMod:Lightbulb"}],"event_choices":[{"damage_healed":0,"gold_gain":0,"player_choice":"Trade","damage_taken":0,"relics_obtained":["SsserpentHead"],"max_hp_gain":0,"max_hp_loss":0,"event_name":"FaceTrader","floor":21,"gold_loss":0},{"damage_healed":0,"gold_gain":3,"player_choice":"2","damage_taken":0,"max_hp_gain":0,"max_hp_loss":16,"event_name":"betterStone:BetterStone","floor":48,"gold_loss":0}],"is_beta":false,"boss_relics":[{"not_picked":["conspire:SlowCooker","Ring of Chaos"],"picked":"aspiration:DefectSkillbook"},{"not_picked":["Honey Jar","hubris:Backtick"],"picked":"Calling Bell"}],"items_purged_floors":[2],"is_endless":false,"potions_floor_spawned":[1,8,12,14,18,20,27,28,29,31,35,42,44,45,47],"ascension_level":2}}