{"host":"uclt3t1usqzz4m5p","time":1607491667,"event":{"gold_per_floor":[109,129,30,30,48,48,66,66,66,86,114,14,27,51,51,51,51],"floor_reached":16,"playtime":546,"items_purged":["Normality","Pain"],"score":102,"play_id":"fa25c2d8-4dd7-4de7-8815-f746e02a7026","local_time":"20201208212747","is_ascension_mode":false,"campfire_choices":[{"data":"True Grit","floor":6,"key":"SMITH"},{"data":"Bludgeon","floor":8,"key":"SMITH"},{"data":"Fire Breathing","floor":15,"key":"SMITH"}],"neow_cost":"CURSE","seed_source_timestamp":361170677759400,"circlet_count":0,"master_deck":["Strike_R","Strike_R","Strike_R","Strike_R","Strike_R","Defend_R","Defend_R","Defend_R","Defend_R","Bash","Bludgeon+1","Shockwave","True Grit+1","Pommel Strike","Shrug It Off","Battle Trance","Shrug It Off","Fire Breathing+1","Thunderclap","Shrug It Off"],"special_seed":0,"relics":["Burning Blood","Hammer of Thor","Seething Fire","Anvil of the Gods","WarpedTongs","Eternal Feather","Bag of Marbles","Odd Mushroom"],"potions_floor_usage":[],"damage_taken":[{"damage":3,"enemies":"Jaw Worm","floor":1,"turns":3},{"damage":1,"enemies":"Cultist","floor":2,"turns":3},{"damage":3,"enemies":"2 Louse","floor":5,"turns":3},{"damage":10,"enemies":"Looter","floor":7,"turns":3},{"damage":13,"enemies":"Red Slaver","floor":10,"turns":2},{"damage":18,"enemies":"3 Sentries","floor":11,"turns":7},{"damage":9,"enemies":"2 Fungi Beasts","floor":13,"turns":3},{"damage":18,"enemies":"The Mushroom Lair","floor":14,"turns":3},{"damage":54,"enemies":"Hexaghost","floor":16,"turns":9}],"seed_played":"-1755632075266636555","potions_obtained":[{"floor":2,"key":"ElixirPotion"},{"floor":10,"key":"LiquidBronze"},{"floor":11,"key":"Explosive Potion"}],"is_trial":false,"path_per_floor":["M","M","$","?","M","R","M","R","T","M","E","$","M","?","R","B"],"character_chosen":"IRONCLAD","items_purchased":["Pommel Strike"],"campfire_rested":0,"item_purchase_floors":[3],"current_hp_per_floor":[80,80,80,80,80,80,76,76,76,69,57,57,54,42,54,0,0],"gold":51,"neow_bonus":"THREE_RARE_CARDS","is_prod":false,"is_daily":false,"chose_seed":false,"campfire_upgraded":3,"win_rate":0,"timestamp":1607491667,"path_taken":["M","M","$","?","?","R","M","R","T","M","E","?","M","?","R","BOSS"],"build_version":"2020-11-30","purchased_purges":2,"victory":false,"max_hp_per_floor":[80,80,80,80,80,80,80,80,80,80,80,80,80,80,80,80,80],"card_choices":[{"not_picked":["Brutality","Impervious"],"picked":"Bludgeon","floor":0},{"not_picked":["Dark Embrace","True Grit"],"picked":"Shockwave","floor":1},{"not_picked":["Inflame","Clash"],"picked":"True Grit","floor":2},{"not_picked":["Ghostly Armor","Clash"],"picked":"Shrug It Off","floor":5},{"not_picked":["Pommel Strike","Shockwave"],"picked":"Battle Trance","floor":7},{"not_picked":["Perfected Strike","Anger"],"picked":"Shrug It Off","floor":10},{"not_picked":["Searing Blow","Wild Strike"],"picked":"Fire Breathing","floor":11},{"not_picked":["Sword Boomerang","Heavy Blade"],"picked":"Thunderclap","floor":13},{"not_picked":["Heavy Blade","Pommel Strike"],"picked":"Shrug It Off","floor":14}],"player_experience":560025,"relics_obtained":[{"floor":9,"key":"Eternal Feather"},{"floor":11,"key":"Bag of Marbles"},{"floor":14,"key":"Odd Mushroom"}],"event_choices":[{"damage_healed":0,"gold_gain":0,"player_choice":"Rummage","damage_taken":0,"relics_obtained":["WarpedTongs"],"max_hp_gain":0,"max_hp_loss":0,"event_name":"Accursed Blacksmith","floor":4,"gold_loss":0,"cards_obtained":["Pain"]},{"damage_healed":0,"gold_gain":0,"player_choice":"Fought Mushrooms","damage_taken":0,"max_hp_gain":0,"max_hp_loss":0,"event_name":"Mushrooms","floor":14,"gold_loss":0}],"is_beta":false,"boss_relics":[],"items_purged_floors":[3,12],"is_endless":false,"potions_floor_spawned":[2,10,11,13],"killed_by":"Hexaghost","ascension_level":0}}