{"host":"jm9833yuloeli2yd","time":1607553394,"event":{"gold_per_floor":[110,124,124,36,1,1,26,26,51,51,92,102,131,131,131,217,217,230,230,4,23,23,58,58,58,58],"floor_reached":25,"playtime":534,"items_purged":[],"score":454,"play_id":"8cf37db8-0506-4aae-bded-0b56bdff11c0","local_time":"20201209173634","is_ascension_mode":true,"campfire_choices":[{"data":"Defragment","floor":6.0,"key":"SMITH"},{"data":"Loop","floor":10.0,"key":"SMITH"},{"floor":15.0,"key":"REST"},{"data":"Zap","floor":24,"key":"SMITH"}],"neow_cost":"NONE","seed_source_timestamp":779338903668300,"circlet_count":0,"master_deck":["AscendersBane","Strike_B+1","Strike_B+1","Strike_B+1","Strike_B+1","Defend_B+1","Defend_B+1","Defend_B+1","Defend_B+1","Zap+1","Dualcast","Defragment+1","Cold Snap","Loop+1","Turbo","Biased Cognition","Auto Shields","Biased Cognition","Chill","Self Repair"],"special_seed":0,"relics":["Cracked Core","Lantern","Strawberry","Nunchaku","Bag of Marbles","CeramicFish","Coffee Dripper","Nilry\u0027s Codex","Runic Capacitor","Matryoshka"],"potions_floor_usage":[16,16,23,23,25],"damage_taken":[{"damage":4.0,"enemies":"Small Slimes","floor":1.0,"turns":4.0},{"damage":5.0,"enemies":"2 Louse","floor":2.0,"turns":2.0},{"damage":24.0,"enemies":"Lagavulin","floor":7.0,"turns":7.0},{"damage":8.0,"enemies":"Gremlin Nob","floor":11.0,"turns":3.0},{"damage":0.0,"enemies":"Cultist","floor":12.0,"turns":3.0},{"damage":8.0,"enemies":"3 Louse","floor":13.0,"turns":3.0},{"damage":31,"enemies":"Slime Boss","floor":16,"turns":11},{"damage":19,"enemies":"Chosen","floor":18,"turns":5},{"damage":4,"enemies":"Spheric Guardian","floor":21,"turns":4},{"damage":8,"enemies":"Gremlin Leader","floor":23,"turns":5},{"damage":29,"enemies":"Book of Stabbing","floor":25,"turns":4}],"seed_played":"3262903865035064493","potions_obtained":[{"floor":2.0,"key":"Block Potion"},{"floor":8.0,"key":"Fire Potion"},{"floor":8.0,"key":"GamblersBrew"},{"floor":11.0,"key":"BlessingOfTheForge"},{"floor":16,"key":"EssenceOfDarkness"},{"floor":23,"key":"Regen Potion"}],"is_trial":false,"path_per_floor":["M","M","?","$","?","R","E","?","T","R","E","M","M","?","R","B",null,"M","?","$","M","?","E","R","E"],"character_chosen":"DEFECT","items_purchased":["Loop","Runic Capacitor","Weak Potion"],"campfire_rested":1,"item_purchase_floors":[4,20,20],"current_hp_per_floor":[60,55,36,36,55,55,31,31,31,31,23,23,15,20,44,13,66,47,26,26,22,22,14,14,0,0],"gold":58,"neow_bonus":"RANDOM_COMMON_RELIC","is_prod":false,"is_daily":false,"chose_seed":false,"campfire_upgraded":3,"win_rate":0,"timestamp":1607553394,"path_taken":["M","M","?","$","?","R","E","?","T","R","E","?","M","?","R","BOSS","M","?","$","M","?","E","R","E"],"build_version":"2020-11-30","purchased_purges":0,"victory":false,"max_hp_per_floor":[71,71,78,78,78,78,78,78,78,78,78,78,78,83,83,83,83,83,83,83,83,83,83,83,83,83],"card_choices":[{"not_picked":["Redo","Ball Lightning"],"picked":"Defragment","floor":1.0},{"not_picked":["Blizzard","Barrage"],"picked":"Cold Snap","floor":2.0},{"not_picked":["Streamline","Redo"],"picked":"Turbo","floor":7.0},{"not_picked":["Steam","Barrage"],"picked":"Biased Cognition","floor":11.0},{"not_picked":["Melter","Darkness","Redo"],"picked":"SKIP","floor":12.0},{"not_picked":["Sweeping Beam","Conserve Battery"],"picked":"Auto Shields","floor":13.0},{"not_picked":["Fission","Amplify"],"picked":"Biased Cognition","floor":16},{"not_picked":["Scrape","Compile Driver","Barrage"],"picked":"SKIP","floor":18},{"not_picked":["Leap","Skim"],"picked":"Chill","floor":21},{"not_picked":["Coolheaded","Turbo"],"picked":"Self Repair","floor":23}],"player_experience":982883,"relics_obtained":[{"floor":7.0,"key":"Nunchaku"},{"floor":9.0,"key":"Bag of Marbles"},{"floor":11.0,"key":"CeramicFish"},{"floor":19,"key":"Nilry\u0027s Codex"},{"floor":23,"key":"Matryoshka"}],"event_choices":[{"damage_healed":0.0,"max_hp_gain":0.0,"max_hp_loss":0.0,"gold_gain":0.0,"event_name":"Scrap Ooze","player_choice":"Success","floor":3.0,"gold_loss":0.0,"damage_taken":26.0,"relics_obtained":["Strawberry"]},{"damage_healed":19.0,"max_hp_gain":0.0,"max_hp_loss":0.0,"gold_gain":0.0,"event_name":"The Cleric","player_choice":"Healed","floor":5.0,"gold_loss":35.0,"damage_taken":0.0},{"damage_healed":0.0,"max_hp_gain":0.0,"max_hp_loss":0.0,"gold_gain":0.0,"event_name":"Lab","player_choice":"Got Potions","floor":8.0,"gold_loss":0.0,"damage_taken":0.0},{"damage_healed":0.0,"max_hp_gain":5.0,"max_hp_loss":0.0,"gold_gain":0.0,"event_name":"Big Fish","player_choice":"Donut","floor":14.0,"gold_loss":0.0,"damage_taken":0.0},{"damage_healed":0,"gold_gain":0,"player_choice":"Obtained Book","damage_taken":21,"max_hp_gain":0,"max_hp_loss":0,"event_name":"Cursed Tome","floor":19,"gold_loss":0},{"damage_healed":0,"gold_gain":0,"player_choice":"Simplicity","damage_taken":0,"max_hp_gain":0,"max_hp_loss":0,"event_name":"Back to Basics","floor":22,"gold_loss":0,"cards_upgraded":["Strike_B","Strike_B","Strike_B","Strike_B","Defend_B","Defend_B","Defend_B","Defend_B"]}],"is_beta":false,"boss_relics":[{"not_picked":["FrozenCore","Nuclear Battery"],"picked":"Coffee Dripper"}],"items_purged_floors":[],"is_endless":false,"potions_floor_spawned":[2,11,12,13,16,21,23],"killed_by":"Book of Stabbing","ascension_level":20}}