{"host":"a3oe3gstxz77c7qu","time":1607519271,"event":{"gold_per_floor":[117,135,147,129,129,159,172,186,186,186,186,204,204,219,219,755,755,795,20,310,88,124,124,163,193,193,193,284,360,110,217,217,648,748,760,760,774,98,280,280,1282,1282,1282,410,531,531,620,726,726,726,726,726,726,412,444,444],"floor_reached":57,"playtime":6022,"items_purged":["Strike_MRS","FairyFestival","Strike_MRS"],"score":1618,"play_id":"812728c3-7567-49bf-9534-b1a83a1154f4","local_time":"20201209130751","is_ascension_mode":true,"campfire_choices":[{"data":"GalacticHalo","floor":10.0,"key":"SMITH"},{"data":"GalacticHalo","floor":13.0,"key":"SMITH"},{"data":"MaximisePower","floor":15.0,"key":"SMITH"},{"data":"1","floor":23.0,"key":"LIFT"},{"data":"2","floor":27.0,"key":"LIFT"},{"data":"3","floor":32.0,"key":"LIFT"},{"data":"GremboGang","floor":40,"key":"SMITH"},{"data":"MagicChant","floor":42,"key":"SMITH"},{"floor":49,"key":"RECALL"},{"data":"BigCrunch","floor":53,"key":"SMITH"}],"neow_cost":"","seed_source_timestamp":351537485971800,"circlet_count":0,"master_deck":["Strike_MRS","Strike_MRS","Defend_MRS","Defend_MRS","Defend_MRS","Defend_MRS","MasterSpark","UpSweep","SprinkleStarSeal","GalacticHalo+1","GalacticHalo+1","MaximisePower+1","Robbery","DarkMatter","Apotheosis+1","Pot Of Greed","Pot Of Greed","AsteroidBelt","MagicChant+1","GremboGang+1","BigCrunch+1","BinaryStars","UltimateShortwave","Pot Of Greed","OneTimeOff","DarkMatter+1","UniverseFragment","BlueStar"],"special_seed":0,"relics":["MiniHakkero","CogitoBucket","RabbitCall","LetterFromLob","SproutingBranch","Potion Belt","AspirationHeart","Omamori","MagicBullet_r","Gaze_r","Abe\u0027s Treasure","ReplayFunnel","Girya","Grinning Jar","Medical Kit","The Courier","AtMidnight","TreeSap","AmplifyWand","Replay:Wanted Poster","BargainBundle","Turnip","Replay:Wax Seal","infinitespire:WardingShard","conspire:TopHat","Garlic","DollysMirror","Sundial","Vajra","ClockworkSouvenir","Happy Flower","infinitespire:Satchel"],"potions_floor_usage":[33,33,37,39,41,41,50,50,50,55,56,56,56],"damage_taken":[{"damage":10.0,"enemies":"Cultist","floor":1.0,"turns":4.0},{"damage":3.0,"enemies":"conspire:RoseBush","floor":2.0,"turns":3.0},{"damage":10.0,"enemies":"Jaw Worm","floor":3.0,"turns":4.0},{"damage":12.0,"enemies":"Exordium Thugs","floor":4.0,"turns":5.0},{"damage":39.0,"enemies":"Lagavulin","floor":6.0,"turns":9.0},{"damage":11.0,"enemies":"Lots of Slimes","floor":7.0,"turns":8.0},{"damage":1.0,"enemies":"Large Slime","floor":8.0,"turns":6.0},{"damage":0.0,"enemies":"Gremlin Nob","floor":11.0,"turns":7.0},{"damage":2.0,"enemies":"conspire:2 RoseBushes","floor":12.0,"turns":4.0},{"damage":0.0,"enemies":"3 Louse","floor":14.0,"turns":6.0},{"damage":33.0,"enemies":"The Guardian","floor":16.0,"turns":12.0},{"damage":90.0,"enemies":"conspire:FuzzyDice","floor":18.0,"turns":17.0},{"damage":8.0,"enemies":"conspire:MimicChest","floor":20.0,"turns":10.0},{"damage":0.0,"enemies":"3 Byrds","floor":22.0,"turns":9.0},{"damage":0.0,"enemies":"Centurion and Healer","floor":24.0,"turns":2.0},{"damage":0.0,"enemies":"conspire:SneckoGhost","floor":25.0,"turns":18.0},{"damage":13.0,"enemies":"conspire:HollyBat","floor":28.0,"turns":7.0},{"damage":0.0,"enemies":"Gremlin Leader","floor":29.0,"turns":3.0},{"damage":16.0,"enemies":"Snecko","floor":31.0,"turns":7.0},{"damage":29,"enemies":"Automaton","floor":33,"turns":17},{"damage":2,"enemies":"3 Shapes","floor":35,"turns":11},{"damage":43,"enemies":"3 Darklings","floor":37,"turns":14},{"damage":16,"enemies":"Writhing Mass","floor":39,"turns":5},{"damage":0,"enemies":"Giant Head","floor":41,"turns":9},{"damage":0,"enemies":"Transient","floor":45,"turns":6},{"damage":12,"enemies":"4 Shapes","floor":47,"turns":6},{"damage":0,"enemies":"R_Hoarder","floor":48,"turns":3},{"damage":3,"enemies":"infinitespire:MassOfShapes","floor":50,"turns":7},{"damage":0,"enemies":"Shield and Spear","floor":55,"turns":6},{"damage":23,"enemies":"The Heart","floor":56,"turns":12}],"seed_played":"6340783224492415936","potions_obtained":[{"floor":1.0,"key":"blueLaboratory:HeartbeatPotion"},{"floor":6.0,"key":"Strength Potion"},{"floor":12.0,"key":"Block Potion"},{"floor":16.0,"key":"blueLaboratory:SavagePotion"},{"floor":20.0,"key":"Explosive Potion"},{"floor":22.0,"key":"Reflective Coating"},{"floor":24.0,"key":"PowerPotion"},{"floor":29.0,"key":"blueLaboratory:BottledHope"},{"floor":39,"key":"ColorlessPotion"},{"floor":47,"key":"SpeedPotion"}],"is_trial":false,"path_per_floor":["M","M","M","M","?","E","M","M","T","R","E","M","R","M","R","B",null,"M","$","?","$","M","R","M","E","T","R","M","E","?","M","R","B",null,"M","?","M","$","M","R","E","R","T","$","M","?","M","E","R","B",null,null,"R","$","E","B",null],"character_chosen":"MARISA","items_purchased":["ReplayFunnel","Girya","DarkMatter","Apotheosis","MagicChant","Medical Kit","BargainBundle","Turnip","BinaryStars","UltimateShortwave","OneTimeOff","blueLaboratory:BubblePotion","Dexterity Potion","ColorlessPotion","conspire:TopHat","Garlic","DollysMirror","infinitespire:BlackPotion","Sundial","BlessingOfTheForge","ClockworkSouvenir","Happy Flower","blueLaboratory:FruitPunch","Adrenaline Potion"],"campfire_rested":0,"item_purchase_floors":[19,19,19,19,21,21,38,38,38,38,38,38,38,38,44,44,44,44,44,44,54,54,54,54],"current_hp_per_floor":[65,65,57,50,50,37,61,82,82,82,85,85,85,85,85,65,85,24,24,43,43,67,67,74,85,85,85,81,85,85,83,83,56,85,83,83,52,52,50,50,65,65,65,65,80,80,83,85,85,85,85,85,85,85,87,66],"gold":444,"neow_bonus":"","is_prod":false,"is_daily":false,"chose_seed":false,"campfire_upgraded":6,"win_rate":0,"timestamp":1607519271,"path_taken":["M","M","M","M","?","E","M","M","T","R","E","M","R","M","R","BOSS","M","$","?","?","M","R","M","E","T","R","?","E","?","M","R","BOSS","M","?","M","$","?","R","E","R","T","?","M","?","M","E","R","BOSS","R","$","E","BOSS"],"build_version":"2020-11-30","purchased_purges":3,"victory":true,"max_hp_per_floor":[75,75,75,75,75,75,85,85,85,85,85,85,85,85,85,85,85,85,85,85,85,85,85,85,85,85,85,85,85,85,85,85,85,85,85,85,85,85,85,85,85,85,85,85,85,85,85,85,85,85,85,85,85,85,87,87],"relic_stats":{"Happy Flower":[6],"counters":[34,241],"Sundial":[6],"Turnip":[2],"Medical Kit":[44],"obtain_stats":[{"ReplayFunnel":19,"AmplifyWand":29,"RabbitCall":0,"Vajra":48,"SproutingBranch":5,"conspire:TopHat":44,"ClockworkSouvenir":54,"Replay:Wanted Poster":34,"CogitoBucket":0,"DollysMirror":44,"Sundial":44,"TreeSap":28,"Replay:Wax Seal":41,"Potion Belt":6,"Girya":19,"BargainBundle":38,"MagicBullet_r":11,"Happy Flower":54,"AspirationHeart":7,"The Courier":25,"Omamori":9,"Medical Kit":21,"Gaze_r":11,"infinitespire:WardingShard":43,"AtMidnight":28,"infinitespire:Satchel":55,"Turnip":38,"LetterFromLob":1,"Garlic":44,"MiniHakkero":0,"Grinning Jar":20,"Abe\u0027s Treasure":17},{"ReplayFunnel":14,"AmplifyWand":21,"RabbitCall":0,"Vajra":30,"SproutingBranch":4,"conspire:TopHat":27,"ClockworkSouvenir":32,"Replay:Wanted Poster":23,"CogitoBucket":0,"DollysMirror":27,"Sundial":27,"TreeSap":20,"Replay:Wax Seal":27,"Potion Belt":5,"Girya":14,"BargainBundle":25,"MagicBullet_r":8,"Happy Flower":32,"AspirationHeart":7,"The Courier":18,"Omamori":8,"Medical Kit":15,"Gaze_r":9,"infinitespire:WardingShard":27,"AtMidnight":20,"infinitespire:Satchel":33,"Turnip":25,"LetterFromLob":1,"Garlic":27,"MiniHakkero":0,"Grinning Jar":15,"Abe\u0027s Treasure":12},{"ReplayFunnel":87,"AmplifyWand":137,"RabbitCall":0,"Vajra":215,"SproutingBranch":16,"conspire:TopHat":200,"ClockworkSouvenir":223,"Replay:Wanted Poster":161,"CogitoBucket":0,"DollysMirror":200,"Sundial":200,"TreeSap":134,"Replay:Wax Seal":200,"Potion Belt":25,"Girya":87,"BargainBundle":186,"MagicBullet_r":40,"Happy Flower":223,"AspirationHeart":34,"The Courier":126,"Omamori":40,"Medical Kit":97,"Gaze_r":47,"infinitespire:WardingShard":200,"AtMidnight":134,"infinitespire:Satchel":229,"Turnip":186,"LetterFromLob":4,"Garlic":200,"MiniHakkero":0,"Grinning Jar":97,"Abe\u0027s Treasure":69}]},"card_choices":[{"not_picked":["SporeBomb","WitchOfGreed"],"picked":"SprinkleStarSeal","floor":1.0},{"not_picked":["QueenBee","Yin","SpiderBud"],"picked":"Singing Bowl","floor":1.0},{"not_picked":["CherryBlossoms","BeautyBeast"],"picked":"FairyFestival","floor":1.0},{"not_picked":["CherryBlossoms","LittlePrince","Mercenary"],"picked":"Singing Bowl","floor":2.0},{"not_picked":["LuminesStrike","IllusionStar","Acceleration"],"picked":"SKIP","floor":2.0},{"not_picked":["IllusionStar","GrandCross"],"picked":"GalacticHalo","floor":3.0},{"not_picked":["OldLady","PunishingBird","Bloodbath"],"picked":"Singing Bowl","floor":3.0},{"not_picked":["BeautyBeast","WallGazer","OldLady"],"picked":"Singing Bowl","floor":4.0},{"not_picked":["MilkyWay","UnstableBomb","PulseMagic"],"picked":"SKIP","floor":4.0},{"not_picked":["VoidDream","LittlePrince","GalaxyChild"],"picked":"Singing Bowl","floor":6.0},{"not_picked":["Singularity","EventHorizon","MilkyWay"],"picked":"SKIP","floor":6.0},{"not_picked":["NonDirectionalLaser","IllusionStar"],"picked":"GalacticHalo","floor":7.0},{"not_picked":["Murderer","Wellcheers","CherryBlossoms"],"picked":"Singing Bowl","floor":7.0},{"not_picked":["OpenUniverse","Orbital","EventHorizon"],"picked":"SKIP","floor":8.0},{"not_picked":["Rudolta","GreedKing","MeatLantern"],"picked":"Singing Bowl","floor":8.0},{"not_picked":["OpenUniverse","Orbital","EventHorizon"],"picked":"SKIP","floor":8.0},{"not_picked":["DeepEcoloBomb","DoubleSpark"],"picked":"MaximisePower","floor":12.0},{"not_picked":["BeautyBeast","RedShoes","Mercenary"],"picked":"Singing Bowl","floor":12.0},{"not_picked":["DoubleSpark","GrandCross"],"picked":"Robbery","floor":14.0},{"not_picked":["WhitesApple","BeautyBeast","PunishingBird"],"picked":"Singing Bowl","floor":14.0},{"not_picked":["LaLuna","OldLady","OSAHOGD"],"picked":"Singing Bowl","floor":16.0},{"not_picked":["BehaviorAdjustmentRelic","FleshIdolRelic","LuminousBraceletRelic"],"picked":"Singing Bowl","floor":18.0},{"not_picked":["OpenUniverse+1","GravityBeat","DoubleSpark"],"picked":"SKIP","floor":18.0},{"not_picked":["FairyDestructionRay","BlazeAway"],"picked":"AsteroidBelt","floor":20.0},{"not_picked":["BeautyBeast","Scorched","BlackSwan"],"picked":"Singing Bowl","floor":20.0},{"not_picked":["Freischutz","RedShoes","Scorched"],"picked":"Singing Bowl","floor":22.0},{"not_picked":["NonDirectionalLaser+1","DoubleSpark","FairyDestructionRay"],"picked":"SKIP","floor":22.0},{"not_picked":["Funeral","DreamingCurrent","WhitesApple"],"picked":"Singing Bowl","floor":24.0},{"not_picked":["PunishingBird","BigBird"],"picked":"BlueStar","floor":24.0},{"not_picked":["Orbital+1","6A","MillisecondPulsars"],"picked":"SKIP","floor":24.0},{"not_picked":["MHz","PunishingBird","UniverseFragment"],"picked":"Singing Bowl","floor":25.0},{"not_picked":["WitchOfGreed","EventHorizon","MagicAbsorber+1"],"picked":"SKIP","floor":25.0},{"not_picked":["UniverseFragment","Murderer","HappyTeddy"],"picked":"Singing Bowl","floor":28.0},{"not_picked":["GrandCross","Occultation","GravityBeat+1"],"picked":"SKIP","floor":28.0},{"not_picked":["SpiderBud","WhitesApple","FieryBird"],"picked":"Singing Bowl","floor":29.0},{"not_picked":["DoubleSpark","NonDirectionalLaser+1","6A"],"picked":"SKIP","floor":29.0},{"not_picked":["MeatLantern","OSAHOGD","Scorched"],"picked":"Singing Bowl","floor":31.0},{"not_picked":["MaximisePower","SuperPerseids","GravityBeat"],"picked":"SKIP","floor":31.0},{"not_picked":["SuperNova","TreasureHunter"],"picked":"BigCrunch","floor":33},{"not_picked":["Rudolta","OldLady","SilentOrchestra"],"picked":"Singing Bowl","floor":33},{"not_picked":["BodiesMountain","Woodsman","Rudolta"],"picked":"Singing Bowl","floor":35},{"not_picked":["UnstableBomb+1","NonDirectionalLaser","GrandCross+1"],"picked":"SKIP","floor":35},{"not_picked":["WhiteNight","Bloodbath","VoidDream"],"picked":"Singing Bowl","floor":37},{"not_picked":["OneTimeOff+1","StarlightTyphoon","Occultation"],"picked":"SKIP","floor":37},{"not_picked":["NonDirectionalLaser+1","Occultation"],"picked":"DarkMatter+1","floor":39},{"not_picked":["HeroicMonk","Scorched","SingingMachine"],"picked":"Singing Bowl","floor":39},{"not_picked":["OldLady","SingingMachine"],"picked":"UniverseFragment","floor":39},{"not_picked":["OldLady","Mercenary","WhiteNight"],"picked":"Singing Bowl","floor":41},{"not_picked":["FairyDestructionRay+1","Acceleration","LuminesStrike+1"],"picked":"SKIP","floor":41},{"not_picked":["NothingThere","SingingMachine","BodiesMountain"],"picked":"Singing Bowl","floor":45},{"not_picked":["Singularity","MysteriousBeam+1","UnstableBomb+1"],"picked":"SKIP","floor":45},{"not_picked":["BeautyBeast","Laetitia","DreamingCurrent"],"picked":"Singing Bowl","floor":47},{"not_picked":["MysteriousBeam+1","IllusionStar","BinaryStars"],"picked":"SKIP","floor":47},{"not_picked":["QueenBee","Mercenary","GreedKing"],"picked":"Singing Bowl","floor":48},{"not_picked":["Acceleration+1","NonDirectionalLaser","EarthLightRay+1"],"picked":"SKIP","floor":48},{"not_picked":["Funeral","BlackSwan","HappyTeddy"],"picked":"Singing Bowl","floor":55},{"not_picked":["GravityBeat+1","ShootingEcho+1","DragonMeteor+1"],"picked":"SKIP","floor":55}],"player_experience":694864,"relics_obtained":[{"floor":1.0,"key":"LetterFromLob"},{"floor":5.0,"key":"SproutingBranch"},{"floor":6.0,"key":"Potion Belt"},{"floor":9.0,"key":"Omamori"},{"floor":20.0,"key":"Grinning Jar"},{"floor":25.0,"key":"The Courier"},{"floor":28.0,"key":"AtMidnight"},{"floor":29.0,"key":"AmplifyWand"},{"floor":41,"key":"Replay:Wax Seal"},{"floor":43,"key":"infinitespire:WardingShard"},{"floor":48,"key":"Vajra"},{"floor":55,"key":"infinitespire:Satchel"}],"event_choices":[{"damage_healed":0.0,"max_hp_gain":0.0,"max_hp_loss":0.0,"gold_gain":0.0,"event_name":"Wheel of Change","player_choice":"Relic","floor":5.0,"gold_loss":0.0,"damage_taken":0.0},{"damage_healed":0,"gold_gain":0,"player_choice":"Upgraded","damage_taken":0,"max_hp_gain":0,"max_hp_loss":0,"event_name":"Upgrade Shrine","floor":36,"gold_loss":0,"cards_upgraded":["Apotheosis"]},{"damage_healed":0,"gold_gain":0,"player_choice":"3","damage_taken":0,"max_hp_gain":0,"max_hp_loss":0,"event_name":"betterMatch:BetterMatch","floor":46,"gold_loss":0,"cards_obtained":[]}],"is_beta":false,"boss_relics":[{"not_picked":["Busted Crown","Replay:Ancient Bell"],"picked":"Abe\u0027s Treasure"},{"not_picked":["SlaversCollar","Calling Bell"],"picked":"Replay:Wanted Poster"}],"items_purged_floors":[19,38,44],"is_endless":false,"potions_floor_spawned":[1,6,12,16,20,22,24,29,39,47],"ascension_level":3}}