{"host":"9mnb7pbo3pfmmmyl","time":1607530282,"event":{"gold_per_floor":[115,125,125,125,139,164,176,205,275,303,303,336,352,380,380,481,481,498,343,343,361,361,361,390,390,443,474,504,429,461,472,472,559,559,572,33,51,51,66,98,115,115,115,115,141,141,171,191,191,191,191,143,22,47,47,47],"floor_reached":55,"playtime":1368,"items_purged":["MostiFishMod:PathToVictory+1","FlurryOfBlows"],"score":2147468566,"play_id":"1e317658-9963-4d6d-9e6d-da8e9f64b23d","local_time":"20201210001122","is_ascension_mode":true,"campfire_choices":[{"data":"Eruption","floor":15,"key":"SMITH"},{"data":"MostiFishMod:PathToVictory","floor":23,"key":"SMITH"},{"data":"MostiFishMod:PathToVictory","floor":25,"key":"SMITH"},{"floor":32,"key":"RECALL"},{"data":"FlurryOfBlows","floor":44,"key":"SMITH"},{"floor":49,"key":"REST"}],"neow_cost":"NONE","seed_source_timestamp":13100381629600,"circlet_count":0,"master_deck":["Eruption+1","Vigilance+1","MostiFishMod:SparklingWater+1","FlurryOfBlows+1","MostiFishMod:PathToVictory+1","MostiFishMod:Adaptation","FlurryOfBlows","MostiFishMod:Speedup","Finesse","Adaptation+1"],"relics":["PureWater","testmod-TestBox","DaveBox","Pandora\u0027s Box","testmod-Fortitude","NeowsBlessing","AddBug","SecretRecord","Baka2","SecretRecord","SecretRecord","SecretRecord","SecretRecord","SecretRecord","SecretRecord","SecretRecord","SecretRecord"],"potions_floor_usage":[39,55,55,55,55],"damage_taken":[{"damage":0,"enemies":"Small Slimes","floor":1,"turns":1},{"damage":0,"enemies":"2 Louse","floor":2,"turns":1},{"damage":0,"enemies":"Cultist","floor":5,"turns":1},{"damage":0,"enemies":"Gremlin Nob","floor":6,"turns":1},{"damage":7,"enemies":"Looter","floor":7,"turns":1},{"damage":9,"enemies":"3 Sentries","floor":8,"turns":2},{"damage":0,"enemies":"Lagavulin","floor":10,"turns":3},{"damage":0,"enemies":"Gremlin Nob","floor":12,"turns":1},{"damage":0,"enemies":"Large Slime","floor":13,"turns":1},{"damage":0,"enemies":"Lagavulin","floor":14,"turns":1},{"damage":0,"enemies":"Hexaghost","floor":16,"turns":1},{"damage":0,"enemies":"Shell Parasite","floor":18,"turns":1},{"damage":0,"enemies":"3 Byrds","floor":21,"turns":1},{"damage":18,"enemies":"Slavers","floor":24,"turns":1},{"damage":0,"enemies":"Gremlin Leader","floor":27,"turns":1},{"damage":0,"enemies":"Centurion and Healer","floor":28,"turns":1},{"damage":0,"enemies":"Book of Stabbing","floor":30,"turns":1},{"damage":0,"enemies":"Snecko","floor":31,"turns":1},{"damage":0,"enemies":"Collector","floor":33,"turns":1},{"damage":0,"enemies":"3 Darklings","floor":35,"turns":1},{"damage":15,"enemies":"3 Shapes","floor":37,"turns":1},{"damage":19,"enemies":"3 Darklings","floor":39,"turns":3},{"damage":0,"enemies":"Giant Head","floor":40,"turns":1},{"damage":15,"enemies":"Sphere and 2 Shapes","floor":41,"turns":1},{"damage":0,"enemies":"Mind Bloom Boss Battle","floor":42,"turns":1},{"damage":0,"enemies":"Reptomancer","floor":45,"turns":1},{"damage":0,"enemies":"Giant Head","floor":47,"turns":2},{"damage":0,"enemies":"Maw","floor":48,"turns":1},{"damage":0,"enemies":"Donu and Deca","floor":50,"turns":1},{"damage":0,"enemies":"Shield and Spear","floor":54,"turns":1},{"damage":87,"enemies":"The Heart","floor":55,"turns":2}],"seed_played":"8672805950205408065","potions_obtained":[{"floor":2,"key":"SpeedPotion"},{"floor":8,"key":"Weak Potion"},{"floor":10,"key":"BlessingOfTheForge"},{"floor":45,"key":"Strength Potion"}],"is_trial":false,"path_per_floor":["M","M","?","?","M","E","M","E","T","E","?","E","M","E","R","B",null,"M","$","?","M","?","R","E","R","T","E","M","$","E","M","R","B",null,"M","$","M","$","M","E","M","?","T","R","E","?","E","M","R","B",null,"R","$","E","B"],"character_chosen":"WATCHER","items_purchased":["MerchantsRug","testmod-Justice","Ying","FlurryOfBlows","MostiFishMod:Speedup","Finesse"],"campfire_rested":1,"item_purchase_floors":[19,36,36,52,53,53],"current_hp_per_floor":[72,72,69,69,69,69,71,62,62,62,48,48,48,48,48,48,72,72,72,72,72,72,72,64,64,64,64,64,64,64,64,64,64,72,72,72,57,57,44,44,29,29,29,29,23,23,23,23,47,47,80,80,80,80,0,0],"gold":47,"neow_bonus":"THREE_ENEMY_KILL","is_prod":false,"is_daily":false,"chose_seed":false,"campfire_upgraded":4,"win_rate":0,"timestamp":1607530282,"path_taken":["M","M","?","?","M","E","?","E","T","E","?","E","M","E","R","BOSS","M","$","?","?","?","R","E","R","T","E","M","$","E","M","R","BOSS","M","?","M","$","M","E","?","?","T","R","E","?","E","?","R","BOSS","R","$","E","BOSS"],"build_version":"2020-11-30","purchased_purges":2,"victory":false,"max_hp_per_floor":[72,72,72,72,72,72,72,72,72,72,72,72,72,72,72,72,72,72,72,72,72,72,72,72,72,72,72,72,72,72,72,72,72,72,72,72,72,72,72,72,72,72,72,72,80,80,80,80,80,80,80,80,80,80,80,80],"card_choices":[{"not_picked":["FlyingSleeves","Evaluate","ThirdEye"],"picked":"SKIP","floor":1},{"not_picked":["FlyingSleeves","Evaluate","ThirdEye"],"picked":"SKIP","floor":1},{"not_picked":["Halt","CutThroughFate","FlyingSleeves"],"picked":"SKIP","floor":2},{"not_picked":["Study","WaveOfTheHand"],"picked":"FlurryOfBlows","floor":5},{"not_picked":["Collect","WreathOfFlame"],"picked":"FlurryOfBlows","floor":6},{"not_picked":["WreathOfFlame","Prostrate","PathToVictory"],"picked":"SKIP","floor":7},{"not_picked":["Protect","Prostrate","FlyingSleeves"],"picked":"SKIP","floor":8},{"not_picked":["Vault","FlurryOfBlows","ClearTheMind"],"picked":"SKIP","floor":10},{"not_picked":["CrushJoints","REME_Repentance","ThirdEye"],"picked":"SKIP","floor":12},{"not_picked":["MostiFishMod:StarHerder","FlyingSleeves","CutThroughFate"],"picked":"SKIP","floor":13},{"not_picked":["CutThroughFate","SashWhip","Establishment"],"picked":"SKIP","floor":14},{"not_picked":["MostiFishMod:Moonprays","REME_WorshipGod"],"picked":"MostiFishMod:PathToVictory","floor":16},{"not_picked":["MentalFortress","REME_Repentance+1","PathToVictory"],"picked":"SKIP","floor":18},{"not_picked":["EmptyBody","EmptyMind","ThirdEye"],"picked":"SKIP","floor":21},{"not_picked":["ForeignInfluence+1","MostiFishMod:Adaptation","BowlingBash"],"picked":"SKIP","floor":24},{"not_picked":["REME_Repentance","CutThroughFate","WheelKick"],"picked":"SKIP","floor":27},{"not_picked":["REME_MusicOfDeath+1","PathToVictory","EmptyBody"],"picked":"SKIP","floor":28},{"not_picked":["BowlingBash","Wallop","Perseverance"],"picked":"SKIP","floor":30},{"not_picked":["Protect","FollowUp","Sanctity"],"picked":"SKIP","floor":31},{"not_picked":["Crescendo","Adaptation+1","FlyingSleeves"],"picked":"SKIP","floor":35},{"not_picked":["MostiFishMod:Speedup","FollowUp+1","Evaluate"],"picked":"SKIP","floor":37},{"not_picked":["REME_MusicOfDeath","CutThroughFate","Evaluate+1"],"picked":"SKIP","floor":39},{"not_picked":["Evaluate+1","Alpha","PathToVictory"],"picked":"SKIP","floor":40},{"not_picked":["Prostrate","Protect","MentalFortress+1"],"picked":"SKIP","floor":41},{"not_picked":["Prostrate+1","JustLucky+1","ThirdEye+1"],"picked":"SKIP","floor":45},{"not_picked":["BowlingBash+1","Establishment","REME_Repentance+1"],"picked":"SKIP","floor":47},{"not_picked":["SandsOfTime","Halt","Perseverance"],"picked":"SKIP","floor":48},{"not_picked":["EmptyBody+1","Halt+1"],"picked":"Adaptation+1","floor":54}],"player_experience":447817,"relics_obtained":[{"floor":1,"key":"AddBug"},{"floor":1,"key":"Baka"},{"floor":1,"key":"Question Card"},{"floor":1,"key":"PrismaticShard"},{"floor":2,"key":"Calipers"},{"floor":2,"key":"Baka2"},{"floor":6,"key":"SecretRecord"},{"floor":6,"key":"GodSword7"},{"floor":8,"key":"SecretRecord"},{"floor":8,"key":"Bronze Scales"},{"floor":10,"key":"Gremlin Horn"},{"floor":12,"key":"Blood Vial"},{"floor":14,"key":"SecretRecord"},{"floor":14,"key":"Pocketwatch"},{"floor":16,"key":"ImportantClient"},{"floor":21,"key":"SecretRecord"},{"floor":24,"key":"MawBank"},{"floor":26,"key":"Pen Nib"},{"floor":27,"key":"aspiration:StickyExplosives_weak"},{"floor":28,"key":"SecretRecord"},{"floor":30,"key":"REME_PuzzleBoxRelic"},{"floor":35,"key":"SecretRecord"},{"floor":35,"key":"NeowsBlessing"},{"floor":40,"key":"Dream Catcher"},{"floor":41,"key":"SecretRecord"},{"floor":42,"key":"Turnip"},{"floor":42,"key":"SecretRecord"},{"floor":43,"key":"REME_ArchaeologicalTools"},{"floor":45,"key":"Toy Ornithopter"},{"floor":47,"key":"Toxic Egg 2"},{"floor":54,"key":"MagicDraw4"}],"event_choices":[{"damage_healed":0,"gold_gain":0,"player_choice":"Success","damage_taken":3,"relics_obtained":["ImprovedEquipment"],"max_hp_gain":0,"max_hp_loss":0,"event_name":"Scrap Ooze","floor":3,"gold_loss":0},{"cards_removed":["Decay","Normality"],"damage_healed":0,"gold_gain":0,"player_choice":"Removed Curses","damage_taken":0,"max_hp_gain":0,"max_hp_loss":0,"event_name":"Fountain of Cleansing","floor":4,"gold_loss":0},{"damage_healed":0,"gold_gain":0,"player_choice":"Entered Light","damage_taken":14,"max_hp_gain":0,"max_hp_loss":0,"event_name":"Shining Light","floor":11,"gold_loss":0,"cards_upgraded":["Vigilance","MostiFishMod:SparklingWater"]},{"damage_healed":0,"gold_gain":0,"player_choice":"Copied","damage_taken":0,"max_hp_gain":0,"max_hp_loss":0,"event_name":"Duplicator","floor":20,"gold_loss":0,"cards_obtained":["MostiFishMod:PathToVictory"]},{"damage_healed":0,"gold_gain":0,"player_choice":"Traded Relic","damage_taken":0,"relics_obtained":["Nloth\u0027s Gift"],"max_hp_gain":0,"max_hp_loss":0,"event_name":"N\u0027loth","floor":22,"relics_lost":["REME_ComplimentaryCards"],"gold_loss":0},{"damage_healed":0,"gold_gain":0,"player_choice":"Fight","damage_taken":0,"max_hp_gain":0,"max_hp_loss":0,"event_name":"MindBloom","floor":42,"gold_loss":0},{"damage_healed":0,"gold_gain":0,"player_choice":"Bought 0 Potions","damage_taken":0,"max_hp_gain":0,"max_hp_loss":0,"event_name":"The Woman in Blue","floor":46,"gold_loss":0}],"is_beta":false,"boss_relics":[{"not_picked":["Fusion Hammer","SacredBark"],"picked":"testmod-Fanaticism"},{"not_picked":["DiscerningMonocle","REME_LowDesire"],"picked":"HolyWater"}],"items_purged_floors":[29,36],"is_endless":false,"potions_floor_spawned":[2,8,10,18,27,28,31,33,37,45,47,54],"killed_by":"The Heart","ascension_level":723677239}}