{"host":"jm9833yuloeli2yd","time":1607557920,"event":{"gold_per_floor":[110,124,141,141,22,52,72,97,97,97,132,149,20,36,36,114,114,132,152,152,152,152,152,28,54,81,81,111,122,122,122],"floor_reached":30,"playtime":981,"items_purged":["Pain","Defend_B"],"score":601,"play_id":"836ba503-bc23-45ff-9bc8-d523922e09d2","local_time":"20201209185200","is_ascension_mode":true,"campfire_choices":[{"floor":10.0,"key":"REST"},{"data":"Zap","floor":15.0,"key":"SMITH"},{"data":"Defragment","floor":23.0,"key":"SMITH"},{"data":"Hologram","floor":27.0,"key":"SMITH"}],"neow_cost":"NONE","seed_source_timestamp":783327228023600,"circlet_count":0,"master_deck":["AscendersBane","Defend_B","Defend_B","Zap+1","Dualcast","Gash","Beam Cell","Go for the Eyes","Self Repair","Chill","Cold Snap","Hologram+1","Coolheaded","Turbo","Capacitor","FTL","Biased Cognition","Barrage","Defragment+1","Bite","Bite","Bite","Bite","Gash","Multi-Cast","Defragment","Loop"],"special_seed":0,"relics":["Cracked Core","WarpedTongs","Darkstone Periapt","Pantograph","Mummified Hand","Bottled Tornado","Inserter","Bag of Marbles","Anchor","InkBottle"],"potions_floor_usage":[],"damage_taken":[{"damage":9.0,"enemies":"2 Louse","floor":1.0,"turns":3.0},{"damage":1.0,"enemies":"Cultist","floor":2.0,"turns":3.0},{"damage":0.0,"enemies":"Small Slimes","floor":3.0,"turns":2.0},{"damage":39.0,"enemies":"Gremlin Nob","floor":6.0,"turns":5.0},{"damage":3.0,"enemies":"Looter","floor":7.0,"turns":3.0},{"damage":13.0,"enemies":"3 Sentries","floor":8.0,"turns":8.0},{"damage":32.0,"enemies":"Gremlin Nob","floor":11.0,"turns":4.0},{"damage":0.0,"enemies":"3 Louse","floor":12.0,"turns":4.0},{"damage":7.0,"enemies":"Red Slaver","floor":14.0,"turns":4.0},{"damage":39.0,"enemies":"The Guardian","floor":16.0,"turns":12.0},{"damage":32.0,"enemies":"2 Thieves","floor":18.0,"turns":4.0},{"damage":3.0,"enemies":"Chosen","floor":19.0,"turns":5.0},{"damage":24.0,"enemies":"Gremlin Leader","floor":25.0,"turns":7.0},{"damage":36.0,"enemies":"Slavers","floor":28.0,"turns":12.0},{"damage":29.0,"enemies":"Snecko","floor":29.0,"turns":5.0},{"damage":41,"enemies":"Book of Stabbing","floor":30,"turns":6}],"seed_played":"4231236538874380258","potions_obtained":[{"floor":7.0,"key":"SteroidPotion"},{"floor":12.0,"key":"PotionOfCapacity"},{"floor":14.0,"key":"ColorlessPotion"},{"floor":19.0,"key":"ColorlessPotion"},{"floor":25.0,"key":"LiquidMemories"}],"is_trial":false,"path_per_floor":["M","M","M","?","$","E","M","E","T","R","E","M","$","M","R","B",null,"M","M","?","?","?","R","$","E","T","R","E","M","E"],"character_chosen":"DEFECT","items_purchased":["Self Repair","Capacitor","FTL","Gash"],"campfire_rested":1,"item_purchase_floors":[5,13,13,24],"current_hp_per_floor":[55,54,54,54,54,22,19,13,13,34,12,19,19,19,19,15,57,32,36,36,36,63,63,63,59,59,59,47,32,0,0],"gold":122,"neow_bonus":"ONE_RANDOM_RARE_CARD","is_prod":false,"is_daily":false,"chose_seed":false,"campfire_upgraded":3,"win_rate":0,"timestamp":1607557920,"path_taken":["M","M","M","?","$","E","M","E","T","R","E","M","?","M","R","BOSS","M","M","?","?","?","R","$","E","T","R","E","?","E"],"build_version":"2020-11-30","purchased_purges":2,"victory":false,"max_hp_per_floor":[71,71,71,71,71,71,71,71,71,71,71,71,71,71,71,71,71,71,71,53,53,63,63,63,63,63,63,63,63,63,63],"card_choices":[{"not_picked":["Compile Driver","Rebound"],"picked":"Gash","floor":1.0},{"not_picked":["Leap","Coolheaded"],"picked":"Beam Cell","floor":2.0},{"not_picked":["Cold Snap","Compile Driver"],"picked":"Go for the Eyes","floor":3.0},{"not_picked":["Multi-Cast","Beam Cell"],"picked":"Chill","floor":6.0},{"not_picked":["Stack","Genetic Algorithm"],"picked":"Cold Snap","floor":7.0},{"not_picked":["Static Discharge","Leap"],"picked":"Hologram","floor":8.0},{"not_picked":["Rip and Tear","Redo"],"picked":"Coolheaded","floor":11.0},{"not_picked":["Redo","Steam"],"picked":"Turbo","floor":12.0},{"not_picked":["Lockon","Redo","Conserve Battery"],"picked":"SKIP","floor":14.0},{"not_picked":["Multi-Cast","Fission"],"picked":"Biased Cognition","floor":16.0},{"not_picked":["Leap","Redo","Barrage"],"picked":"SKIP","floor":18.0},{"not_picked":["Leap","Redo"],"picked":"Barrage","floor":18.0},{"not_picked":["Recycle","Sweeping Beam"],"picked":"Defragment","floor":19.0},{"not_picked":["Coolheaded","Compile Driver"],"picked":"Multi-Cast","floor":25.0},{"not_picked":["Glacier","BootSequence"],"picked":"Defragment","floor":28.0},{"not_picked":["Conserve Battery","Barrage"],"picked":"Loop","floor":29.0}],"player_experience":982883,"relics_obtained":[{"floor":6.0,"key":"Darkstone Periapt"},{"floor":8.0,"key":"Pantograph"},{"floor":9.0,"key":"Mummified Hand"},{"floor":11.0,"key":"Bottled Tornado"},{"floor":25.0,"key":"Bag of Marbles"},{"floor":26.0,"key":"Anchor"},{"floor":28.0,"key":"InkBottle"}],"event_choices":[{"damage_healed":0.0,"max_hp_gain":0.0,"max_hp_loss":0.0,"gold_gain":0.0,"event_name":"Accursed Blacksmith","player_choice":"Rummage","floor":4.0,"gold_loss":0.0,"damage_taken":0.0,"relics_obtained":["WarpedTongs"],"cards_obtained":["Pain"]},{"damage_healed":0.0,"max_hp_gain":0.0,"max_hp_loss":18.0,"gold_gain":0.0,"event_name":"Vampires","player_choice":"Became a vampire","floor":20.0,"gold_loss":0.0,"damage_taken":0.0,"cards_obtained":["Bite","Bite","Bite","Bite"]},{"cards_removed":["Defend_B"],"damage_healed":0.0,"max_hp_gain":0.0,"max_hp_loss":0.0,"gold_gain":0.0,"event_name":"Back to Basics","player_choice":"Elegance","floor":21.0,"gold_loss":0.0,"damage_taken":0.0},{"cards_removed":["All For One"],"damage_healed":17.0,"max_hp_gain":10.0,"max_hp_loss":0.0,"gold_gain":0.0,"event_name":"Bonfire Elementals","player_choice":"Offered Rare","floor":22.0,"gold_loss":0.0,"damage_taken":0.0}],"is_beta":false,"boss_relics":[{"not_picked":["SacredBark","Busted Crown"],"picked":"Inserter"}],"items_purged_floors":[5,24],"is_endless":false,"potions_floor_spawned":[7,12,14,19,25],"killed_by":"Book of Stabbing","ascension_level":20}}