{"host":"Ansgar","time":1607550095,"event":{"gold_per_floor":[112,112,126,26,46,46,77,97,122,151,151,207,225,254,254,325,325,337,337,357,371,371,389,419,419,498,513,513,528,89,39,39,39,39],"floor_reached":33,"playtime":3080,"items_purged":["Strike_B","Strike_B"],"score":674,"play_id":"5789a3ec-ac59-404e-994d-71de798d58e8","local_time":"20201209224135","is_ascension_mode":true,"campfire_choices":[{"data":"Chill","floor":6,"key":"SMITH"},{"floor":15,"key":"REST"},{"data":"Creative AI","floor":28,"key":"SMITH"},{"data":"Capacitor","floor":32,"key":"SMITH"}],"neow_cost":"NONE","seed_source_timestamp":13474976913600,"circlet_count":0,"master_deck":["AscendersBane","Defend_B","Defend_B","Defend_B","Defend_B","Zap","Dualcast+1","Blizzard","Cold Snap","Chill+1","Undo","Chill","Creative AI+1","Doom and Gloom","Skim","Chill","Seek","Sunder+1","Biased Cognition","Loop","RitualDagger","Stack","Storm","Tempest","Capacitor+1","Force Field","Rainbow"],"relics":["Cracked Core","DataDisk","Vajra","Oddly Smooth Stone","Ancient Tea Set","Bag of Marbles","Pen Nib","Runic Dome","Happy Flower","HornCleat"],"potions_floor_usage":[10,16,24,24],"damage_taken":[{"damage":9,"enemies":"Jaw Worm","floor":1,"turns":4},{"damage":0,"enemies":"Cultist","floor":3,"turns":3},{"damage":1,"enemies":"2 Louse","floor":5,"turns":2},{"damage":27,"enemies":"Gremlin Nob","floor":7,"turns":4},{"damage":0,"enemies":"Exordium Wildlife","floor":8,"turns":3},{"damage":0,"enemies":"3 Sentries","floor":10,"turns":6},{"damage":9,"enemies":"Lagavulin Event","floor":12,"turns":7},{"damage":2,"enemies":"Red Slaver","floor":13,"turns":3},{"damage":8,"enemies":"Lagavulin","floor":14,"turns":7},{"damage":8,"enemies":"Slime Boss","floor":16,"turns":9},{"damage":0,"enemies":"3 Byrds","floor":18,"turns":3},{"damage":0,"enemies":"Chosen","floor":20,"turns":3},{"damage":14,"enemies":"Centurion and Healer","floor":21,"turns":3},{"damage":6,"enemies":"Snecko","floor":23,"turns":6},{"damage":0,"enemies":"Slavers","floor":24,"turns":5},{"damage":11,"enemies":"Shelled Parasite and Fungi","floor":27,"turns":4},{"damage":10,"enemies":"Snake Plant","floor":29,"turns":2},{"damage":43,"enemies":"Collector","floor":33,"turns":6}],"seed_played":"867261884298266984","potions_obtained":[{"floor":3,"key":"LiquidBronze"},{"floor":7,"key":"PowerPotion"},{"floor":14,"key":"Regen Potion"},{"floor":16,"key":"BlessingOfTheForge"},{"floor":23,"key":"Regen Potion"}],"is_trial":false,"path_per_floor":["M","?","M","$","M","R","E","M","T","E","?","?","M","E","R","B",null,"M","?","M","M","?","M","E","?","T","M","R","M","$","?","R","B"],"character_chosen":"DEFECT","items_purchased":["Cold Snap","PotionOfCapacity","Force Field","Rainbow"],"campfire_rested":1,"item_purchase_floors":[4,30,30,30],"current_hp_per_floor":[55,55,55,55,54,54,27,27,27,27,27,18,16,8,29,36,62,62,62,62,48,42,36,50,50,50,39,39,29,29,29,29,0,0],"gold":39,"neow_bonus":"UPGRADE_CARD","is_prod":false,"is_daily":false,"chose_seed":false,"campfire_upgraded":3,"win_rate":0,"timestamp":1607550095,"path_taken":["M","?","M","?","M","R","E","?","T","E","?","?","M","E","R","BOSS","M","?","?","M","?","M","E","?","T","M","R","?","$","?","R","BOSS"],"build_version":"2020-12-07","purchased_purges":2,"victory":false,"max_hp_per_floor":[71,71,71,71,71,71,71,71,71,71,71,71,71,71,71,71,71,71,71,71,71,71,71,71,71,71,71,71,71,71,71,71,71,71],"card_choices":[{"not_picked":["Conserve Battery","Beam Cell"],"picked":"Rebound","floor":1},{"not_picked":["Force Field","Stack"],"picked":"Blizzard","floor":3},{"not_picked":["Conserve Battery","Fusion"],"picked":"Chill","floor":5},{"not_picked":["Static Discharge","Recycle"],"picked":"Undo","floor":7},{"not_picked":["Steam Power","Steam"],"picked":"Chill","floor":8},{"not_picked":["Ball Lightning","Machine Learning"],"picked":"Creative AI","floor":10},{"not_picked":["Gash","Tempest"],"picked":"Doom and Gloom","floor":12},{"not_picked":["Coolheaded","Go for the Eyes"],"picked":"Skim","floor":13},{"not_picked":["Hello World","Stack"],"picked":"Chill","floor":14},{"not_picked":["Creative AI","Rainbow"],"picked":"Seek","floor":16},{"not_picked":["Conserve Battery","Sweeping Beam"],"picked":"Sunder+1","floor":18},{"not_picked":["Chaos","Leap"],"picked":"Loop","floor":20},{"not_picked":["Sunder+1","Reinforced Body","Stack"],"picked":"SKIP","floor":21},{"not_picked":["Ball Lightning","Skim"],"picked":"Stack","floor":23},{"not_picked":["Hello World","Steam"],"picked":"Storm","floor":24},{"not_picked":["Loop","Reinforced Body"],"picked":"Tempest","floor":27},{"not_picked":["Steam Power","Hello World"],"picked":"Capacitor","floor":29}],"player_experience":1185163,"relics_obtained":[{"floor":7,"key":"Vajra"},{"floor":9,"key":"Oddly Smooth Stone"},{"floor":10,"key":"Ancient Tea Set"},{"floor":12,"key":"Bag of Marbles"},{"floor":14,"key":"Pen Nib"},{"floor":24,"key":"Happy Flower"},{"floor":26,"key":"HornCleat"}],"event_choices":[{"cards_removed":["Rebound"],"damage_healed":0,"gold_gain":0,"player_choice":"Gave Card","damage_taken":0,"relics_obtained":["DataDisk"],"max_hp_gain":0,"max_hp_loss":0,"event_name":"WeMeetAgain","floor":2,"gold_loss":0},{"damage_healed":0,"gold_gain":0,"player_choice":"Ignored","damage_taken":0,"max_hp_gain":0,"max_hp_loss":0,"event_name":"Liars Game","floor":11,"gold_loss":0},{"damage_healed":0,"gold_gain":0,"player_choice":"Searched \u00271\u0027 times","damage_taken":0,"max_hp_gain":0,"max_hp_loss":0,"event_name":"Dead Adventurer","floor":12,"gold_loss":0},{"damage_healed":0,"gold_gain":0,"cards_transformed":["Strike_B"],"player_choice":"Transformed","damage_taken":0,"max_hp_gain":0,"max_hp_loss":0,"event_name":"Transmorgrifier","floor":19,"gold_loss":0,"cards_obtained":["Biased Cognition"]},{"damage_healed":0,"gold_gain":0,"player_choice":"Joined the Cult","damage_taken":6,"max_hp_gain":0,"max_hp_loss":0,"event_name":"Nest","floor":22,"gold_loss":0,"cards_obtained":["RitualDagger"]},{"cards_removed":["Strike_B"],"damage_healed":0,"gold_gain":0,"player_choice":"Offered Basic","damage_taken":0,"max_hp_gain":0,"max_hp_loss":0,"event_name":"Bonfire Elementals","floor":25,"gold_loss":0},{"damage_healed":0,"gold_gain":0,"player_choice":"Bet on Murderer","damage_taken":0,"max_hp_gain":0,"max_hp_loss":0,"event_name":"The Joust","floor":31,"gold_loss":50}],"is_beta":true,"boss_relics":[{"not_picked":["SacredBark","Nuclear Battery"],"picked":"Runic Dome"}],"items_purged_floors":[4,30],"is_endless":false,"potions_floor_spawned":[3,7,14,16,20,23],"killed_by":"Collector","ascension_level":20}}