{"host":"nia1zwr35jsu5y7h","time":1607506956,"event":{"gold_per_floor":[110,37,37,51,51,76,106,137,160,160,215,215,284,321,321,428,428,455,365,384,401,44,84,102,135,135,135,135,135,160,193,193,380,380,415,415,440,459,516,516,0,0,0,65,85,85,156,170,170,175],"floor_reached":51,"playtime":2617,"items_purged":["hermit:Strike_Hermit","ReplayTheSpireMod:Splinters"],"score":1163,"play_id":"9fc99199-b843-46e2-b921-410f0f3cce9d","local_time":"20201209014236","is_ascension_mode":true,"campfire_choices":[{"data":"hermit:DeadOrAlive","floor":10,"key":"SMITH"},{"data":"hermit:FlashPowder","floor":28,"key":"SMITH"},{"data":"hermit:Roughhouse","floor":32,"key":"SMITH"},{"floor":40,"key":"REST"},{"data":"Replay:SS_forest_2","floor":42,"key":"SMITH"},{"data":"hermit:Combo","floor":46,"key":"SMITH"},{"data":"hermit:TakeAim","floor":46,"key":"SMITH"},{"data":"hermit:RoundhouseKick","floor":49,"key":"SMITH"},{"data":"hermit:RoundhouseKick","floor":49,"key":"SMITH"}],"neow_cost":"NONE","seed_source_timestamp":454939862876500,"circlet_count":0,"master_deck":["hermit:Defend_Hermit","hermit:Defend_Hermit","hermit:Defend_Hermit","hermit:Defend_Hermit","hermit:Snapshot","hermit:Covet","hermit:Headshot+1","hermit:TakeAim","hermit:FlashPowder+1","Replay:SS_forest_2+1","hermit:DeadOrAlive+1","hermit:DeadMansHand","hermit:Deadeye","hermit:Scavenge","hermit:Dive","hermit:Vantage+1","hermit:Combo+1","hermit:Dissolve+1","hermit:Roughhouse+1","hermit:EyeOfTheStorm+1","hermit:EyeOfTheStorm+1","hermit:TakeAim+1","hermit:Dive+1","hermit:Enervate","hermit:RoundhouseKick+1","hermit:Virtue+1","hermit:Grudge","hermit:EyeOfTheStorm+1","Parasite","hermit:LoneWolf+1","hermit:Gambit+1","hermit:HoleUp+1","hermit:BigShot","infinitespire:TheBestDefense+1","hermit:RoundhouseKick+1"],"special_seed":0,"relics":["hubris:TerracottaHorce","Blue Doll","Orichalcum","hubris:FunFungus","hubris:ToyBattleship","Toxic Egg 2","hubris:Backtick","Shuriken","Oddly Smooth Stone","infinitespire:Golems Mask","Mercury Hourglass","conspire:Dentures","HornCleat","StrikeDummy","hubris:GrandSneckoEye","The Courier","Membership Card","Bird Faced Urn","InkBottle","infinitespire:FocusingShard","Replay:Bottled Steam","Replay:Arrowhead","Ancient Tea Set"],"potions_floor_usage":[11,11,13,13,16,23,25],"damage_taken":[{"damage":0,"enemies":"Small Slimes","floor":1,"turns":2},{"damage":0,"enemies":"Cultist","floor":4,"turns":4},{"damage":5,"enemies":"2 Louse","floor":6,"turns":3},{"damage":14,"enemies":"Lagavulin","floor":7,"turns":7},{"damage":6,"enemies":"Looter","floor":8,"turns":3},{"damage":8,"enemies":"conspire:MimicChest","floor":11,"turns":5},{"damage":0,"enemies":"3 Sentries","floor":13,"turns":7},{"damage":0,"enemies":"2 Fungi Beasts","floor":14,"turns":3},{"damage":0,"enemies":"Fading Forest","floor":16,"turns":11},{"damage":5,"enemies":"Shell Parasite","floor":18,"turns":6},{"damage":0,"enemies":"conspire:FuzzyDice","floor":20,"turns":2},{"damage":0,"enemies":"Centurion and Healer","floor":21,"turns":4},{"damage":4,"enemies":"conspire:SneckoGhost","floor":23,"turns":5},{"damage":0,"enemies":"Snecko","floor":24,"turns":5},{"damage":22,"enemies":"Gremlin Leader","floor":25,"turns":5},{"damage":0,"enemies":"Snake Plant","floor":30,"turns":2},{"damage":5,"enemies":"Nightmare","floor":31,"turns":6},{"damage":19,"enemies":"Automaton","floor":33,"turns":8},{"damage":16,"enemies":"3 Shapes","floor":35,"turns":4},{"damage":11,"enemies":"Orb Walker","floor":37,"turns":4},{"damage":21,"enemies":"Writhing Mass","floor":38,"turns":5},{"damage":0,"enemies":"R_Hoarder","floor":44,"turns":4},{"damage":0,"enemies":"Jaw Worm Horde","floor":45,"turns":3},{"damage":11,"enemies":"Nightmare","floor":47,"turns":6},{"damage":2,"enemies":"Spire Growth","floor":48,"turns":4},{"damage":10,"enemies":"Awakened One","floor":50,"turns":11}],"seed_played":"-842257938010305087","potions_obtained":[{"floor":1,"key":"SteroidPotion"},{"floor":8,"key":"Adrenaline Potion"},{"floor":11,"key":"EntropicBrew"},{"floor":16,"key":"Reflective Coating"},{"floor":18,"key":"Weak Potion"},{"floor":21,"key":"BlessingOfTheForge"},{"floor":23,"key":"sneckomod:MuddlingPotion"},{"floor":30,"key":"Dexterity Potion"}],"is_trial":false,"path_per_floor":["M","$","?","M","?","M","E","M","T","R","?","?","E","M","R_BF","B",null,"M","?","M","M","$","E","M","E","T","?","R","T","M","NM","R","B",null,"M","?","M","M","?","R","$","R","T","E","M","R","NM","M","R","B",null],"character_chosen":"HERMIT","items_purchased":["hermit:TakeAim","hermit:TakeAim","Oddly Smooth Stone","hermit:Dive+1","Membership Card","Bird Faced Urn","InkBottle","hermit:BigShot","infinitespire:FocusingShard"],"campfire_rested":1,"item_purchase_floors":[2,22,22,22,41,41,41,41,41],"current_hp_per_floor":[75,75,75,75,75,70,56,50,50,50,42,30,35,35,35,43,67,63,63,63,64,64,60,63,41,41,41,41,41,41,39,39,20,61,48,48,39,18,18,40,40,40,40,48,58,58,64,68,68,72],"gold":175,"neow_bonus":"BOSS_RELIC","is_prod":false,"is_daily":false,"chose_seed":false,"campfire_upgraded":8,"win_rate":0,"timestamp":1607506956,"path_taken":["M","$","?","?","?","M","E","M","T","R","?","?","E","M","R_BF","BOSS","M","?","?","M","$","E","M","E","T","?","R","?","M","NM","R","BOSS","M","?","?","M","?","R","?","R","T","E","?","R","NM","M","R","BOSS"],"build_version":"2020-11-30","purchased_purges":2,"victory":true,"max_hp_per_floor":[75,75,75,75,75,75,75,75,75,75,75,75,75,75,75,75,75,75,75,75,75,75,75,75,75,75,75,75,75,75,75,75,75,75,75,75,75,75,75,75,75,75,75,75,75,75,75,75,75,75],"card_choices":[{"not_picked":["hermit:HoleUp","hermit:Roulette"],"picked":"hermit:Headshot","floor":1},{"not_picked":["hermit:BlackWind","hermit:Snipe","hermit:Manifest"],"picked":"SKIP","floor":4},{"not_picked":["hermit:LowProfile","hermit:CalledShot"],"picked":"hermit:DeadMansHand","floor":6},{"not_picked":["hermit:Ricochet","hermit:Coalescence"],"picked":"hermit:Deadeye","floor":7},{"not_picked":["hermit:LowProfile","hermit:Manifest"],"picked":"hermit:Scavenge","floor":8},{"not_picked":["hermit:Ricochet","hermit:Quickdraw"],"picked":"hermit:Dive","floor":11},{"not_picked":["hermit:DeadOrAlive","hermit:TrackingShot"],"picked":"hermit:Vantage+1","floor":13},{"not_picked":["hermit:BodyArmor+1","hermit:SprayPray"],"picked":"hermit:Combo","floor":14},{"not_picked":["hermit:BlackWind","hermit:RoundhouseKick"],"picked":"hermit:Roughhouse","floor":16},{"not_picked":["hermit:CalledShot","hermit:Determination+1"],"picked":"hermit:EyeOfTheStorm+1","floor":18},{"not_picked":["hermit:DeadMansHand+1","hermit:HoleUp+1"],"picked":"hermit:EyeOfTheStorm+1","floor":20},{"not_picked":["hermit:ItchyTrigger+1","hermit:Roulette","hermit:LuckOfTheDraw+1"],"picked":"SKIP","floor":21},{"not_picked":["hermit:Vantage+1","hermit:FatalDesire"],"picked":"hermit:Enervate","floor":23},{"not_picked":["hermit:Midnight+1","hermit:GoldenBullet+1","hermit:SprayPray"],"picked":"SKIP","floor":24},{"not_picked":["hermit:Coalescence+1","hermit:SprayPray","hermit:HighCaliber"],"picked":"SKIP","floor":25},{"not_picked":["hermit:GoldenBullet","hermit:NoHoldsBarred+1","hermit:Coalescence+1"],"picked":"SKIP","floor":30},{"not_picked":["hermit:NoHoldsBarred+1","hermit:Snipe+1"],"picked":"hermit:RoundhouseKick","floor":31},{"not_picked":["hermit:FatalDesire","hermit:OverwhelmingPower"],"picked":"hermit:HighNoon","floor":33},{"not_picked":["hermit:Spite","hermit:Enervate+1"],"picked":"hermit:Virtue+1","floor":35},{"not_picked":["hermit:Dive+1","hermit:TakeCover+1"],"picked":"hermit:EyeOfTheStorm+1","floor":37},{"not_picked":["hermit:HoleUp+1","hermit:HighCaliber+1"],"picked":"hermit:LoneWolf+1","floor":38},{"not_picked":["hermit:Vantage+1","hermit:TrackingShot+1"],"picked":"hermit:Gambit+1","floor":39},{"not_picked":["hermit:Midnight+1","hermit:CalledShot"],"picked":"hermit:HoleUp+1","floor":39},{"not_picked":["hermit:BodyArmor+1","hermit:Ricochet","hermit:Maintenance+1"],"picked":"SKIP","floor":44},{"not_picked":["hermit:Showdown+1","hermit:Combo","hermit:Headshot"],"picked":"SKIP","floor":45},{"not_picked":["infinitespire:Menacing","ReplayTheSpireMod:??????????????????????"],"picked":"infinitespire:TheBestDefense","floor":47},{"not_picked":["hermit:Glare+1","hermit:Snipe+1"],"picked":"hermit:RoundhouseKick","floor":47},{"not_picked":["hermit:FullyLoaded+1","hermit:Glare+1","hermit:Misfire+1"],"picked":"SKIP","floor":48}],"player_experience":2227055,"relics_obtained":[{"floor":7,"key":"Blue Doll"},{"floor":9,"key":"Orichalcum"},{"floor":11,"key":"hubris:FunFungus"},{"floor":13,"key":"Toxic Egg 2"},{"floor":23,"key":"infinitespire:Golems Mask"},{"floor":25,"key":"Mercury Hourglass"},{"floor":26,"key":"conspire:Dentures"},{"floor":29,"key":"HornCleat"},{"floor":31,"key":"StrikeDummy"},{"floor":39,"key":"The Courier"},{"floor":43,"key":"Replay:Bottled Steam"},{"floor":44,"key":"Replay:Arrowhead"},{"floor":47,"key":"Ancient Tea Set"}],"event_choices":[{"damage_healed":0,"gold_gain":0,"player_choice":"2 cards matched","damage_taken":0,"max_hp_gain":0,"max_hp_loss":0,"event_name":"Match and Keep!","floor":3,"gold_loss":0,"cards_obtained":["hermit:FlashPowder","Replay:SS_forest_2"]},{"damage_healed":0,"gold_gain":0,"cards_transformed":["hermit:Strike_Hermit"],"player_choice":"Change","damage_taken":0,"max_hp_gain":0,"max_hp_loss":0,"event_name":"Living Wall","floor":5,"gold_loss":0,"cards_obtained":["hermit:DeadOrAlive"]},{"damage_healed":0,"gold_gain":0,"player_choice":"Success","damage_taken":12,"relics_obtained":["hubris:ToyBattleship"],"max_hp_gain":0,"max_hp_loss":0,"event_name":"Scrap Ooze","floor":12,"gold_loss":0},{"cards_removed":["hermit:Strike_Hermit"],"damage_healed":0,"gold_gain":0,"player_choice":"Upgrade and Remove","damage_taken":0,"max_hp_gain":0,"max_hp_loss":0,"event_name":"Designer","floor":19,"gold_loss":90,"cards_upgraded":["hermit:Headshot"]},{"damage_healed":0,"gold_gain":0,"player_choice":"Ignored","damage_taken":0,"max_hp_gain":0,"max_hp_loss":0,"event_name":"Vampires","floor":27,"gold_loss":0},{"damage_healed":0,"gold_gain":0,"cards_transformed":["hermit:HighNoon"],"player_choice":"Transformed","damage_taken":0,"max_hp_gain":0,"max_hp_loss":0,"event_name":"Transmorgrifier","floor":36,"gold_loss":0,"cards_obtained":["hermit:Grudge"]}],"is_beta":false,"boss_relics":[{"not_picked":["hubris:CrackedHourglass","conspire:SlowCooker"],"picked":"hubris:Backtick"},{"not_picked":["Honey Jar","Fusion Hammer"],"picked":"hubris:GrandSneckoEye"}],"items_purged_floors":[22,41],"is_endless":false,"potions_floor_spawned":[1,8,11,16,18,20,21,23,30,35,37],"ascension_level":5}}