{"host":"y76clbnovzmw9ubx","time":1607523418,"event":{"gold_per_floor":[12,28,45,63,78,78,113,127,127,162,50,50,0,0,0],"floor_reached":14,"playtime":630,"items_purged":[],"score":204,"play_id":"b6e4868a-5e03-4bf4-9134-159f0804ca1d","local_time":"20201209091658","is_ascension_mode":true,"campfire_choices":[{"data":"Electrodynamics","floor":6,"key":"SMITH"}],"neow_cost":"NO_GOLD","seed_source_timestamp":2385430460690,"circlet_count":0,"master_deck":["AscendersBane","Strike_B","Strike_B","Strike_B","Strike_B","Defend_B","Defend_B","Defend_B","Defend_B","Zap","Dualcast","Sweeping Beam","Cold Snap","Cold Snap","Electrodynamics+1","BootSequence","Go for the Eyes","Reinforced Body+1","Hologram"],"special_seed":0,"relics":["Cracked Core","Question Card","Matryoshka","Singing Bowl"],"potions_floor_usage":[5,7,10,14],"damage_taken":[{"damage":2.0,"enemies":"Jaw Worm","floor":1.0,"turns":3.0},{"damage":8.0,"enemies":"Small Slimes","floor":2.0,"turns":3.0},{"damage":6.0,"enemies":"2 Louse","floor":3.0,"turns":3.0},{"damage":6.0,"enemies":"Blue Slaver","floor":4.0,"turns":4.0},{"damage":8,"enemies":"Gremlin Gang","floor":5,"turns":3},{"damage":18,"enemies":"3 Sentries","floor":7,"turns":5},{"damage":1,"enemies":"Exordium Thugs","floor":8,"turns":2},{"damage":23,"enemies":"Gremlin Nob","floor":10,"turns":4},{"damage":20,"enemies":"Lagavulin","floor":14,"turns":4}],"seed_played":"-2288838571206040866","potions_obtained":[{"floor":2.0,"key":"Strength Potion"},{"floor":3.0,"key":"GamblersBrew"},{"floor":7,"key":"DuplicationPotion"},{"floor":8,"key":"Block Potion"}],"is_trial":false,"path_per_floor":["M","M","M","M","M","R","E","M","T","E","$","?","?","E"],"character_chosen":"DEFECT","items_purchased":["Hologram","GamblersBrew"],"campfire_rested":0,"item_purchase_floors":[11,11],"current_hp_per_floor":[76,68,62,56,48,48,30,29,29,8,8,8,8,0,0],"gold":0,"neow_bonus":"TWENTY_PERCENT_HP_BONUS","is_prod":false,"is_daily":false,"chose_seed":false,"campfire_upgraded":1,"win_rate":0,"timestamp":1607523418,"path_taken":["M","M","M","M","M","R","E","M","T","E","$","?","?","E"],"build_version":"2020-11-30","purchased_purges":0,"victory":false,"max_hp_per_floor":[85,85,85,85,85,85,85,85,85,87,87,87,87,87,87],"relic_stats":{"Singing Bowl":2,"counters":[9,31],"Question Card":2,"obtain_stats":[{"Matryoshka":9,"Singing Bowl":10,"Cracked Core":0,"Question Card":7},{"Matryoshka":7,"Singing Bowl":8,"Cracked Core":0,"Question Card":6},{"Matryoshka":23,"Singing Bowl":27,"Cracked Core":0,"Question Card":21}]},"card_choices":[{"not_picked":["Leap","Steam"],"picked":"Sweeping Beam","floor":1.0},{"not_picked":["Undo","White Noise"],"picked":"Cold Snap","floor":2.0},{"not_picked":["Conserve Battery","Hologram"],"picked":"Cold Snap","floor":3.0},{"not_picked":["Leap","Sweeping Beam"],"picked":"Electrodynamics","floor":4.0},{"not_picked":["Turbo","Gash"],"picked":"BootSequence","floor":5},{"not_picked":["Rip and Tear","Stack"],"picked":"Go for the Eyes","floor":7},{"not_picked":["Chaos","Auto Shields","Gash"],"picked":"Reinforced Body","floor":8},{"not_picked":["White Noise","Redo","Compile Driver","Conserve Battery"],"picked":"Singing Bowl","floor":10}],"player_experience":2791499,"relics_obtained":[{"floor":7,"key":"Question Card"},{"floor":9,"key":"Matryoshka"},{"floor":10,"key":"Singing Bowl"}],"event_choices":[{"damage_healed":0,"gold_gain":0,"player_choice":"Grow","damage_taken":0,"max_hp_gain":0,"max_hp_loss":0,"event_name":"Living Wall","floor":12,"gold_loss":0,"cards_upgraded":["Reinforced Body"]},{"damage_healed":0,"gold_gain":0,"player_choice":"Left Gold","damage_taken":0,"max_hp_gain":0,"max_hp_loss":0,"event_name":"World of Goop","floor":13,"gold_loss":50}],"is_beta":false,"boss_relics":[],"items_purged_floors":[],"is_endless":false,"potions_floor_spawned":[2,3,7,8],"killed_by":"Lagavulin","ascension_level":20}}