{"host":"7pal6f3elqhvlig9","time":1607530712,"event":{"gold_per_floor":[111,111,111,111,130,160,160,185,185,199,209,65,65,75,75,180,180,194,205,205,221,146,146,162,162,189,189,201,201,201,5,5,109,109,125,125,0,14,0,0,33,47,47,47,64,64,91,111,111,111],"floor_reached":51,"playtime":1617,"items_purged":["Strike_B","Blizzard","Thunder Strike"],"score":1013,"play_id":"f7dff7d1-7821-4436-8674-f6bee8a158b9","local_time":"20201210011832","is_ascension_mode":true,"campfire_choices":[{"data":"Zap","floor":7.0,"key":"SMITH"},{"floor":13.0,"key":"REST"},{"data":"Defragment","floor":15.0,"key":"SMITH"},{"data":"Dualcast","floor":23.0,"key":"SMITH"},{"data":"Static Discharge","floor":25.0,"key":"SMITH"},{"floor":27.0,"key":"REST"},{"data":"Thunder Strike","floor":30.0,"key":"SMITH"},{"data":"Auto Shields","floor":32.0,"key":"SMITH"},{"data":"Core Surge","floor":40,"key":"SMITH"},{"data":"Skim","floor":46,"key":"SMITH"},{"floor":49,"key":"REST"}],"neow_cost":"NONE","seed_source_timestamp":1292912502276200,"circlet_count":0,"master_deck":["Strike_B+1","Strike_B+1","Defend_B","Zap+1","Dualcast+1","Ball Lightning","Defragment+1","Thunder Strike+1","Static Discharge+1","CurseOfTheBell","Hologram+1","Auto Shields+1","Core Surge+1","Coolheaded+1","Skim+1","Conserve Battery+1","Glacier+1"],"special_seed":0,"relics":["Cracked Core","NeowsBlessing","Whetstone","Oddly Smooth Stone","Potion Belt","Centennial Puzzle","ClockworkSouvenir","Calling Bell","Regal Pillow","Cables","Pocketwatch","Ancient Tea Set","Black Star","Red Mask","Question Card","Art of War","Frozen Egg 2","Akabeko","Shuriken"],"potions_floor_usage":[33,33,35,38,42,50,50],"damage_taken":[{"damage":0.0,"enemies":"Small Slimes","floor":1.0,"turns":1.0},{"damage":0.0,"enemies":"Jaw Worm","floor":5.0,"turns":1.0},{"damage":0.0,"enemies":"Lagavulin","floor":6.0,"turns":1.0},{"damage":33.0,"enemies":"Gremlin Nob","floor":8.0,"turns":4.0},{"damage":0.0,"enemies":"Cultist","floor":10.0,"turns":2.0},{"damage":6.0,"enemies":"Exordium Wildlife","floor":11.0,"turns":2.0},{"damage":4.0,"enemies":"2 Fungi Beasts","floor":14.0,"turns":3.0},{"damage":17.0,"enemies":"The Guardian","floor":16.0,"turns":9.0},{"damage":0.0,"enemies":"Chosen","floor":18.0,"turns":4.0},{"damage":7.0,"enemies":"3 Byrds","floor":19.0,"turns":2.0},{"damage":10.0,"enemies":"Centurion and Healer","floor":21.0,"turns":6.0},{"damage":14.0,"enemies":"Shelled Parasite and Fungi","floor":24.0,"turns":5.0},{"damage":14.0,"enemies":"3 Cultists","floor":28.0,"turns":4.0},{"damage":10,"enemies":"Champ","floor":33,"turns":8},{"damage":16,"enemies":"3 Shapes","floor":35,"turns":2},{"damage":6,"enemies":"Orb Walker","floor":38,"turns":3},{"damage":45,"enemies":"Nemesis","floor":41,"turns":6},{"damage":15,"enemies":"Transient","floor":42,"turns":5},{"damage":13,"enemies":"Maw","floor":45,"turns":6},{"damage":73,"enemies":"Giant Head","floor":47,"turns":8},{"damage":36,"enemies":"3 Darklings","floor":48,"turns":3},{"damage":76,"enemies":"Donu and Deca","floor":50,"turns":8}],"seed_played":"-4800377291245445121","potions_obtained":[{"floor":6.0,"key":"Dexterity Potion"},{"floor":8.0,"key":"Explosive Potion"},{"floor":10.0,"key":"ColorlessPotion"},{"floor":19.0,"key":"Block Potion"},{"floor":24.0,"key":"Energy Potion"},{"floor":28.0,"key":"Strength Potion"},{"floor":33,"key":"Fire Potion"},{"floor":41,"key":"Swift Potion"},{"floor":47,"key":"Ancient Potion"},{"floor":48,"key":"BlessingOfTheForge"}],"is_trial":false,"path_per_floor":["M","$","?","T","M","E","R","E","T","M","M","$","R","M","R","B",null,"M","M","?","M","$","R","M","R","T","R","M","?","R","$","R","B",null,"M","?","$","M","?","R","E","M","T","?","M","R","E","M","R","B",null],"character_chosen":"DEFECT","items_purchased":["ClockworkSouvenir","FairyPotion"],"campfire_rested":3,"item_purchase_floors":[12,31],"current_hp_per_floor":[75,75,68,68,68,68,68,35,35,35,29,29,51,47,47,30,64,64,57,57,47,47,47,33,33,33,70,56,56,56,56,56,53,70,54,54,54,55,55,55,17,9,9,9,53,53,47,18,55,75],"gold":111,"neow_bonus":"THREE_ENEMY_KILL","is_prod":false,"is_daily":false,"chose_seed":false,"campfire_upgraded":8,"win_rate":0,"timestamp":1607530712,"path_taken":["M","$","?","?","M","E","R","E","T","M","M","$","R","M","R","BOSS","M","M","?","?","$","R","M","R","T","R","M","?","R","$","R","BOSS","M","?","?","?","?","R","E","M","T","?","M","R","E","M","R","BOSS"],"build_version":"2020-11-30","purchased_purges":3,"victory":true,"max_hp_per_floor":[75,75,75,75,75,75,75,75,75,75,75,75,75,75,75,75,75,75,75,75,75,75,75,75,75,75,75,75,75,75,75,75,75,75,75,75,75,75,75,75,75,75,75,75,75,75,75,75,75,75],"card_choices":[{"not_picked":["Stack","Heatsinks"],"picked":"Ball Lightning","floor":1.0},{"not_picked":["Beam Cell","Recycle"],"picked":"Defragment","floor":5.0},{"not_picked":["Storm","Stack","Turbo"],"picked":"SKIP","floor":6.0},{"not_picked":["Turbo","Leap"],"picked":"Thunder Strike","floor":8.0},{"not_picked":["Hologram","Sweeping Beam"],"picked":"Static Discharge","floor":10.0},{"not_picked":["Ball Lightning","Compile Driver","Go for the Eyes"],"picked":"SKIP","floor":11.0},{"not_picked":["Redo","Doom and Gloom","Blizzard"],"picked":"SKIP","floor":14.0},{"not_picked":["Redo","Blizzard"],"picked":"Hologram+1","floor":18.0},{"not_picked":["Scrape","Static Discharge","Hologram+1"],"picked":"SKIP","floor":19.0},{"not_picked":["Rebound","Beam Cell"],"picked":"Auto Shields","floor":21.0},{"not_picked":["Loop","All For One","Streamline"],"picked":"SKIP","floor":24.0},{"not_picked":["Reinforced Body","Ball Lightning","Hologram"],"picked":"SKIP","floor":28.0},{"not_picked":["Meteor Strike","Machine Learning"],"picked":"Core Surge","floor":33},{"not_picked":["Rebound","Leap"],"picked":"Coolheaded+1","floor":35},{"not_picked":["Conserve Battery","Beam Cell","Leap+1"],"picked":"SKIP","floor":38},{"not_picked":["Fusion+1","Scrape+1"],"picked":"Skim","floor":41},{"not_picked":["Lockon","Undo","Cold Snap","Hologram"],"picked":"SKIP","floor":42},{"not_picked":["Rebound","Hologram","Beam Cell+1"],"picked":"Conserve Battery+1","floor":45},{"not_picked":["Stack+1","All For One","Sweeping Beam+1","Creative AI+1"],"picked":"SKIP","floor":47},{"not_picked":["Steam","Rebound+1","Hello World+1"],"picked":"Glacier+1","floor":48}],"player_experience":195759,"relics_obtained":[{"floor":4.0,"key":"Whetstone"},{"floor":6.0,"key":"Oddly Smooth Stone"},{"floor":8.0,"key":"Potion Belt"},{"floor":9.0,"key":"Centennial Puzzle"},{"floor":17.0,"key":"Regal Pillow"},{"floor":17.0,"key":"Cables"},{"floor":17.0,"key":"Pocketwatch"},{"floor":26.0,"key":"Ancient Tea Set"},{"floor":41,"key":"Question Card"},{"floor":41,"key":"Art of War"},{"floor":43,"key":"Frozen Egg 2"},{"floor":47,"key":"Akabeko"},{"floor":47,"key":"Shuriken"}],"event_choices":[{"cards_removed":["Strike_B"],"damage_healed":0.0,"max_hp_gain":0.0,"max_hp_loss":0.0,"gold_gain":0.0,"event_name":"Golden Wing","player_choice":"Card Removal","floor":3.0,"gold_loss":0.0,"damage_taken":7.0},{"damage_healed":0.0,"max_hp_gain":0.0,"max_hp_loss":0.0,"gold_gain":0.0,"event_name":"Match and Keep!","player_choice":"0 cards matched","floor":20.0,"gold_loss":0.0,"damage_taken":0.0,"cards_obtained":[]},{"damage_healed":0.0,"max_hp_gain":0.0,"max_hp_loss":0.0,"gold_gain":0.0,"cards_transformed":["Defend_B","Defend_B"],"event_name":"Drug Dealer","player_choice":"Became Test Subject","floor":29.0,"gold_loss":0.0,"damage_taken":0.0,"cards_obtained":["Self Repair","Blizzard"]},{"damage_healed":0,"gold_gain":0,"cards_transformed":["Defend_B"],"player_choice":"Transformed","damage_taken":0,"max_hp_gain":0,"max_hp_loss":0,"event_name":"Transmorgrifier","floor":36,"gold_loss":0,"cards_obtained":["Thunder Strike"]},{"damage_healed":0,"gold_gain":0,"player_choice":"Paid","damage_taken":0,"relics_obtained":["Red Mask"],"max_hp_gain":0,"max_hp_loss":0,"event_name":"Tomb of Lord Red Mask","floor":39,"gold_loss":14},{"damage_healed":0,"gold_gain":0,"player_choice":"Memory 1","damage_taken":0,"max_hp_gain":0,"max_hp_loss":0,"event_name":"SensoryStone","floor":44,"gold_loss":0}],"is_beta":false,"boss_relics":[{"not_picked":["Runic Pyramid","Philosopher\u0027s Stone"],"picked":"Calling Bell"},{"not_picked":["Busted Crown","Pandora\u0027s Box"],"picked":"Black Star"}],"items_purged_floors":[22,31,37],"is_endless":false,"potions_floor_spawned":[6,8,10,19,24,28,33,41,47,48],"ascension_level":5}}