{"host":"f2j33was084ujehg","time":1607548610,"event":{"gold_per_floor":[110,142,142,142,40,40,53,53,53,70,84,99,99,112,112,210,210,221,221,221,234,234,234,234],"floor_reached":23,"playtime":2934,"items_purged":[],"score":191,"play_id":"3f4fe62f-6c31-4fac-9cd9-c3f751a1cbec","local_time":"20201209151650","is_ascension_mode":false,"campfire_choices":[{"floor":6,"key":"REST"},{"data":"After Image","floor":13,"key":"SMITH"},{"data":"Meditate","floor":15,"key":"SMITH"}],"neow_cost":"NONE","seed_source_timestamp":51256339941700,"circlet_count":0,"master_deck":["Strike_P","Strike_P+1","Strike_P+1","Defend_P","Defend_P","Defend_P","Defend_P","Eruption","Vigilance","FlurryOfBlows","Perseverance","Replay:ManipulateFuture","JustLucky","After Image+1","ICR:VenomStrike","All Out Attack","Sanctity","Meditate+1","Halt","Replay:LoomingThreat","ConjureBlade","Replay:Hum","Replay:AtTheReady"],"relics":["PureWater","Bromod:ArcaneUltimatum","Gensokyo:NagashiBinaDoll","halation:EternalFortune","Whetstone","sagemod:Falmels_Amulet","Gensokyo:ConquerorOfFear","hubris:Icosahedron"],"potions_floor_usage":[16,23,23],"damage_taken":[{"damage":4,"enemies":"Gensokyo:Gryphon","floor":1,"turns":4},{"damage":31,"enemies":"Gensokyo:Mamizou","floor":2,"turns":12},{"damage":4,"enemies":"Gensokyo:3_Fairies","floor":7,"turns":4},{"damage":0,"enemies":"Gensokyo:Python","floor":10,"turns":4},{"damage":2,"enemies":"Gensokyo:3_Kodama","floor":11,"turns":6},{"damage":0,"enemies":"Gensokyo:LivingMonolith","floor":12,"turns":3},{"damage":0,"enemies":"Gensokyo:2_Rabbits","floor":14,"turns":3},{"damage":12,"enemies":"Gensokyo:Yukari","floor":16,"turns":12},{"damage":23,"enemies":"Gensokyo:CosmicMonolith","floor":18,"turns":6},{"damage":27,"enemies":"Gensokyo:3_Dogs","floor":21,"turns":6},{"damage":40,"enemies":"Gensokyo:Reisen","floor":23,"turns":5}],"seed_played":"2776966888766713357","potions_obtained":[{"floor":1,"key":"DDmod:CleansePotion"},{"floor":10,"key":"DuplicationPotion"},{"floor":11,"key":"Explosive Potion"}],"is_trial":false,"path_per_floor":["M","?","?","?","$","R","M","?","T","M","M","M","R","M","R","B",null,"M","?","?","M","?","E"],"character_chosen":"WATCHER","items_purchased":["Replay:ManipulateFuture","JustLucky"],"campfire_rested":1,"item_purchase_floors":[5,5],"current_hp_per_floor":[68,37,37,40,40,62,58,58,58,58,56,56,56,56,56,44,75,52,52,57,30,30,0,0],"gold":234,"neow_bonus":"RANDOM_COLORLESS","is_prod":false,"is_daily":false,"chose_seed":false,"campfire_upgraded":2,"win_rate":0,"timestamp":1607548610,"path_taken":["M","?","?","?","?","R","M","?","T","?","M","M","R","M","R","BOSS","M","?","?","?","?","E"],"build_version":"2020-11-30","purchased_purges":0,"victory":false,"max_hp_per_floor":[72,72,72,75,75,75,75,75,75,75,75,75,75,75,75,75,75,75,75,80,80,80,80,80],"card_choices":[{"not_picked":["Replay:Sssssssssstrike","Replay:SS_forest_5"],"picked":"Replay:SS_forest_2","floor":0},{"not_picked":["Evaluate","CrushJoints"],"picked":"FlurryOfBlows","floor":1},{"not_picked":["Crescendo","Evaluate"],"picked":"Perseverance","floor":2},{"not_picked":["SandsOfTime","ClearTheMind"],"picked":"JustLucky","floor":7},{"not_picked":["PathToVictory","Fasting2"],"picked":"Sanctity","floor":10},{"not_picked":["JustLucky","ThirdEye"],"picked":"Meditate","floor":11},{"not_picked":["Adaptation","MentalFortress"],"picked":"Halt","floor":12},{"not_picked":["WreathOfFlame","FlyingSleeves"],"picked":"Replay:LoomingThreat","floor":14},{"not_picked":["Replay:AllIn","Devotion"],"picked":"ConjureBlade","floor":16},{"not_picked":["PathToVictory+1","WaveOfTheHand+1"],"picked":"Replay:Hum","floor":18},{"not_picked":["Sanctity","ClearTheMind"],"picked":"Replay:AtTheReady","floor":21}],"player_experience":1104129,"relics_obtained":[{"floor":2,"key":"Bromod:ArcaneUltimatum"},{"floor":9,"key":"Whetstone"},{"floor":21,"key":"Gensokyo:ConquerorOfFear"}],"event_choices":[],"is_beta":false,"boss_relics":[{"not_picked":["Fusion Hammer","aspiration:FutureDiary"],"picked":"sagemod:Falmels_Amulet"}],"items_purged_floors":[],"is_endless":false,"potions_floor_spawned":[1,10,11,14],"killed_by":"Gensokyo:Reisen","ascension_level":0}}