{"host":"zxkjcgzis4pm3za5","time":1607532446,"event":{"gold_per_floor":[119,119,119,131,146,146,157,188,188,213,230,265,265,117,117,212,212,226,226,226,238,199,233,233,233,233,251,263,298,316,96,96,200,200,212,223,237,90,110,143,143,176,203,236,246,259,259,284,284,284,284,284,32,64,64],"floor_reached":56,"playtime":1994,"items_purged":["Clumsy"],"score":1808,"play_id":"72d22c69-3a02-4650-9e48-eee3a105eab6","local_time":"20201209221726","is_ascension_mode":true,"campfire_choices":[{"data":"Cloak And Dagger","floor":6.0,"key":"SMITH"},{"data":"Blade Dance","floor":13.0,"key":"SMITH"},{"data":"Choke","floor":15.0,"key":"SMITH"},{"data":"Burst","floor":25.0,"key":"SMITH"},{"data":"Neutralize","floor":32.0,"key":"SMITH"},{"floor":41.0,"key":"REST"},{"floor":49.0,"key":"RECALL"},{"data":"After Image","floor":52.0,"key":"SMITH"}],"neow_cost":"NONE","seed_source_timestamp":7425704086600,"circlet_count":0,"master_deck":["Strike_G","Strike_G","Strike_G","Strike_G","Strike_G+1","Defend_G","Defend_G","Defend_G","Defend_G","Defend_G","Survivor","Neutralize+1","Slice+1","Dagger Spray","Cloak And Dagger+1","Choke+1","Leg Sweep","Blade Dance+1","Burst+1","Accuracy+1","Blur","Cloak And Dagger+1","Infinite Blades","Predator","Deflect","Finisher+1","After Image+1","Finisher","Backflip","Regret","Dodge and Roll+1","Footwork+1"],"special_seed":0,"relics":["SlaversCollar","StrikeDummy","Ornamental Fan","Gremlin Horn","Anchor","Vajra","Cursed Key","MutagenicStrength","Bottled Flame","Incense Burner","Tiny Chest","HandDrill","Busted Crown","OrangePellets","Torii","Toxic Egg 2","Regal Pillow","Shuriken","Bag of Marbles"],"potions_floor_usage":[55,55],"damage_taken":[{"damage":1.0,"enemies":"Small Slimes","floor":1.0,"turns":3.0},{"damage":0.0,"enemies":"Cultist","floor":4.0,"turns":4.0},{"damage":0.0,"enemies":"Jaw Worm","floor":5.0,"turns":3.0},{"damage":9.0,"enemies":"Red Slaver","floor":7.0,"turns":4.0},{"damage":5.0,"enemies":"3 Sentries","floor":8.0,"turns":4.0},{"damage":14.0,"enemies":"Gremlin Nob","floor":10.0,"turns":4.0},{"damage":0.0,"enemies":"Lots of Slimes","floor":11.0,"turns":3.0},{"damage":1.0,"enemies":"3 Sentries","floor":12.0,"turns":6.0},{"damage":8.0,"enemies":"Hexaghost","floor":16.0,"turns":8.0},{"damage":0.0,"enemies":"3 Byrds","floor":18.0,"turns":4.0},{"damage":0.0,"enemies":"Shell Parasite","floor":21.0,"turns":3.0},{"damage":10.0,"enemies":"Book of Stabbing","floor":23.0,"turns":6.0},{"damage":4.0,"enemies":"Snake Plant","floor":27.0,"turns":4.0},{"damage":6.0,"enemies":"Snecko","floor":28.0,"turns":5.0},{"damage":0.0,"enemies":"Gremlin Leader","floor":29.0,"turns":3.0},{"damage":0.0,"enemies":"Shelled Parasite and Fungi","floor":30.0,"turns":3.0},{"damage":13.0,"enemies":"Automaton","floor":33.0,"turns":8.0},{"damage":4.0,"enemies":"Orb Walker","floor":35.0,"turns":3.0},{"damage":0.0,"enemies":"3 Darklings","floor":36.0,"turns":4.0},{"damage":0.0,"enemies":"Jaw Worm Horde","floor":37.0,"turns":3.0},{"damage":4.0,"enemies":"Maw","floor":39.0,"turns":6.0},{"damage":23.0,"enemies":"Giant Head","floor":40.0,"turns":8.0},{"damage":0.0,"enemies":"Nemesis","floor":42.0,"turns":3.0},{"damage":13.0,"enemies":"Reptomancer","floor":44.0,"turns":4.0},{"damage":3.0,"enemies":"Writhing Mass","floor":45.0,"turns":5.0},{"damage":0.0,"enemies":"Sphere and 2 Shapes","floor":46.0,"turns":2.0},{"damage":1.0,"enemies":"Giant Head","floor":48.0,"turns":6.0},{"damage":13.0,"enemies":"Donu and Deca","floor":50.0,"turns":11.0},{"damage":2.0,"enemies":"Shield and Spear","floor":54.0,"turns":6.0},{"damage":44,"enemies":"The Heart","floor":55,"turns":10}],"seed_played":"4698191641102804308","potions_obtained":[{"floor":7.0,"key":"AttackPotion"},{"floor":10.0,"key":"Poison Potion"},{"floor":11.0,"key":"SpeedPotion"},{"floor":16.0,"key":"GamblersBrew"},{"floor":18.0,"key":"ColorlessPotion"},{"floor":27.0,"key":"AttackPotion"},{"floor":33.0,"key":"ColorlessPotion"},{"floor":35.0,"key":"SkillPotion"},{"floor":36.0,"key":"DuplicationPotion"},{"floor":37.0,"key":"Explosive Potion"},{"floor":45.0,"key":"FearPotion"},{"floor":48.0,"key":"Block Potion"},{"floor":54.0,"key":"GamblersBrew"}],"is_trial":false,"path_per_floor":["M","?","$","M","M","R","M","E","T","E","M","E","R","$","R","B",null,"M","?","?","M","$","E","?","R","T","M","M","E","M","$","R","B",null,"M","M","M","$","M","E","R","E","T","E","M","M","?","E","R","B",null,"R","$","E","B",null],"character_chosen":"THE_SILENT","items_purchased":["Vajra","Blur","HandDrill","OrangePellets","Shuriken"],"campfire_rested":1,"item_purchase_floors":[14,22,31,38,53],"current_hp_per_floor":[62,48,48,48,48,48,39,34,34,20,20,19,19,19,19,11,55,55,55,55,55,55,45,45,45,45,41,35,35,35,35,35,22,58,54,54,54,54,50,27,48,48,48,35,32,32,32,31,31,18,57,57,57,55,11],"gold":64,"neow_bonus":"BOSS_RELIC","is_prod":false,"is_daily":false,"chose_seed":false,"campfire_upgraded":6,"win_rate":0,"timestamp":1607532446,"path_taken":["M","?","?","?","M","R","M","E","T","E","M","E","R","$","R","BOSS","M","?","?","M","$","E","?","R","T","M","M","E","M","$","R","BOSS","M","?","M","$","M","E","R","E","T","E","M","M","?","E","R","BOSS","R","$","E","BOSS"],"build_version":"2020-11-30","purchased_purges":1,"victory":true,"max_hp_per_floor":[70,70,70,70,70,70,70,70,70,70,70,70,70,70,70,70,70,70,70,70,70,70,70,70,70,70,70,70,70,70,70,70,70,70,70,70,70,70,70,70,70,70,70,70,70,70,70,70,70,70,70,70,70,70,70],"card_choices":[{"not_picked":["Blur","Flechettes"],"picked":"Slice","floor":1.0},{"not_picked":["Expertise","Sucker Punch"],"picked":"Dagger Spray","floor":4.0},{"not_picked":["PiercingWail","Heel Hook"],"picked":"Cloak And Dagger","floor":5.0},{"not_picked":["Flechettes","Tactician"],"picked":"Choke","floor":7.0},{"not_picked":["Accuracy","Outmaneuver"],"picked":"Leg Sweep","floor":8.0},{"not_picked":["Masterful Stab","Dagger Spray","Bane"],"picked":"SKIP","floor":10.0},{"not_picked":["Dagger Throw","Terror"],"picked":"Blade Dance","floor":11.0},{"not_picked":["Dagger Throw","Deadly Poison","Wraith Form v2"],"picked":"SKIP","floor":12.0},{"not_picked":["Venomology","Grand Finale"],"picked":"Burst","floor":16.0},{"not_picked":["Sucker Punch","Footwork"],"picked":"Accuracy+1","floor":18.0},{"not_picked":["Accuracy","Underhanded Strike","Flying Knee"],"picked":"SKIP","floor":21.0},{"not_picked":["Masterful Stab","Deadly Poison"],"picked":"Cloak And Dagger+1","floor":23.0},{"not_picked":["Distraction","Flying Knee"],"picked":"Predator","floor":27.0},{"not_picked":["Slice","Cloak And Dagger"],"picked":"Deflect","floor":28.0},{"not_picked":["Flechettes","Setup"],"picked":"Finisher+1","floor":29.0},{"not_picked":["Masterful Stab","Concentrate+1","Outmaneuver"],"picked":"SKIP","floor":30.0},{"not_picked":["Wraith Form v2","Die Die Die"],"picked":"After Image","floor":33.0},{"not_picked":[],"picked":"Finisher","floor":35.0},{"not_picked":["Masterful Stab"],"picked":"SKIP","floor":36.0},{"not_picked":["Sucker Punch"],"picked":"SKIP","floor":37.0},{"not_picked":["Slice"],"picked":"SKIP","floor":39.0},{"not_picked":[],"picked":"Backflip","floor":40.0},{"not_picked":["Calculated Gamble+1"],"picked":"SKIP","floor":42.0},{"not_picked":[],"picked":"Dodge and Roll+1","floor":44.0},{"not_picked":[],"picked":"Footwork+1","floor":45.0},{"not_picked":["Reflex+1"],"picked":"SKIP","floor":46.0},{"not_picked":["Deadly Poison+1"],"picked":"SKIP","floor":48.0},{"not_picked":["Bane"],"picked":"SKIP","floor":54.0}],"player_experience":115722,"relics_obtained":[{"floor":8.0,"key":"StrikeDummy"},{"floor":9.0,"key":"Ornamental Fan"},{"floor":10.0,"key":"Gremlin Horn"},{"floor":12.0,"key":"Anchor"},{"floor":23.0,"key":"Bottled Flame"},{"floor":26.0,"key":"Incense Burner"},{"floor":29.0,"key":"Tiny Chest"},{"floor":40.0,"key":"Torii"},{"floor":42.0,"key":"Toxic Egg 2"},{"floor":48.0,"key":"Regal Pillow"},{"floor":54.0,"key":"Bag of Marbles"}],"event_choices":[{"damage_healed":0.0,"max_hp_gain":0.0,"max_hp_loss":0.0,"gold_gain":0.0,"event_name":"Shining Light","player_choice":"Entered Light","floor":2.0,"gold_loss":0.0,"damage_taken":14.0,"cards_upgraded":["Strike_G","Slice"]},{"damage_healed":0.0,"max_hp_gain":0.0,"max_hp_loss":0.0,"gold_gain":0.0,"event_name":"Ghosts","player_choice":"Ignored","floor":19.0,"gold_loss":0.0,"damage_taken":0.0},{"damage_healed":0.0,"max_hp_gain":0.0,"max_hp_loss":0.0,"gold_gain":0.0,"event_name":"Drug Dealer","player_choice":"Inject Mutagens","floor":20.0,"gold_loss":0.0,"damage_taken":0.0,"relics_obtained":["MutagenicStrength"]},{"damage_healed":0.0,"max_hp_gain":0.0,"max_hp_loss":0.0,"gold_gain":0.0,"event_name":"The Library","player_choice":"Read","floor":24.0,"gold_loss":0.0,"damage_taken":0.0,"cards_obtained":["Infinite Blades"]},{"damage_healed":0.0,"max_hp_gain":0.0,"max_hp_loss":0.0,"gold_gain":0.0,"event_name":"Tomb of Lord Red Mask","player_choice":"Ignored","floor":47.0,"gold_loss":0.0,"damage_taken":0.0}],"is_beta":false,"boss_relics":[{"not_picked":["HoveringKite","Calling Bell"],"picked":"Cursed Key"},{"not_picked":["Pandora\u0027s Box","Coffee Dripper"],"picked":"Busted Crown"}],"items_purged_floors":[31],"is_endless":false,"potions_floor_spawned":[7,10,11,16,18,27,33,35,36,37,45,48,54],"ascension_level":8}}