{"host":"q2g9o89qua515qte","time":1607472880,"event":{"gold_per_floor":[114,114,114,114,114,144,144,144,144,164,189,31,47,91,91,217,217,238,238,73,73,73,92,0,0,0,18,18,18,37,37,37],"floor_reached":31,"playtime":904,"items_purged":["Injury"],"score":241,"play_id":"1c7633db-7298-4ec6-a770-6a33e386f1e4","local_time":"20201209011440","is_ascension_mode":false,"campfire_choices":[{"floor":7,"key":"REST"},{"data":"Juggernaut","floor":15,"key":"SMITH"}],"neow_cost":"PERCENT_DAMAGE","seed_source_timestamp":17849277283900,"circlet_count":0,"master_deck":["Bash","Corruption","Clash+1","Juggernaut+1","Pommel Strike+1","Immolate+1","Sever Soul+1","Flame Barrier","Juggernaut","Disarm","Dark Embrace","Anger+1","Clash+1","Disarm","Havoc","Dual Wield","True Grit","Rampage+1","Feel No Pain","Body Slam+1","sneckomod:Bewildered"],"relics":["Burning Blood","Molten Egg 2","Whetstone","Golden Idol","Pantograph","Paper Frog","Pandora\u0027s Box","Nilry\u0027s Codex","StoneCalendar","sneckomod:BabySnecko"],"potions_floor_usage":[6,16,31,31],"damage_taken":[{"damage":1,"enemies":"Cultist","floor":1,"turns":4},{"damage":41,"enemies":"3 Sentries","floor":6,"turns":12},{"damage":0,"enemies":"2 Louse","floor":10,"turns":1},{"damage":3,"enemies":"Jaw Worm","floor":11,"turns":3},{"damage":10,"enemies":"Looter","floor":13,"turns":3},{"damage":28,"enemies":"Gremlin Nob","floor":14,"turns":4},{"damage":47,"enemies":"Hexaghost","floor":16,"turns":12},{"damage":29,"enemies":"2 Thieves","floor":18,"turns":4},{"damage":10,"enemies":"Shell Parasite","floor":23,"turns":6},{"damage":19,"enemies":"Snecko","floor":27,"turns":5},{"damage":24,"enemies":"Snake Plant","floor":30,"turns":5},{"damage":10,"enemies":"3 Cultists","floor":31,"turns":3}],"seed_played":"-7342159294503018121","potions_obtained":[{"floor":1,"key":"Swift Potion"},{"floor":10,"key":"FairyPotion"},{"floor":14,"key":"SkillPotion"},{"floor":23,"key":"ElixirPotion"},{"floor":30,"key":"hexamod:EctoCoolerPotion"}],"is_trial":false,"path_per_floor":["M","$","?","?","?","E","R","?","T","M","M","$","M","E","R","B",null,"M","?","$","?","?","M","?","$","T","M","?","$","M","M"],"character_chosen":"IRONCLAD","items_purchased":["Immolate+1","Feel No Pain","Body Slam+1"],"campfire_rested":1,"item_purchase_floors":[12,20,20],"current_hp_per_floor":[61,61,58,42,47,12,37,37,37,43,46,46,42,20,20,31,85,62,46,46,46,46,42,42,42,42,29,29,29,11,1,1],"gold":37,"neow_bonus":"THREE_RARE_CARDS","is_prod":false,"is_daily":false,"chose_seed":false,"campfire_upgraded":1,"win_rate":0,"timestamp":1607472880,"path_taken":["M","$","?","?","?","E","R","?","T","M","M","$","M","E","R","BOSS","M","?","$","?","?","M","?","?","T","M","?","?","M","M"],"build_version":"2020-11-30","purchased_purges":1,"victory":false,"max_hp_per_floor":[80,80,80,80,85,85,85,85,85,85,85,85,85,85,85,85,85,85,85,85,85,85,85,85,85,85,85,85,85,85,85,85],"card_choices":[{"not_picked":["Impervious","Brutality"],"picked":"Corruption","floor":0},{"not_picked":["Intimidate","Heavy Blade"],"picked":"Clash","floor":1},{"not_picked":["Headbutt+1","Bloodletting"],"picked":"Juggernaut","floor":6},{"not_picked":["Clothesline+1","Headbutt+1"],"picked":"Pommel Strike+1","floor":10},{"not_picked":["Rampage+1","Bloodletting","Dual Wield"],"picked":"SKIP","floor":11},{"not_picked":["Heavy Blade+1","Evolve"],"picked":"Sever Soul+1","floor":13},{"not_picked":["Anger+1","Dropkick+1"],"picked":"Flame Barrier","floor":14},{"not_picked":["Exhume","Offering"],"picked":"Juggernaut","floor":16},{"not_picked":["Evolve","Blood for Blood+1","Headbutt+1"],"picked":"SKIP","floor":18},{"not_picked":["Twin Strike+1","Disarm","Bloodletting"],"picked":"SKIP","floor":23},{"not_picked":["Ghostly Armor","Sword Boomerang+1","Wild Strike+1"],"picked":"SKIP","floor":27},{"not_picked":["Pommel Strike+1","Iron Wave+1","Headbutt+1"],"picked":"SKIP","floor":30}],"player_experience":764380,"relics_obtained":[{"floor":6,"key":"Whetstone"},{"floor":9,"key":"Pantograph"},{"floor":14,"key":"Paper Frog"},{"floor":19,"key":"Nilry\u0027s Codex"}],"event_choices":[{"damage_healed":0,"gold_gain":0,"player_choice":"Success","damage_taken":3,"relics_obtained":["Molten Egg 2"],"max_hp_gain":0,"max_hp_loss":0,"event_name":"Scrap Ooze","floor":3,"gold_loss":0},{"damage_healed":0,"gold_gain":0,"player_choice":"Entered Light","damage_taken":16,"max_hp_gain":0,"max_hp_loss":0,"event_name":"Shining Light","floor":4,"gold_loss":0,"cards_upgraded":["Strike_R","Defend_R"]},{"damage_healed":0,"gold_gain":0,"player_choice":"Donut","damage_taken":0,"max_hp_gain":5,"max_hp_loss":0,"event_name":"Big Fish","floor":5,"gold_loss":0},{"damage_healed":0,"gold_gain":0,"player_choice":"Take Wound","damage_taken":0,"relics_obtained":["Golden Idol"],"max_hp_gain":0,"max_hp_loss":0,"event_name":"Golden Idol","floor":8,"gold_loss":0,"cards_obtained":["Injury"]},{"damage_healed":0,"gold_gain":0,"player_choice":"Obtained Book","damage_taken":16,"max_hp_gain":0,"max_hp_loss":0,"event_name":"Cursed Tome","floor":19,"gold_loss":0},{"damage_healed":0,"gold_gain":0,"player_choice":"Opened","damage_taken":0,"relics_obtained":["StoneCalendar"],"max_hp_gain":0,"max_hp_loss":0,"event_name":"The Mausoleum","floor":22,"gold_loss":0},{"damage_healed":0,"gold_gain":0,"player_choice":"Paid Fearfully","damage_taken":0,"max_hp_gain":0,"max_hp_loss":0,"event_name":"Masked Bandits","floor":24,"gold_loss":92}],"is_beta":false,"boss_relics":[{"not_picked":["Sozu","Snecko Eye"],"picked":"Pandora\u0027s Box"}],"items_purged_floors":[20],"is_endless":false,"potions_floor_spawned":[1,10,14,23,30],"killed_by":"3 Cultists","ascension_level":0}}