{"host":"m6aaltr68g9tvoay","time":1607545973,"event":{"gold_per_floor":[118,133,83,97,97,97,97,117,167,167,184,216,216,244,244,316,316,333,345,10,60,80,80,94,129,153,153,166,166,4,18,18,90,90,101,126,0,23,39,39,56,56,79,79,89,89,89,109,109,109],"floor_reached":51,"playtime":1875,"items_purged":["Strike_G"],"score":1289,"play_id":"12fa9100-6293-4b05-a3a6-95ab781b9d02","local_time":"20201209123253","is_ascension_mode":true,"campfire_choices":[{"data":"Envenom","floor":6.0,"key":"SMITH"},{"data":"Dagger Spray","floor":10.0,"key":"SMITH"},{"floor":13.0,"key":"REST"},{"data":"Distraction","floor":15.0,"key":"SMITH"},{"floor":23.0,"key":"REST"},{"floor":29.0,"key":"REST"},{"floor":32.0,"key":"REST"},{"floor":40,"key":"REST"},{"floor":42,"key":"REST"},{"data":"Panache","floor":44,"key":"SMITH"},{"floor":46,"key":"REST"},{"floor":49,"key":"REST"}],"neow_cost":"NONE","seed_source_timestamp":324343840984300,"circlet_count":0,"master_deck":["AscendersBane","Strike_G","Strike_G+1","Strike_G","Strike_G","Defend_G","Defend_G","Defend_G","Defend_G+1","Defend_G","Survivor+1","Neutralize","Sucker Punch+1","Dagger Spray+1","Envenom+1","Backstab","Blade Dance","Poisoned Stab","Distraction+1","Die Die Die","Accuracy","Riddle With Holes","Panache+1","Prepared","Endless Agony+1","Bullet Time","Glass Knife+1","PiercingWail","Backflip+1","Bane","Blade Dance+1"],"special_seed":0,"relics":["Ring of the Snake","War Paint","Bronze Scales","MealTicket","HoveringKite","Membership Card","Frozen Egg 2","Snake Skull","ClockworkSouvenir","Whetstone","Runic Pyramid","CaptainsWheel","Red Mask","Omamori","Bag of Preparation"],"potions_floor_usage":[50],"damage_taken":[{"damage":6.0,"enemies":"Cultist","floor":1.0,"turns":5.0},{"damage":4.0,"enemies":"Jaw Worm","floor":2.0,"turns":3.0},{"damage":1.0,"enemies":"2 Louse","floor":4.0,"turns":2.0},{"damage":17.0,"enemies":"Gremlin Gang","floor":8.0,"turns":5.0},{"damage":15.0,"enemies":"Lots of Slimes","floor":11.0,"turns":3.0},{"damage":0.0,"enemies":"Gremlin Nob","floor":12.0,"turns":3.0},{"damage":16.0,"enemies":"Lagavulin","floor":14.0,"turns":5.0},{"damage":15.0,"enemies":"Hexaghost","floor":16.0,"turns":9.0},{"damage":7.0,"enemies":"3 Byrds","floor":18.0,"turns":3.0},{"damage":14.0,"enemies":"2 Thieves","floor":19.0,"turns":3.0},{"damage":9.0,"enemies":"Centurion and Healer","floor":22.0,"turns":6.0},{"damage":25.0,"enemies":"Snake Plant","floor":24.0,"turns":4.0},{"damage":28.0,"enemies":"Book of Stabbing","floor":25.0,"turns":5.0},{"damage":31.0,"enemies":"Sentry and Sphere","floor":28.0,"turns":5.0},{"damage":11.0,"enemies":"Snecko","floor":31.0,"turns":4.0},{"damage":51.0,"enemies":"Collector","floor":33.0,"turns":6.0},{"damage":39.0,"enemies":"3 Shapes","floor":35.0,"turns":5.0},{"damage":4.0,"enemies":"Mind Bloom Boss Battle","floor":36.0,"turns":5.0},{"damage":10,"enemies":"Orb Walker","floor":39,"turns":3},{"damage":0,"enemies":"3 Darklings","floor":41,"turns":3},{"damage":0,"enemies":"Spire Growth","floor":45,"turns":4},{"damage":45,"enemies":"Maw","floor":48,"turns":6},{"damage":82,"enemies":"Donu and Deca","floor":50,"turns":8}],"seed_played":"5970801223496273696","potions_obtained":[{"floor":4.0,"key":"LiquidMemories"},{"floor":7.0,"key":"EntropicBrew"},{"floor":12.0,"key":"Block Potion"},{"floor":16.0,"key":"LiquidMemories"},{"floor":18.0,"key":"DuplicationPotion"},{"floor":22.0,"key":"PowerPotion"},{"floor":25.0,"key":"FairyPotion"},{"floor":31.0,"key":"Fire Potion"},{"floor":39,"key":"Swift Potion"},{"floor":45,"key":"PowerPotion"}],"is_trial":false,"path_per_floor":["M","M","$","M","?","R","?","M","T","R","M","E","R","E","R","B",null,"M","M","$","?","M","R","M","E","T","?","M","R","$","M","R","B",null,"M","?","?","T","M","R","M","R","T","R","M","R","?","M","R","B",null],"character_chosen":"THE_SILENT","items_purchased":["Dagger Spray","Membership Card","Panache","Block Potion","ClockworkSouvenir","Whetstone"],"campfire_rested":8,"item_purchase_floors":[3,20,20,20,30,30],"current_hp_per_floor":[59,55,55,54,59,59,59,42,42,42,27,27,50,34,34,19,63,56,42,57,57,48,71,46,18,18,77,46,69,77,66,77,26,64,25,21,21,21,11,34,34,57,57,57,57,77,77,32,55,4],"gold":109,"neow_bonus":"TEN_PERCENT_HP_BONUS","is_prod":false,"is_daily":false,"chose_seed":false,"campfire_upgraded":4,"win_rate":0,"timestamp":1607545973,"path_taken":["M","M","$","?","?","R","?","M","T","R","?","E","R","E","R","BOSS","M","M","?","?","M","R","M","E","T","?","?","R","?","M","R","BOSS","M","?","?","?","M","R","M","R","T","R","?","R","?","M","R","BOSS"],"build_version":"2020-11-30","purchased_purges":1,"victory":true,"max_hp_per_floor":[72,72,72,72,77,77,77,77,77,77,77,77,77,77,77,77,77,77,77,77,77,77,77,77,77,77,77,77,77,77,77,77,77,77,77,77,77,77,77,77,77,77,77,77,77,77,77,77,77,77],"card_choices":[{"not_picked":["Deflect","Deadly Poison"],"picked":"Sucker Punch","floor":1.0},{"not_picked":["Riddle With Holes","Predator"],"picked":"Blur","floor":2.0},{"not_picked":["Footwork","Blade Dance"],"picked":"Envenom","floor":4.0},{"not_picked":["PiercingWail","Escape Plan"],"picked":"Backstab","floor":8.0},{"not_picked":["Catalyst","Dagger Spray"],"picked":"Blade Dance","floor":11.0},{"not_picked":["Sucker Punch","Acrobatics"],"picked":"Poisoned Stab","floor":12.0},{"not_picked":["Poisoned Stab","Flying Knee"],"picked":"Distraction","floor":14.0},{"not_picked":["Tools of the Trade","Envenom"],"picked":"Die Die Die","floor":16.0},{"not_picked":["Outmaneuver","PiercingWail"],"picked":"Accuracy","floor":18.0},{"not_picked":["Backflip","Bane"],"picked":"Riddle With Holes","floor":19.0},{"not_picked":["Dodge and Roll","Reflex","Underhanded Strike"],"picked":"SKIP","floor":22.0},{"not_picked":["Dagger Spray","Acrobatics"],"picked":"Prepared","floor":24.0},{"not_picked":["Deadly Poison","Tactician","Underhanded Strike"],"picked":"SKIP","floor":25.0},{"not_picked":["Deadly Poison","Quick Slash"],"picked":"Endless Agony+1","floor":28.0},{"not_picked":["Well Laid Plans+1","Dodge and Roll"],"picked":"Bullet Time","floor":31.0},{"not_picked":["Wraith Form v2+1","Unload"],"picked":"Glass Knife","floor":33.0},{"not_picked":["Dagger Spray","Deflect"],"picked":"PiercingWail","floor":35.0},{"not_picked":["Flying Knee","Predator"],"picked":"Backflip+1","floor":36.0},{"not_picked":["Deflect","Expertise"],"picked":"Bane","floor":39},{"not_picked":["Flechettes","Deadly Poison","Flying Knee+1"],"picked":"SKIP","floor":41},{"not_picked":["Deadly Poison","Tools of the Trade+1"],"picked":"Blade Dance+1","floor":45},{"not_picked":["Dodge and Roll+1","Deadly Poison","Cloak And Dagger"],"picked":"SKIP","floor":48}],"player_experience":1204818,"relics_obtained":[{"floor":9.0,"key":"War Paint"},{"floor":12.0,"key":"Bronze Scales"},{"floor":14.0,"key":"MealTicket"},{"floor":25.0,"key":"Frozen Egg 2"},{"floor":26.0,"key":"Snake Skull"},{"floor":36.0,"key":"CaptainsWheel"},{"floor":38.0,"key":"Omamori"},{"floor":43,"key":"Bag of Preparation"}],"event_choices":[{"damage_healed":0.0,"max_hp_gain":5.0,"max_hp_loss":0.0,"gold_gain":0.0,"event_name":"Big Fish","player_choice":"Donut","floor":5.0,"gold_loss":0.0,"damage_taken":0.0},{"damage_healed":0.0,"max_hp_gain":0.0,"max_hp_loss":0.0,"gold_gain":0.0,"event_name":"Lab","player_choice":"Got Potions","floor":7.0,"gold_loss":0.0,"damage_taken":0.0},{"damage_healed":0.0,"max_hp_gain":0.0,"max_hp_loss":0.0,"gold_gain":50.0,"event_name":"Nest","player_choice":"Stole From Cult","floor":21.0,"gold_loss":0.0,"damage_taken":0.0},{"cards_removed":["Blur"],"damage_healed":59.0,"max_hp_gain":0.0,"max_hp_loss":0.0,"gold_gain":0.0,"event_name":"Bonfire Elementals","player_choice":"Offered Uncommon","floor":27.0,"gold_loss":0.0,"damage_taken":0.0},{"damage_healed":0.0,"max_hp_gain":0.0,"max_hp_loss":0.0,"gold_gain":0.0,"event_name":"MindBloom","player_choice":"Fight","floor":36.0,"gold_loss":0.0,"damage_taken":0.0},{"damage_healed":0.0,"max_hp_gain":0.0,"max_hp_loss":0.0,"gold_gain":0.0,"event_name":"Tomb of Lord Red Mask","player_choice":"Paid","floor":37.0,"gold_loss":126.0,"damage_taken":0.0,"relics_obtained":["Red Mask"]},{"damage_healed":0,"gold_gain":0,"player_choice":"Forge","damage_taken":0,"max_hp_gain":0,"max_hp_loss":0,"event_name":"Accursed Blacksmith","floor":47,"gold_loss":0,"cards_upgraded":["Glass Knife"]}],"is_beta":false,"boss_relics":[{"not_picked":["Empty Cage","Fusion Hammer"],"picked":"HoveringKite"},{"not_picked":["Runic Dome","Pandora\u0027s Box"],"picked":"Runic Pyramid"}],"items_purged_floors":[20],"is_endless":false,"potions_floor_spawned":[4,8,12,16,18,22,25,31,39,45],"ascension_level":18}}