{"host":"iy58fyt9wsbv4cf1","time":1607557698,"event":{"gold_per_floor":[115,20,38,57,75,75,91,91,91,91,123,139,314,327,327,423,423,441,441,366,376,376,404,419,439,439,349,367,71,96,113,113,211,211,223,47,47,47,63,63,74,74,98,98,115,130,180,0,0,0],"floor_reached":51,"playtime":1209,"items_purged":["Strike_R","Defend_R"],"score":993,"play_id":"e1529960-cb50-40a1-8246-772b048c60ad","local_time":"20201209184818","is_ascension_mode":false,"campfire_choices":[{"data":"Heavy Blade","floor":6,"key":"SMITH"},{"data":"1","floor":8,"key":"LIFT"},{"data":"2","floor":10,"key":"LIFT"},{"data":"3","floor":15,"key":"LIFT"},{"data":"Heavy Blade+1","floor":32,"key":"SMITH"},{"data":"Limit Break","floor":40,"key":"SMITH"},{"data":"Flex","floor":42,"key":"SMITH"},{"floor":44,"key":"DIG"},{"data":"Heavy Blade+2","floor":49,"key":"SMITH"}],"neow_cost":"","seed_source_timestamp":522341917322300,"circlet_count":0,"master_deck":["Defend_R","Bash","Inflame","Heavy Blade+3","Inflame","Offering+1","Double Tap","Limit Break+1","Flex+1","Iron Wave+1"],"relics":["Black Blood","Girya","hubris:IronBody","Letter Opener","Shovel","hubris:DeckOfHolding","hubris:Icosahedron","MealTicket","Ginger","conspire:InfiniteJournal","Pen Nib","conspire:SpecialSausage","hubris:MedicalManual","Bag of Preparation","Omamori","Gambling Chip","Red Mask"],"potions_floor_usage":[11,16,16,38],"damage_taken":[{"damage":0,"enemies":"2 Louse","floor":1,"turns":2},{"damage":0,"enemies":"Cultist","floor":3,"turns":3},{"damage":7,"enemies":"Small Slimes","floor":4,"turns":3},{"damage":10,"enemies":"conspire:2 RoseBushes","floor":5,"turns":5},{"damage":8,"enemies":"Large Slime","floor":7,"turns":6},{"damage":7,"enemies":"Lagavulin","floor":11,"turns":6},{"damage":5,"enemies":"2 Fungi Beasts","floor":12,"turns":4},{"damage":11,"enemies":"Red Slaver","floor":14,"turns":3},{"damage":16,"enemies":"Hexaghost","floor":16,"turns":6},{"damage":16,"enemies":"Shell Parasite","floor":18,"turns":3},{"damage":24,"enemies":"conspire:FuzzyDice","floor":21,"turns":6},{"damage":27,"enemies":"Slavers","floor":23,"turns":6},{"damage":14,"enemies":"Snake Plant","floor":24,"turns":3},{"damage":11,"enemies":"Centurion and Healer","floor":25,"turns":4},{"damage":13,"enemies":"Chosen and Byrds","floor":28,"turns":3},{"damage":6,"enemies":"conspire:Head Lice","floor":30,"turns":2},{"damage":6,"enemies":"3 Cultists","floor":31,"turns":4},{"damage":30,"enemies":"Collector","floor":33,"turns":4},{"damage":12,"enemies":"3 Shapes","floor":35,"turns":3},{"damage":6,"enemies":"3 Darklings","floor":38,"turns":5},{"damage":6,"enemies":"Transient","floor":39,"turns":4},{"damage":6,"enemies":"Spire Growth","floor":41,"turns":1},{"damage":6,"enemies":"4 Shapes","floor":45,"turns":4},{"damage":6,"enemies":"Transient","floor":46,"turns":4},{"damage":6,"enemies":"Mind Bloom Boss Battle","floor":47,"turns":1},{"damage":6,"enemies":"Time Eater","floor":50,"turns":2}],"seed_played":"36784339745963134","potions_obtained":[{"floor":4,"key":"CultistPotion"},{"floor":5,"key":"Block Potion"},{"floor":11,"key":"SmokeBomb"},{"floor":12,"key":"AttackPotion"},{"floor":16,"key":"Fire Potion"},{"floor":21,"key":"Explosive Potion"},{"floor":41,"key":"SkillPotion"}],"is_trial":false,"path_per_floor":["M","?","M","M","M","R","M","R","T","R","E","M","?","M","R","B",null,"M","?","$","M","?","E","M","M","T","?","M","$","E","M","R","B",null,"M","$","?","M","M","R","M","R","T","R","M","M","?","?","R","B",null],"character_chosen":"IRONCLAD","items_purchased":["Girya","Inflame","hubris:IronBody","Heavy Blade","conspire:InfiniteJournal","hubris:MedicalManual"],"campfire_rested":0,"item_purchase_floors":[0,0,0,0,29,36],"current_hp_per_floor":[48,48,54,53,49,49,47,47,47,47,46,47,47,42,42,32,80,76,76,76,64,64,49,47,48,48,48,47,62,68,74,74,56,80,80,80,80,80,80,80,80,80,80,80,80,80,80,80,80,80],"gold":0,"neow_bonus":"","is_prod":false,"is_daily":false,"chose_seed":false,"campfire_upgraded":5,"win_rate":0,"timestamp":1607557698,"path_taken":["M","?","M","?","M","R","M","R","T","R","E","M","?","M","R","BOSS","M","?","$","M","?","E","M","M","T","?","?","$","E","M","R","BOSS","M","$","?","M","M","R","?","R","T","R","M","M","?","?","R","BOSS"],"build_version":"2020-11-30","purchased_purges":2,"victory":true,"max_hp_per_floor":[80,80,80,80,80,80,80,80,80,80,80,80,80,80,80,80,80,80,80,80,80,80,80,80,80,80,80,80,80,80,80,80,80,80,80,80,80,80,80,80,80,80,80,80,80,80,80,80,80,80],"card_choices":[{"not_picked":["Feel No Pain","Pommel Strike","Rampage"],"picked":"SKIP","floor":1},{"not_picked":["Disarm","Warcry","Sword Boomerang"],"picked":"SKIP","floor":3},{"not_picked":["Hemokinesis","Havoc"],"picked":"Inflame","floor":4},{"not_picked":["Clothesline","Ghostly Armor","Burning Pact"],"picked":"SKIP","floor":5},{"not_picked":["Havoc","Blood for Blood","hubris:CleavingFinish"],"picked":"SKIP","floor":7},{"not_picked":["True Grit","Blood for Blood"],"picked":"conspire:Purge","floor":11},{"not_picked":["Heavy Blade","Havoc","Dual Wield"],"picked":"SKIP","floor":12},{"not_picked":["Havoc","Heavy Blade","Metallicize"],"picked":"SKIP","floor":14},{"not_picked":["conspire:Purge","Barricade"],"picked":"Offering","floor":16},{"not_picked":["Headbutt+1","Clothesline","Burning Pact"],"picked":"SKIP","floor":18},{"not_picked":["Iron Wave","Inflame","Anger"],"picked":"SKIP","floor":21},{"not_picked":["hubris:ReadiedAction","Perfected Strike","Inflame"],"picked":"SKIP","floor":23},{"not_picked":["Second Wind","Heavy Blade+1"],"picked":"Double Tap","floor":24},{"not_picked":["Armaments","Havoc","Warcry+1"],"picked":"SKIP","floor":25},{"not_picked":["Infernal Blade","Searing Blow","Iron Wave+1"],"picked":"SKIP","floor":28},{"not_picked":["Clothesline","Headbutt","Wild Strike"],"picked":"SKIP","floor":30},{"not_picked":["Brutality","Pommel Strike","Clash"],"picked":"SKIP","floor":31},{"not_picked":["Juggernaut","Berserk"],"picked":"Limit Break","floor":33},{"not_picked":["Uppercut","Sentinel"],"picked":"Flex","floor":35},{"not_picked":["Shrug It Off","Uppercut+1"],"picked":"Iron Wave+1","floor":39},{"not_picked":["Clash+1","Armaments","Flex"],"picked":"SKIP","floor":41},{"not_picked":["Iron Wave+1","Battle Trance+1","Evolve+1"],"picked":"SKIP","floor":45},{"not_picked":["Dropkick","Armaments+1","Evolve+1"],"picked":"SKIP","floor":46}],"player_experience":65213,"relics_obtained":[{"floor":9,"key":"Shovel"},{"floor":11,"key":"hubris:DeckOfHolding"},{"floor":23,"key":"MealTicket"},{"floor":26,"key":"Ginger"},{"floor":30,"key":"Pen Nib"},{"floor":43,"key":"Bag of Preparation"},{"floor":44,"key":"Omamori"},{"floor":47,"key":"Gambling Chip"}],"event_choices":[{"damage_healed":0,"gold_gain":0,"player_choice":"Paid Gold","damage_taken":0,"relics_obtained":["Letter Opener"],"max_hp_gain":0,"max_hp_loss":0,"event_name":"WeMeetAgain","floor":2,"gold_loss":95},{"damage_healed":0,"gold_gain":175,"player_choice":"AGREE","damage_taken":139,"max_hp_gain":0,"max_hp_loss":0,"event_name":"betterThird:BetterSerpent","floor":13,"gold_loss":0},{"damage_healed":0,"gold_gain":0,"player_choice":"Ignored","damage_taken":0,"max_hp_gain":0,"max_hp_loss":0,"event_name":"Ghosts","floor":19,"gold_loss":0},{"cards_removed":["conspire:Purge"],"damage_healed":0,"gold_gain":0,"player_choice":"Upgrade and Remove","damage_taken":0,"max_hp_gain":0,"max_hp_loss":0,"event_name":"Designer","floor":27,"gold_loss":90,"cards_upgraded":["Offering"]},{"cards_removed":["Defend_R"],"damage_healed":0,"gold_gain":0,"player_choice":"Offered Basic","damage_taken":0,"max_hp_gain":0,"max_hp_loss":0,"event_name":"Bonfire Elementals","floor":37,"gold_loss":0},{"damage_healed":0,"gold_gain":0,"player_choice":"Fight","damage_taken":0,"max_hp_gain":0,"max_hp_loss":0,"event_name":"MindBloom","floor":47,"gold_loss":0},{"damage_healed":0,"gold_gain":0,"player_choice":"Paid","damage_taken":0,"relics_obtained":["Red Mask"],"max_hp_gain":0,"max_hp_loss":0,"event_name":"Tomb of Lord Red Mask","floor":48,"gold_loss":180}],"is_beta":false,"boss_relics":[{"not_picked":["conspire:RunicOctahedron","Runic Pyramid"],"picked":"Black Blood"},{"not_picked":["conspire:SlowCooker","Snecko Eye"],"picked":"conspire:SpecialSausage"}],"items_purged_floors":[20,36],"is_endless":false,"potions_floor_spawned":[4,5,11,12,16,21,25,30,31,41,45,46],"ascension_level":0}}