{"host":"y3h3n3f7seyagppx","time":1607544644,"event":{"gold_per_floor":[113,127,127,145,145,178,196,222,222,240,272,272,272,272,272,347,347,366,380,407,167,184,210,210,245,245,276,276,289,307,318,318,397,397,409,409,425,425,436,465,480,510,510,510,510,535,551,551,551,551,551,551,551,91,118,118],"floor_reached":57,"playtime":9728,"items_purged":["Writhe","Writhe"],"score":3444,"play_id":"1b41c0d2-00be-4233-b858-86de4ffd27ba","local_time":"20201209151044","is_ascension_mode":true,"campfire_choices":[{"data":"Wallop","floor":12,"key":"SMITH"},{"data":"CarveReality","floor":15,"key":"SMITH"},{"data":"1","floor":24,"key":"LIFT"},{"data":"2","floor":28,"key":"LIFT"},{"data":"3","floor":32,"key":"LIFT"}],"neow_cost":"NONE","seed_source_timestamp":1241752930891800,"circlet_count":0,"master_deck":["AscendersBane","Strike_P+1","Defend_P+1","Eruption+1","Vigilance+1","ReachHeaven+1","Vengeance+1","Wireheading+1","CarveReality+1","Judgement+1","EmptyMind+1","Wallop+1","Meditate+1","Scrawl+1","InnerPeace+1","Evaluate+1","DeusExMachina+1","ForeignInfluence+1","FlurryOfBlows+1","EmptyBody+1","WaveOfTheHand+1","Blasphemy+1","Adaptation+1","Halt+1","JustLucky+1","Wallop+1","Fasting2+1","MentalFortress+1","Sanctity"],"special_seed":0,"relics":["Cursed Key","Anchor","Juzu Bracelet","Bag of Marbles","Astrolabe","Vajra","Frozen Eye","Girya","Lantern","Toy Ornithopter","Coffee Dripper","GoldenEye","Whetstone","Bottled Lightning","Mummified Hand","Mark of the Bloom","Akabeko","Oddly Smooth Stone"],"potions_floor_usage":[23,25,39,40,40,42,46,56,56],"damage_taken":[{"damage":2.0,"enemies":"Jaw Worm","floor":1.0,"turns":6.0},{"damage":0.0,"enemies":"2 Louse","floor":2.0,"turns":4.0},{"damage":1.0,"enemies":"Cultist","floor":4.0,"turns":3.0},{"damage":11.0,"enemies":"Gremlin Nob","floor":6.0,"turns":3.0},{"damage":0.0,"enemies":"2 Fungi Beasts","floor":7.0,"turns":3.0},{"damage":0.0,"enemies":"Lagavulin","floor":8.0,"turns":4.0},{"damage":1,"enemies":"Blue Slaver","floor":10,"turns":2},{"damage":0,"enemies":"Gremlin Nob","floor":11,"turns":3},{"damage":24,"enemies":"Hexaghost","floor":16,"turns":6},{"damage":6,"enemies":"Shell Parasite","floor":18,"turns":3},{"damage":0,"enemies":"2 Thieves","floor":19,"turns":4},{"damage":0,"enemies":"Chosen and Byrds","floor":22,"turns":2},{"damage":0,"enemies":"Gremlin Leader","floor":23,"turns":2},{"damage":0,"enemies":"Slavers","floor":25,"turns":3},{"damage":0,"enemies":"Gremlin Leader","floor":27,"turns":3},{"damage":0,"enemies":"Centurion and Healer","floor":29,"turns":3},{"damage":4,"enemies":"Snake Plant","floor":30,"turns":2},{"damage":0,"enemies":"3 Cultists","floor":31,"turns":3},{"damage":20,"enemies":"Champ","floor":33,"turns":8},{"damage":0,"enemies":"Orb Walker","floor":35,"turns":1},{"damage":0,"enemies":"3 Shapes","floor":37,"turns":2},{"damage":11,"enemies":"Transient","floor":39,"turns":6},{"damage":0,"enemies":"Giant Head","floor":40,"turns":3},{"damage":30,"enemies":"Spire Growth","floor":41,"turns":3},{"damage":31,"enemies":"Reptomancer","floor":42,"turns":4},{"damage":0,"enemies":"Giant Head","floor":46,"turns":2},{"damage":0,"enemies":"Writhing Mass","floor":47,"turns":2},{"damage":0,"enemies":"Awakened One","floor":50,"turns":7},{"damage":0,"enemies":"Donu and Deca","floor":51,"turns":4},{"damage":0,"enemies":"Shield and Spear","floor":55,"turns":2},{"damage":24,"enemies":"The Heart","floor":56,"turns":7}],"seed_played":"2223353700409487227","potions_obtained":[{"floor":4.0,"key":"BottledMiracle"},{"floor":6.0,"key":"LiquidMemories"},{"floor":7.0,"key":"Fire Potion"},{"floor":18,"key":"AttackPotion"},{"floor":23,"key":"Swift Potion"},{"floor":29,"key":"EntropicBrew"},{"floor":41,"key":"StancePotion"},{"floor":42,"key":"DistilledChaos"},{"floor":47,"key":"SpeedPotion"}],"is_trial":false,"path_per_floor":["M","M","?","M","T","E","M","E","T","M","E","R","?","?","R","B",null,"M","M","T","$","M","E","R","E","T","E","R","M","M","M","R","B",null,"M","?","M","?","M","E","M","E","T","?","?","E","M","?","R","B","B",null,"R","$","E","B",null],"character_chosen":"WATCHER","items_purchased":["Frozen Eye","Weak Potion","Sanctity","Akabeko","Energy Potion"],"campfire_rested":0,"item_purchase_floors":[21,54,54,54,54],"current_hp_per_floor":[59,59,59,58,58,47,47,47,47,46,46,46,39,39,39,15,55,49,49,49,49,49,49,49,49,49,49,49,49,45,45,45,25,57,57,57,57,57,51,61,31,5,5,5,53,53,53,53,53,53,53,53,53,53,53,29],"gold":118,"neow_bonus":"BOSS_RELIC","is_prod":false,"is_daily":false,"chose_seed":false,"campfire_upgraded":2,"win_rate":0,"timestamp":1607544644,"path_taken":["M","M","?","M","?","E","M","E","T","M","E","R","?","?","R","BOSS","M","M","?","$","M","E","R","E","T","E","R","M","M","M","R","BOSS","M","?","M","?","M","E","M","E","T","?","?","E","M","?","R","BOSS","BOSS","R","$","E","BOSS"],"build_version":"2020-11-30","purchased_purges":2,"victory":true,"max_hp_per_floor":[68,68,68,68,68,68,68,68,68,68,68,68,68,68,68,68,68,68,68,68,68,68,68,68,68,68,68,68,68,68,68,68,68,68,68,65,65,65,65,65,65,65,65,65,53,53,53,53,53,53,53,53,53,53,53,53],"relic_stats":{"Mark of the Bloom":10,"counters":[31,110],"Mummified Hand":[26],"Astrolabe":["InnerPeace","Evaluate","DeusExMachina"],"Juzu Bracelet":1,"Whetstone":["Strike_P","ReachHeaven"],"Cursed Key":2,"GoldenEye":[54],"obtain_stats":[{"Girya":23,"Lantern":25,"Mark of the Bloom":48,"Astrolabe":17,"Vajra":20,"Oddly Smooth Stone":55,"Juzu Bracelet":8,"Whetstone":42,"Cursed Key":0,"GoldenEye":40,"Akabeko":54,"Frozen Eye":21,"Anchor":6,"Mummified Hand":46,"Bag of Marbles":11,"Coffee Dripper":34,"Bottled Lightning":43,"PureWater":0,"Toy Ornithopter":27},{"Girya":13,"Lantern":14,"Mark of the Bloom":27,"Astrolabe":9,"Vajra":11,"Oddly Smooth Stone":30,"Juzu Bracelet":6,"Whetstone":25,"Cursed Key":0,"GoldenEye":23,"Akabeko":29,"Frozen Eye":11,"Anchor":4,"Mummified Hand":26,"Bag of Marbles":8,"Coffee Dripper":19,"Bottled Lightning":25,"PureWater":0,"Toy Ornithopter":15},{"Girya":45,"Lantern":48,"Mark of the Bloom":90,"Astrolabe":34,"Vajra":41,"Oddly Smooth Stone":103,"Juzu Bracelet":23,"Whetstone":86,"Cursed Key":0,"GoldenEye":79,"Akabeko":101,"Frozen Eye":41,"Anchor":16,"Mummified Hand":88,"Bag of Marbles":28,"Coffee Dripper":67,"Bottled Lightning":86,"PureWater":0,"Toy Ornithopter":51}],"Toy Ornithopter":20},"card_choices":[{"not_picked":["FlyingSleeves","Wireheading"],"picked":"ReachHeaven","floor":1.0},{"not_picked":["Halt","JustLucky"],"picked":"Vengeance","floor":2.0},{"not_picked":["FlyingSleeves","Prostrate"],"picked":"CarveReality","floor":4.0},{"not_picked":["SashWhip","SignatureMove","EmptyFist"],"picked":"SKIP","floor":6.0},{"not_picked":["Crescendo","Prostrate"],"picked":"Judgement","floor":7.0},{"not_picked":["ClearTheMind","ForeignInfluence"],"picked":"EmptyMind","floor":8.0},{"not_picked":["ClearTheMind","SandsOfTime"],"picked":"Wallop","floor":10},{"not_picked":["Evaluate","FlyingSleeves"],"picked":"Meditate","floor":11},{"not_picked":["Brilliance","Devotion"],"picked":"Scrawl","floor":16},{"not_picked":["FlyingSleeves","PathToVictory","FearNoEvil"],"picked":"SKIP","floor":18},{"not_picked":["FlyingSleeves","PathToVictory","FearNoEvil"],"picked":"SKIP","floor":18},{"not_picked":["Crescendo","Consecrate"],"picked":"ForeignInfluence+1","floor":19},{"not_picked":["JustLucky","ClearTheMind","FollowUp"],"picked":"SKIP","floor":22},{"not_picked":["Nirvana","SignatureMove+1","JustLucky"],"picked":"SKIP","floor":23},{"not_picked":["FollowUp","Perseverance"],"picked":"FlurryOfBlows","floor":25},{"not_picked":["Prostrate","Protect"],"picked":"Consecrate+1","floor":27},{"not_picked":["PathToVictory","SandsOfTime+1","Vengeance"],"picked":"SKIP","floor":29},{"not_picked":["SandsOfTime","BowlingBash"],"picked":"EmptyBody","floor":30},{"not_picked":["SashWhip","Wallop"],"picked":"WaveOfTheHand","floor":31},{"not_picked":["Brilliance","Alpha"],"picked":"Blasphemy","floor":33},{"not_picked":["BowlingBash","ClearTheMind"],"picked":"Adaptation","floor":35},{"not_picked":["Consecrate","BowlingBash","FearNoEvil"],"picked":"SKIP","floor":37},{"not_picked":["Vengeance","Evaluate","Crescendo+1"],"picked":"SKIP","floor":39},{"not_picked":["DevaForm","WindmillStrike+1"],"picked":"Halt","floor":40},{"not_picked":["EmptyBody","Vengeance"],"picked":"JustLucky+1","floor":41},{"not_picked":["EmptyFist","Prostrate","Swivel"],"picked":"SKIP","floor":42},{"not_picked":["LikeWater+1","SandsOfTime"],"picked":"Fasting2","floor":46},{"not_picked":["Meditate","FlyingSleeves"],"picked":"MentalFortress","floor":47},{"not_picked":["Crescendo","WheelKick","FollowUp"],"picked":"SKIP","floor":55}],"player_experience":19872643,"relics_obtained":[{"floor":6.0,"key":"Anchor"},{"floor":8.0,"key":"Juzu Bracelet"},{"floor":11,"key":"Bag of Marbles"},{"floor":20,"key":"Vajra"},{"floor":23,"key":"Girya"},{"floor":25,"key":"Lantern"},{"floor":27,"key":"Toy Ornithopter"},{"floor":40,"key":"GoldenEye"},{"floor":42,"key":"Whetstone"},{"floor":43,"key":"Bottled Lightning"},{"floor":46,"key":"Mummified Hand"},{"floor":55,"key":"Oddly Smooth Stone"}],"event_choices":[{"damage_healed":0.0,"max_hp_gain":0.0,"max_hp_loss":0.0,"gold_gain":0.0,"cards_transformed":["Defend_P"],"event_name":"Living Wall","player_choice":"Change","floor":3.0,"gold_loss":0.0,"damage_taken":0.0,"cards_obtained":["Wireheading"]},{"cards_removed":["Defend_P"],"damage_healed":0,"gold_gain":0,"player_choice":"Card Removal","damage_taken":7,"max_hp_gain":0,"max_hp_loss":0,"event_name":"Golden Wing","floor":13,"gold_loss":0},{"cards_removed":["Defend_P"],"damage_healed":0,"gold_gain":0,"player_choice":"Purged","damage_taken":0,"max_hp_gain":0,"max_hp_loss":0,"event_name":"Purifier","floor":14,"gold_loss":0},{"damage_healed":0,"gold_gain":0,"player_choice":"Max HP","damage_taken":0,"max_hp_gain":0,"max_hp_loss":3,"event_name":"Winding Halls","floor":36,"gold_loss":0},{"cards_removed":["Consecrate"],"damage_healed":0,"gold_gain":0,"player_choice":"Removed Attack","damage_taken":0,"max_hp_gain":0,"max_hp_loss":0,"event_name":"Falling","floor":38,"gold_loss":0},{"damage_healed":0,"gold_gain":0,"player_choice":"Copied","damage_taken":0,"max_hp_gain":0,"max_hp_loss":0,"event_name":"Duplicator","floor":44,"gold_loss":0,"cards_obtained":["Wallop"]},{"damage_healed":53,"gold_gain":0,"player_choice":"Heal","damage_taken":0,"max_hp_gain":0,"max_hp_loss":12,"event_name":"The Moai Head","floor":45,"gold_loss":0},{"damage_healed":0,"gold_gain":0,"player_choice":"Upgrade","damage_taken":0,"relics_obtained":["Mark of the Bloom"],"max_hp_gain":0,"max_hp_loss":0,"event_name":"MindBloom","floor":48,"gold_loss":0,"cards_upgraded":["Defend_P","Eruption","Vigilance","Vengeance","Wireheading","Judgement","EmptyMind","Meditate","Scrawl","FlurryOfBlows","EmptyBody","WaveOfTheHand","Blasphemy","Adaptation","Halt","Fasting2","MentalFortress"]}],"is_beta":false,"boss_relics":[{"not_picked":["Black Star","Tiny House"],"picked":"Astrolabe"},{"not_picked":["Velvet Choker","Runic Dome"],"picked":"Coffee Dripper"}],"items_purged_floors":[21,54],"is_endless":false,"potions_floor_spawned":[4,6,7,11,18,23,29,31,35,41,42,47,55],"ascension_level":20}}