{"host":"wl5kcyk3ocgwii71","time":1607484577,"event":{"gold_per_floor":[110,110,110,127,302,302,329,329,329,23,88,88,104,174,174,174,174],"floor_reached":16,"playtime":196,"items_purged":["Doubt"],"score":151,"play_id":"908102ca-c98d-459c-b770-8e0f27e18f4f","local_time":"20201208192937","is_ascension_mode":true,"campfire_choices":[{"data":"Clash","floor":6,"key":"SMITH"},{"data":"Disarm","floor":8,"key":"SMITH"},{"data":"Rage","floor":12,"key":"SMITH"},{"floor":15,"key":"RECALL"}],"neow_cost":"NONE","seed_source_timestamp":380169887162500,"circlet_count":0,"master_deck":["Strike_R","Strike_R","Strike_R","Strike_R","Defend_R","Defend_R","Defend_R","Defend_R","Bash+1","Clash+1","Rage+1","Disarm+1","Fire Breathing","Feel No Pain"],"relics":["Burning Blood","NeowsBlessing","Art of War","The Courier","Omamori","Replay:Wax Seal","Chameleon Ring"],"potions_floor_usage":[16],"damage_taken":[{"damage":0,"enemies":"Small Slimes","floor":1,"turns":1},{"damage":0,"enemies":"2 Louse","floor":4,"turns":1},{"damage":0,"enemies":"3 Sentries","floor":7,"turns":2},{"damage":3,"enemies":"Cultist","floor":13,"turns":4},{"damage":38,"enemies":"Slime Boss","floor":16,"turns":6}],"seed_played":"-8173057158821561217","potions_obtained":[{"floor":1,"key":"Energy Potion"},{"floor":13,"key":"Explosive Potion"}],"is_trial":false,"path_per_floor":["M","?","?","M","?","R","E","R","T","$","?","R","M","T","R","B"],"character_chosen":"IRONCLAD","items_purchased":["Fire Breathing","Omamori","Replay:Wax Seal"],"campfire_rested":0,"item_purchase_floors":[10,10,10],"current_hp_per_floor":[80,80,80,80,80,80,80,80,80,80,80,80,80,80,80,42,42],"gold":174,"neow_bonus":"THREE_ENEMY_KILL","is_prod":false,"is_daily":false,"chose_seed":false,"campfire_upgraded":3,"win_rate":0,"timestamp":1607484577,"path_taken":["M","?","?","?","?","R","E","R","T","$","?","R","M","?","R","BOSS"],"build_version":"2020-11-30","purchased_purges":1,"victory":false,"max_hp_per_floor":[80,80,80,80,80,80,80,80,80,80,80,80,80,80,80,80,80],"card_choices":[{"not_picked":["Power Through","ReplayTheSpireMod:Stacked"],"picked":"Clash","floor":1},{"not_picked":["Heavy Blade","ReplayTheSpireMod:Strike From Hell"],"picked":"Rage","floor":4},{"not_picked":["Burning Pact","Clash"],"picked":"Disarm","floor":7},{"not_picked":["Disarm","Carnage"],"picked":"Feel No Pain","floor":13}],"player_experience":332389,"relics_obtained":[{"floor":7,"key":"Art of War"},{"floor":9,"key":"The Courier"},{"floor":14,"key":"Chameleon Ring"}],"event_choices":[{"cards_removed":["Strike_R"],"damage_healed":0,"gold_gain":0,"player_choice":"Offered Basic","damage_taken":0,"max_hp_gain":0,"max_hp_loss":0,"event_name":"Bonfire Elementals","floor":3,"gold_loss":0},{"damage_healed":0,"gold_gain":175,"player_choice":"AGREE","damage_taken":127,"max_hp_gain":0,"max_hp_loss":0,"event_name":"betterThird:BetterSerpent","floor":5,"gold_loss":0},{"damage_healed":0,"gold_gain":65,"player_choice":"Gained Gold","damage_taken":0,"max_hp_gain":0,"max_hp_loss":0,"event_name":"Golden Wing","floor":11,"gold_loss":0}],"is_beta":false,"boss_relics":[],"items_purged_floors":[10],"is_endless":false,"potions_floor_spawned":[1,13],"killed_by":"Slime Boss","ascension_level":5}}