{"host":"q3rj8lsznq8f1d08","time":1607493596,"event":{"gold_per_floor":[114,134,144,144,162,162,175,175,249,199,199,89,89,113,113,232,232,232,232,182,122,122,122,122,122,122,122,122,122,122,122,122,122,122,122,122,122,122,22,22,22,0,0,0,0,0,0,0,0,0,0],"floor_reached":50,"playtime":3093,"items_purged":["Strike_G","Defend_G"],"score":643,"play_id":"99d84ee6-6e2d-444f-85ca-19ddc2847527","local_time":"20201209145956","is_ascension_mode":true,"campfire_choices":[{"data":"Neutralize","floor":6,"key":"SMITH"},{"data":"Night Terror","floor":8,"key":"SMITH"},{"floor":15,"key":"REST"},{"floor":24,"key":"REST"},{"floor":28,"key":"REST"},{"floor":30,"key":"REST"},{"floor":32,"key":"REST"},{"floor":45,"key":"REST"},{"floor":47,"key":"REST"},{"floor":49,"key":"REST"}],"neow_cost":"NONE","seed_source_timestamp":4230088275484400,"circlet_count":0,"master_deck":["Strike_G+1","Strike_G+1","Defend_G","Defend_G","Defend_G","Survivor","Neutralize+1","Malaise","Blade Dance","All Out Attack","Cloak And Dagger","Night Terror+1","Infinite Blades","Accuracy","Storm of Steel","Setup+1","Blade Dance","Backflip","Well Laid Plans+1","Backflip","Backflip","Adrenaline","Distraction+1","Leg Sweep","Cloak And Dagger+1"],"relics":["Ring of the Snake","Golden Idol","Letter Opener","Ectoplasm","Du-Vu Doll","Centennial Puzzle","WristBlade","Lizard Tail","Anchor","Red Mask","Bag of Preparation"],"potions_floor_usage":[15,25,33,33,33,50,50],"damage_taken":[{"damage":2,"enemies":"Jaw Worm","floor":1,"turns":4},{"damage":5,"enemies":"2 Louse","floor":2,"turns":3},{"damage":0,"enemies":"Cultist","floor":3,"turns":3},{"damage":4,"enemies":"Blue Slaver","floor":5,"turns":4},{"damage":1,"enemies":"Red Slaver","floor":7,"turns":4},{"damage":13,"enemies":"Gremlin Gang","floor":14,"turns":4},{"damage":3,"enemies":"Slime Boss","floor":16,"turns":8},{"damage":13,"enemies":"Spheric Guardian","floor":18,"turns":4},{"damage":21,"enemies":"2 Thieves","floor":21,"turns":4},{"damage":32,"enemies":"Centurion and Healer","floor":22,"turns":5},{"damage":0,"enemies":"Gremlin Leader","floor":23,"turns":6},{"damage":5,"enemies":"Snecko","floor":25,"turns":3},{"damage":5,"enemies":"Shelled Parasite and Fungi","floor":27,"turns":3},{"damage":27,"enemies":"Cultist and Chosen","floor":29,"turns":4},{"damage":39,"enemies":"Automaton","floor":33,"turns":8},{"damage":0,"enemies":"Orb Walker","floor":35,"turns":3},{"damage":7,"enemies":"3 Darklings","floor":37,"turns":3},{"damage":13,"enemies":"Transient","floor":38,"turns":5},{"damage":18,"enemies":"Giant Head","floor":40,"turns":6},{"damage":61,"enemies":"Writhing Mass","floor":41,"turns":6},{"damage":0,"enemies":"Spire Growth","floor":44,"turns":3},{"damage":19,"enemies":"Maw","floor":46,"turns":6},{"damage":101,"enemies":"Time Eater","floor":50,"turns":9}],"seed_played":"-83373838799468313","potions_obtained":[{"floor":2,"key":"ColorlessPotion"},{"floor":7,"key":"Swift Potion"},{"floor":14,"key":"Fruit Juice"},{"floor":22,"key":"Poison Potion"},{"floor":25,"key":"Block Potion"},{"floor":40,"key":"BlessingOfTheForge"},{"floor":41,"key":"FairyPotion"},{"floor":44,"key":"PowerPotion"}],"is_trial":false,"path_per_floor":["M","M","M","?","M","R","M","R","T","?","?","$","?","M","R","B",null,"M","?","?","M","M","E","R","M","T","M","R","M","R","?","R","B",null,"M","T","M","M","$","E","M","?","T","M","R","M","R","?","R","B"],"character_chosen":"THE_SILENT","items_purchased":["Infinite Blades"],"campfire_rested":8,"item_purchase_floors":[12],"current_hp_per_floor":[68,63,63,46,42,42,41,41,41,41,27,27,27,14,40,37,75,62,62,62,41,9,9,31,26,26,21,43,16,38,38,60,21,75,75,75,68,55,55,37,24,24,24,24,46,27,49,49,71,0,0],"gold":0,"neow_bonus":"TRANSFORM_CARD","is_prod":false,"is_daily":false,"chose_seed":false,"campfire_upgraded":2,"win_rate":0,"timestamp":1607493596,"path_taken":["M","M","M","?","M","R","M","R","T","?","?","$","?","M","R","BOSS","M","?","?","M","?","E","R","M","T","M","R","M","R","?","R","BOSS","M","?","?","M","?","E","M","?","T","M","R","M","R","?","R","BOSS"],"build_version":"2020-11-30","purchased_purges":2,"victory":false,"max_hp_per_floor":[70,70,70,70,70,70,70,70,70,70,70,70,70,70,75,75,75,75,75,75,75,75,75,75,75,75,75,75,75,75,75,75,75,75,75,75,75,75,75,75,75,75,75,75,75,75,75,75,75,75,75],"card_choices":[{"not_picked":["Outmaneuver","Dodge and Roll"],"picked":"Sucker Punch","floor":1},{"not_picked":["Acrobatics","Underhanded Strike"],"picked":"Blade Dance","floor":2},{"not_picked":["Cloak And Dagger","Backflip"],"picked":"All Out Attack","floor":3},{"not_picked":["Well Laid Plans","Skewer"],"picked":"Cloak And Dagger","floor":5},{"not_picked":["Dodge and Roll","Concentrate"],"picked":"Night Terror","floor":7},{"not_picked":["Quick Slash","Distraction"],"picked":"Accuracy","floor":14},{"not_picked":["Unload","Glass Knife"],"picked":"Storm of Steel","floor":16},{"not_picked":["Prepared","Bane+1"],"picked":"Setup+1","floor":18},{"not_picked":["Deadly Poison","Flying Knee"],"picked":"Blade Dance","floor":21},{"not_picked":["PiercingWail","Sucker Punch+1"],"picked":"Backflip","floor":22},{"not_picked":["Catalyst","Slice+1"],"picked":"Well Laid Plans+1","floor":23},{"not_picked":["Corpse Explosion","Outmaneuver+1"],"picked":"Backflip","floor":25},{"not_picked":["Quick Slash","Skewer","Dagger Throw"],"picked":"SKIP","floor":27},{"not_picked":["Finisher","Outmaneuver"],"picked":"Backflip","floor":29},{"not_picked":["Night Terror","Burst"],"picked":"Adrenaline","floor":33},{"not_picked":["Outmaneuver","Masterful Stab+1"],"picked":"Distraction+1","floor":35},{"not_picked":["PiercingWail+1","Prepared"],"picked":"Leg Sweep","floor":37},{"not_picked":["Flying Knee+1","Deflect","Predator"],"picked":"SKIP","floor":38},{"not_picked":["Deadly Poison+1","Skewer"],"picked":"Cloak And Dagger+1","floor":40},{"not_picked":["Sucker Punch","Slice+1","Dagger Throw"],"picked":"SKIP","floor":41},{"not_picked":["Crippling Poison","Heel Hook","Sucker Punch+1"],"picked":"SKIP","floor":44},{"not_picked":["Dagger Throw","Dodge and Roll","PiercingWail+1"],"picked":"SKIP","floor":46}],"player_experience":168265,"relics_obtained":[{"floor":9,"key":"Letter Opener"},{"floor":23,"key":"Du-Vu Doll"},{"floor":26,"key":"Centennial Puzzle"},{"floor":36,"key":"Lizard Tail"},{"floor":40,"key":"Anchor"},{"floor":43,"key":"Bag of Preparation"}],"event_choices":[{"damage_healed":0,"gold_gain":0,"player_choice":"Take Damage","damage_taken":17,"relics_obtained":["Golden Idol"],"max_hp_gain":0,"max_hp_loss":0,"event_name":"Golden Idol","floor":4,"gold_loss":0},{"cards_removed":["Strike_G"],"damage_healed":0,"gold_gain":0,"player_choice":"Card Removal","damage_taken":0,"max_hp_gain":0,"max_hp_loss":0,"event_name":"The Cleric","floor":10,"gold_loss":50},{"damage_healed":0,"gold_gain":0,"player_choice":"Entered Light","damage_taken":14,"max_hp_gain":0,"max_hp_loss":0,"event_name":"Shining Light","floor":11,"gold_loss":0,"cards_upgraded":["Strike_G","Strike_G"]},{"damage_healed":0,"gold_gain":0,"player_choice":"Ignored","damage_taken":0,"max_hp_gain":0,"max_hp_loss":0,"event_name":"Liars Game","floor":13,"gold_loss":0},{"cards_removed":["Strike_G"],"damage_healed":0,"gold_gain":0,"player_choice":"Elegance","damage_taken":0,"max_hp_gain":0,"max_hp_loss":0,"event_name":"Back to Basics","floor":19,"gold_loss":0},{"damage_healed":0,"gold_gain":100,"player_choice":"Bet on Murderer","damage_taken":0,"max_hp_gain":0,"max_hp_loss":0,"event_name":"The Joust","floor":20,"gold_loss":50},{"damage_healed":0,"gold_gain":0,"player_choice":"Ignored","damage_taken":0,"max_hp_gain":0,"max_hp_loss":0,"event_name":"N\u0027loth","floor":31,"gold_loss":0},{"damage_healed":0,"gold_gain":0,"player_choice":"Paid","damage_taken":0,"relics_obtained":["Red Mask"],"max_hp_gain":0,"max_hp_loss":0,"event_name":"Tomb of Lord Red Mask","floor":42,"gold_loss":22},{"cards_removed":["Sucker Punch"],"damage_healed":0,"gold_gain":0,"player_choice":"Removed Attack","damage_taken":0,"max_hp_gain":0,"max_hp_loss":0,"event_name":"Falling","floor":48,"gold_loss":0}],"is_beta":false,"boss_relics":[{"not_picked":["Ring of the Serpent","Snecko Eye"],"picked":"Ectoplasm"},{"not_picked":["Cursed Key","Tiny House"],"picked":"WristBlade"}],"items_purged_floors":[12,39],"is_endless":false,"potions_floor_spawned":[2,7,14,22,23,25,29,40,41,44,46],"killed_by":"Time Eater","ascension_level":4}}