{"host":"4be9rrw6luv8jrir","time":1607527245,"event":{"gold_per_floor":[222,238,265,145,165,191,191,231,231,248,148,148,167,221,221,334,334,346,377,412,412,412,412,442,459,459,459,490,490,522,534,534,634,634,646,646,646,646,662,662,662],"floor_reached":40,"playtime":5005,"items_purged":["animator:Strike","animator:Strike","animator:Lelouch+1","animator:Strike+1","animator:HiiragiShinya"],"score":568,"play_id":"894fe983-12c0-499c-ae3b-01d8bb5d7126","local_time":"20201209232045","is_ascension_mode":true,"campfire_choices":[{"data":"animator:ElricEdward","floor":7,"key":"SMITH"},{"data":"Ghostly","floor":12,"key":"SMITH"},{"data":"animator:Shinoa","floor":15,"key":"SMITH"},{"floor":23,"key":"REST"},{"floor":27,"key":"REST"},{"floor":32,"key":"DIG"}],"neow_cost":"NONE","seed_source_timestamp":160950162006500,"circlet_count":0,"master_deck":["animator:Strike_Konosuba+1","animator:Defend_Konosuba","animator:Defend","animator:Defend","animator:Defend","animator:Kazuma","animator:Aqua","animator:Mikaela+1","animator:Yoichi","animator:Shigure","animator:ElricEdward+1","animator:Mitsuba","animator:Mitsurugi+1","animator:Megumin+10","Ghostly+1","animator:Shinoa+1","animator:Hans+1","animator:Jibril+1","animator:UneriGinkaku+1","animator:QuestionMark","animator:Darkness","animator:YunYun","animator:IzunaHatsuse","animator:Sora","animator:Darkness","animator:Darkness","animator:Eris","animator:Canti","animator:Mitsurugi+1","animator:Kazuma","animator:Boros+1","animator:Sonic","animator:Zero","animator:Darkness","animator:Urushihara","animator:Zero","animator:QuestionMark","animator:Shinoa"],"relics":["animator:LivingPicture","animator:TheMissingPiece","DaveBox","ThornShield","Question Card","Replay:Bottled Steam","Juzu Bracelet","Whetstone","Blue Doll","ImportantClient","DiscerningMonocle","White Beast Statue","Replay:Accelerometer","Nunchaku","SynthV","Simple Rune","conspire:Dentures","Chameleon Ring","animator:ShionDessert","Strange Spoon","Shuriken","Strawberry","Velvet Choker","hubris:SlimyHat","CloakClasp","Ying","Bag of Preparation","animator:EngravedStaff","Technique"],"potions_floor_usage":[6,8,14,16,19,20,24,24,25,25,28,33,33,39,39],"damage_taken":[{"damage":0,"enemies":"Cultist","floor":1,"turns":5},{"damage":0,"enemies":"Jaw Worm","floor":2,"turns":6},{"damage":0,"enemies":"2 Louse","floor":3,"turns":3},{"damage":7,"enemies":"conspire:2 RoseBushes","floor":5,"turns":4},{"damage":12,"enemies":"Replay:BlueRogue","floor":6,"turns":9},{"damage":9,"enemies":"3 Sentries","floor":8,"turns":7},{"damage":7,"enemies":"Red Slaver","floor":10,"turns":2},{"damage":0,"enemies":"2 Fungi Beasts","floor":13,"turns":2},{"damage":3,"enemies":"Lagavulin","floor":14,"turns":7},{"damage":39,"enemies":"The Guardian","floor":16,"turns":11},{"damage":11,"enemies":"3 Byrds","floor":18,"turns":4},{"damage":5,"enemies":"Spheric Guardian","floor":19,"turns":5},{"damage":24,"enemies":"conspire:MimicChest","floor":20,"turns":9},{"damage":18,"enemies":"Slavers","floor":24,"turns":5},{"damage":0,"enemies":"Centurion and Healer","floor":25,"turns":4},{"damage":3,"enemies":"3 Cultists","floor":28,"turns":4},{"damage":7,"enemies":"animator:HornedBat","floor":30,"turns":4},{"damage":0,"enemies":"Snecko","floor":31,"turns":4},{"damage":17,"enemies":"Collector","floor":33,"turns":9},{"damage":0,"enemies":"Orb Walker","floor":35,"turns":2},{"damage":2,"enemies":"3 Shapes","floor":39,"turns":3},{"damage":0,"enemies":"Giant Head","floor":40,"turns":3}],"seed_played":"-2920231207336769727","potions_obtained":[{"floor":3,"key":"Weak Potion"},{"floor":5,"key":"DuplicationPotion"},{"floor":6,"key":"DistilledChaos"},{"floor":13,"key":"Block Potion"},{"floor":18,"key":"Swift Potion"},{"floor":19,"key":"Energy Potion"},{"floor":21,"key":"ColorlessPotion"},{"floor":21,"key":"Cursed Concoction"},{"floor":21,"key":"CultistPotion"},{"floor":24,"key":"Strength Potion"},{"floor":25,"key":"AttackPotion"},{"floor":28,"key":"SpeedPotion"},{"floor":30,"key":"DistilledChaos"},{"floor":31,"key":"CultistPotion"},{"floor":33,"key":"Explosive Potion"},{"floor":35,"key":"Weak Potion"},{"floor":39,"key":"AttackPotion"}],"is_trial":false,"path_per_floor":["M","M","M","$","M","E","R","E","T","M","?","R","M","E","R","B",null,"M","M","?","?","$","R","E","M","T","R","M","$","E","M","R","B",null,"M","$","$","?","M","E"],"character_chosen":"THE_ANIMATOR","items_purchased":["animator:ElricEdward","Replay:Accelerometer","Nunchaku","SynthV","animator:Lelouch+1","animator:QuestionMark","animator:Darkness","Chameleon Ring","animator:ShionDessert","Strange Spoon","animator:Darkness","animator:Eris","animator:Canti","hubris:SlimyHat","CloakClasp","Ying","animator:Sonic","animator:Zero","Bag of Preparation","animator:EngravedStaff","Technique","animator:Darkness"],"campfire_rested":2,"item_purchase_floors":[4,22,22,22,22,22,22,29,29,29,29,29,29,36,36,36,36,36,37,37,37,37],"current_hp_per_floor":[66,67,67,67,61,51,51,44,44,40,40,40,42,41,41,4,69,60,57,35,35,35,56,41,44,44,65,64,64,59,61,68,56,80,80,80,80,70,71,71,71],"gold":662,"neow_bonus":"HUNDRED_GOLD","is_prod":false,"is_daily":false,"chose_seed":false,"campfire_upgraded":3,"win_rate":0,"timestamp":1607527245,"path_taken":["M","?","M","$","M","E","R","E","T","M","?","R","M","E","R","BOSS","M","M","?","?","$","R","E","M","T","R","M","$","E","M","R","BOSS","M","?","$","?","M","E"],"build_version":"2020-11-30","purchased_purges":5,"victory":false,"max_hp_per_floor":[66,67,67,67,68,68,68,68,68,69,69,69,69,69,69,69,69,71,71,71,71,71,71,72,73,73,73,73,73,73,73,80,80,80,80,80,80,80,80,80,80],"card_choices":[{"not_picked":["animator:Shinoa","animator:MaesHughes"],"picked":"animator:Mikaela","floor":1},{"not_picked":["animator:Geryuganshoop","animator:Tatsumaki","animator:ZankiKiguchi"],"picked":"animator:Yoichi","floor":2},{"not_picked":["animator:DolaRiku","animator:Jibril","animator:Scar"],"picked":"animator:Shigure","floor":3},{"not_picked":["animator:Shigure","animator:Yoichi","animator:KrulTepes"],"picked":"animator:Mitsuba","floor":5},{"not_picked":["animator:Hitei","animator:MadokaKaname","animator:MumenRider","animator:IrohaTamaki"],"picked":"SKIP","floor":6},{"not_picked":["animator:ZankiKiguchi","animator:KrulTepes","animator:Biyorigo"],"picked":"animator:Mitsurugi","floor":8},{"not_picked":["animator:UneriGinkaku","animator:Mikaela","animator:TsurugaMeisai"],"picked":"animator:Megumin","floor":10},{"not_picked":["animator:Mitsurugi","animator:Verdia","animator:Aqua"],"picked":"animator:Megumin","floor":13},{"not_picked":["animator:OrikoMikuni","animator:WinryRockbell","animator:ZankiKiguchi"],"picked":"animator:Shinoa","floor":14},{"not_picked":["animator:MadokaKaname","animator:Biyorigo","animator:Sora"],"picked":"animator:Hans","floor":16},{"not_picked":["animator:SilverFang+1","animator:Verdia+1","animator:MumenRider"],"picked":"animator:HiiragiShinya","floor":18},{"not_picked":["animator:Mitsuba","animator:Sloth","animator:Shigure"],"picked":"animator:Jibril+1","floor":19},{"not_picked":["animator:DolaCouronne+1","animator:ZankiKiguchi","animator:Yoichi"],"picked":"animator:UneriGinkaku+1","floor":20},{"not_picked":["animator:Verdia","animator:Kazuma","animator:Chomusuke"],"picked":"animator:YunYun","floor":24},{"not_picked":["animator:Tatsumaki+1","animator:ZankiKiguchi","animator:MumenRider"],"picked":"animator:IzunaHatsuse","floor":25},{"not_picked":["animator:Mitsuba","animator:Jibril","animator:RoyMustang"],"picked":"animator:Sora","floor":28},{"not_picked":["animator:ChlammyZell","animator:HiiragiShinya","animator:MadokaKaname"],"picked":"animator:Mitsurugi+1","floor":30},{"not_picked":["animator:YunYun","animator:Vanir","animator:Aqua"],"picked":"animator:Kazuma","floor":31},{"not_picked":["animator:Father","animator:Eris","animator:Sora"],"picked":"animator:Boros","floor":33},{"not_picked":["animator:Mikaela","animator:RoyMustang","animator:Mitsuba+1","animator:Konayuki"],"picked":"SKIP","floor":35},{"not_picked":["animator:Kuroyukihime","animator:Hibiki","animator:Cirno"],"picked":"animator:Urushihara","floor":38},{"not_picked":["animator:TakanashiRikka","animator:KotoriKanbe","animator:HououinKyouma"],"picked":"animator:Zero","floor":38},{"not_picked":["animator:NononJakuzure","animator:HououinKyouma","animator:IchigoKurosaki"],"picked":"animator:QuestionMark","floor":38},{"not_picked":["animator:DolaRiku+1","animator:Mitsurugi+1","animator:ElricAlphonse+1"],"picked":"animator:Shinoa","floor":39}],"player_experience":460167,"relics_obtained":[{"floor":1,"key":"Question Card"},{"floor":6,"key":"Replay:Bottled Steam"},{"floor":8,"key":"Juzu Bracelet"},{"floor":9,"key":"Whetstone"},{"floor":14,"key":"Blue Doll"},{"floor":16,"key":"ImportantClient"},{"floor":20,"key":"White Beast Statue"},{"floor":24,"key":"Simple Rune"},{"floor":26,"key":"conspire:Dentures"},{"floor":30,"key":"Shuriken"},{"floor":32,"key":"Strawberry"}],"event_choices":[{"damage_healed":0,"gold_gain":0,"player_choice":"Argue","damage_taken":0,"max_hp_gain":0,"max_hp_loss":0,"event_name":"conspire:LoneGhost","floor":11,"gold_loss":0},{"damage_healed":0,"gold_gain":0,"player_choice":"Got Potions","damage_taken":0,"max_hp_gain":0,"max_hp_loss":0,"event_name":"Lab","floor":21,"gold_loss":0},{"damage_healed":0,"gold_gain":0,"player_choice":"Memory 3","damage_taken":10,"max_hp_gain":0,"max_hp_loss":0,"event_name":"SensoryStone","floor":38,"gold_loss":0}],"is_beta":false,"boss_relics":[{"not_picked":["MoonlightInvasionPlan","hubris:VirtuousBlindfold"],"picked":"DiscerningMonocle"},{"not_picked":["OneHitWonderSystem","conspire:RunicOctahedron"],"picked":"Velvet Choker"}],"items_purged_floors":[4,22,29,36,37],"is_endless":false,"potions_floor_spawned":[3,5,6,13,18,19,24,25,28,30,31,33,35,39],"killed_by":"Giant Head","ascension_level":1}}