{"host":"m7puq4mk16tgc6yn","time":1607501942,"event":{"gold_per_floor":[110,123,123,141,141,141,170,170,223,254,266,290,302,334,346,477,489,525,447,472,507,14,14,45,65,91,127,127,167,190,215,215,346,346,371,396,419,419,3,47,47,47,47,380,380,399,399,399],"floor_reached":47,"playtime":2193,"items_purged":["Strike_G","Strike_G"],"score":708,"play_id":"bd0c0196-1aed-4503-acca-3cdd4c2339ad","local_time":"20201209001902","is_ascension_mode":true,"campfire_choices":[{"data":"Neutralize","floor":6,"key":"SMITH"},{"data":"Skewer","floor":8,"key":"SMITH"},{"data":"Envenom","floor":15,"key":"SMITH"},{"data":"Tactician","floor":23,"key":"SMITH"},{"data":"Accuracy","floor":28,"key":"SMITH"},{"floor":32,"key":"REST"},{"data":"Bullet Time","floor":41,"key":"SMITH"},{"floor":45,"key":"REST"}],"neow_cost":"NONE","seed_source_timestamp":13901528261600,"circlet_count":0,"master_deck":["Strike_G+1","Strike_G+1","Defend_G","Defend_G+1","Defend_G","Defend_G","Defend_G","Survivor","Neutralize+1","Predator+1","Blade Dance+1","Dagger Throw+1","Skewer+1","Tactician+1","Envenom+1","Tools of the Trade","Cloak And Dagger","Well Laid Plans","Blade Dance","Infinite Blades","Cloak And Dagger","Bullet Time+1","Accuracy+1","Backflip+1","Cloak And Dagger+1","Prepared+1","Eviscerate+1","Blade Dance+1","Phantasmal Killer","Noxious Fumes","Escape Plan+1","Finisher+1","Blur","Dodge and Roll","Chrysalis","Terror+1","Accuracy"],"relics":["Ring of the Serpent","Dream Catcher","Whetstone","Anchor","MawBank","HoveringKite","PreservedInsect","Lee\u0027s Waffle","Bottled Lightning","Omamori","Boot","Toy Ornithopter","Pear","Strawberry","Meat on the Bone"],"potions_floor_usage":[16,16,21,29,33,37,37,40,46],"damage_taken":[{"damage":0,"enemies":"2 Louse","floor":1,"turns":4},{"damage":4,"enemies":"Small Slimes","floor":2,"turns":3},{"damage":0,"enemies":"Cultist","floor":4,"turns":3},{"damage":17,"enemies":"Lagavulin","floor":7,"turns":6},{"damage":2,"enemies":"3 Sentries","floor":10,"turns":7},{"damage":0,"enemies":"Blue Slaver","floor":12,"turns":2},{"damage":0,"enemies":"3 Louse","floor":14,"turns":3},{"damage":32,"enemies":"The Guardian","floor":16,"turns":10},{"damage":2,"enemies":"Shell Parasite","floor":18,"turns":4},{"damage":6,"enemies":"2 Thieves","floor":20,"turns":3},{"damage":12,"enemies":"Cultist and Chosen","floor":21,"turns":5},{"damage":20,"enemies":"Book of Stabbing","floor":24,"turns":4},{"damage":17,"enemies":"Centurion and Healer","floor":25,"turns":5},{"damage":15,"enemies":"Gremlin Leader","floor":27,"turns":5},{"damage":0,"enemies":"Book of Stabbing","floor":29,"turns":4},{"damage":21,"enemies":"Snecko","floor":30,"turns":4},{"damage":4,"enemies":"Cultist and Chosen","floor":31,"turns":4},{"damage":22,"enemies":"Champ","floor":33,"turns":7},{"damage":19,"enemies":"3 Shapes","floor":35,"turns":6},{"damage":19,"enemies":"3 Darklings","floor":36,"turns":4},{"damage":26,"enemies":"Spire Growth","floor":37,"turns":5},{"damage":27,"enemies":"Giant Head","floor":40,"turns":6},{"damage":24,"enemies":"Transient","floor":46,"turns":5},{"damage":45,"enemies":"Reptomancer","floor":47,"turns":5}],"seed_played":"-4138454998355631667","potions_obtained":[{"floor":1,"key":"FairyPotion"},{"floor":7,"key":"SpeedPotion"},{"floor":12,"key":"Dexterity Potion"},{"floor":16,"key":"Weak Potion"},{"floor":18,"key":"Regen Potion"},{"floor":24,"key":"FairyPotion"},{"floor":27,"key":"Block Potion"},{"floor":29,"key":"SteroidPotion"},{"floor":31,"key":"PowerPotion"},{"floor":33,"key":"Block Potion"},{"floor":37,"key":"SpeedPotion"},{"floor":40,"key":"Fire Potion"}],"is_trial":false,"path_per_floor":["M","M","?","M","?","R","E","R","T","E","$","M","?","M","R","B",null,"M","?","M","M","$","R","E","M","T","E","R","E","M","M","R","B",null,"M","M","M","?","$","E","R","?","T","?","R","M","E"],"character_chosen":"THE_SILENT","items_purchased":["PreservedInsect","Infinite Blades","Lee\u0027s Waffle","Cloak And Dagger","Pear","Blur"],"campfire_rested":2,"item_purchase_floors":[22,22,22,22,39,39],"current_hp_per_floor":[70,66,66,66,52,52,35,35,35,33,33,33,33,33,33,1,65,63,63,57,45,72,72,52,35,35,20,20,20,21,17,38,21,72,53,34,27,27,37,22,22,22,22,22,48,41,0,0],"gold":399,"neow_bonus":"RANDOM_COMMON_RELIC","is_prod":false,"is_daily":false,"chose_seed":false,"campfire_upgraded":6,"win_rate":0,"timestamp":1607501942,"path_taken":["M","M","?","M","?","R","E","R","T","E","$","M","?","M","R","BOSS","M","?","M","M","$","R","E","M","T","E","R","E","M","M","R","BOSS","M","M","?","?","$","E","R","?","T","?","R","?","E"],"build_version":"2020-11-30","purchased_purges":2,"victory":false,"max_hp_per_floor":[70,70,70,70,70,70,70,70,70,70,70,70,65,65,65,65,65,65,65,65,65,72,72,72,72,72,72,72,72,72,72,72,72,72,72,72,72,72,82,89,89,89,89,89,89,89,89,89],"relic_stats":{"Dream Catcher":2,"Lee\u0027s Waffle":27,"counters":[24,114],"HoveringKite":[50],"PreservedInsect":319,"Whetstone":["Strike_G","Strike_G"],"MawBank":144,"Boot":[55],"obtain_stats":[{"Lee\u0027s Waffle":22,"Pear":39,"Golden Idol":13,"HoveringKite":17,"PreservedInsect":22,"Omamori":26,"Whetstone":7,"MawBank":10,"Boot":27,"Dream Catcher":0,"Anchor":9,"Strawberry":40,"Bottled Lightning":24,"Toy Ornithopter":29,"Ring of the Serpent":34,"Ring of the Snake":0,"Meat on the Bone":43},{"Lee\u0027s Waffle":11,"Pear":21,"Golden Idol":6,"HoveringKite":8,"PreservedInsect":11,"Omamori":13,"Whetstone":4,"MawBank":5,"Boot":14,"Dream Catcher":0,"Anchor":4,"Strawberry":22,"Bottled Lightning":12,"Toy Ornithopter":15,"Ring of the Serpent":18,"Ring of the Snake":0,"Meat on the Bone":22},{"Lee\u0027s Waffle":50,"Pear":98,"Golden Idol":25,"HoveringKite":38,"PreservedInsect":50,"Omamori":59,"Whetstone":16,"MawBank":23,"Boot":64,"Dream Catcher":0,"Anchor":16,"Strawberry":104,"Bottled Lightning":54,"Toy Ornithopter":68,"Ring of the Serpent":83,"Ring of the Snake":0,"Meat on the Bone":104}],"Toy Ornithopter":25,"Meat on the Bone":12},"card_choices":[{"not_picked":["Finisher","Poisoned Stab"],"picked":"Predator","floor":1},{"not_picked":["Endless Agony","Flechettes"],"picked":"Blade Dance","floor":2},{"not_picked":["Backflip","Accuracy"],"picked":"Dagger Throw","floor":4},{"not_picked":["Deflect","Sucker Punch"],"picked":"Skewer","floor":7},{"not_picked":["Heel Hook","Calculated Gamble"],"picked":"Tactician","floor":10},{"not_picked":["Escape Plan","Flying Knee","Tactician"],"picked":"SKIP","floor":12},{"not_picked":["Poisoned Stab","Dash"],"picked":"Envenom","floor":14},{"not_picked":["Phantasmal Killer","Wraith Form v2"],"picked":"Tools of the Trade","floor":16},{"not_picked":["Poisoned Stab","Calculated Gamble"],"picked":"Cloak And Dagger","floor":18},{"not_picked":["Slice","Prepared"],"picked":"Well Laid Plans","floor":20},{"not_picked":["Masterful Stab","Dodge and Roll"],"picked":"Blade Dance","floor":21},{"not_picked":["Dagger Spray","Bane"],"picked":"Bullet Time","floor":24},{"not_picked":["Dodge and Roll","All Out Attack"],"picked":"Accuracy","floor":25},{"not_picked":["Blade Dance","Calculated Gamble"],"picked":"Backflip+1","floor":27},{"not_picked":["Expertise+1","Dagger Spray+1"],"picked":"Cloak And Dagger+1","floor":29},{"not_picked":["Underhanded Strike+1","Outmaneuver"],"picked":"Prepared+1","floor":30},{"not_picked":["Poisoned Stab","Deflect"],"picked":"Eviscerate+1","floor":31},{"not_picked":["Deflect","Deadly Poison+1"],"picked":"Blade Dance+1","floor":32},{"not_picked":["Wraith Form v2","Venomology"],"picked":"Phantasmal Killer","floor":33},{"not_picked":["Slice+1","Acrobatics+1"],"picked":"Noxious Fumes","floor":35},{"not_picked":["Bane+1","Dagger Spray"],"picked":"Escape Plan+1","floor":36},{"not_picked":["Sucker Punch","PiercingWail+1"],"picked":"Finisher+1","floor":37},{"not_picked":["Deadly Poison","Escape Plan"],"picked":"Dodge and Roll","floor":40},{"not_picked":["Impatience","Secret Weapon"],"picked":"Chrysalis","floor":42},{"not_picked":["Outmaneuver+1","Cloak And Dagger"],"picked":"Terror+1","floor":45},{"not_picked":["Skewer+1","Riddle With Holes"],"picked":"Accuracy","floor":46}],"player_experience":40309,"relics_obtained":[{"floor":7,"key":"Whetstone"},{"floor":9,"key":"Anchor"},{"floor":10,"key":"MawBank"},{"floor":24,"key":"Bottled Lightning"},{"floor":26,"key":"Omamori"},{"floor":27,"key":"Boot"},{"floor":29,"key":"Toy Ornithopter"},{"floor":40,"key":"Strawberry"},{"floor":43,"key":"Meat on the Bone"}],"event_choices":[{"damage_healed":0,"gold_gain":0,"player_choice":"Grow","damage_taken":0,"max_hp_gain":0,"max_hp_loss":0,"event_name":"Living Wall","floor":3,"gold_loss":0,"cards_upgraded":["Blade Dance"]},{"damage_healed":0,"gold_gain":0,"player_choice":"Entered Light","damage_taken":14,"max_hp_gain":0,"max_hp_loss":0,"event_name":"Shining Light","floor":5,"gold_loss":0,"cards_upgraded":["Defend_G","Dagger Throw"]},{"damage_healed":0,"gold_gain":0,"player_choice":"Lose Max HP","damage_taken":0,"relics_obtained":["Golden Idol"],"max_hp_gain":0,"max_hp_loss":5,"event_name":"Golden Idol","floor":13,"gold_loss":0},{"cards_removed":["Strike_G"],"damage_healed":0,"gold_gain":0,"player_choice":"Upgrade and Remove","damage_taken":0,"max_hp_gain":0,"max_hp_loss":0,"event_name":"Designer","floor":19,"gold_loss":90,"cards_upgraded":["Predator"]},{"damage_healed":0,"gold_gain":0,"player_choice":"Ignored","damage_taken":0,"max_hp_gain":0,"max_hp_loss":0,"event_name":"Mysterious Sphere","floor":38,"gold_loss":0},{"damage_healed":0,"gold_gain":0,"player_choice":"Memory 1","damage_taken":0,"max_hp_gain":0,"max_hp_loss":0,"event_name":"SensoryStone","floor":42,"gold_loss":0},{"damage_healed":0,"gold_gain":333,"player_choice":"Gave Idol","damage_taken":0,"max_hp_gain":0,"max_hp_loss":0,"event_name":"The Moai Head","floor":44,"relics_lost":["Golden Idol"],"gold_loss":0}],"is_beta":false,"boss_relics":[{"not_picked":["Calling Bell","SacredBark"],"picked":"HoveringKite"},{"not_picked":["Runic Pyramid","Sozu"],"picked":"Ring of the Serpent"}],"items_purged_floors":[22,39],"is_endless":false,"potions_floor_spawned":[1,7,12,16,18,24,27,29,31,33,37,40],"killed_by":"Reptomancer","ascension_level":3}}