{"host":"3q9keoo8j4hzgybw","time":1607478893,"event":{"gold_per_floor":[117,117,129,139,149,182,182,212,259,259,275,165,180,190,190,292,292,307,307,317,102,121,121,146,162,162,162,162],"floor_reached":27,"playtime":1245,"items_purged":["Strike_W","Strike_W"],"score":284,"play_id":"81d0daf2-9890-4127-9481-274a012f710f","local_time":"20201209025453","is_ascension_mode":true,"campfire_choices":[{"data":"Summon_Undead","floor":7,"key":"SMITH"},{"floor":10,"key":"REST"},{"data":"Bone_Armor","floor":15,"key":"SMITH"},{"data":"Summon_Lich","floor":23,"key":"SMITH"}],"neow_cost":"NONE","seed_source_timestamp":53953530646700,"circlet_count":0,"master_deck":["Strike_W","Strike_W","Defend_W","Defend_W","Negative_Energy_Arrows","Bone_Wall","Blood_Whip","Bone_Armor+1","Scare","Summon_Undead+1","Negative_Energy_Shield","Negative_Energy_Shield","Summon_Lich+1","Summon_Lich","Bone_Spikes","Summon_Lich","Blood_Shield","Blood_Shield","Spectral_Armor","Scare"],"relics":["Vampire_Amulet","Strawberry","Kunai","Orichalcum","Runic Dome","Bag of Preparation","Darkstone Periapt"],"potions_floor_usage":[16,16,27,27],"damage_taken":[{"damage":2,"enemies":"Jaw Worm","floor":1,"turns":5},{"damage":4,"enemies":"Cultist","floor":3,"turns":3},{"damage":10,"enemies":"2 Louse","floor":4,"turns":3},{"damage":4,"enemies":"Exordium Wildlife","floor":5,"turns":4},{"damage":37,"enemies":"3 Sentries","floor":6,"turns":10},{"damage":33,"enemies":"Lagavulin","floor":8,"turns":6},{"damage":8,"enemies":"3 Louse","floor":11,"turns":4},{"damage":29,"enemies":"Exordium Thugs","floor":13,"turns":4},{"damage":1,"enemies":"Large Slime","floor":14,"turns":6},{"damage":17,"enemies":"The Guardian","floor":16,"turns":15},{"damage":15,"enemies":"Chosen","floor":18,"turns":5},{"damage":22,"enemies":"Shell Parasite","floor":20,"turns":7},{"damage":11,"enemies":"Cultist and Chosen","floor":22,"turns":7},{"damage":29,"enemies":"Book of Stabbing","floor":24,"turns":7},{"damage":18,"enemies":"3 Cultists","floor":25,"turns":5},{"damage":23,"enemies":"Gremlin Leader","floor":27,"turns":2}],"seed_played":"-5713307336907620471","potions_obtained":[{"floor":3,"key":"Ancient Potion"},{"floor":5,"key":"GamblersBrew"},{"floor":8,"key":"SteroidPotion"},{"floor":16,"key":"DuplicationPotion"},{"floor":18,"key":"ColorlessPotion"},{"floor":24,"key":"Ancient Potion"}],"is_trial":false,"path_per_floor":["M","?","M","M","M","E","R","E","T","R","M","$","M","M","R","B",null,"M","?","M","$","M","R","E","M","T","E"],"character_chosen":"NECROMANCER","items_purchased":["Summon_Lich","Summon_Lich","Blood_Shield"],"campfire_rested":1,"item_purchase_floors":[12,21,21],"current_hp_per_floor":[75,75,73,67,67,43,43,12,12,36,34,34,9,24,24,9,82,69,69,61,61,54,54,27,15,15,0,0],"gold":162,"neow_bonus":"REMOVE_CARD","is_prod":false,"is_daily":false,"chose_seed":false,"campfire_upgraded":3,"win_rate":0,"timestamp":1607478893,"path_taken":["M","?","M","M","M","E","R","E","T","R","M","$","?","M","R","BOSS","M","?","M","$","M","R","E","M","T","E"],"build_version":"2020-11-30","purchased_purges":2,"victory":false,"max_hp_per_floor":[75,75,75,75,75,82,82,82,82,82,82,82,82,82,82,82,82,82,78,78,78,78,78,78,78,78,78,78],"card_choices":[{"not_picked":["Negative_Energy_Mist","Shackles_Of_Pain"],"picked":"Blood_Whip","floor":1},{"not_picked":["Blood_Curse","Thousand_Bone_Knives"],"picked":"Bone_Armor","floor":3},{"not_picked":["Blood_Curse","Shackles_Of_Pain","Death_Coil"],"picked":"SKIP","floor":4},{"not_picked":["Negative_Energy_Mist","Consume_Illness"],"picked":"Scare","floor":5},{"not_picked":["Grasp_Heart","Blood_Whip"],"picked":"Summon_Undead","floor":6},{"not_picked":["Bone_Shift","Deaths_Shadow"],"picked":"Negative_Energy_Shield","floor":8},{"not_picked":["Bones_to_Steel","Grasp_Heart"],"picked":"Negative_Energy_Shield","floor":11},{"not_picked":["Negative_Energy_Javelin","Uncharnel"],"picked":"Summon_Lich","floor":13},{"not_picked":["Death_Knell","Negative_Energy_Shield"],"picked":"Bone_Spikes","floor":14},{"not_picked":["Death_Coil","Finger_Of_Death","Death_Knell"],"picked":"SKIP","floor":18},{"not_picked":["Deaths_Shadow","Vampiric_Strike","Epidemic"],"picked":"SKIP","floor":20},{"not_picked":["Consume_Illness+1","Finger_Of_Death+1"],"picked":"Blood_Shield","floor":22},{"not_picked":["Negative_Energy_Sphere","Bone_Prison"],"picked":"Spectral_Armor","floor":24},{"not_picked":["Whirlwind_of_Bones","Shackles_Of_Pain+1"],"picked":"Scare","floor":25}],"player_experience":37999,"relics_obtained":[{"floor":6,"key":"Strawberry"},{"floor":8,"key":"Kunai"},{"floor":9,"key":"Orichalcum"},{"floor":24,"key":"Bag of Preparation"},{"floor":26,"key":"Darkstone Periapt"}],"event_choices":[{"damage_healed":0,"gold_gain":0,"player_choice":"Full Heal","damage_taken":0,"max_hp_gain":0,"max_hp_loss":0,"event_name":"Wheel of Change","floor":2,"gold_loss":0}],"is_beta":false,"boss_relics":[{"not_picked":["Fusion Hammer","Velvet Choker"],"picked":"Runic Dome"}],"items_purged_floors":[12,21],"is_endless":false,"potions_floor_spawned":[3,5,8,13,16,18,24],"killed_by":"Gremlin Leader","ascension_level":3}}