{"host":"omov159tyjzan9wn","time":1607555368,"event":{"gold_per_floor":[13,32,45,60,73,73,108,108,108,124,124,159,159,178,178,275,275,292,310,310,310,321,321,321,33,33,33,47,79,25,38,38,139,139,155,234,285,285,285,285,312,324,324,324,334,334,350,367,367,367],"floor_reached":51,"playtime":4636,"items_purged":[],"score":734,"play_id":"4ec19493-ed6c-4efa-b0e4-9ccb7611307b","local_time":"20201209230928","is_ascension_mode":false,"campfire_choices":[{"data":"Catalyst","floor":8,"key":"SMITH"},{"floor":11,"key":"REST"},{"data":"Crippling Poison","floor":13,"key":"SMITH"},{"data":"Poisoned Stab","floor":15,"key":"SMITH"},{"floor":23,"key":"DIG"},{"data":"Apotheosis","floor":40,"key":"SMITH"},{"data":"Envenom","floor":44,"key":"SMITH"},{"floor":46,"key":"REST"},{"data":"hubris:Counter","floor":49,"key":"PURGE"}],"neow_cost":"NO_GOLD","seed_source_timestamp":1217150981372000,"circlet_count":0,"master_deck":["Strike_G","Strike_G","Strike_G","Strike_G","Defend_G","Defend_G","Defend_G","Defend_G","Defend_G","Survivor","Neutralize","Deflect","Toxin Wave","Catalyst+1","Finisher","Terror","Deadly Poison","Poisoned Stab+1","Crippling Poison+1","Heel Hook","Burst+1","Acrobatics+1","Footwork+1","Apotheosis+1","Poisoned Stab","Blade Dance","Blade Dance","Terror+1","Envenom+1","Backflip","PiercingWail+1","ReplayTheSpireMod:Necrosis","Slice","Backflip+1","Bane","Thinking Ahead","Blade Dance","Acrobatics","Blade Dance","Adrenaline","Hidden Blade+1"],"relics":["Ring of the Snake","Replay:Multitool","Ornamental Fan","Mercury Hourglass","Anchor","Fusion Hammer","hubris:Icosahedron","Replay:Wax Seal","Replay:Mystery Machine","hubris:Metronome","Toy Ornithopter","Sozu","Nunchaku","Ice Cream","hubris:CrystalStatue","Paper Crane"],"potions_floor_usage":[7,10,12,16,19,33,33,33],"damage_taken":[{"damage":1,"enemies":"Cultist","floor":1,"turns":4},{"damage":2,"enemies":"Jaw Worm","floor":2,"turns":5},{"damage":0,"enemies":"2 Louse","floor":3,"turns":2},{"damage":2,"enemies":"Exordium Wildlife","floor":4,"turns":5},{"damage":5,"enemies":"Looter","floor":5,"turns":4},{"damage":39,"enemies":"3 Sentries","floor":7,"turns":13},{"damage":5,"enemies":"Blue Slaver","floor":10,"turns":2},{"damage":11,"enemies":"Gremlin Nob","floor":12,"turns":3},{"damage":0,"enemies":"2 Fungi Beasts","floor":14,"turns":2},{"damage":21,"enemies":"Fading Forest","floor":16,"turns":11},{"damage":7,"enemies":"3 Byrds","floor":18,"turns":4},{"damage":8,"enemies":"Shell Parasite","floor":19,"turns":3},{"damage":0,"enemies":"Cultist and Chosen","floor":22,"turns":6},{"damage":7,"enemies":"Snecko","floor":28,"turns":3},{"damage":11,"enemies":"HollowMod:Nosk","floor":29,"turns":4},{"damage":7,"enemies":"Snake Plant","floor":31,"turns":3},{"damage":18,"enemies":"Pondfish","floor":33,"turns":7},{"damage":0,"enemies":"3 Darklings","floor":35,"turns":4},{"damage":12,"enemies":"2 Orb Walkers","floor":37,"turns":3},{"damage":10,"enemies":"Giant Head","floor":41,"turns":6},{"damage":0,"enemies":"3 Shapes","floor":42,"turns":2},{"damage":10,"enemies":"Sphere and 2 Shapes","floor":45,"turns":3},{"damage":0,"enemies":"Jaw Worm Horde","floor":47,"turns":3},{"damage":0,"enemies":"Transient","floor":48,"turns":5},{"damage":22,"enemies":"Awakened One","floor":50,"turns":10}],"seed_played":"-4304876571641600686","potions_obtained":[{"floor":1,"key":"Cursed Concoction"},{"floor":3,"key":"BlessingOfTheForge"},{"floor":7,"key":"SkillPotion"},{"floor":14,"key":"Weak Potion"},{"floor":18,"key":"Poison Potion"},{"floor":31,"key":"Block Potion"},{"floor":32,"key":"BlessingOfTheForge"},{"floor":32,"key":"PowerPotion"}],"is_trial":false,"path_per_floor":["M","M","M","M","M","R","E","R","T","M","R","E","R","M","R","B",null,"M","M","?","?","M","R","?","$","T","R","M","E","$","M","R","B",null,"M","?","?","?","?","R","E","M","T","R","M","R","M","M","R","B",null],"character_chosen":"THE_SILENT","items_purchased":["hubris:Metronome","Blade Dance","Backflip"],"campfire_rested":2,"item_purchase_floors":[25,25,30],"current_hp_per_floor":[69,67,67,65,60,60,21,21,21,16,37,26,26,26,26,15,70,63,55,55,55,55,55,55,55,55,70,63,52,52,45,45,42,70,70,53,41,41,41,41,31,31,31,31,21,42,42,42,42,20],"gold":367,"neow_bonus":"ONE_RARE_RELIC","is_prod":false,"is_daily":false,"chose_seed":false,"campfire_upgraded":5,"win_rate":0,"timestamp":1607555368,"path_taken":["M","?","M","M","M","R","E","R","T","M","R","E","R","M","R","BOSS","M","M","?","?","M","R","?","$","T","R","M","E","?","M","R","BOSS","M","?","?","?","?","R","E","M","T","R","M","R","M","M","R","BOSS"],"build_version":"2020-11-30","purchased_purges":0,"victory":true,"max_hp_per_floor":[70,70,70,70,70,70,70,70,70,70,70,70,70,70,70,70,70,70,70,70,70,70,70,70,70,70,70,70,70,70,70,70,70,70,70,70,70,70,70,70,70,70,70,70,70,70,70,70,70,70],"card_choices":[{"not_picked":["Riddle With Holes","Escape Plan"],"picked":"Deflect","floor":1},{"not_picked":["Flying Knee","Expertise"],"picked":"Toxin Wave","floor":2},{"not_picked":["Sneak Up","Dagger Spray"],"picked":"Catalyst","floor":3},{"not_picked":["Flying Knee","Dodge and Roll"],"picked":"Finisher","floor":4},{"not_picked":["hubris:Counter","Leg Sweep"],"picked":"Terror","floor":5},{"not_picked":["Bullet Time","Dagger Spray"],"picked":"Deadly Poison","floor":7},{"not_picked":["Dagger Throw","Replay:Poison Smokescreen"],"picked":"Poisoned Stab","floor":10},{"not_picked":["Dagger Spray","ReplayTheSpireMod:Shiv Toss"],"picked":"Crippling Poison","floor":12},{"not_picked":["Dodge and Roll","PiercingWail"],"picked":"Heel Hook","floor":14},{"not_picked":["Glass Knife","Doppelganger"],"picked":"Burst","floor":16},{"not_picked":["Masterful Stab+1","Tactician"],"picked":"Acrobatics+1","floor":18},{"not_picked":["All Out Attack","Choke"],"picked":"Footwork+1","floor":19},{"not_picked":["Dagger Throw","Slice+1"],"picked":"Poisoned Stab","floor":22},{"not_picked":["Slice","Backstab"],"picked":"Terror+1","floor":28},{"not_picked":["Flechettes","Backflip"],"picked":"Envenom","floor":29},{"not_picked":["Backflip","Sucker Punch"],"picked":"PiercingWail+1","floor":31},{"not_picked":["A Thousand Cuts","Unload"],"picked":"ReplayTheSpireMod:Necrosis","floor":33},{"not_picked":["ReplayTheSpireMod:Tripwire","Sneak Up"],"picked":"Slice","floor":35},{"not_picked":["Caltrops","Prepared"],"picked":"Backflip+1","floor":36},{"not_picked":["Quick Slash+1","Dagger Spray+1"],"picked":"Bane","floor":37},{"not_picked":["PanicButton","Replay:Sssssssssstrike"],"picked":"Thinking Ahead","floor":39},{"not_picked":["Dagger Throw+1","Endless Agony+1"],"picked":"Blade Dance","floor":41},{"not_picked":["Reflex","Slice+1"],"picked":"Acrobatics","floor":42},{"not_picked":["Leg Sweep+1","Bane+1"],"picked":"Blade Dance","floor":45},{"not_picked":["Caltrops+1","Poisoned Stab"],"picked":"Adrenaline","floor":47},{"not_picked":["Sucker Punch","Riddle With Holes+1"],"picked":"Hidden Blade+1","floor":48}],"player_experience":48641,"relics_obtained":[{"floor":7,"key":"Ornamental Fan"},{"floor":9,"key":"Mercury Hourglass"},{"floor":12,"key":"Anchor"},{"floor":23,"key":"Replay:Wax Seal"},{"floor":29,"key":"Toy Ornithopter"},{"floor":36,"key":"Nunchaku"},{"floor":37,"key":"Ice Cream"},{"floor":41,"key":"hubris:CrystalStatue"},{"floor":43,"key":"Paper Crane"}],"event_choices":[{"cards_removed":["Burst"],"damage_healed":0,"gold_gain":0,"player_choice":"Take \u0026 Give","damage_taken":0,"max_hp_gain":0,"max_hp_loss":0,"event_name":"betterNote:BetterNote","floor":20,"gold_loss":0,"cards_obtained":["Apotheosis"]},{"damage_healed":0,"gold_gain":0,"player_choice":"Fight","damage_taken":0,"max_hp_gain":0,"max_hp_loss":0,"event_name":"Mysterious Sphere","floor":37,"gold_loss":0},{"damage_healed":0,"gold_gain":0,"player_choice":"Ignored","damage_taken":0,"max_hp_gain":0,"max_hp_loss":0,"event_name":"Tomb of Lord Red Mask","floor":38,"gold_loss":0},{"damage_healed":0,"gold_gain":0,"player_choice":"Memory 1","damage_taken":0,"max_hp_gain":0,"max_hp_loss":0,"event_name":"SensoryStone","floor":39,"gold_loss":0}],"is_beta":false,"boss_relics":[{"not_picked":["hubris:Backtick","Snecko Eye"],"picked":"Fusion Hammer"},{"not_picked":["Snecko Heart","Snecko Scales"],"picked":"Sozu"}],"items_purged_floors":[],"is_endless":false,"potions_floor_spawned":[1,3,7,14,18,31,47,48],"ascension_level":0}}