{"host":"p245q48pmopyklqs","time":1607490095,"event":{"gold_per_floor":[112,112,131,151,151,182,182,193,193,193,193],"floor_reached":10,"playtime":243,"items_purged":[],"score":136,"play_id":"d82a3b0e-78b7-433b-814f-19ea57e8a967","local_time":"20201209140135","is_ascension_mode":true,"campfire_choices":[{"data":"Blade Dance","floor":7,"key":"SMITH"}],"neow_cost":"PERCENT_DAMAGE","seed_source_timestamp":8267259281799,"circlet_count":0,"master_deck":["AscendersBane","Strike_G","Strike_G","Strike_G+1","Strike_G","Strike_G","Defend_G","Defend_G","Defend_G","Defend_G","Defend_G","Survivor","Neutralize","Endless Agony+1","Quick Slash","Blade Dance+1","All Out Attack","Cloak And Dagger"],"relics":["Ring of the Snake","Tiny Chest","Happy Flower"],"potions_floor_usage":[6],"damage_taken":[{"damage":0,"enemies":"2 Louse","floor":1,"turns":4},{"damage":0,"enemies":"Small Slimes","floor":3,"turns":2},{"damage":0,"enemies":"Jaw Worm","floor":4,"turns":5},{"damage":10,"enemies":"3 Sentries","floor":6,"turns":7},{"damage":8,"enemies":"Large Slime","floor":8,"turns":4},{"damage":30,"enemies":"Lagavulin","floor":10,"turns":4}],"seed_played":"-787762964164480511","potions_obtained":[{"floor":1,"key":"AttackPotion"}],"is_trial":false,"path_per_floor":["M","?","M","M","?","E","R","M","T","E"],"character_chosen":"THE_SILENT","items_purchased":[],"campfire_rested":0,"item_purchase_floors":[],"current_hp_per_floor":[56,61,61,61,36,26,26,18,18,0,0],"gold":193,"neow_bonus":"TWENTY_PERCENT_HP_BONUS","is_prod":false,"is_daily":false,"chose_seed":false,"campfire_upgraded":1,"win_rate":0,"timestamp":1607490095,"path_taken":["M","?","M","M","?","E","R","M","T","E"],"build_version":"2020-11-30","purchased_purges":0,"victory":false,"max_hp_per_floor":[78,83,83,83,83,83,83,83,83,83,83],"relic_stats":{"Happy Flower":[1],"counters":[6,26],"Tiny Chest":0,"obtain_stats":[{"Happy Flower":9,"Tiny Chest":6,"Ring of the Snake":0},{"Happy Flower":5,"Tiny Chest":4,"Ring of the Snake":0},{"Happy Flower":22,"Tiny Chest":18,"Ring of the Snake":0}],"Ring of the Snake":[13]},"card_choices":[{"not_picked":["Acrobatics","Calculated Gamble"],"picked":"Endless Agony","floor":1},{"not_picked":["Endless Agony","PiercingWail"],"picked":"Quick Slash","floor":3},{"not_picked":["Prepared","Dagger Spray"],"picked":"Blade Dance","floor":4},{"not_picked":["Escape Plan","Outmaneuver"],"picked":"All Out Attack","floor":6},{"not_picked":["Heel Hook","Dodge and Roll"],"picked":"Cloak And Dagger","floor":8}],"player_experience":2239984,"relics_obtained":[{"floor":6,"key":"Tiny Chest"},{"floor":9,"key":"Happy Flower"}],"event_choices":[{"damage_healed":0,"gold_gain":0,"player_choice":"Donut","damage_taken":0,"max_hp_gain":5,"max_hp_loss":0,"event_name":"Big Fish","floor":2,"gold_loss":0},{"damage_healed":0,"gold_gain":0,"player_choice":"Entered Light","damage_taken":25,"max_hp_gain":0,"max_hp_loss":0,"event_name":"Shining Light","floor":5,"gold_loss":0,"cards_upgraded":["Endless Agony","Strike_G"]}],"is_beta":false,"boss_relics":[],"items_purged_floors":[],"is_endless":false,"potions_floor_spawned":[1],"killed_by":"Lagavulin","ascension_level":20}}