{"host":"dz1qwalix8eproj8","time":1607550278,"event":{"gold_per_floor":[12,29,44,44,56,82,82,117,117,117,117,147,160,45,45,120,120,136,152,152,171,71,71,106,106,106,131,131,150,170,186,186,186,186],"floor_reached":33,"playtime":2772,"items_purged":["Regret","Strike_R"],"score":545,"play_id":"12f21919-111a-4a4b-8890-8d0a7af856dc","local_time":"20201209224438","is_ascension_mode":true,"campfire_choices":[{"data":"Uppercut","floor":7.0,"key":"SMITH"},{"data":"True Grit","floor":10.0,"key":"SMITH"},{"floor":15.0,"key":"REST"},{"data":"True Grit","floor":23.0,"key":"SMITH"},{"floor":25.0,"key":"REST"},{"floor":28.0,"key":"REST"},{"floor":32,"key":"REST"}],"neow_cost":"NO_GOLD","seed_source_timestamp":27320194154000,"circlet_count":0,"master_deck":["AscendersBane","Strike_R","Strike_R","Strike_R","Strike_R","Defend_R","Defend_R","Defend_R","Defend_R","Bash","Thinking Ahead+1","Pommel Strike","True Grit+1","Uppercut+1","Rampage","Twin Strike","Pummel","Shrug It Off","Bloodletting","Dropkick","Double Tap","Inflame","Sentinel","J.A.X.","True Grit+1","Warcry+1","Reckless Charge+1","Pummel","Metallicize","Rupture"],"special_seed":0,"relics":["Burning Blood","HornCleat","Bottled Lightning","Mango","CaptainsWheel","Odd Mushroom","Runic Cube","Nunchaku","Pear","Pantograph"],"potions_floor_usage":[30,33,33,33,33],"damage_taken":[{"damage":0.0,"enemies":"Small Slimes","floor":1.0,"turns":3.0},{"damage":7.0,"enemies":"2 Louse","floor":2.0,"turns":4.0},{"damage":7.0,"enemies":"Jaw Worm","floor":3.0,"turns":6.0},{"damage":7.0,"enemies":"Looter","floor":5.0,"turns":4.0},{"damage":20.0,"enemies":"Gremlin Nob","floor":6.0,"turns":4.0},{"damage":30.0,"enemies":"3 Sentries","floor":8.0,"turns":6.0},{"damage":8.0,"enemies":"The Mushroom Lair","floor":12.0,"turns":4.0},{"damage":12.0,"enemies":"Large Slime","floor":13.0,"turns":6.0},{"damage":55.0,"enemies":"Slime Boss","floor":16.0,"turns":9.0},{"damage":13.0,"enemies":"Shell Parasite","floor":18.0,"turns":5.0},{"damage":12.0,"enemies":"Spheric Guardian","floor":19.0,"turns":5.0},{"damage":34.0,"enemies":"Chosen and Byrds","floor":21.0,"turns":6.0},{"damage":25.0,"enemies":"Book of Stabbing","floor":24.0,"turns":5.0},{"damage":48.0,"enemies":"Gremlin Leader","floor":27.0,"turns":9.0},{"damage":18,"enemies":"Centurion and Healer","floor":29,"turns":5},{"damage":9,"enemies":"Snake Plant","floor":30,"turns":5},{"damage":3,"enemies":"3 Cultists","floor":31,"turns":4},{"damage":115,"enemies":"Automaton","floor":33,"turns":10}],"seed_played":"-5500351015358562671","potions_obtained":[{"floor":1.0,"key":"CultistPotion"},{"floor":12.0,"key":"SteroidPotion"},{"floor":19.0,"key":"Fruit Juice"},{"floor":24.0,"key":"Explosive Potion"},{"floor":27.0,"key":"Regen Potion"},{"floor":29,"key":"Explosive Potion"},{"floor":30,"key":"EntropicBrew"}],"is_trial":false,"path_per_floor":["M","M","M","?","M","E","R","E","T","R","?","?","M","$","R","B",null,"M","M","?","M","$","R","E","R","T","E","R","M","M","M","R","B"],"character_chosen":"IRONCLAD","items_purchased":["Dropkick"],"campfire_rested":4,"item_purchase_floors":[14],"current_hp_per_floor":[74,73,72,72,71,57,57,33,47,47,47,45,39,39,65,16,71,64,58,58,30,30,30,11,44,54,12,43,31,42,45,76,0,0],"gold":186,"neow_bonus":"RANDOM_COLORLESS_2","is_prod":false,"is_daily":false,"chose_seed":false,"campfire_upgraded":3,"win_rate":0,"timestamp":1607550278,"path_taken":["M","M","M","?","M","E","R","E","T","R","?","?","M","$","R","BOSS","M","M","?","M","$","R","E","R","T","E","R","M","M","M","R","BOSS"],"build_version":"2020-11-30","purchased_purges":2,"victory":false,"max_hp_per_floor":[75,75,75,75,75,75,75,75,89,89,89,89,89,89,89,89,89,89,89,89,89,89,89,89,94,104,104,104,104,104,104,104,104,104],"relic_stats":{"Nunchaku":[7],"counters":[18,100],"Pantograph":25,"obtain_stats":[{"CaptainsWheel":11,"Nunchaku":24,"HornCleat":6,"Pear":26,"Pantograph":27,"Mango":9,"Bottled Lightning":8,"Odd Mushroom":12,"Burning Blood":0,"Runic Cube":17},{"CaptainsWheel":6,"Nunchaku":13,"HornCleat":5,"Pear":13,"Pantograph":14,"Mango":6,"Bottled Lightning":6,"Odd Mushroom":7,"Burning Blood":0,"Runic Cube":9},{"CaptainsWheel":27,"Nunchaku":67,"HornCleat":21,"Pear":67,"Pantograph":76,"Mango":27,"Bottled Lightning":27,"Odd Mushroom":31,"Burning Blood":0,"Runic Cube":46}],"Burning Blood":102,"Runic Cube":[41]},"card_choices":[{"not_picked":["The Bomb","Magnetism"],"picked":"Thinking Ahead","floor":0.0},{"not_picked":["Heavy Blade","Iron Wave"],"picked":"Pommel Strike","floor":1.0},{"not_picked":["Warcry","Clash"],"picked":"True Grit","floor":2.0},{"not_picked":["Wild Strike","Thunderclap"],"picked":"Uppercut","floor":3.0},{"not_picked":["Rupture","Warcry"],"picked":"Rampage","floor":5.0},{"not_picked":["Heavy Blade","Carnage"],"picked":"Twin Strike","floor":6.0},{"not_picked":["Heavy Blade","Wild Strike"],"picked":"Pummel","floor":8.0},{"not_picked":["Warcry","Perfected Strike"],"picked":"Shrug It Off","floor":12.0},{"not_picked":["Juggernaut","Shrug It Off"],"picked":"Bloodletting","floor":13.0},{"not_picked":["Reaper","Impervious"],"picked":"Double Tap","floor":16.0},{"not_picked":["True Grit","Warcry"],"picked":"Inflame","floor":18.0},{"not_picked":["Carnage","Bloodletting"],"picked":"Sentinel","floor":19.0},{"not_picked":["Inflame","Anger"],"picked":"True Grit","floor":21.0},{"not_picked":["Clothesline","True Grit"],"picked":"Warcry+1","floor":24.0},{"not_picked":["Spot Weakness","Havoc"],"picked":"Reckless Charge+1","floor":27.0},{"not_picked":["Anger","True Grit"],"picked":"Pummel","floor":29},{"not_picked":["Flex","Twin Strike+1"],"picked":"Metallicize","floor":30},{"not_picked":["Seeing Red","Reckless Charge"],"picked":"Rupture","floor":31}],"player_experience":540046,"relics_obtained":[{"floor":6.0,"key":"HornCleat"},{"floor":8.0,"key":"Bottled Lightning"},{"floor":9.0,"key":"Mango"},{"floor":12.0,"key":"Odd Mushroom"},{"floor":24.0,"key":"Nunchaku"},{"floor":26.0,"key":"Pear"},{"floor":27.0,"key":"Pantograph"}],"event_choices":[{"damage_healed":0.0,"max_hp_gain":0.0,"max_hp_loss":0.0,"gold_gain":0.0,"event_name":"Living Wall","player_choice":"Grow","floor":4.0,"gold_loss":0.0,"damage_taken":0.0,"cards_upgraded":["Thinking Ahead"]},{"damage_healed":0.0,"max_hp_gain":0.0,"max_hp_loss":0.0,"gold_gain":0.0,"event_name":"Big Fish","player_choice":"Box","floor":11.0,"gold_loss":0.0,"damage_taken":0.0,"relics_obtained":["CaptainsWheel"],"cards_obtained":["Regret"]},{"damage_healed":0.0,"max_hp_gain":0.0,"max_hp_loss":0.0,"gold_gain":0.0,"event_name":"Mushrooms","player_choice":"Fought Mushrooms","floor":12.0,"gold_loss":0.0,"damage_taken":0.0},{"damage_healed":0.0,"max_hp_gain":0.0,"max_hp_loss":0.0,"gold_gain":0.0,"event_name":"Drug Dealer","player_choice":"Obtain J.A.X.","floor":20.0,"gold_loss":0.0,"damage_taken":0.0,"cards_obtained":["J.A.X."]}],"is_beta":false,"boss_relics":[{"not_picked":["Empty Cage","Runic Pyramid"],"picked":"Runic Cube"}],"items_purged_floors":[14,22],"is_endless":false,"potions_floor_spawned":[1,12,19,24,27,29,30],"killed_by":"Automaton","ascension_level":15}}