{"host":"zxkjcgzis4pm3za5","time":1607524343,"event":{"gold_per_floor":[114,127,75,88,88,122,297,297,322,322,347,347,366,399,399,399,399],"floor_reached":16,"playtime":405,"items_purged":[],"score":168,"play_id":"7f4b5238-578e-45fc-bd5d-6d2080c7a7ee","local_time":"20201209200223","is_ascension_mode":true,"campfire_choices":[{"data":"Backstab","floor":8.0,"key":"SMITH"},{"data":"Neutralize","floor":10.0,"key":"SMITH"},{"data":"A Thousand Cuts","floor":15.0,"key":"SMITH"}],"neow_cost":"NONE","seed_source_timestamp":1007836931500,"circlet_count":0,"master_deck":["Strike_G","Strike_G","Strike_G","Strike_G","Strike_G","Defend_G","Defend_G","Defend_G","Defend_G","Defend_G","Survivor","Neutralize+1","Slice","Endless Agony","Dagger Spray","Backstab+1","Doubt","PiercingWail","A Thousand Cuts+1"],"special_seed":0,"relics":["SacredBark","Ancient Tea Set","PreservedInsect","Prayer Wheel","Gremlin Horn"],"potions_floor_usage":[],"damage_taken":[{"damage":10.0,"enemies":"Small Slimes","floor":1.0,"turns":5.0},{"damage":2.0,"enemies":"Cultist","floor":2.0,"turns":4.0},{"damage":1.0,"enemies":"2 Louse","floor":4.0,"turns":3.0},{"damage":0.0,"enemies":"Large Slime","floor":5.0,"turns":2.0},{"damage":8.0,"enemies":"Gremlin Nob","floor":6.0,"turns":3.0},{"damage":2.0,"enemies":"Lagavulin","floor":11.0,"turns":3.0},{"damage":7.0,"enemies":"Exordium Wildlife","floor":13.0,"turns":4.0},{"damage":12.0,"enemies":"Gremlin Nob","floor":14.0,"turns":4.0},{"damage":30,"enemies":"The Guardian","floor":16,"turns":11}],"seed_played":"8532737215266899588","potions_obtained":[{"floor":2.0,"key":"SmokeBomb"},{"floor":6.0,"key":"Strength Potion"}],"is_trial":false,"path_per_floor":["M","M","$","M","M","E","?","R","T","R","E","?","M","E","R","B"],"character_chosen":"THE_SILENT","items_purchased":["Fire Potion"],"campfire_rested":0,"item_purchase_floors":[3],"current_hp_per_floor":[53,51,51,50,50,42,42,42,42,42,40,45,38,26,26,0,0],"gold":399,"neow_bonus":"BOSS_RELIC","is_prod":false,"is_daily":false,"chose_seed":false,"campfire_upgraded":3,"win_rate":0,"timestamp":1607524343,"path_taken":["M","M","?","M","M","E","?","R","T","R","E","?","M","E","R","BOSS"],"build_version":"2020-11-30","purchased_purges":0,"victory":false,"max_hp_per_floor":[70,70,70,70,70,70,70,70,70,70,70,75,75,75,75,75,75],"card_choices":[{"not_picked":["Distraction","Poisoned Stab"],"picked":"Slice","floor":1.0},{"not_picked":["Acrobatics","Deflect"],"picked":"Endless Agony","floor":2.0},{"not_picked":["Acrobatics","Underhanded Strike"],"picked":"Dagger Spray","floor":4.0},{"not_picked":["Calculated Gamble","Poisoned Stab"],"picked":"Backstab","floor":6.0},{"not_picked":["Dodge and Roll","Backflip"],"picked":"PiercingWail","floor":11.0},{"not_picked":["Accuracy","Setup","Expertise"],"picked":"SKIP","floor":13.0},{"not_picked":["Backflip","Deadly Poison","All Out Attack"],"picked":"SKIP","floor":13.0},{"not_picked":["Prepared","Acrobatics"],"picked":"A Thousand Cuts","floor":14.0}],"player_experience":113755,"relics_obtained":[{"floor":6.0,"key":"Ancient Tea Set"},{"floor":9.0,"key":"PreservedInsect"},{"floor":11.0,"key":"Prayer Wheel"},{"floor":14.0,"key":"Gremlin Horn"}],"event_choices":[{"damage_healed":0.0,"max_hp_gain":0.0,"max_hp_loss":0.0,"gold_gain":175.0,"event_name":"Liars Game","player_choice":"AGREE","floor":7.0,"gold_loss":0.0,"damage_taken":0.0,"cards_obtained":["Doubt"]},{"damage_healed":0.0,"max_hp_gain":5.0,"max_hp_loss":0.0,"gold_gain":0.0,"event_name":"Big Fish","player_choice":"Donut","floor":12.0,"gold_loss":0.0,"damage_taken":0.0}],"is_beta":false,"boss_relics":[],"items_purged_floors":[],"is_endless":false,"potions_floor_spawned":[2,5,6],"killed_by":"The Guardian","ascension_level":8}}