{"host":"htpechobqgpaugnv","time":1607486660,"event":{"gold_per_floor":[115,265,280,300,22,57,109,147,159,181,193,205,230,276,288,375,387,413,445,457,469,396,434,526,558,570,592,499,378,388,417,417,417,417],"floor_reached":33,"playtime":961,"items_purged":["Strike_P+1"],"score":710,"play_id":"1808468b-3039-462c-a40b-8002c55ec1af","local_time":"20201208220420","is_ascension_mode":true,"campfire_choices":[{"data":"Tantrum","floor":11.0,"key":"SMITH"},{"data":"PathToVictory","floor":15.0,"key":"SMITH"},{"data":"1","floor":32.0,"key":"LIFT"}],"neow_cost":"NONE","seed_source_timestamp":65749757985200,"circlet_count":0,"master_deck":["AscendersBane","Strike_P+1","Strike_P+1","Strike_P+1","Defend_P+1","Defend_P+1","Defend_P+1","Defend_P+1","Eruption","Vigilance","PathToVictory","Tantrum+1","FlurryOfBlows","DeceiveReality","PathToVictory+1","Vault","ClearTheMind+1","PathToVictory+1","PathToVictory+1"],"special_seed":0,"relics":["PureWater","NeowsBlessing","Singing Bowl","Ancient Tea Set","MawBank","Molten Egg 2","Pear","Blood Vial","VioletLotus","MutagenicStrength","Ornamental Fan","Toxic Egg 2","Sundial","Girya","Dead Branch","Pen Nib"],"potions_floor_usage":[],"damage_taken":[{"damage":0.0,"enemies":"Cultist","floor":1.0,"turns":1.0},{"damage":0.0,"enemies":"Jaw Worm","floor":3.0,"turns":1.0},{"damage":0.0,"enemies":"2 Louse","floor":4.0,"turns":1.0},{"damage":0.0,"enemies":"Gremlin Nob","floor":6.0,"turns":2.0},{"damage":35.0,"enemies":"Lagavulin","floor":8.0,"turns":5.0},{"damage":4.0,"enemies":"Large Slime","floor":10.0,"turns":4.0},{"damage":3.0,"enemies":"Looter","floor":13.0,"turns":2.0},{"damage":11.0,"enemies":"3 Sentries","floor":14.0,"turns":6.0},{"damage":4.0,"enemies":"Slime Boss","floor":16.0,"turns":7.0},{"damage":6.0,"enemies":"Spheric Guardian","floor":18.0,"turns":4.0},{"damage":8.0,"enemies":"3 Byrds","floor":19.0,"turns":6.0},{"damage":2.0,"enemies":"Gremlin Leader","floor":23.0,"turns":5.0},{"damage":11.0,"enemies":"Snecko","floor":25.0,"turns":5.0},{"damage":3.0,"enemies":"Centurion and Healer","floor":27.0,"turns":7.0},{"damage":0.0,"enemies":"Snake Plant","floor":30.0,"turns":3.0},{"damage":24.0,"enemies":"Book of Stabbing","floor":31.0,"turns":4.0},{"damage":86,"enemies":"Automaton","floor":33,"turns":9}],"seed_played":"3991895900790389581","potions_obtained":[{"floor":1.0,"key":"FearPotion"},{"floor":3.0,"key":"GamblersBrew"},{"floor":13.0,"key":"DistilledChaos"},{"floor":16.0,"key":"Energy Potion"},{"floor":18.0,"key":"EssenceOfSteel"},{"floor":30.0,"key":"Regen Potion"}],"is_trial":false,"path_per_floor":["M","?","M","M","$","E","T","E","T","M","R","?","M","E","R","B",null,"M","M","?","?","?","E","T","M","T","M","?","$","M","E","R","B"],"character_chosen":"WATCHER","items_purchased":["Singing Bowl","PathToVictory+1"],"campfire_rested":0,"item_purchase_floors":[5,29],"current_hp_per_floor":[61,61,61,61,61,61,61,26,36,34,34,27,26,15,15,13,65,63,59,59,59,59,59,59,52,52,53,53,53,57,47,47,0,0],"gold":417,"neow_bonus":"THREE_ENEMY_KILL","is_prod":false,"is_daily":false,"chose_seed":false,"campfire_upgraded":2,"win_rate":0,"timestamp":1607486660,"path_taken":["M","?","M","M","$","E","?","E","T","?","R","?","M","E","R","BOSS","M","M","?","?","?","E","?","?","T","M","?","$","M","E","R","BOSS"],"build_version":"2020-11-30","purchased_purges":1,"victory":false,"max_hp_per_floor":[68,68,68,68,68,68,68,68,78,80,80,80,82,82,82,82,82,84,86,86,86,86,86,86,88,88,90,90,90,92,92,92,92,92],"relic_stats":{"Blood Vial":18,"Singing Bowl":14,"counters":[17,72],"Ornamental Fan":[40],"Sundial":[4],"Dead Branch":[13],"VioletLotus":[8],"Pen Nib":[2],"MawBank":264,"obtain_stats":[{"Girya":26,"Pear":9,"NeowsBlessing":0,"Singing Bowl":5,"Dead Branch":28,"Pen Nib":31,"Ancient Tea Set":6,"MawBank":7,"Blood Vial":14,"Ornamental Fan":22,"Sundial":24,"MutagenicStrength":20,"Molten Egg 2":8,"VioletLotus":17,"PureWater":0,"Toxic Egg 2":23},{"Girya":13,"Pear":5,"NeowsBlessing":0,"Singing Bowl":3,"Dead Branch":14,"Pen Nib":16,"Ancient Tea Set":4,"MawBank":4,"Blood Vial":8,"Ornamental Fan":11,"Sundial":12,"MutagenicStrength":11,"Molten Egg 2":5,"VioletLotus":9,"PureWater":0,"Toxic Egg 2":12},{"Girya":49,"Pear":10,"NeowsBlessing":0,"Singing Bowl":3,"Dead Branch":56,"Pen Nib":63,"Ancient Tea Set":5,"MawBank":5,"Blood Vial":22,"Ornamental Fan":39,"Sundial":44,"MutagenicStrength":39,"Molten Egg 2":10,"VioletLotus":29,"PureWater":0,"Toxic Egg 2":44}]},"card_choices":[{"not_picked":["CarveReality","DeceiveReality"],"picked":"PathToVictory","floor":1.0},{"not_picked":["Prostrate","Protect"],"picked":"Tantrum","floor":3.0},{"not_picked":["ClearTheMind","EmptyBody","SashWhip"],"picked":"SKIP","floor":4.0},{"not_picked":["Evaluate","FollowUp"],"picked":"FlurryOfBlows","floor":6.0},{"not_picked":["WindmillStrike+1","BowlingBash+1"],"picked":"DeceiveReality","floor":8.0},{"not_picked":["Protect","CutThroughFate+1","Prostrate"],"picked":"Singing Bowl","floor":10.0},{"not_picked":["Prostrate","LikeWater","Brilliance+1"],"picked":"Singing Bowl","floor":13.0},{"not_picked":["Nirvana","BowlingBash+1"],"picked":"PathToVictory","floor":14.0},{"not_picked":["ConjureBlade","Judgement"],"picked":"Vault","floor":16.0},{"not_picked":["ThirdEye+1","DeceiveReality","EmptyFist+1"],"picked":"Singing Bowl","floor":18.0},{"not_picked":["ThirdEye","Protect","Crescendo"],"picked":"Singing Bowl","floor":19.0},{"not_picked":["SashWhip+1","BowlingBash+1"],"picked":"ClearTheMind+1","floor":23.0},{"not_picked":["ClearTheMind+1","Evaluate+1","CrushJoints+1"],"picked":"Singing Bowl","floor":25.0},{"not_picked":["Crescendo+1","Protect+1","Establishment"],"picked":"Singing Bowl","floor":27.0},{"not_picked":["ClearTheMind+1","Consecrate+1","Crescendo+1"],"picked":"Singing Bowl","floor":30.0},{"not_picked":["SashWhip+1","FlyingSleeves+1"],"picked":"PathToVictory+1","floor":31.0}],"player_experience":1247614,"relics_obtained":[{"floor":6.0,"key":"Ancient Tea Set"},{"floor":7.0,"key":"MawBank"},{"floor":8.0,"key":"Molten Egg 2"},{"floor":9.0,"key":"Pear"},{"floor":14.0,"key":"Blood Vial"},{"floor":23.0,"key":"Toxic Egg 2"},{"floor":24.0,"key":"Sundial"},{"floor":26.0,"key":"Girya"},{"floor":31.0,"key":"Pen Nib"}],"event_choices":[{"damage_healed":0.0,"max_hp_gain":0.0,"max_hp_loss":0.0,"gold_gain":150.0,"event_name":"Liars Game","player_choice":"AGREE","floor":2.0,"gold_loss":0.0,"damage_taken":0.0,"cards_obtained":["Doubt"]},{"cards_removed":["Doubt"],"damage_healed":0.0,"max_hp_gain":0.0,"max_hp_loss":0.0,"gold_gain":0.0,"event_name":"Golden Wing","player_choice":"Card Removal","floor":12.0,"gold_loss":0.0,"damage_taken":7.0},{"damage_healed":0.0,"max_hp_gain":0.0,"max_hp_loss":0.0,"gold_gain":0.0,"event_name":"Drug Dealer","player_choice":"Inject Mutagens","floor":20.0,"gold_loss":0.0,"damage_taken":0.0,"relics_obtained":["MutagenicStrength"]},{"damage_healed":0.0,"max_hp_gain":0.0,"max_hp_loss":0.0,"gold_gain":0.0,"event_name":"Back to Basics","player_choice":"Simplicity","floor":21.0,"gold_loss":0.0,"damage_taken":0.0,"cards_upgraded":["Strike_P","Strike_P","Strike_P","Strike_P","Defend_P","Defend_P","Defend_P","Defend_P"]},{"damage_healed":0.0,"max_hp_gain":0.0,"max_hp_loss":0.0,"gold_gain":0.0,"event_name":"Addict","player_choice":"Obtained Relic","floor":22.0,"gold_loss":85.0,"damage_taken":0.0,"relics_obtained":["Ornamental Fan"]},{"damage_healed":0.0,"max_hp_gain":0.0,"max_hp_loss":0.0,"gold_gain":0.0,"event_name":"WeMeetAgain","player_choice":"Paid Gold","floor":28.0,"gold_loss":105.0,"damage_taken":0.0,"relics_obtained":["Dead Branch"]}],"is_beta":false,"boss_relics":[{"not_picked":["Coffee Dripper","Velvet Choker"],"picked":"VioletLotus"}],"items_purged_floors":[29],"is_endless":false,"potions_floor_spawned":[1,3,4,13,16,18,30],"killed_by":"Automaton","ascension_level":20}}