{"host":"5s7sm4h73jkd9266","time":1607528527,"event":{"gold_per_floor":[112,183,200,220,220,220,255,255,278,296,316,345,355,355,355,434,434,454,729,729,746,766,766,691,711,711,711,711],"floor_reached":27,"playtime":1912,"items_purged":[],"score":383,"play_id":"b3e47613-d8fe-4059-8d2e-f39e59646c28","local_time":"20201209104207","is_ascension_mode":true,"campfire_choices":[{"floor":6.0,"key":"REST"},{"data":"StuffTheSpire:Innocence","floor":8.0,"key":"SMITH"},{"floor":15.0,"key":"REST"},{"floor":23.0,"key":"REST"}],"neow_cost":"NONE","seed_source_timestamp":18112437715300,"circlet_count":0,"master_deck":["AscendersBane","Strike_G","Strike_G","Strike_G","Strike_G","Strike_G","Defend_G","Defend_G","Defend_G","Defend_G","Defend_G","Survivor","Neutralize","conspire:PoisonWeapons","ReplayTheSpireMod:Splinters","Bouncing Flask","Crippling Poison","Replay:Bag of Tricks+1","StuffTheSpire:Innocence+1","StuffTheSpire:Incantation","Eviscerate","Backflip+1","StuffTheSpire:Python+1","Infinite Blades+1","A Thousand Cuts+1","Distraction","Regret","StuffTheSpire:PestControl","Deflect","Bouncing Flask","A Thousand Cuts+1","After Image+1","Atom Bomb+1","Dagger Spray"],"special_seed":0,"relics":["Ring of the Snake","Art of War","hubris:PeanutButter","Snake Skull","Juzu Bracelet","Ancient Tea Set","vexMod:ImprovementManual","CaptainsWheel"],"potions_floor_usage":[27,27],"damage_taken":[{"damage":7.0,"enemies":"Jaw Worm","floor":1.0,"turns":5.0},{"damage":0.0,"enemies":"Small Slimes","floor":3.0,"turns":3.0},{"damage":0.0,"enemies":"Cultist","floor":4.0,"turns":4.0},{"damage":10.0,"enemies":"Gremlin Nob","floor":7.0,"turns":4.0},{"damage":0.0,"enemies":"Large Slime","floor":10.0,"turns":6.0},{"damage":0.0,"enemies":"2 Fungi Beasts","floor":11.0,"turns":3.0},{"damage":16.0,"enemies":"3 Sentries","floor":12.0,"turns":8.0},{"damage":10.0,"enemies":"Exordium Wildlife","floor":13.0,"turns":4.0},{"damage":4.0,"enemies":"Hexaghost","floor":16.0,"turns":8.0},{"damage":0.0,"enemies":"Spheric Guardian","floor":18.0,"turns":4.0},{"damage":17.0,"enemies":"2 Thieves","floor":21.0,"turns":4.0},{"damage":20.0,"enemies":"3 Cultists","floor":22.0,"turns":6.0},{"damage":16,"enemies":"Sentry and Sphere","floor":25,"turns":7},{"damage":18,"enemies":"Centurion and Healer","floor":27,"turns":4}],"seed_played":"-3387060222372791499","potions_obtained":[{"floor":1.0,"key":"blueLaboratory:EmptyBottle"},{"floor":2.0,"key":"CultistPotion"},{"floor":2.0,"key":"Guardian:BlockOnCardUsePotion"},{"floor":13.0,"key":"EssenceOfSteel"},{"floor":21.0,"key":"blueLaboratory:NinjaPotion"},{"floor":22.0,"key":"blueLaboratory:ArtificerPotion"},{"floor":25,"key":"blueLaboratory:PyrophylliteBrew"}],"is_trial":false,"path_per_floor":["M","?","M","M","?","R","E","R","T","M","M","E","M","?","R","B",null,"M","?","?","M","M","R","?","M","T","M"],"character_chosen":"THE_SILENT","items_purchased":[],"campfire_rested":3,"item_purchase_floors":[],"current_hp_per_floor":[58,58,58,58,51,72,62,62,62,62,62,46,36,36,57,53,67,67,67,47,30,10,31,31,15,15,0,0],"gold":711,"neow_bonus":"TEN_PERCENT_HP_BONUS","is_prod":false,"is_daily":false,"chose_seed":false,"campfire_upgraded":1,"win_rate":0,"timestamp":1607528527,"path_taken":["M","?","M","?","?","R","E","R","T","M","M","E","M","?","R","BOSS","M","?","?","M","M","R","?","M","T","M"],"build_version":"2020-11-30","purchased_purges":0,"victory":false,"max_hp_per_floor":[72,72,72,72,72,72,72,72,72,72,72,72,72,72,72,72,72,72,72,72,72,72,72,72,72,72,72,72],"card_choices":[{"not_picked":["Bane","Infinite Blades"],"picked":"conspire:PoisonWeapons","floor":1.0},{"not_picked":["StuffTheSpire:ClusterCrunch","Concentrate"],"picked":"Bouncing Flask","floor":2.0},{"not_picked":["Acrobatics","Deadly Poison"],"picked":"Crippling Poison","floor":3.0},{"not_picked":["Blade Dance","ReplayTheSpireMod:The Works"],"picked":"Replay:Bag of Tricks","floor":4.0},{"not_picked":["StuffTheSpire:Python","Dagger Throw"],"picked":"StuffTheSpire:Incantation","floor":7.0},{"not_picked":["StuffTheSpire:Injection","Flechettes"],"picked":"Eviscerate","floor":10.0},{"not_picked":["Outmaneuver","Quick Slash"],"picked":"Backflip","floor":11.0},{"not_picked":["Concentrate","ReplayTheSpireMod:Shiv Toss"],"picked":"StuffTheSpire:Python","floor":12.0},{"not_picked":["Acrobatics","Die Die Die"],"picked":"Infinite Blades","floor":13.0},{"not_picked":["Wraith Form v2","Poison Darts"],"picked":"A Thousand Cuts","floor":16.0},{"not_picked":["hubris:Counter+1","PiercingWail"],"picked":"Distraction","floor":18.0},{"not_picked":["StuffTheSpire:BumpUp","Bane"],"picked":"Deflect","floor":21.0},{"not_picked":["ReplayTheSpireMod:Shiv Toss","Eviscerate"],"picked":"Bouncing Flask","floor":22.0},{"not_picked":["Unload+1","Burst+1"],"picked":"A Thousand Cuts+1","floor":24},{"not_picked":["Die Die Die+1","Night Terror+1"],"picked":"After Image+1","floor":24},{"not_picked":["Wraith Form v2+1","Burst+1"],"picked":"Atom Bomb+1","floor":24},{"not_picked":["Dodge and Roll","Expertise"],"picked":"Dagger Spray","floor":25}],"player_experience":5267747,"relics_obtained":[{"floor":2.0,"key":"Art of War"},{"floor":7.0,"key":"hubris:PeanutButter"},{"floor":9.0,"key":"Snake Skull"},{"floor":12.0,"key":"Juzu Bracelet"},{"floor":26,"key":"CaptainsWheel"}],"event_choices":[{"damage_healed":0.0,"max_hp_gain":0.0,"max_hp_loss":0.0,"gold_gain":0.0,"event_name":"Dead Adventurer","player_choice":"Searched \u00271\u0027 times","floor":14.0,"gold_loss":0.0,"damage_taken":0.0,"relics_obtained":["Ancient Tea Set"]},{"damage_healed":0.0,"max_hp_gain":0.0,"max_hp_loss":0.0,"gold_gain":275.0,"event_name":"Golden Shrine","player_choice":"Desecrate","floor":19.0,"gold_loss":0.0,"damage_taken":0.0,"cards_obtained":["Regret"]},{"damage_healed":0,"gold_gain":0,"player_choice":"3","damage_taken":0,"max_hp_gain":0,"max_hp_loss":0,"event_name":"betterMatch:BetterMatch","floor":24,"gold_loss":0,"cards_obtained":["betterMatch:RareCard"]}],"is_beta":false,"boss_relics":[{"not_picked":["hubris:BlackHole","energizedSpire:NeverEndingSparkler"],"picked":"vexMod:ImprovementManual"}],"items_purged_floors":[],"is_endless":false,"potions_floor_spawned":[1,4,13,21,22,25],"killed_by":"Centurion and Healer","ascension_level":14}}