{"host":"046f94hp0svsg0ce","time":1607543082,"event":{"gold_per_floor":[17,33,48,0,14,14,25,57,136,136,170,170,120,120,120,222,222,235,4,23,23,23,23,23],"floor_reached":23,"playtime":2696,"items_purged":["MadScienceMod:Defend_MadScience"],"score":199,"play_id":"e0c28d47-0761-4a24-ba1b-9fe4175c782f","local_time":"20201209204442","is_ascension_mode":false,"campfire_choices":[{"floor":6.0,"key":"REST"},{"floor":10.0,"key":"REST"},{"floor":12.0,"key":"REST"},{"data":"MadScienceMod:CaptureMomentum","floor":15.0,"key":"SMITH"}],"neow_cost":"NO_GOLD","seed_source_timestamp":0,"circlet_count":0,"master_deck":["MadScienceMod:Strike_MadScience","MadScienceMod:Strike_MadScience","MadScienceMod:Strike_MadScience","MadScienceMod:Defend_MadScience","MadScienceMod:Defend_MadScience","MadScienceMod:Defend_MadScience","MadScienceMod:PoweredStrike","MadScienceMod:HideBehindJunk","MadScienceMod:FragmentationGrenade","MadScienceMod:Bombardment","MadScienceMod:FlammableWall","MadScienceMod:EnergyBarrier","MadScienceMod:Strafe","MadScienceMod:NowOrNever","MadScienceMod:CaptureMomentum+1","MadScienceMod:ArtilleryShot","MadScienceMod:NowOrNever","MadScienceMod:Assemble","MadScienceMod:Probe","Shame"],"special_seed":0,"relics":["MadScienceMod:FuelTank","MealTicket","Mercury Hourglass","Pantograph","Singing Bowl","DemoMod:DecoyRelic"],"potions_floor_usage":[23,23],"damage_taken":[{"damage":3.0,"enemies":"Jaw Worm","floor":1.0,"turns":5.0},{"damage":2.0,"enemies":"2 Louse","floor":2.0,"turns":4.0},{"damage":11.0,"enemies":"Small Slimes","floor":3.0,"turns":4.0},{"damage":10.0,"enemies":"Exordium Thugs","floor":5.0,"turns":5.0},{"damage":10.0,"enemies":"Looter","floor":7.0,"turns":5.0},{"damage":50.0,"enemies":"Gremlin Nob","floor":8.0,"turns":6.0},{"damage":9.0,"enemies":"Lagavulin","floor":11.0,"turns":9.0},{"damage":88,"enemies":"The Guardian","floor":16,"turns":20},{"damage":7,"enemies":"3 Byrds","floor":18,"turns":5},{"damage":23,"enemies":"Shell Parasite","floor":20,"turns":4},{"damage":71,"enemies":"Book of Stabbing","floor":23,"turns":8}],"seed_played":"2731457962114662947","potions_obtained":[{"floor":2.0,"key":"GamblersBrew"},{"floor":3.0,"key":"DuplicationPotion"},{"floor":7.0,"key":"EssenceOfSteel"},{"floor":16,"key":"Fire Potion"},{"floor":18,"key":"AttackPotion"}],"is_trial":false,"path_per_floor":["M","M","M","$","M","R","M","E","T","R","E","R","?","?","R","B",null,"M","$","M","?","?","E"],"character_chosen":"MAD_SCIENTIST","items_purchased":["Block Potion","MadScienceMod:Assemble"],"campfire_rested":3,"item_purchase_floors":[4,19],"current_hp_per_floor":[86,84,73,73,63,89,79,29,29,55,46,72,72,69,69,1,89,82,89,66,66,66,0,0],"gold":23,"neow_bonus":"TWENTY_PERCENT_HP_BONUS","is_prod":false,"is_daily":false,"chose_seed":false,"campfire_upgraded":1,"win_rate":0.0,"timestamp":1607543082,"path_taken":["M","M","M","$","M","R","M","E","T","R","E","R","?","?","R","BOSS","M","$","M","?","?","E"],"build_version":"2020-11-30","purchased_purges":1,"victory":false,"max_hp_per_floor":[89,89,89,89,89,89,89,89,89,89,89,89,89,89,89,89,89,89,89,89,89,89,89,89],"card_choices":[{"not_picked":["MadScienceMod:LightOnFire","MadScienceMod:ImposingConstruct"],"picked":"MadScienceMod:FragmentationGrenade","floor":1.0},{"not_picked":["MadScienceMod:MechanicalClaw","MadScienceMod:RecyclingStation"],"picked":"MadScienceMod:Bombardment","floor":2.0},{"not_picked":["MadScienceMod:JunkLaser","MadScienceMod:PowerArmor"],"picked":"MadScienceMod:FlammableWall","floor":3.0},{"not_picked":["MadScienceMod:Poke","MadScienceMod:AntimatterBomb"],"picked":"MadScienceMod:EnergyBarrier","floor":5.0},{"not_picked":["MadScienceMod:LightOnFire","MadScienceMod:OilDrum"],"picked":"MadScienceMod:Strafe","floor":7.0},{"not_picked":["MadScienceMod:BoxOfScraps","MadScienceMod:Inflate"],"picked":"MadScienceMod:NowOrNever","floor":8.0},{"not_picked":["MadScienceMod:FlameCannon","MadScienceMod:ParticleBeam"],"picked":"MadScienceMod:CaptureMomentum","floor":11.0},{"not_picked":["MadScienceMod:Refine","MadScienceMod:LabAccident"],"picked":"MadScienceMod:ArtilleryShot","floor":16},{"not_picked":["MadScienceMod:MechanicalClaw","MadScienceMod:EnergyBarrier+1"],"picked":"MadScienceMod:NowOrNever","floor":18},{"not_picked":["MadScienceMod:AcidSpray+1","MadScienceMod:ImposingConstruct"],"picked":"MadScienceMod:Probe","floor":20}],"player_experience":1478010,"relics_obtained":[{"floor":8.0,"key":"MealTicket"},{"floor":9.0,"key":"Mercury Hourglass"},{"floor":11.0,"key":"Pantograph"}],"event_choices":[{"cards_removed":["MadScienceMod:Strike_MadScience"],"damage_healed":0.0,"max_hp_gain":0.0,"max_hp_loss":0.0,"gold_gain":0.0,"event_name":"The Cleric","player_choice":"Card Removal","floor":13.0,"gold_loss":50.0,"damage_taken":0.0},{"damage_healed":0.0,"max_hp_gain":0.0,"max_hp_loss":0.0,"gold_gain":0.0,"event_name":"Scrap Ooze","player_choice":"Success","floor":14.0,"gold_loss":0.0,"damage_taken":3.0,"relics_obtained":["Singing Bowl"]},{"damage_healed":0,"gold_gain":0,"player_choice":"Stole Relic","damage_taken":0,"relics_obtained":["DemoMod:DecoyRelic"],"max_hp_gain":0,"max_hp_loss":0,"event_name":"Addict","floor":22,"gold_loss":0,"cards_obtained":["Shame"]}],"is_beta":false,"boss_relics":[{"not_picked":["halation:ForbiddenBikini","Snecko Eye","halation:PinkAlligatorPlush"]}],"items_purged_floors":[19],"is_endless":false,"potions_floor_spawned":[2,3,7,16,18],"killed_by":"Book of Stabbing","ascension_level":0}}