{"host":"c6uvvgqwlxq4k23y","time":1607509336,"event":{"gold_per_floor":[111,130,144,158,16,16,50,50,50,50,69,82,21,21,21,118,118,135,45,7,7,23,23,43,43,66,66,66,66,66],"floor_reached":28,"playtime":857,"items_purged":[],"score":268,"play_id":"552804e2-9a52-491f-9191-5331af328462","local_time":"20201209192216","is_ascension_mode":false,"metric_token":543,"campfire_choices":[{"data":"DTMod:EchoTactic","floor":6.0,"key":"SMITH"},{"data":"DTMod:Training","floor":10.0,"key":"SMITH"},{"floor":15.0,"key":"REST"},{"data":"DTMod:DragonDance","floor":23,"key":"SMITH"},{"data":"DTMod:EchoTactic","floor":25,"key":"SMITH"},{"floor":27,"key":"REST"}],"neow_cost":"NONE","dtmod_dragon_data":[4,50,2,-1,5,0],"seed_source_timestamp":351182280289200,"circlet_count":0,"master_deck":["DTMod:Strike+1","DTMod:Strike","DTMod:DoubleHit","DTMod:TargetDefense","DTMod:TargetDefense","DTMod:TargetDefense","DTMod:TargetDefense","DTMod:SwitchingTactic","DTMod:FlameSlash","DTMod:Cover","DTMod:Training+1","DTMod:ForkedFire","DTMod:EchoTactic+1","DTMod:DragonDance+1","DTMod:EchoTactic+1","DTMod:Training","DTMod:HeatWave+1","DTMod:Hide"],"special_seed":0,"relics":["DTMod:MagicStone","The Courier","Mummified Hand","DTMod:DragonFood","Toy Ornithopter"],"potions_floor_usage":[16,16,22],"damage_taken":[{"damage":0.0,"enemies":"Small Slimes","floor":1.0,"turns":5.0},{"damage":0.0,"enemies":"Jaw Worm","floor":2.0,"turns":4.0},{"damage":0.0,"enemies":"Cultist","floor":3.0,"turns":4.0},{"damage":0.0,"enemies":"Looter","floor":4.0,"turns":3.0},{"damage":19.0,"enemies":"Lagavulin","floor":7.0,"turns":8.0},{"damage":0.0,"enemies":"Blue Slaver","floor":11.0,"turns":6.0},{"damage":11.0,"enemies":"Gremlin Gang","floor":12.0,"turns":5.0},{"damage":0,"enemies":"Slime Boss","floor":16,"turns":7},{"damage":0,"enemies":"Chosen","floor":18,"turns":5},{"damage":3,"enemies":"3 Byrds","floor":22,"turns":4},{"damage":0,"enemies":"Snake Plant","floor":24,"turns":5},{"damage":0,"enemies":"Gremlin Leader","floor":28,"turns":6}],"seed_played":"2492058448915380803","potions_obtained":[{"floor":7.0,"key":"FearPotion"},{"floor":11.0,"key":"SpeedPotion"},{"floor":12.0,"key":"Dexterity Potion"},{"floor":16,"key":"ColorlessPotion"},{"floor":24,"key":"SpeedPotion"}],"is_trial":false,"path_per_floor":["M","M","M","M","$","R","E","?","T","R","M","M","$","?","R","B",null,"M","?","$","?","M","R","M","R","T","R","E"],"character_chosen":"THE_DT","items_purchased":["DTMod:EchoTactic","DTMod:DragonDance","DTMod:Training"],"campfire_rested":2,"item_purchase_floors":[5,13,20],"current_hp_per_floor":[49,49,49,49,49,49,30,23,23,23,23,12,12,9,23,23,49,49,49,49,49,46,46,49,49,49,49,49,49,49],"gold":66,"neow_bonus":"TEN_PERCENT_HP_BONUS","is_prod":false,"is_daily":false,"chose_seed":false,"campfire_upgraded":4,"win_rate":0.0,"timestamp":1607509336,"path_taken":["M","M","M","M","$","R","E","?","T","R","M","M","$","?","R","BOSS","M","?","$","?","M","R","M","R","T","R","E"],"build_version":"2020-11-30","purchased_purges":0,"victory":false,"max_hp_per_floor":[49,49,49,49,49,49,49,49,49,49,49,49,49,49,49,49,49,49,49,49,49,49,49,49,49,49,49,49,49,49],"card_choices":[{"not_picked":["DTMod:Training","DTMod:ComboAttack"],"picked":"DTMod:FlameSlash","floor":1.0},{"not_picked":["DTMod:Training","DTMod:SealedStrike"],"picked":"DTMod:Cover","floor":2.0},{"not_picked":["DTMod:GhostSkin","DTMod:Threaten"],"picked":"DTMod:Training","floor":3.0},{"not_picked":["DTMod:BizarreTactic","DTMod:BurningForce"],"picked":"DTMod:ForkedFire","floor":4.0},{"not_picked":["DTMod:GhostSkin","DTMod:MasterPlan","DTMod:RepeatStrike"],"picked":"SKIP","floor":7.0},{"not_picked":["DTMod:BurningEnergy","DTMod:FlameSlash","DTMod:Adaptation"],"picked":"SKIP","floor":11.0},{"not_picked":["DTMod:Threaten","DTMod:CalculatedDefense","DTMod:TauntingStrike"],"picked":"SKIP","floor":12.0},{"not_picked":["DTMod:HeadStart","DTMod:Multitask"],"picked":"DTMod:EchoTactic","floor":16},{"not_picked":["DTMod:Threaten","DTMod:MasterPlan","DTMod:ForkedFire"],"picked":"SKIP","floor":18},{"not_picked":["DTMod:TagTeam","DTMod:BurningForce"],"picked":"DTMod:HeatWave+1","floor":22},{"not_picked":["DTMod:Threaten","DTMod:Dissolve"],"picked":"DTMod:Hide","floor":24}],"player_experience":318740,"relics_obtained":[{"floor":7.0,"key":"The Courier"},{"floor":9.0,"key":"Mummified Hand"},{"floor":26,"key":"Toy Ornithopter"}],"event_choices":[{"cards_removed":["DTMod:Strike"],"damage_healed":0.0,"max_hp_gain":0.0,"max_hp_loss":0.0,"gold_gain":0.0,"event_name":"Golden Wing","player_choice":"Card Removal","floor":8.0,"gold_loss":0.0,"damage_taken":7.0},{"damage_healed":0.0,"max_hp_gain":0.0,"max_hp_loss":0.0,"gold_gain":0.0,"event_name":"Scrap Ooze","player_choice":"Success","floor":14.0,"gold_loss":0.0,"damage_taken":3.0,"relics_obtained":["DTMod:DragonFood"]},{"cards_removed":["DTMod:Strike"],"damage_healed":0,"gold_gain":0,"player_choice":"Upgrade and Remove","damage_taken":0,"max_hp_gain":0,"max_hp_loss":0,"event_name":"Designer","floor":19,"gold_loss":90,"cards_upgraded":["DTMod:Strike"]},{"damage_healed":0,"gold_gain":0,"player_choice":"Ignored","damage_taken":0,"max_hp_gain":0,"max_hp_loss":0,"event_name":"Vampires","floor":21,"gold_loss":0}],"is_beta":false,"boss_relics":[{"not_picked":["Tiny House","Black Star"],"picked":"DTMod:MagicStone"}],"items_purged_floors":[],"is_endless":false,"potions_floor_spawned":[7,11,12,16,24],"killed_by":"Gremlin Leader","ascension_level":0}}