{"host":"f14d6hm2349s9jse","time":1607542801,"event":{"gold_per_floor":[115,131,149,149,163,163,194,194,227,112,122,187,217,237,237,336,336,348,363,278,278,298,354,371,371,371,371,392,392,418,418,418,519,519,529,529,879,165,179,206,434,455,455,484,500,500,534,550,550,555,555,555,10,53,58,58],"floor_reached":55,"playtime":4715,"items_purged":[],"score":979,"play_id":"f2ff86eb-a1f4-4b35-8740-d55cd8ea3d4a","local_time":"20201209144001","is_ascension_mode":false,"campfire_choices":[{"floor":6.0,"key":"REST"},{"floor":15.0,"key":"REST"},{"floor":25.0,"key":"REST"},{"data":"DemoMod:ChanceBullets","floor":27.0,"key":"SMITH"},{"floor":29.0,"key":"RECALL"},{"floor":32.0,"key":"REST"},{"floor":49,"key":"REST"},{"floor":52,"key":"REST"}],"neow_cost":"TEN_PERCENT_HP_LOSS","seed_source_timestamp":0,"circlet_count":0,"master_deck":["DemoMod:Strike_Huntress","DemoMod:Strike_Huntress","DemoMod:Strike_Huntress","DemoMod:Defend_Huntress","DemoMod:Defend_Huntress","DemoMod:Defend_Huntress","DemoMod:Defend_Huntress","DemoMod:Roll","DemoMod:ManualReload","DemoMod:RustySidearm","DemoMod:CrossBow","Apotheosis+1","DemoMod:TripleGun+1","DemoMod:AWP","DemoMod:GunShield","DemoMod:TripleGun","DemoMod:ThirdPartyController","DemoMod:AWP","DemoMod:GunShield","DemoMod:ChanceBullets+1","DemoMod:DarkMarker","DemoMod:ProbeStrike+1","DemoMod:HungryBullets+1","DemoMod:HungryBullets","DemoMod:BlackHoleGun","DemoMod:DarkMarker","DemoMod:MegaHand","DemoMod:ShadowBullets","DemoMod:PracticeMakesPerfect","DemoMod:SuppressiveFire","DemoMod:TableSutra+1","DemoMod:ShadowBullets","DemoMod:GunShield","DemoMod:GunShield+1","DemoMod:ChanceBullets","DemoMod:FortunesFavor+1","DemoMod:Desperate","DemoMod:ShadowBullets","DemoMod:TableSutra+1"],"special_seed":0,"relics":["DemoMod:Dog","Pen Nib","DemoMod:LamentConfigurum","HornCleat","DemoMod:GnawedKey","DemoMod:RingOfEthereal","DemoMod:NanoMachines","Lantern","Sozu","DemoMod:MemoryAlloy","Enchiridion","Bag of Marbles","Mango","DemoMod:MeltedRock","DemoMod:Ammonomicon","Black Star","Old Coin","FossilizedHelix","Shuriken","Smiling Mask","Strawberry","White Beast Statue","DemoMod:Unsteady","Question Card","Bottled Lightning","Turnip","Bronze Scales","Blood Vial"],"potions_floor_usage":[55,55],"damage_taken":[{"damage":12.0,"enemies":"Cultist","floor":1.0,"turns":5.0},{"damage":2.0,"enemies":"Small Slimes","floor":2.0,"turns":5.0},{"damage":0.0,"enemies":"2 Louse","floor":3.0,"turns":2.0},{"damage":2.0,"enemies":"Lots of Slimes","floor":5.0,"turns":7.0},{"damage":0.0,"enemies":"Gremlin Nob","floor":7.0,"turns":3.0},{"damage":0.0,"enemies":"Exordium Wildlife","floor":9.0,"turns":2.0},{"damage":29.0,"enemies":"Exordium Wildlife","floor":11.0,"turns":6.0},{"damage":0.0,"enemies":"Gremlin Nob","floor":12.0,"turns":3.0},{"damage":23.0,"enemies":"3 Sentries","floor":13.0,"turns":11.0},{"damage":0.0,"enemies":"3 Louse","floor":14.0,"turns":2.0},{"damage":0.0,"enemies":"Hexaghost","floor":16.0,"turns":7.0},{"damage":0.0,"enemies":"2 Thieves","floor":18.0,"turns":3.0},{"damage":0.0,"enemies":"3 Byrds","floor":19.0,"turns":4.0},{"damage":2.0,"enemies":"Snake Plant","floor":22.0,"turns":3.0},{"damage":0.0,"enemies":"Slavers","floor":23.0,"turns":1.0},{"damage":12.0,"enemies":"3 Cultists","floor":24.0,"turns":5.0},{"damage":6.0,"enemies":"Chosen and Byrds","floor":28.0,"turns":2.0},{"damage":6.0,"enemies":"Book of Stabbing","floor":30.0,"turns":5.0},{"damage":14,"enemies":"Champ","floor":33,"turns":15},{"damage":3,"enemies":"3 Shapes","floor":35,"turns":3},{"damage":0,"enemies":"Mind Bloom Boss Battle","floor":37,"turns":3},{"damage":0,"enemies":"Orb Walker","floor":39,"turns":2},{"damage":0,"enemies":"Giant Head","floor":40,"turns":8},{"damage":0,"enemies":"4 Shapes","floor":42,"turns":6},{"damage":3,"enemies":"Maw","floor":44,"turns":7},{"damage":0,"enemies":"Writhing Mass","floor":45,"turns":5},{"damage":17,"enemies":"Reptomancer","floor":47,"turns":9},{"damage":0,"enemies":"Transient","floor":48,"turns":5},{"damage":106,"enemies":"Time Eater","floor":50,"turns":15},{"damage":16,"enemies":"Shield and Spear","floor":54,"turns":6},{"damage":72,"enemies":"The Heart","floor":55,"turns":3}],"seed_played":"-4819148208427087571","potions_obtained":[{"floor":2.0,"key":"ColorlessPotion"},{"floor":5.0,"key":"Weak Potion"},{"floor":14.0,"key":"FearPotion"},{"floor":16.0,"key":"Fire Potion"}],"is_trial":false,"path_per_floor":["M","M","M","?","M","R","E","?","T","$","M","?","E","M","R","B",null,"M","M","?","?","M","E","M","R","T","R","M","R","E","?","R","B",null,"M","?","?","$","M","E","?","M","T","M","M","?","E","M","R","B",null,"R","$","E","B"],"character_chosen":"HUNTRESS","items_purchased":["DemoMod:GnawedKey","FossilizedHelix","Shuriken","DemoMod:ShadowBullets","DemoMod:PracticeMakesPerfect","DemoMod:Desperate","DemoMod:ShadowBullets","Turnip"],"campfire_rested":6,"item_purchase_floors":[10,38,38,38,38,53,53,53],"current_hp_per_floor":[51,49,49,49,47,63,63,63,63,63,34,34,11,11,29,29,63,63,63,63,48,46,46,34,52,66,66,60,60,54,54,77,63,77,74,74,74,74,74,81,81,81,81,78,78,78,61,61,84,12,84,84,84,68,0,0],"gold":58,"neow_bonus":"RANDOM_COLORLESS_2","is_prod":false,"is_daily":false,"chose_seed":false,"campfire_upgraded":1,"win_rate":0,"timestamp":1607542801,"path_taken":["M","M","?","?","M","R","E","?","T","$","?","?","E","M","R","BOSS","M","M","?","?","M","E","M","R","T","R","M","R","E","?","R","BOSS","M","?","?","$","M","E","?","?","T","?","M","?","E","M","R","BOSS","R","$","E","BOSS"],"build_version":"2020-11-30","purchased_purges":0,"victory":false,"max_hp_per_floor":[63,63,63,63,63,63,63,63,63,63,63,63,63,63,63,63,63,63,63,63,63,63,63,63,63,77,77,77,77,77,77,77,77,77,77,77,77,77,77,84,84,84,84,84,84,84,84,84,84,84,84,84,84,84,84,84],"card_choices":[{"not_picked":["Transmutation","Panache"],"picked":"Apotheosis","floor":0.0},{"not_picked":["DemoMod:TeaPot","DemoMod:ConditionalReflex"],"picked":"DemoMod:TripleGun","floor":1.0},{"not_picked":["DemoMod:Camera","DemoMod:AC15"],"picked":"DemoMod:AWP","floor":2.0},{"not_picked":["DemoMod:JK47","DemoMod:ConditionalReflex","DemoMod:StickyCrossBow"],"picked":"SKIP","floor":3.0},{"not_picked":["DemoMod:FastSwitch","DemoMod:FortunesFavor"],"picked":"DemoMod:GunShield","floor":5.0},{"not_picked":["DemoMod:HuntsMan","DemoMod:StickyCrossBow","DemoMod:DoubleSwitch"],"picked":"SKIP","floor":7.0},{"not_picked":["DemoMod:GunstockTap","DemoMod:ProbeStrike"],"picked":"DemoMod:TripleGun","floor":9.0},{"not_picked":["DemoMod:GunstockTap","DemoMod:SAA"],"picked":"DemoMod:ThirdPartyController","floor":11.0},{"not_picked":["DemoMod:HighKaliber","DemoMod:MachoBrace","DemoMod:BattleInHaste"],"picked":"SKIP","floor":11.0},{"not_picked":["DemoMod:ConditionalReflex","DemoMod:Ejector"],"picked":"DemoMod:AWP","floor":12.0},{"not_picked":["DemoMod:DirectionalPad","DemoMod:Polaris"],"picked":"DemoMod:GunShield","floor":13.0},{"not_picked":["DemoMod:HardPowerCard","DemoMod:TeaPot"],"picked":"DemoMod:ChanceBullets","floor":14.0},{"not_picked":["DemoMod:GunslingerForm","DemoMod:SuppressiveFire"],"picked":"DemoMod:DarkMarker","floor":16.0},{"not_picked":["DemoMod:MachoBrace","DemoMod:Unmoved+1"],"picked":"DemoMod:ProbeStrike+1","floor":18.0},{"not_picked":["DemoMod:FortunesFavor","DemoMod:SAA"],"picked":"DemoMod:CursedBullets","floor":19.0},{"not_picked":["DemoMod:SkilledReload","DemoMod:AC15"],"picked":"DemoMod:HungryBullets+1","floor":22.0},{"not_picked":["DemoMod:Unmoved","DemoMod:BattleInHaste+1","DemoMod:SkilledReload"],"picked":"SKIP","floor":23.0},{"not_picked":["DemoMod:Unmoved","DemoMod:JK47"],"picked":"DemoMod:HungryBullets","floor":24.0},{"not_picked":["DemoMod:Unity","DemoMod:ProbeStrike"],"picked":"DemoMod:BlackHoleGun","floor":28.0},{"not_picked":["DemoMod:ConditionalReflex","DemoMod:PotionOfGunFriendShip","DemoMod:DoubleSwitch"],"picked":"SKIP","floor":30.0},{"not_picked":["DemoMod:Slinger","DemoMod:GunslingerForm"],"picked":"DemoMod:DarkMarker","floor":33},{"not_picked":["DemoMod:DirectionalPad+1","DemoMod:LifeOrb+1","DemoMod:Camera+1"],"picked":"SKIP","floor":35},{"not_picked":["DemoMod:FastSwitch","DemoMod:DoubleSwitch+1"],"picked":"DemoMod:MegaHand","floor":37},{"not_picked":["DemoMod:DoubleSwitch+1","DemoMod:ChanceBullets"],"picked":"DemoMod:SuppressiveFire","floor":39},{"not_picked":["DemoMod:PotionOfGunFriendShip","DemoMod:FeignSurrender"],"picked":"DemoMod:TableSutra+1","floor":40},{"not_picked":["DemoMod:HighKaliber+1","DemoMod:ChanceBullets"],"picked":"DemoMod:ShadowBullets","floor":42},{"not_picked":["DemoMod:Unity","DemoMod:AbyssalTentacle"],"picked":"DemoMod:GunShield","floor":44},{"not_picked":["DemoMod:GunstockTap","DemoMod:SuppressiveFire"],"picked":"DemoMod:GunShield+1","floor":45},{"not_picked":["DemoMod:Ejector+1","DemoMod:HuntsMan"],"picked":"DemoMod:ChanceBullets","floor":47},{"not_picked":["DemoMod:RadGun+1","DemoMod:GunstockTap","DemoMod:SAA"],"picked":"DemoMod:FortunesFavor+1","floor":48},{"not_picked":["DemoMod:AbyssalTentacle+1","DemoMod:Polaris","DemoMod:ChanceBullets"],"picked":"DemoMod:TableSutra+1","floor":54}],"player_experience":2464862,"relics_obtained":[{"floor":7.0,"key":"Pen Nib"},{"floor":9.0,"key":"DemoMod:LamentConfigurum"},{"floor":9.0,"key":"HornCleat"},{"floor":12.0,"key":"DemoMod:RingOfEthereal"},{"floor":13.0,"key":"Lantern"},{"floor":21.0,"key":"Enchiridion"},{"floor":23.0,"key":"Bag of Marbles"},{"floor":26.0,"key":"Mango"},{"floor":30.0,"key":"DemoMod:MeltedRock"},{"floor":37,"key":"Old Coin"},{"floor":40,"key":"Smiling Mask"},{"floor":40,"key":"Strawberry"},{"floor":47,"key":"Question Card"},{"floor":47,"key":"Bottled Lightning"},{"floor":54,"key":"Bronze Scales"},{"floor":54,"key":"Blood Vial"}],"event_choices":[{"damage_healed":0.0,"max_hp_gain":0.0,"max_hp_loss":0.0,"gold_gain":0.0,"event_name":"Living Wall","player_choice":"Grow","floor":4.0,"gold_loss":0.0,"damage_taken":0.0,"cards_upgraded":["Apotheosis"]},{"damage_healed":0.0,"max_hp_gain":0.0,"max_hp_loss":0.0,"gold_gain":0.0,"event_name":"Accursed Blacksmith","player_choice":"Forge","floor":8.0,"gold_loss":0.0,"damage_taken":0.0,"cards_upgraded":["DemoMod:TripleGun"]},{"damage_healed":0.0,"max_hp_gain":0.0,"max_hp_loss":0.0,"gold_gain":30.0,"event_name":"Dead Adventurer","player_choice":"Searched \u00273\u0027 times","floor":12.0,"gold_loss":0.0,"damage_taken":0.0},{"damage_healed":0.0,"max_hp_gain":0.0,"max_hp_loss":0.0,"gold_gain":0.0,"event_name":"Addict","player_choice":"Obtained Relic","floor":20.0,"gold_loss":85.0,"damage_taken":0.0,"relics_obtained":["DemoMod:MemoryAlloy"]},{"damage_healed":0.0,"max_hp_gain":0.0,"max_hp_loss":0.0,"gold_gain":0.0,"event_name":"Cursed Tome","player_choice":"Obtained Book","floor":21.0,"gold_loss":0.0,"damage_taken":16.0},{"cards_removed":["DemoMod:CursedBullets"],"damage_healed":0,"gold_gain":0,"player_choice":"Removed Power","damage_taken":0,"max_hp_gain":0,"max_hp_loss":0,"event_name":"Falling","floor":36,"gold_loss":0},{"damage_healed":0,"gold_gain":0,"player_choice":"Fight","damage_taken":0,"max_hp_gain":0,"max_hp_loss":0,"event_name":"MindBloom","floor":37,"gold_loss":0}],"is_beta":false,"boss_relics":[{"not_picked":["DemoMod:Test1","Velvet Choker"],"picked":"Sozu"},{"not_picked":["Runic Dome","SacredBark"],"picked":"Black Star"}],"items_purged_floors":[],"is_endless":false,"potions_floor_spawned":[2,5,14,16,22,23,24,28,35,39,44,45,48,54],"killed_by":"The Heart","ascension_level":0}}