{"host":"dvpvhz1t6etneyb3","time":1607540983,"event":{"gold_per_floor":[369,385,385,35,49,49,60,60,85,113,73,107,107,138,138,209,209,223,240,240,32,59,59,93,93,93,8,8,26,42,76,76,149,149,167,186,14,39,57,57,91,91,115,130,175,175,187,187,187,187,187,187],"floor_reached":51,"playtime":2831,"items_purged":["Strike_R"],"score":1462,"play_id":"e0692ded-6e5c-4139-9178-6c485b5e0832","local_time":"20201209140943","is_ascension_mode":true,"campfire_choices":[{"data":"Inflame","floor":6.0,"key":"SMITH"},{"floor":8.0,"key":"REST"},{"data":"Uppercut","floor":13.0,"key":"SMITH"},{"data":"Fire Breathing","floor":15.0,"key":"SMITH"},{"data":"Disarm","floor":23.0,"key":"SMITH"},{"data":"Feed","floor":25.0,"key":"SMITH"},{"data":"True Grit","floor":28.0,"key":"SMITH"},{"floor":32.0,"key":"REST"},{"data":"Double Tap","floor":40.0,"key":"SMITH"},{"floor":49.0,"key":"REST"}],"neow_cost":"PERCENT_DAMAGE","seed_source_timestamp":360464764000,"circlet_count":0,"master_deck":["AscendersBane","Strike_R","Strike_R","Defend_R","Defend_R","Defend_R","Defend_R","Bash","Inflame+1","Pommel Strike","Shrug It Off","Sword Boomerang","Uppercut+1","Disarm+1","Fire Breathing+1","Feed+1","Shrug It Off","Immolate","True Grit+1","Bloodletting","Offering","Double Tap+1","Shrug It Off+1","Havoc+1","Fiend Fire","Flame Barrier+1","Burning Pact+1","True Grit+1"],"special_seed":0,"relics":["Burning Blood","Bag of Preparation","Tiny Chest","Bag of Marbles","Bottled Flame","Incense Burner","Sozu","Red Skull","Juzu Bracelet","Strawberry","Dream Catcher","Mummified Hand","Mark of Pain","Champion Belt","Anchor","PreservedInsect","Mango","Thread and Needle"],"potions_floor_usage":[],"damage_taken":[{"damage":6.0,"enemies":"Jaw Worm","floor":1.0,"turns":5.0},{"damage":12.0,"enemies":"Cultist","floor":2.0,"turns":4.0},{"damage":1.0,"enemies":"Small Slimes","floor":5.0,"turns":3.0},{"damage":25.0,"enemies":"Gremlin Gang","floor":7.0,"turns":4.0},{"damage":19.0,"enemies":"3 Sentries","floor":10.0,"turns":8.0},{"damage":10.0,"enemies":"Lagavulin","floor":12.0,"turns":3.0},{"damage":6.0,"enemies":"Gremlin Nob","floor":14.0,"turns":3.0},{"damage":9.0,"enemies":"Slime Boss","floor":16.0,"turns":8.0},{"damage":19.0,"enemies":"Shell Parasite","floor":18.0,"turns":4.0},{"damage":0.0,"enemies":"Chosen","floor":19.0,"turns":3.0},{"damage":0.0,"enemies":"Gremlin Leader","floor":24.0,"turns":5.0},{"damage":11.0,"enemies":"3 Cultists","floor":29.0,"turns":4.0},{"damage":8.0,"enemies":"Snecko","floor":30.0,"turns":5.0},{"damage":23.0,"enemies":"Book of Stabbing","floor":31.0,"turns":5.0},{"damage":39.0,"enemies":"Collector","floor":33.0,"turns":8.0},{"damage":7.0,"enemies":"3 Darklings","floor":35.0,"turns":2.0},{"damage":10.0,"enemies":"Orb Walker","floor":36.0,"turns":3.0},{"damage":17.0,"enemies":"Mind Bloom Boss Battle","floor":38.0,"turns":7.0},{"damage":19.0,"enemies":"Transient","floor":39.0,"turns":6.0},{"damage":40.0,"enemies":"Reptomancer","floor":41.0,"turns":7.0},{"damage":6.0,"enemies":"Spire Growth","floor":44.0,"turns":2.0},{"damage":21.0,"enemies":"2 Orb Walkers","floor":45.0,"turns":5.0},{"damage":12.0,"enemies":"Maw","floor":47.0,"turns":5.0},{"damage":36,"enemies":"Awakened One","floor":50,"turns":20},{"damage":27,"enemies":"Time Eater","floor":51,"turns":6}],"seed_played":"4124778231500275210","potions_obtained":[{"floor":2.0,"key":"SpeedPotion"},{"floor":7.0,"key":"Swift Potion"},{"floor":10.0,"key":"Explosive Potion"},{"floor":11.0,"key":"Energy Potion"},{"floor":16.0,"key":"PowerPotion"}],"is_trial":false,"path_per_floor":["M","M","?","$","M","R","M","R","T","E","?","E","R","E","R","B",null,"M","M","?","$","T","R","E","R","T","?","R","M","M","E","R","B",null,"M","M","$","?","M","R","E","$","T","M","?","T","M","?","R","B","B"],"character_chosen":"IRONCLAD","items_purchased":["Pommel Strike","Bag of Preparation","Shrug It Off","Immolate","True Grit","Fiend Fire"],"campfire_rested":3,"item_purchase_floors":[4,4,4,21,21,37],"current_hp_per_floor":[50,44,44,44,49,49,30,52,52,39,39,35,35,35,35,32,64,54,60,38,38,38,38,44,44,51,51,51,50,52,39,69,36,86,85,85,85,74,61,61,27,27,27,27,26,26,20,20,56,26,0,0],"gold":187,"neow_bonus":"TWO_FIFTY_GOLD","is_prod":false,"is_daily":false,"chose_seed":false,"campfire_upgraded":7,"win_rate":0,"timestamp":1607540983,"path_taken":["M","M","?","$","?","R","M","R","T","E","?","E","R","E","R","BOSS","M","?","?","$","?","R","E","R","T","?","R","M","M","E","R","BOSS","M","M","$","?","M","R","E","$","T","M","?","?","M","?","R","BOSS","BOSS"],"build_version":"2020-11-30","purchased_purges":1,"victory":false,"max_hp_per_floor":[75,75,75,75,75,75,75,75,75,75,75,75,75,75,75,75,75,78,78,83,83,83,83,83,83,90,90,90,94,98,102,102,102,102,102,106,106,106,106,106,106,106,106,106,120,120,120,120,120,120,120,120],"card_choices":[{"not_picked":["Iron Wave","Rupture","Power Through"],"picked":"SKIP","floor":1.0},{"not_picked":["Disarm","Infernal Blade"],"picked":"Inflame","floor":2.0},{"not_picked":["Warcry","Burning Pact"],"picked":"Sword Boomerang","floor":5.0},{"not_picked":["Body Slam","Warcry","Evolve"],"picked":"SKIP","floor":7.0},{"not_picked":["Entrench","Heavy Blade"],"picked":"Uppercut","floor":10.0},{"not_picked":["Reckless Charge","Iron Wave"],"picked":"Disarm","floor":12.0},{"not_picked":["Feel No Pain","Intimidate"],"picked":"Fire Breathing","floor":14.0},{"not_picked":["Double Tap","Impervious"],"picked":"Feed","floor":16.0},{"not_picked":["Pommel Strike","Sword Boomerang"],"picked":"Shrug It Off","floor":18.0},{"not_picked":["Shrug It Off","Thunderclap","Clash+1"],"picked":"SKIP","floor":19.0},{"not_picked":["Shrug It Off","Burning Pact","Rampage"],"picked":"SKIP","floor":24.0},{"not_picked":["Perfected Strike","Rampage","Whirlwind"],"picked":"SKIP","floor":29.0},{"not_picked":["Cleave","Searing Blow"],"picked":"Bloodletting","floor":30.0},{"not_picked":["Sword Boomerang","Clash"],"picked":"Offering","floor":31.0},{"not_picked":["Exhume","Fiend Fire"],"picked":"Double Tap","floor":33.0},{"not_picked":["Perfected Strike+1","Sword Boomerang"],"picked":"Shrug It Off+1","floor":35.0},{"not_picked":["Reckless Charge+1","Anger"],"picked":"Havoc+1","floor":36.0},{"not_picked":["Body Slam","Iron Wave","Headbutt"],"picked":"SKIP","floor":39.0},{"not_picked":["Twin Strike","Wild Strike+1"],"picked":"Flame Barrier+1","floor":41.0},{"not_picked":["Barricade","Sword Boomerang"],"picked":"Burning Pact+1","floor":44.0},{"not_picked":["Entrench+1","Iron Wave"],"picked":"True Grit+1","floor":47.0}],"player_experience":1818008,"relics_obtained":[{"floor":9.0,"key":"Tiny Chest"},{"floor":10.0,"key":"Bag of Marbles"},{"floor":12.0,"key":"Bottled Flame"},{"floor":14.0,"key":"Incense Burner"},{"floor":22.0,"key":"Red Skull"},{"floor":24.0,"key":"Juzu Bracelet"},{"floor":26.0,"key":"Strawberry"},{"floor":31.0,"key":"Mummified Hand"},{"floor":38.0,"key":"Champion Belt"},{"floor":41.0,"key":"Anchor"},{"floor":43.0,"key":"PreservedInsect"},{"floor":45.0,"key":"Mango"},{"floor":46.0,"key":"Thread and Needle"}],"event_choices":[{"cards_removed":["Strike_R"],"damage_healed":0.0,"max_hp_gain":0.0,"max_hp_loss":0.0,"gold_gain":0.0,"event_name":"Bonfire Elementals","player_choice":"Offered Basic","floor":3.0,"gold_loss":0.0,"damage_taken":0.0},{"damage_healed":0.0,"max_hp_gain":0.0,"max_hp_loss":0.0,"gold_gain":0.0,"event_name":"The Woman in Blue","player_choice":"Bought 3 Potions","floor":11.0,"gold_loss":0.0,"damage_taken":0.0},{"damage_healed":0.0,"max_hp_gain":5.0,"max_hp_loss":0.0,"gold_gain":0.0,"event_name":"Forgotten Altar","player_choice":"Shed Blood","floor":20.0,"gold_loss":0.0,"damage_taken":27.0},{"damage_healed":0.0,"max_hp_gain":0.0,"max_hp_loss":0.0,"gold_gain":0.0,"event_name":"Addict","player_choice":"Obtained Relic","floor":27.0,"gold_loss":85.0,"damage_taken":0.0,"relics_obtained":["Dream Catcher"]},{"damage_healed":0.0,"max_hp_gain":0.0,"max_hp_loss":0.0,"gold_gain":0.0,"event_name":"MindBloom","player_choice":"Fight","floor":38.0,"gold_loss":0.0,"damage_taken":0.0},{"damage_healed":0.0,"max_hp_gain":0.0,"max_hp_loss":0.0,"gold_gain":0.0,"event_name":"Mysterious Sphere","player_choice":"Fight","floor":45.0,"gold_loss":0.0,"damage_taken":0.0},{"cards_removed":["Strike_R"],"damage_healed":0.0,"max_hp_gain":0.0,"max_hp_loss":0.0,"gold_gain":0.0,"event_name":"Wheel of Change","player_choice":"Card Removal","floor":48.0,"gold_loss":0.0,"damage_taken":0.0}],"is_beta":false,"boss_relics":[{"not_picked":["Calling Bell","Philosopher\u0027s Stone"],"picked":"Sozu"},{"not_picked":["Coffee Dripper","Black Blood"],"picked":"Mark of Pain"}],"items_purged_floors":[4],"is_endless":false,"potions_floor_spawned":[2,7,10,16,24,29,30,31,35,36,44],"killed_by":"Time Eater","ascension_level":20}}