{"host":"ci7ivtocgfxh0ueo","time":1607506152,"event":{"gold_per_floor":[110,54,54,54,54,54,74,117,141,141,170,197,231,276,276,383,383,412,33,33,47,66,66,66,66,134,134,0,26,47,70,70,70,70],"floor_reached":33,"playtime":819,"items_purged":[],"score":524,"play_id":"b0d369a6-6b3d-43c2-a944-28aa21c98601","local_time":"20201209172912","is_ascension_mode":true,"campfire_choices":[{"data":"Ball Lightning","floor":6,"key":"SMITH"},{"floor":10,"key":"REST"},{"floor":15,"key":"REST"},{"data":"Chaos","floor":23,"key":"SMITH"},{"floor":32,"key":"REST"}],"neow_cost":"PERCENT_DAMAGE","seed_source_timestamp":81395229110200,"circlet_count":0,"master_deck":["AscendersBane","Strike_B","Strike_B","Strike_B","Defend_B","Defend_B","Defend_B","Defend_B","Zap","Dualcast","Reboot","Sweeping Beam","Ball Lightning+1","Genetic Algorithm","Chill","Redo","Ball Lightning","Beam Cell","Chaos+1","Rainbow","Go for the Eyes+1","Tempest","Doom and Gloom","Chill"],"relics":["Cracked Core","Bloody Idol","CeramicFish","Orichalcum","Mango","Empty Cage","Lee\u0027s Waffle","Blood Vial","HornCleat","The Courier","Potion Belt"],"potions_floor_usage":[14,14,27,29,33,33],"damage_taken":[{"damage":9,"enemies":"2 Louse","floor":1,"turns":3},{"damage":8,"enemies":"Small Slimes","floor":7,"turns":3},{"damage":48,"enemies":"Gremlin Nob","floor":8,"turns":5},{"damage":6,"enemies":"Jaw Worm","floor":11,"turns":3},{"damage":6,"enemies":"Red Slaver","floor":12,"turns":3},{"damage":0,"enemies":"Exordium Thugs","floor":13,"turns":3},{"damage":1,"enemies":"3 Sentries","floor":14,"turns":5},{"damage":49,"enemies":"Slime Boss","floor":16,"turns":12},{"damage":15,"enemies":"Spheric Guardian","floor":18,"turns":4},{"damage":18,"enemies":"Chosen","floor":21,"turns":6},{"damage":29,"enemies":"Snake Plant","floor":22,"turns":5},{"damage":0,"enemies":"Slavers","floor":27,"turns":1},{"damage":27,"enemies":"Shelled Parasite and Fungi","floor":29,"turns":6},{"damage":13,"enemies":"Snecko","floor":30,"turns":4},{"damage":0,"enemies":"Centurion and Healer","floor":31,"turns":7},{"damage":111,"enemies":"Champ","floor":33,"turns":9}],"seed_played":"-6816962020167934760","potions_obtained":[{"floor":11,"key":"PowerPotion"},{"floor":12,"key":"Fire Potion"},{"floor":21,"key":"BlessingOfTheForge"},{"floor":25,"key":"SmokeBomb"},{"floor":30,"key":"SteroidPotion"},{"floor":31,"key":"Explosive Potion"}],"is_trial":false,"path_per_floor":["M","$","?","?","?","R","M","E","T","R","M","M","M","E","R","B",null,"M","$","T","M","M","R","?","?","T","E","$","M","M","M","R","B"],"character_chosen":"DEFECT","items_purchased":["Ball Lightning","PowerPotion","Lee\u0027s Waffle","Blood Vial","Potion Belt"],"campfire_rested":3,"item_purchase_floors":[2,19,19,19,28],"current_hp_per_floor":[37,37,60,60,60,60,52,4,4,25,19,13,13,26,51,2,64,49,92,92,74,47,47,47,47,52,54,54,39,38,50,77,0,0],"gold":70,"neow_bonus":"THREE_RARE_CARDS","is_prod":false,"is_daily":false,"chose_seed":false,"campfire_upgraded":2,"win_rate":0,"timestamp":1607506152,"path_taken":["M","$","?","?","?","R","M","E","T","R","M","?","M","E","R","BOSS","M","?","?","?","M","R","?","?","T","E","$","M","?","M","R","BOSS"],"build_version":"2020-11-30","purchased_purges":0,"victory":false,"max_hp_per_floor":[71,71,71,71,71,71,71,71,71,71,71,71,71,85,85,85,85,85,92,92,92,92,92,92,92,92,92,92,92,92,92,92,92,92],"card_choices":[{"not_picked":["Multi-Cast","Thunder Strike"],"picked":"Reboot","floor":0},{"not_picked":["Redo","Lockon"],"picked":"Sweeping Beam","floor":1},{"not_picked":["Rebound","Self Repair"],"picked":"Genetic Algorithm","floor":7},{"not_picked":["Biased Cognition","Hello World"],"picked":"Chill","floor":8},{"not_picked":["Hologram","Steam"],"picked":"Redo","floor":11},{"not_picked":["Chill","Hologram"],"picked":"Ball Lightning","floor":12},{"not_picked":["Conserve Battery","Self Repair"],"picked":"Beam Cell","floor":13},{"not_picked":["Ball Lightning","Cold Snap"],"picked":"Chaos","floor":14},{"not_picked":["Biased Cognition","Echo Form"],"picked":"Rainbow","floor":16},{"not_picked":["Fusion","Cold Snap"],"picked":"Go for the Eyes+1","floor":18},{"not_picked":["Rebound","Ball Lightning","Self Repair"],"picked":"SKIP","floor":21},{"not_picked":["Gash","Self Repair","Turbo"],"picked":"SKIP","floor":22},{"not_picked":["Genetic Algorithm","Beam Cell"],"picked":"Tempest","floor":29},{"not_picked":["Auto Shields","Cold Snap"],"picked":"Doom and Gloom","floor":30},{"not_picked":["Hologram","Cold Snap"],"picked":"Chill","floor":31}],"player_experience":1236749,"relics_obtained":[{"floor":8,"key":"CeramicFish"},{"floor":9,"key":"Orichalcum"},{"floor":14,"key":"Mango"},{"floor":20,"key":"HornCleat"},{"floor":26,"key":"The Courier"}],"event_choices":[{"damage_healed":23,"gold_gain":0,"player_choice":"Banana","damage_taken":0,"max_hp_gain":0,"max_hp_loss":0,"event_name":"Big Fish","floor":3,"gold_loss":0},{"damage_healed":0,"gold_gain":0,"player_choice":"Take Wound","damage_taken":0,"relics_obtained":["Golden Idol"],"max_hp_gain":0,"max_hp_loss":0,"event_name":"Golden Idol","floor":4,"gold_loss":0,"cards_obtained":["Injury"]},{"damage_healed":0,"gold_gain":0,"player_choice":"Ignored","damage_taken":0,"max_hp_gain":0,"max_hp_loss":0,"event_name":"Golden Wing","floor":5,"gold_loss":0},{"damage_healed":0,"gold_gain":0,"player_choice":"Gave Idol","damage_taken":0,"relics_obtained":["Bloody Idol"],"max_hp_gain":0,"max_hp_loss":0,"event_name":"Forgotten Altar","floor":24,"relics_lost":["Golden Idol"],"gold_loss":0},{"damage_healed":0,"gold_gain":0,"player_choice":"Got Potions","damage_taken":0,"max_hp_gain":0,"max_hp_loss":0,"event_name":"Lab","floor":25,"gold_loss":0}],"is_beta":false,"boss_relics":[{"not_picked":["Runic Dome","Inserter"],"picked":"Empty Cage"}],"items_purged_floors":[],"is_endless":false,"potions_floor_spawned":[11,12,21,27,30,31],"killed_by":"Champ","ascension_level":16}}