{"host":"0msxzbajcl1c78mb","time":1607552044,"event":{"gold_per_floor":[110,110,35,54,54,86,86,97,97,132,152,152,182,201,201,302,302,317,335,355,95,215,244,244,277,300,329,347,366,366,384,384,479,479,496,215,215,227,242,272,272,299,323,323,337,367,367,401,401,401,401,401,116,143,143],"floor_reached":56,"playtime":5731,"items_purged":["Regret","Strike_B","Sweeping Beam","Zap"],"score":1666,"play_id":"c55f0018-17b1-4fd6-90a9-7e19e8f3a20f","local_time":"20201209171404","is_ascension_mode":true,"campfire_choices":[{"floor":7,"key":"REST"},{"data":"Self Repair","floor":12,"key":"SMITH"},{"data":"Defragment","floor":15,"key":"SMITH"},{"floor":24,"key":"REST"},{"data":"Genetic Algorithm","floor":30,"key":"SMITH"},{"data":"Reinforced Body","floor":32,"key":"SMITH"},{"data":"Echo Form","floor":44,"key":"SMITH"},{"floor":49,"key":"RECALL"},{"data":"Thunder Strike","floor":52,"key":"SMITH"}],"neow_cost":"TEN_PERCENT_HP_LOSS","seed_source_timestamp":529521471208600,"circlet_count":0,"master_deck":["Defend_B+1","Dualcast","Aggregate","Darkness","Ball Lightning","Self Repair+1","Reinforced Body+1","Streamline","Defragment+1","Amplify","Streamline","Echo Form+1","Coolheaded","Undo","BootSequence+1","Genetic Algorithm+1","BootSequence","Defragment+1","Redo","Creative AI+1","Force Field+1","Static Discharge+1","Skim+1","Coolheaded+1","Defragment+1","Reinforced Body","Glacier","Thunder Strike+1","Thinking Ahead","Blind","PanicButton","Chaos+1","Echo Form+1","Stack","Heatsinks+1","Secret Weapon","Multi-Cast"],"relics":["Cracked Core","InkBottle","Happy Flower","Oddly Smooth Stone","Centennial Puzzle","Potion Belt","Philosopher\u0027s Stone","Membership Card","Shuriken","Frozen Egg 2","War Paint","Astrolabe","Chemical X","Lantern","Emotion Chip","Blood Vial","Bronze Scales","Dream Catcher","Toy Ornithopter","Bag of Marbles"],"potions_floor_usage":[13,16,28,38,54,55,55],"damage_taken":[{"damage":7,"enemies":"Jaw Worm","floor":1,"turns":3},{"damage":11,"enemies":"Small Slimes","floor":4,"turns":3},{"damage":36,"enemies":"Gremlin Nob","floor":6,"turns":4},{"damage":1,"enemies":"Cultist","floor":8,"turns":3},{"damage":14,"enemies":"Lagavulin","floor":10,"turns":5},{"damage":8,"enemies":"Gremlin Gang","floor":11,"turns":4},{"damage":8,"enemies":"Gremlin Nob","floor":13,"turns":3},{"damage":2,"enemies":"Large Slime","floor":14,"turns":3},{"damage":6,"enemies":"Slime Boss","floor":16,"turns":7},{"damage":29,"enemies":"Shell Parasite","floor":18,"turns":5},{"damage":13,"enemies":"theJungle:GiantWrat","floor":19,"turns":3},{"damage":25,"enemies":"theJungle:2_Flameangoes","floor":20,"turns":8},{"damage":14,"enemies":"theJungle:MamaSnecko","floor":23,"turns":8},{"damage":16,"enemies":"theJungle:Cassacara","floor":25,"turns":8},{"damage":19,"enemies":"theJungle:MamaSnecko","floor":27,"turns":8},{"damage":15,"enemies":"theJungle:2_Snecko_Cultists","floor":28,"turns":4},{"damage":39,"enemies":"theJungle:JungleHuntersEncounter","floor":29,"turns":6},{"damage":3,"enemies":"theJungle:Lyon","floor":31,"turns":5},{"damage":32,"enemies":"theJungle:FunGuy","floor":33,"turns":9},{"damage":12,"enemies":"3 Darklings","floor":35,"turns":7},{"damage":2,"enemies":"Orb Walker","floor":38,"turns":4},{"damage":2,"enemies":"Spire Growth","floor":39,"turns":5},{"damage":15,"enemies":"Nemesis","floor":40,"turns":9},{"damage":0,"enemies":"Giant Head","floor":42,"turns":9},{"damage":6,"enemies":"Maw","floor":45,"turns":8},{"damage":5,"enemies":"Nemesis","floor":46,"turns":5},{"damage":0,"enemies":"Giant Head","floor":48,"turns":6},{"damage":66,"enemies":"Awakened One","floor":50,"turns":10},{"damage":62,"enemies":"Shield and Spear","floor":54,"turns":8},{"damage":72,"enemies":"The Heart","floor":55,"turns":9}],"seed_played":"8815214709398733157","potions_obtained":[{"floor":4,"key":"CultistPotion"},{"floor":8,"key":"Energy Potion"},{"floor":11,"key":"Ancient Potion"},{"floor":16,"key":"Strength Potion"},{"floor":23,"key":"Dexterity Potion"},{"floor":27,"key":"Explosive Potion"},{"floor":28,"key":"SpeedPotion"},{"floor":29,"key":"BlessingOfTheForge"},{"floor":37,"key":"Block Potion"},{"floor":38,"key":"FearPotion"},{"floor":40,"key":"ColorlessPotion"},{"floor":45,"key":"EssenceOfDarkness"}],"is_trial":false,"path_per_floor":["M","?","$","M","?","E","R","M","T","E","M","R","E","M","R","B",null,"M","M","M","$","?","E","R","E","T","E","M","M","R","M","R","B",null,"M","$","?","M","M","E","?","E","T","R","M","E","?","E","R","B",null,"R","$","E","B",null],"character_chosen":"DEFECT","items_purchased":["Membership Card","FairyPotion","Genetic Algorithm","Defragment+1","Chemical X","Reinforced Body","Glacier","FairyPotion","Toy Ornithopter","DuplicationPotion","Heatsinks+1","Secret Weapon"],"campfire_rested":2,"item_purchase_floors":[21,21,21,36,36,36,36,36,53,53,53,53],"current_hp_per_floor":[61,61,61,50,50,14,34,40,40,33,32,32,34,42,42,56,65,46,43,38,38,28,34,54,48,48,49,54,35,35,52,52,30,59,67,67,67,65,68,63,53,53,53,53,68,63,63,65,65,21,56,56,56,21,23],"gold":143,"neow_bonus":"TRANSFORM_TWO_CARDS","is_prod":false,"is_daily":false,"chose_seed":false,"campfire_upgraded":6,"win_rate":0,"timestamp":1607552044,"path_taken":["M","?","$","M","?","E","R","?","T","E","M","R","E","?","R","BOSS","M","M","M","$","?","E","R","E","T","E","M","M","R","M","R","BOSS","M","$","?","M","?","E","?","E","T","R","M","E","?","E","R","BOSS","R","$","E","BOSS"],"build_version":"2020-11-30","purchased_purges":4,"victory":true,"max_hp_per_floor":[68,68,68,68,68,68,68,68,68,68,68,68,68,68,68,68,68,68,68,68,68,68,68,68,68,68,68,68,68,68,68,68,68,68,68,68,68,68,68,68,68,68,68,68,68,68,68,68,68,68,68,68,68,68,68],"relic_stats":{"Happy Flower":[56],"counters":[30,179],"Astrolabe":["Force Field","Static Discharge","Skim"],"War Paint":["BootSequence","Defend_B"],"Blood Vial":10,"Centennial Puzzle":[69],"Emotion Chip":[38,17,10,10,1],"Dream Catcher":0,"Shuriken":[7],"Bronze Scales":[249],"Chemical X":[21],"obtain_stats":[{"Potion Belt":13,"Lantern":40,"Happy Flower":6,"Astrolabe":34,"Oddly Smooth Stone":9,"Frozen Egg 2":25,"War Paint":27,"Blood Vial":43,"Centennial Puzzle":10,"Emotion Chip":42,"Dream Catcher":48,"Shuriken":23,"Bronze Scales":46,"Philosopher\u0027s Stone":17,"Bag of Marbles":54,"Membership Card":21,"Chemical X":36,"Cracked Core":0,"InkBottle":2,"Toy Ornithopter":53},{"Potion Belt":7,"Lantern":23,"Happy Flower":3,"Astrolabe":19,"Oddly Smooth Stone":4,"Frozen Egg 2":14,"War Paint":15,"Blood Vial":24,"Centennial Puzzle":5,"Emotion Chip":24,"Dream Catcher":27,"Shuriken":13,"Bronze Scales":26,"Philosopher\u0027s Stone":9,"Bag of Marbles":29,"Membership Card":12,"Chemical X":20,"Cracked Core":0,"InkBottle":1,"Toy Ornithopter":28},{"Potion Belt":25,"Lantern":124,"Happy Flower":10,"Astrolabe":99,"Oddly Smooth Stone":13,"Frozen Egg 2":67,"War Paint":75,"Blood Vial":133,"Centennial Puzzle":18,"Emotion Chip":133,"Dream Catcher":152,"Shuriken":59,"Bronze Scales":146,"Philosopher\u0027s Stone":35,"Bag of Marbles":170,"Membership Card":51,"Chemical X":106,"Cracked Core":0,"InkBottle":3,"Toy Ornithopter":162}],"InkBottle":[76],"Toy Ornithopter":15},"card_choices":[{"not_picked":["Hologram","Double Energy"],"picked":"Sweeping Beam","floor":1},{"not_picked":["Heatsinks","Rip and Tear"],"picked":"Ball Lightning","floor":4},{"not_picked":["White Noise","Fusion"],"picked":"Self Repair","floor":6},{"not_picked":["Ball Lightning","Rebound"],"picked":"Reinforced Body","floor":8},{"not_picked":["Steam Power","FTL"],"picked":"Streamline","floor":10},{"not_picked":["Scrape","Genetic Algorithm"],"picked":"Defragment","floor":11},{"not_picked":["Storm","Sweeping Beam"],"picked":"Amplify","floor":13},{"not_picked":["Steam","Aggregate"],"picked":"Streamline","floor":14},{"not_picked":["Multi-Cast","Seek"],"picked":"Echo Form","floor":16},{"not_picked":["Go for the Eyes","Streamline"],"picked":"Coolheaded","floor":18},{"not_picked":["Compile Driver","Streamline"],"picked":"Undo","floor":19},{"not_picked":["Beam Cell","Turbo"],"picked":"BootSequence","floor":20},{"not_picked":["Thunder Strike","Hologram"],"picked":"BootSequence","floor":23},{"not_picked":["Compile Driver","Lockon","Hologram"],"picked":"SKIP","floor":25},{"not_picked":["Reprogram","Stack","Hologram"],"picked":"SKIP","floor":27},{"not_picked":["Barrage","Rebound","Hologram"],"picked":"SKIP","floor":28},{"not_picked":["Conserve Battery+1","Compile Driver+1"],"picked":"Defragment+1","floor":29},{"not_picked":["Hologram","Gash"],"picked":"Redo","floor":31},{"not_picked":["Reboot","Fission"],"picked":"Creative AI+1","floor":33},{"not_picked":["Static Discharge+1","Barrage"],"picked":"Coolheaded+1","floor":35},{"not_picked":["Conserve Battery+1","Beam Cell+1","Doom and Gloom"],"picked":"SKIP","floor":38},{"not_picked":["Coolheaded","Gash+1","Stack"],"picked":"SKIP","floor":39},{"not_picked":["Compile Driver","White Noise"],"picked":"Thunder Strike","floor":40},{"not_picked":["Discovery","Enlightenment"],"picked":"Thinking Ahead","floor":41},{"not_picked":["Flash of Steel","Impatience"],"picked":"Blind","floor":41},{"not_picked":["Sadistic Nature+1","Panacea"],"picked":"PanicButton","floor":41},{"not_picked":["All For One","Go for the Eyes","Sweeping Beam+1"],"picked":"SKIP","floor":42},{"not_picked":["Reprogram","Steam","Barrage+1"],"picked":"SKIP","floor":45},{"not_picked":["Barrage","Coolheaded+1"],"picked":"Chaos+1","floor":46},{"not_picked":["Conserve Battery","Chaos+1"],"picked":"Stack","floor":48},{"not_picked":["Static Discharge+1","Sunder+1"],"picked":"Multi-Cast","floor":54}],"player_experience":228845,"relics_obtained":[{"floor":6,"key":"Happy Flower"},{"floor":9,"key":"Oddly Smooth Stone"},{"floor":10,"key":"Centennial Puzzle"},{"floor":13,"key":"Potion Belt"},{"floor":23,"key":"Shuriken"},{"floor":25,"key":"Frozen Egg 2"},{"floor":27,"key":"War Paint"},{"floor":40,"key":"Lantern"},{"floor":42,"key":"Emotion Chip"},{"floor":43,"key":"Blood Vial"},{"floor":46,"key":"Bronze Scales"},{"floor":48,"key":"Dream Catcher"},{"floor":54,"key":"Bag of Marbles"}],"event_choices":[{"damage_healed":0,"gold_gain":0,"player_choice":"Box","damage_taken":0,"relics_obtained":["InkBottle"],"max_hp_gain":0,"max_hp_loss":0,"event_name":"Big Fish","floor":2,"gold_loss":0,"cards_obtained":["Regret"]},{"cards_removed":["Strike_B"],"damage_healed":0,"gold_gain":0,"player_choice":"Card Removal","damage_taken":0,"max_hp_gain":0,"max_hp_loss":0,"event_name":"Wheel of Change","floor":5,"gold_loss":0},{"damage_healed":0,"gold_gain":0,"player_choice":"Got Potions","damage_taken":0,"max_hp_gain":0,"max_hp_loss":0,"event_name":"Lab","floor":37,"gold_loss":0},{"damage_healed":0,"gold_gain":0,"player_choice":"Memory 3","damage_taken":10,"max_hp_gain":0,"max_hp_loss":0,"event_name":"SensoryStone","floor":41,"gold_loss":0},{"damage_healed":0,"gold_gain":0,"player_choice":"Copied","damage_taken":0,"max_hp_gain":0,"max_hp_loss":0,"event_name":"Duplicator","floor":47,"gold_loss":0,"cards_obtained":["Echo Form"]}],"is_beta":false,"boss_relics":[{"not_picked":["Empty Cage","Fusion Hammer"],"picked":"Philosopher\u0027s Stone"},{"not_picked":["SacredBark","Velvet Choker"],"picked":"Astrolabe"}],"items_purged_floors":[3,21,36,53],"is_endless":false,"potions_floor_spawned":[4,8,11,16,23,27,28,29,31,38,40,45,46],"ascension_level":6}}