{"host":"qwttrqaysb380yri","time":1607552388,"event":{"gold_per_floor":[112,130,144,1,19,19,34,61,61,61,87,102,112,144,144,240,240,257,257,271,284,32,32,61,25,51,51,51,81,109,109,109],"floor_reached":31,"playtime":1258,"items_purged":["Defend_P"],"score":595,"play_id":"17896102-1357-42ff-9563-85b200d24190","local_time":"20201209231948","is_ascension_mode":true,"campfire_choices":[{"data":"Eruption","floor":6.0,"key":"SMITH"},{"data":"Swivel","floor":10.0,"key":"SMITH"},{"data":"Conclude","floor":15,"key":"SMITH"},{"data":"Wallop","floor":23,"key":"SMITH"},{"data":"Vengeance","floor":28,"key":"SMITH"}],"neow_cost":"NONE","seed_source_timestamp":19366363823900,"circlet_count":0,"master_deck":["AscendersBane","Strike_P","Strike_P","Defend_P","Defend_P","Defend_P","Eruption+1","Vigilance","SignatureMove","Swivel+1","InnerPeace","FlurryOfBlows","Crescendo","Vengeance+1","Halt","EmptyBody","Conclude+1","Vault","BowlingBash","Brilliance","JustLucky+1","Wallop+1","Adaptation","Madness","Evaluate","Perseverance","EmptyBody+1"],"special_seed":0,"relics":["PureWater","ClockworkSouvenir","Pantograph","Incense Burner","StrikeDummy","Girya","Sozu","Dream Catcher","Ancient Tea Set","CeramicFish"],"potions_floor_usage":[11,20],"damage_taken":[{"damage":7.0,"enemies":"Cultist","floor":1.0,"turns":3.0},{"damage":12.0,"enemies":"Jaw Worm","floor":2.0,"turns":4.0},{"damage":0.0,"enemies":"2 Louse","floor":3.0,"turns":2.0},{"damage":0.0,"enemies":"Blue Slaver","floor":5.0,"turns":2.0},{"damage":12.0,"enemies":"Gremlin Gang","floor":7.0,"turns":4.0},{"damage":2.0,"enemies":"3 Sentries","floor":8.0,"turns":4.0},{"damage":11,"enemies":"Lagavulin","floor":11,"turns":5},{"damage":0,"enemies":"Large Slime","floor":12,"turns":4},{"damage":8,"enemies":"3 Louse","floor":13,"turns":2},{"damage":4,"enemies":"3 Sentries","floor":14,"turns":4},{"damage":0,"enemies":"Slime Boss","floor":16,"turns":6},{"damage":7,"enemies":"Chosen","floor":18,"turns":3},{"damage":3,"enemies":"2 Thieves","floor":20,"turns":4},{"damage":7,"enemies":"Snecko","floor":21,"turns":4},{"damage":0,"enemies":"Gremlin Leader","floor":24,"turns":6},{"damage":36,"enemies":"Slavers","floor":29,"turns":3},{"damage":1,"enemies":"Shelled Parasite and Fungi","floor":30,"turns":4},{"damage":22,"enemies":"Book of Stabbing","floor":31,"turns":2}],"seed_played":"6935448786448906330","potions_obtained":[{"floor":1.0,"key":"Regen Potion"},{"floor":7.0,"key":"Explosive Potion"},{"floor":8.0,"key":"Block Potion"},{"floor":13,"key":"BottledMiracle"}],"is_trial":false,"path_per_floor":["M","M","M","$","M","R","M","E","T","R","E","M","M","E","R","B",null,"M","?","M","M","$","R","E","$","T","?","R","E","M","E"],"character_chosen":"WATCHER","items_purchased":["ClockworkSouvenir","Adaptation","Madness","Perseverance"],"campfire_rested":0,"item_purchase_floors":[4,22,22,25],"current_hp_per_floor":[65,53,53,53,53,53,41,39,39,39,42,42,34,30,30,55,73,66,66,63,56,56,56,56,56,56,56,56,20,19,0,0],"gold":109,"neow_bonus":"TEN_PERCENT_HP_BONUS","is_prod":false,"is_daily":false,"chose_seed":false,"campfire_upgraded":5,"win_rate":0,"timestamp":1607552388,"path_taken":["M","M","M","$","M","R","?","E","T","R","E","M","M","E","R","BOSS","M","?","M","M","$","R","E","$","T","?","R","E","M","E"],"build_version":"2020-11-30","purchased_purges":1,"victory":false,"max_hp_per_floor":[79,79,79,79,79,79,79,79,79,79,79,79,79,79,79,79,79,79,79,79,79,79,79,79,79,79,79,79,79,79,79,79],"relic_stats":{"Sozu":2,"Dream Catcher":0,"counters":[18,66],"Pantograph":25,"CeramicFish":9,"obtain_stats":[{"Sozu":17,"Girya":14,"Dream Catcher":24,"Pantograph":8,"CeramicFish":29,"Incense Burner":9,"PureWater":0,"StrikeDummy":11,"Ancient Tea Set":26,"ClockworkSouvenir":4},{"Sozu":11,"Girya":10,"Dream Catcher":15,"Pantograph":6,"CeramicFish":16,"Incense Burner":6,"PureWater":0,"StrikeDummy":7,"Ancient Tea Set":15,"ClockworkSouvenir":3},{"Sozu":40,"Girya":34,"Dream Catcher":57,"Pantograph":19,"CeramicFish":60,"Incense Burner":19,"PureWater":0,"StrikeDummy":24,"Ancient Tea Set":57,"ClockworkSouvenir":9}]},"card_choices":[{"not_picked":["EmptyMind","FlyingSleeves"],"picked":"SignatureMove","floor":1.0},{"not_picked":["Study","FlyingSleeves"],"picked":"Swivel","floor":2.0},{"not_picked":["Consecrate","SashWhip"],"picked":"InnerPeace","floor":3.0},{"not_picked":["Fasting2","CutThroughFate"],"picked":"FlurryOfBlows","floor":5.0},{"not_picked":["SashWhip","CrushJoints","Prostrate"],"picked":"SKIP","floor":7.0},{"not_picked":["Judgement","Protect"],"picked":"Crescendo","floor":8.0},{"not_picked":["Alpha","EmptyMind"],"picked":"Vengeance","floor":11},{"not_picked":["TalkToTheHand","FearNoEvil"],"picked":"Halt","floor":12},{"not_picked":["Crescendo","CrushJoints"],"picked":"EmptyBody","floor":13},{"not_picked":["BowlingBash","Omniscience"],"picked":"Conclude","floor":14},{"not_picked":["Blasphemy","Brilliance"],"picked":"Vault","floor":16},{"not_picked":["SashWhip+1","CrushJoints","Crescendo"],"picked":"SKIP","floor":18},{"not_picked":["FollowUp","Evaluate"],"picked":"JustLucky+1","floor":20},{"not_picked":["Prostrate","Protect"],"picked":"Wallop","floor":21},{"not_picked":["ClearTheMind","SpiritShield"],"picked":"Evaluate","floor":24},{"not_picked":["Prostrate","Crescendo","SandsOfTime"],"picked":"SKIP","floor":29},{"not_picked":["Consecrate","MentalFortress"],"picked":"EmptyBody+1","floor":30}],"player_experience":1795611,"relics_obtained":[{"floor":8.0,"key":"Pantograph"},{"floor":9.0,"key":"Incense Burner"},{"floor":11,"key":"StrikeDummy"},{"floor":14,"key":"Girya"},{"floor":24,"key":"Dream Catcher"},{"floor":26,"key":"Ancient Tea Set"},{"floor":29,"key":"CeramicFish"}],"event_choices":[{"damage_healed":0,"gold_gain":0,"cards_transformed":["Strike_P","Strike_P"],"player_choice":"Became Test Subject","damage_taken":0,"max_hp_gain":0,"max_hp_loss":0,"event_name":"Drug Dealer","floor":19,"gold_loss":0,"cards_obtained":["BowlingBash","Brilliance"]},{"damage_healed":0,"gold_gain":0,"player_choice":"Ignored","damage_taken":0,"max_hp_gain":0,"max_hp_loss":0,"event_name":"Ghosts","floor":27,"gold_loss":0}],"is_beta":false,"boss_relics":[{"not_picked":["Astrolabe","Snecko Eye"],"picked":"Sozu"}],"items_purged_floors":[22],"is_endless":false,"potions_floor_spawned":[1,7,8,13,14,21,29],"killed_by":"Book of Stabbing","ascension_level":12}}