{"host":"16pupetwkpt1jfy9","time":1607479679,"event":{"gold_per_floor":[115,40,40,52,52,77,77,77,101,113,143,172,212,243,255,364,426,448,58,69,69,84,84,9,42,112,112,124,49,49,0,0,98,98,117,117,170,184,195,195,0,14,14,14,14,25,25,38,38,38,38],"floor_reached":50,"playtime":2995,"items_purged":["Strike_G"],"score":495,"play_id":"f237bccc-2d63-4d25-8e29-cc72e2131d79","local_time":"20201208210759","is_ascension_mode":false,"campfire_choices":[{"data":"Blade Dance","floor":7,"key":"SMITH"},{"data":"Footwork","floor":10,"key":"SMITH"},{"data":"After Image","floor":15,"key":"SMITH"},{"data":"RitualDagger","floor":23,"key":"SMITH"},{"data":"Accuracy","floor":27,"key":"SMITH"},{"floor":30,"key":"REST"},{"data":"After Image","floor":32,"key":"SMITH"},{"floor":40,"key":"REST"},{"data":"Backstab","floor":47,"key":"SMITH"},{"data":"Backstab","floor":49,"key":"SMITH"}],"neow_cost":"NONE","seed_source_timestamp":607905137015500,"circlet_count":0,"master_deck":["Strike_G","Strike_G","Strike_G","Strike_G+1","Defend_G","Defend_G","Defend_G","Defend_G","Survivor","Neutralize","Blade Dance+1","Footwork+1","Poisoned Stab","Endless Agony","After Image+1","Accuracy+1","After Image+1","Deflect","Crippling Poison+1","Backstab+1","RitualDagger+1","Backstab+1","Slice","Poisoned Stab","Storm of Steel+1","Neutralize","Accuracy+1","Terror+1","Cloak And Dagger+1"],"relics":["Ring of the Snake","NeowsBlessing","Mercury Hourglass","MawBank","Bag of Marbles","Tiny House","Juzu Bracelet","Matryoshka","Frozen Egg 2","Anchor","Toxic Egg 2","Busted Crown","TungstenRod","Red Mask","Orichalcum","Gambling Chip","Lantern"],"potions_floor_usage":[13,13,13,33,33,35,37,42,50],"damage_taken":[{"damage":0,"enemies":"Jaw Worm","floor":1,"turns":1},{"damage":0,"enemies":"2 Louse","floor":4,"turns":1},{"damage":0,"enemies":"Gremlin Nob","floor":6,"turns":1},{"damage":0,"enemies":"Cultist","floor":11,"turns":4},{"damage":0,"enemies":"2 Fungi Beasts","floor":12,"turns":3},{"damage":6,"enemies":"Lagavulin","floor":13,"turns":6},{"damage":4,"enemies":"Looter","floor":14,"turns":2},{"damage":50,"enemies":"The Guardian","floor":16,"turns":12},{"damage":3,"enemies":"Shell Parasite","floor":18,"turns":6},{"damage":2,"enemies":"Spheric Guardian","floor":20,"turns":4},{"damage":5,"enemies":"Snake Plant","floor":22,"turns":5},{"damage":23,"enemies":"Gremlin Leader","floor":25,"turns":8},{"damage":4,"enemies":"Centurion and Healer","floor":28,"turns":5},{"damage":39,"enemies":"Collector","floor":33,"turns":7},{"damage":1,"enemies":"3 Shapes","floor":35,"turns":3},{"damage":25,"enemies":"2 Orb Walkers","floor":37,"turns":8},{"damage":7,"enemies":"3 Darklings","floor":38,"turns":4},{"damage":0,"enemies":"Transient","floor":39,"turns":5},{"damage":9,"enemies":"Spire Growth","floor":42,"turns":4},{"damage":3,"enemies":"3 Darklings","floor":46,"turns":5},{"damage":0,"enemies":"Maw","floor":48,"turns":6},{"damage":83,"enemies":"Time Eater","floor":50,"turns":11}],"seed_played":"-6792617304031248149","potions_obtained":[{"floor":4,"key":"DistilledChaos"},{"floor":8,"key":"LiquidBronze"},{"floor":8,"key":"sneckomod:MuddlingPotion"},{"floor":11,"key":"SteroidPotion"},{"floor":16,"key":"PowerPotion"},{"floor":17,"key":"BlessingOfTheForge"},{"floor":22,"key":"Dexterity Potion"},{"floor":25,"key":"FairyPotion"},{"floor":33,"key":"Swift Potion"},{"floor":35,"key":"Block Potion"},{"floor":38,"key":"Strength Potion"},{"floor":46,"key":"BlessingOfTheForge"}],"is_trial":false,"path_per_floor":["M","$","?","M","$","E","R","?","T","R","M","M","E","M","R","B",null,"M","$","M","?","M","R","?","E","T","R","M","$","R","?","R","B",null,"M","?","?","M","M","R","?","M","T","T","$","M","R","M","R","B"],"character_chosen":"THE_SILENT","items_purchased":["Footwork","Juzu Bracelet","Matryoshka"],"campfire_rested":2,"item_purchase_floors":[2,19,19],"current_hp_per_floor":[70,70,75,75,75,75,75,75,75,75,75,75,69,65,65,15,80,77,77,75,69,64,64,64,41,41,41,37,37,61,61,61,22,80,79,79,54,47,47,71,71,62,62,62,62,59,59,59,59,0,0],"gold":38,"neow_bonus":"THREE_ENEMY_KILL","is_prod":false,"is_daily":false,"chose_seed":false,"campfire_upgraded":8,"win_rate":0.0,"timestamp":1607479679,"path_taken":["M","$","?","M","$","E","R","?","T","R","M","M","E","?","R","BOSS","M","$","M","?","M","R","?","E","T","R","M","$","R","?","R","BOSS","M","?","?","M","M","R","?","M","T","?","$","M","R","M","R","BOSS"],"build_version":"2020-11-30","purchased_purges":1,"victory":false,"max_hp_per_floor":[70,70,75,75,75,75,75,75,75,75,75,75,75,75,75,75,80,80,80,80,80,80,80,80,80,80,80,80,80,80,80,80,80,80,80,80,80,80,80,80,80,80,80,80,80,80,80,80,80,80,80],"card_choices":[{"not_picked":["Deadly Poison","All Out Attack"],"picked":"Blade Dance","floor":1},{"not_picked":["Flying Knee","Dagger Spray","Acrobatics"],"picked":"SKIP","floor":4},{"not_picked":["PiercingWail","Skewer","Calculated Gamble"],"picked":"SKIP","floor":6},{"not_picked":["Leg Sweep","Calculated Gamble"],"picked":"Poisoned Stab","floor":11},{"not_picked":["Dagger Spray","Dodge and Roll"],"picked":"Endless Agony","floor":12},{"not_picked":["Prepared","Night Terror"],"picked":"After Image","floor":13},{"not_picked":["Riddle With Holes","Prepared"],"picked":"Accuracy","floor":14},{"not_picked":["Corpse Explosion","A Thousand Cuts"],"picked":"After Image","floor":16},{"not_picked":["Slice","Outmaneuver"],"picked":"Deflect","floor":17},{"not_picked":["Prepared+1","Outmaneuver"],"picked":"Crippling Poison+1","floor":18},{"not_picked":["Well Laid Plans","Outmaneuver"],"picked":"Backstab","floor":20},{"not_picked":["Distraction","Escape Plan"],"picked":"Backstab","floor":22},{"not_picked":["Phantasmal Killer","Leg Sweep+1"],"picked":"Slice","floor":25},{"not_picked":["Acrobatics+1","Prepared+1"],"picked":"Poisoned Stab","floor":28},{"not_picked":["Phantasmal Killer+1","Malaise+1"],"picked":"Storm of Steel+1","floor":33},{"not_picked":["All Out Attack+1"],"picked":"SKIP","floor":35},{"not_picked":[],"picked":"Accuracy+1","floor":38},{"not_picked":["Tactician+1"],"picked":"SKIP","floor":39},{"not_picked":[],"picked":"Terror+1","floor":42},{"not_picked":[],"picked":"Cloak And Dagger+1","floor":46},{"not_picked":["All Out Attack+1"],"picked":"SKIP","floor":48}],"player_experience":53374,"relics_obtained":[{"floor":6,"key":"Mercury Hourglass"},{"floor":9,"key":"MawBank"},{"floor":13,"key":"Bag of Marbles"},{"floor":25,"key":"Frozen Egg 2"},{"floor":26,"key":"Anchor"},{"floor":26,"key":"Toxic Egg 2"},{"floor":37,"key":"TungstenRod"},{"floor":43,"key":"Orichalcum"},{"floor":43,"key":"Gambling Chip"},{"floor":44,"key":"Lantern"}],"event_choices":[{"damage_healed":0,"gold_gain":0,"player_choice":"Donut","damage_taken":0,"max_hp_gain":5,"max_hp_loss":0,"event_name":"Big Fish","floor":3,"gold_loss":0},{"damage_healed":0,"gold_gain":0,"player_choice":"Got Potions","damage_taken":0,"max_hp_gain":0,"max_hp_loss":0,"event_name":"Lab","floor":8,"gold_loss":0},{"damage_healed":0,"gold_gain":0,"player_choice":"Joined the Cult","damage_taken":6,"max_hp_gain":0,"max_hp_loss":0,"event_name":"Nest","floor":21,"gold_loss":0,"cards_obtained":["RitualDagger"]},{"cards_removed":["Defend_G"],"damage_healed":0,"gold_gain":0,"player_choice":"Gave Gold","damage_taken":0,"max_hp_gain":0,"max_hp_loss":0,"event_name":"Beggar","floor":24,"gold_loss":75},{"damage_healed":0,"gold_gain":0,"player_choice":"Paid Fearfully","damage_taken":0,"max_hp_gain":0,"max_hp_loss":0,"event_name":"Masked Bandits","floor":31,"gold_loss":49},{"damage_healed":0,"gold_gain":0,"player_choice":"1 cards matched","damage_taken":0,"max_hp_gain":0,"max_hp_loss":0,"event_name":"Match and Keep!","floor":36,"gold_loss":0,"cards_obtained":["Neutralize"]},{"damage_healed":0,"gold_gain":0,"player_choice":"Fight","damage_taken":0,"max_hp_gain":0,"max_hp_loss":0,"event_name":"Mysterious Sphere","floor":37,"gold_loss":0},{"damage_healed":0,"gold_gain":0,"player_choice":"Paid","damage_taken":0,"relics_obtained":["Red Mask"],"max_hp_gain":0,"max_hp_loss":0,"event_name":"Tomb of Lord Red Mask","floor":41,"gold_loss":195}],"is_beta":false,"boss_relics":[{"not_picked":["HoveringKite","Runic Dome"],"picked":"Tiny House"},{"not_picked":["Coffee Dripper","Velvet Choker"],"picked":"Busted Crown"}],"items_purged_floors":[29],"is_endless":false,"potions_floor_spawned":[4,11,16,22,25,28,33,35,38,46],"killed_by":"Time Eater","ascension_level":0}}