{"host":"tnhjz9cb8p0320p2","time":1607493032,"event":{"gold_per_floor":[114,128,143,93,106,81,81,109,109,109,109,122,148,148,148,298,298,308,82,102,102,114,114,32,88,115,142,207,222,222],"floor_reached":29,"playtime":1746,"items_purged":["Spreading Infection","sneckomod:Bewildered"],"score":293,"play_id":"a49c8952-cadd-47f6-bf3b-79771a23d1f4","local_time":"20201208235032","is_ascension_mode":true,"campfire_choices":[{"data":"Runesmith:HammerThrow","floor":7,"key":"SMITH"},{"floor":11,"key":"REST"},{"floor":15,"key":"REST"},{"floor":23,"key":"REST"}],"neow_cost":"NONE","seed_source_timestamp":542550089172699,"circlet_count":0,"master_deck":["Runesmith:Strike_RS","Runesmith:Strike_RS","Runesmith:Strike_RS","Runesmith:Strike_RS","Runesmith:Defend_RS","Runesmith:Defend_RS","Runesmith:Defend_RS","Runesmith:CraftFirestone","Runesmith:Fortify","Runesmith:BackupBattery","Runesmith:Grindstone","Runesmith:Permafrost","Runesmith:HeatExchange","Runesmith:HammerThrow+1","Runesmith:CraftVitae","Runesmith:EnergizedChisel","Runesmith:ChaoticBlast","Runesmith:UnlimitedPower+1","Runesmith:RunicBlueprint","Replay:SS_forest_6","Runesmith:Prism","Runesmith:CraftMagma+1","Runesmith:PoweredAnvil+1","Runesmith:NanitesCloud","Runesmith:Attraction","Runesmith:CraftPrismatica","Runesmith:CraftProtectio+1"],"relics":["Runesmith:BrokenRuby","NeowsBlessing","Replay:WaspNest","Peace Pipe","Pocketwatch","ReplayTheSpireMod:Ring of Collecting","ReplayTheSpireMod:Ring of Challenge","construct:ClawGrip","ReplayTheSpireMod:CursedCoin","Ring of Panic","Guardian:PocketSentry","Eternal Feather"],"potions_floor_usage":[8,13,29,29],"damage_taken":[{"damage":0,"enemies":"2 Louse","floor":1,"turns":1},{"damage":0,"enemies":"Jaw Worm","floor":2,"turns":1},{"damage":0,"enemies":"Small Slimes","floor":3,"turns":1},{"damage":18,"enemies":"Gremlin Gang","floor":5,"turns":6},{"damage":33,"enemies":"Gremlin Nob","floor":8,"turns":4},{"damage":0,"enemies":"Exordium Wildlife","floor":12,"turns":3},{"damage":18,"enemies":"3 Sentries","floor":13,"turns":5},{"damage":22,"enemies":"Hexaghost","floor":16,"turns":9},{"damage":17,"enemies":"Chosen","floor":18,"turns":5},{"damage":0,"enemies":"Shell Parasite","floor":20,"turns":10},{"damage":35,"enemies":"Shelled Parasite and Fungi","floor":22,"turns":6},{"damage":24,"enemies":"Cultist and Chosen","floor":25,"turns":7},{"damage":3,"enemies":"Replay:Snechameleon","floor":27,"turns":6},{"damage":11,"enemies":"Snecko","floor":28,"turns":6},{"damage":26,"enemies":"Slavers","floor":29,"turns":2}],"seed_played":"-3465291000340717107","potions_obtained":[{"floor":2,"key":"Elixir"},{"floor":3,"key":"Strength Potion"},{"floor":8,"key":"Swift Potion"},{"floor":25,"key":"LiquidBronze"},{"floor":28,"key":"Flashbang"}],"is_trial":false,"path_per_floor":["M","M","M","?","M","$","R","E","T","?","R","M","E","?","R","B",null,"M","$","M","?","M","R","$","M","T","E","M","E"],"character_chosen":"RUNESMITH_CLASS","items_purchased":["Runesmith:HammerThrow","Replay:SS_forest_6","Runesmith:Prism","ReplayTheSpireMod:CursedCoin","Runesmith:PoweredAnvil+1","Runesmith:NanitesCloud"],"campfire_rested":3,"item_purchase_floors":[6,19,19,24,24,24],"current_hp_per_floor":[70,70,70,70,52,52,52,19,19,19,40,40,22,22,43,21,70,53,53,61,61,34,55,55,31,31,36,25,0,0],"gold":222,"neow_bonus":"THREE_ENEMY_KILL","is_prod":false,"is_daily":false,"chose_seed":false,"campfire_upgraded":1,"win_rate":0,"timestamp":1607493032,"path_taken":["M","M","M","?","M","?","R","E","T","?","R","M","E","?","R","BOSS","M","$","M","?","M","R","$","M","T","E","M","E"],"build_version":"2020-11-30","purchased_purges":2,"victory":false,"max_hp_per_floor":[70,70,70,70,70,70,70,70,70,70,70,70,70,70,70,70,70,70,70,70,70,70,70,70,70,70,70,70,70,70],"relic_stats":{"Peace Pipe":0,"counters":[15,72],"Eternal Feather":0,"obtain_stats":[{"Peace Pipe":9,"Runesmith:BrokenRuby":0,"construct:ClawGrip":17,"NeowsBlessing":0,"ReplayTheSpireMod:CursedCoin":24,"ReplayTheSpireMod:Ring of Collecting":14,"Eternal Feather":27,"Replay:WaspNest":8,"Guardian:PocketSentry":26,"ReplayTheSpireMod:Ring of Challenge":14,"Ring of Panic":26,"Pocketwatch":13},{"Peace Pipe":5,"Runesmith:BrokenRuby":0,"construct:ClawGrip":8,"NeowsBlessing":0,"ReplayTheSpireMod:CursedCoin":11,"ReplayTheSpireMod:Ring of Collecting":7,"Eternal Feather":13,"Replay:WaspNest":5,"Guardian:PocketSentry":12,"ReplayTheSpireMod:Ring of Challenge":7,"Ring of Panic":12,"Pocketwatch":7},{"Peace Pipe":13,"Runesmith:BrokenRuby":0,"construct:ClawGrip":30,"NeowsBlessing":0,"ReplayTheSpireMod:CursedCoin":51,"ReplayTheSpireMod:Ring of Collecting":21,"Eternal Feather":64,"Replay:WaspNest":13,"Guardian:PocketSentry":58,"ReplayTheSpireMod:Ring of Challenge":21,"Ring of Panic":58,"Pocketwatch":21}],"Pocketwatch":[51]},"card_choices":[{"not_picked":["Runesmith:HammerThrow","Runesmith:ChiselStab"],"picked":"Runesmith:BackupBattery","floor":1},{"not_picked":["Runesmith:EnergizedChisel","Runesmith:Refine"],"picked":"Runesmith:Grindstone","floor":2},{"not_picked":["Runesmith:MakeshiftArmor","Runesmith:EarthShield"],"picked":"Runesmith:Permafrost","floor":3},{"not_picked":["Runesmith:ShiftingStrike","Runesmith:ChiselStab"],"picked":"Runesmith:HeatExchange","floor":5},{"not_picked":["Runesmith:Repurpose","Runesmith:EnergizedChisel"],"picked":"Runesmith:CraftVitae","floor":8},{"not_picked":["Runesmith:HeatExchange","Runesmith:ChiselStab"],"picked":"Runesmith:EnergizedChisel","floor":12},{"not_picked":["Runesmith:DoubleUp","Runesmith:Overpower"],"picked":"Runesmith:ChaoticBlast","floor":13},{"not_picked":["Runesmith:Duplicate","Runesmith:CreatorForm"],"picked":"Runesmith:UnlimitedPower","floor":16},{"not_picked":["Runesmith:Grindstone","Runesmith:BackupBattery"],"picked":"Runesmith:RunicBlueprint","floor":18},{"not_picked":["Runesmith:UnstableHammer","Runesmith:HeatExchange","Runesmith:MakeshiftArmor+1"],"picked":"SKIP","floor":20},{"not_picked":["Runesmith:MakeshiftArmor","Runesmith:HammerThrow"],"picked":"Runesmith:CraftMagma+1","floor":22},{"not_picked":["Runesmith:HammerThrow","Runesmith:CraftReservo"],"picked":"Runesmith:Attraction","floor":25},{"not_picked":["Runesmith:CraftMagma","Runesmith:Refine"],"picked":"Runesmith:CraftPrismatica","floor":27},{"not_picked":["Runesmith:Terraform","Runesmith:Accelerate"],"picked":"Runesmith:CraftProtectio+1","floor":28}],"player_experience":1948511,"relics_obtained":[{"floor":8,"key":"Replay:WaspNest"},{"floor":9,"key":"Peace Pipe"},{"floor":13,"key":"Pocketwatch"},{"floor":14,"key":"ReplayTheSpireMod:Ring of Collecting"},{"floor":14,"key":"ReplayTheSpireMod:Ring of Challenge"},{"floor":26,"key":"Ring of Panic"},{"floor":26,"key":"Guardian:PocketSentry"},{"floor":27,"key":"Eternal Feather"}],"event_choices":[{"cards_removed":["Runesmith:Defend_RS"],"damage_healed":0,"gold_gain":0,"player_choice":"Card Removal","damage_taken":0,"max_hp_gain":0,"max_hp_loss":0,"event_name":"The Cleric","floor":4,"gold_loss":50},{"damage_healed":0,"gold_gain":0,"player_choice":"Ignored","damage_taken":0,"max_hp_gain":0,"max_hp_loss":0,"event_name":"Golden Wing","floor":10,"gold_loss":0},{"damage_healed":0,"gold_gain":0,"player_choice":"Upgraded","damage_taken":0,"max_hp_gain":0,"max_hp_loss":0,"event_name":"Upgrade Shrine","floor":21,"gold_loss":0,"cards_upgraded":["Runesmith:UnlimitedPower"]}],"is_beta":false,"boss_relics":[{"not_picked":["Pandora\u0027s Box","Runic Dome"],"picked":"construct:ClawGrip"}],"items_purged_floors":[19,24],"is_endless":false,"potions_floor_spawned":[2,3,8,25,28],"killed_by":"Slavers","ascension_level":3}}