{"host":"99ad87xtd5ypi7ii","time":1607544438,"event":{"gold_per_floor":[113,123,136,136,149,149,162,162,162,191,266,278,328,342,342,440,440,451,451,376,150,150,150,150,150,150,150,180,120,20,20,20],"floor_reached":31,"playtime":1902,"items_purged":["TheCursedMod:Strike_TheCursed","TheCursedMod:Defend_TheCursed"],"score":276,"play_id":"59a8721f-e296-47ee-9564-b424cba67c64","local_time":"20201209210718","is_ascension_mode":true,"campfire_choices":[{"data":"TheCursedMod:DemonicPact","floor":6,"key":"SMITH"},{"data":"TheCursedMod:CursedBoomerang","floor":8,"key":"SMITH"},{"data":"TheCursedMod:Torture","floor":15,"key":"SMITH"},{"data":"TheCursedMod:HellfireBreathing","floor":23,"key":"SMITH"},{"data":"TheCursedMod:SoulReap","floor":24,"key":"SMITH"},{"data":"Dramatic Entrance","floor":25,"key":"SMITH"},{"data":"TheCursedMod:SaltUponWound","floor":27,"key":"SMITH"}],"neow_cost":"NONE","seed_source_timestamp":316854286556400,"circlet_count":0,"master_deck":["TheCursedMod:Defend_TheCursed","TheCursedMod:Defend_TheCursed","TheCursedMod:Defend_TheCursed","TheCursedMod:CursedWand","TheCursedMod:CleanUpWorkshop","TheCursedMod:Dregs","Dramatic Entrance+1","TheCursedMod:WearCloak","TheCursedMod:DemonicPact+1","TheCursedMod:CursedBoomerang+1","TheCursedMod:Evocation","TheCursedMod:SaltUponWound+1","TheCursedMod:Torture+1","TheCursedMod:DoubleShield","TheCursedMod:AntiAging","TheCursedMod:FleshFromBone","TheCursedMod:HellfireBreathing+1","TheCursedMod:SoulReap+1","TheCursedMod:CursedBlade"],"relics":["TheCursedMod:BlackMagic101","WingedGreaves","Torii","TheCursedMod:OminousMark","Strawberry","Ice Cream"],"potions_floor_usage":[16,16,19,29],"damage_taken":[{"damage":0,"enemies":"Cultist","floor":1,"turns":3},{"damage":0,"enemies":"Small Slimes","floor":2,"turns":2},{"damage":0,"enemies":"Jaw Worm","floor":3,"turns":3},{"damage":2,"enemies":"2 Fungi Beasts","floor":5,"turns":4},{"damage":2,"enemies":"Exordium Wildlife","floor":7,"turns":4},{"damage":7,"enemies":"3 Sentries","floor":10,"turns":8},{"damage":1,"enemies":"Blue Slaver","floor":12,"turns":4},{"damage":6,"enemies":"2 Fungi Beasts","floor":14,"turns":2},{"damage":4,"enemies":"Hexaghost","floor":16,"turns":7},{"damage":7,"enemies":"3 Byrds","floor":18,"turns":4},{"damage":7,"enemies":"Masked Bandits","floor":19,"turns":2},{"damage":49,"enemies":"Slavers","floor":28,"turns":6},{"damage":1,"enemies":"2 Thieves","floor":29,"turns":4},{"damage":50,"enemies":"Gremlin Leader","floor":31,"turns":6}],"seed_played":"-3313791617587756514","potions_obtained":[{"floor":1,"key":"GamblersBrew"},{"floor":2,"key":"AttackPotion"},{"floor":3,"key":"Energy Potion"},{"floor":18,"key":"SmokeBomb"}],"is_trial":false,"path_per_floor":["M","M","M","?","M","R","M","R","T","E","?","M","?","M","R","B",null,"M","?","?","$","?","R","R","R","T","R","E","M","$","E"],"character_chosen":"THE_CURSED","items_purchased":["TheCursedMod:HellfireBreathing","TheCursedMod:SoulReap"],"campfire_rested":0,"item_purchase_floors":[21,21],"current_hp_per_floor":[75,75,75,68,66,66,64,64,64,57,46,45,45,39,39,35,75,70,63,63,63,63,63,63,63,70,70,24,30,30,0,0],"gold":20,"neow_bonus":"RANDOM_COLORLESS","is_prod":false,"is_daily":false,"chose_seed":false,"campfire_upgraded":7,"win_rate":0,"timestamp":1607544438,"path_taken":["M","?","M","?","M","R","M","R","T","E","?","M","?","?","R","BOSS","M","?","?","$","?","R","R","R","T","R","E","M","$","E"],"build_version":"2020-11-30","purchased_purges":2,"victory":false,"max_hp_per_floor":[75,75,75,75,75,75,75,75,75,75,75,75,75,75,75,75,75,77,77,77,77,77,77,77,77,84,84,86,86,86,88,88],"card_choices":[{"not_picked":["Forethought","PanicButton"],"picked":"Dramatic Entrance","floor":0},{"not_picked":["TheCursedMod:CursedMace","TheCursedMod:CircleOfCorruption"],"picked":"TheCursedMod:WearCloak","floor":1},{"not_picked":["TheCursedMod:CursedAmulet","TheCursedMod:RapidMovement","TheCursedMod:CircleOfCorruption"],"picked":"SKIP","floor":2},{"not_picked":["TheCursedMod:CursedBoomerang","TheCursedMod:CursedMace"],"picked":"TheCursedMod:DemonicPact","floor":3},{"not_picked":["TheCursedMod:CircleOfCorruption","TheCursedMod:AbyssShockwave"],"picked":"TheCursedMod:CursedBoomerang","floor":5},{"not_picked":["TheCursedMod:Torture","TheCursedMod:CircleOfFlame"],"picked":"TheCursedMod:Evocation","floor":7},{"not_picked":["TheCursedMod:CursedAmulet","TheCursedMod:CircleOfFlame"],"picked":"TheCursedMod:SaltUponWound","floor":10},{"not_picked":["TheCursedMod:CircleOfAmplification","TheCursedMod:RavingStaff"],"picked":"TheCursedMod:Torture","floor":12},{"not_picked":["TheCursedMod:PrepareRite","TheCursedMod:RavingStaff"],"picked":"TheCursedMod:DoubleShield","floor":14},{"not_picked":["TheCursedMod:Neurasthenia","TheCursedMod:StunningStrike"],"picked":"TheCursedMod:AntiAging","floor":16},{"not_picked":["TheCursedMod:CircleOfCorruption","TheCursedMod:DoubleShield+1"],"picked":"TheCursedMod:FleshFromBone","floor":18},{"not_picked":["TheCursedMod:SpitefulStrike","TheCursedMod:AshesToAshes+1","TheCursedMod:ParallelWorld"],"picked":"SKIP","floor":28},{"not_picked":["TheCursedMod:Grudge","TheCursedMod:CursedMace"],"picked":"TheCursedMod:CursedBlade","floor":29}],"player_experience":691207,"relics_obtained":[{"floor":9,"key":"WingedGreaves"},{"floor":10,"key":"Torii"},{"floor":26,"key":"Strawberry"},{"floor":28,"key":"Ice Cream"}],"event_choices":[{"cards_removed":["TheCursedMod:Strike_TheCursed"],"damage_healed":0,"gold_gain":0,"player_choice":"Card Removal","damage_taken":7,"max_hp_gain":0,"max_hp_loss":0,"event_name":"Golden Wing","floor":4,"gold_loss":0},{"damage_healed":0,"gold_gain":75,"player_choice":"Gather Gold","damage_taken":11,"max_hp_gain":0,"max_hp_loss":0,"event_name":"World of Goop","floor":11,"gold_loss":0},{"damage_healed":0,"gold_gain":0,"player_choice":"Fought Bandits","damage_taken":0,"max_hp_gain":0,"max_hp_loss":0,"event_name":"Masked Bandits","floor":19,"gold_loss":0},{"cards_removed":["TheCursedMod:Strike_TheCursed"],"damage_healed":0,"gold_gain":0,"player_choice":"Gave Gold","damage_taken":0,"max_hp_gain":0,"max_hp_loss":0,"event_name":"Beggar","floor":20,"gold_loss":75},{"cards_removed":["TheCursedMod:Strike_TheCursed"],"damage_healed":0,"gold_gain":0,"player_choice":"Offered Basic","damage_taken":0,"max_hp_gain":0,"max_hp_loss":0,"event_name":"Bonfire Elementals","floor":22,"gold_loss":0}],"is_beta":false,"boss_relics":[{"not_picked":["Velvet Choker","TheCursedMod:BlackMagicAdvanced"],"picked":"TheCursedMod:OminousMark"}],"items_purged_floors":[21,30],"is_endless":false,"potions_floor_spawned":[1,2,3,10,18],"killed_by":"Gremlin Leader","ascension_level":2}}