{"host":"reugk9pd1uotrglt","time":1607520752,"event":{"gold_per_floor":[128,157,185,122,154,166,207,219,231,243,286,298,342,372,384,471,483,515,417,447,472,484,484],"floor_reached":22,"playtime":688,"items_purged":[],"score":412,"play_id":"b809cf87-3421-4c7b-8f09-7cd532015d5e","local_time":"20201209143232","is_ascension_mode":true,"campfire_choices":[{"data":"Bash","floor":6.0,"key":"SMITH"},{"data":"Intimidate","floor":8.0,"key":"SMITH"},{"data":"Perfected Strike","floor":10.0,"key":"SMITH"},{"data":"Pommel Strike","floor":15.0,"key":"SMITH"}],"neow_cost":"NONE","seed_source_timestamp":0,"circlet_count":0,"master_deck":["AscendersBane","Strike_R","Strike_R","Strike_R","Strike_R","Strike_R","Defend_R","Defend_R","Bash+1","Pommel Strike+1","Iron Wave","Perfected Strike+1","Intimidate+1","Reaper","Sword Boomerang","Seeing Red","Feed+1","Twin Strike","Armaments"],"special_seed":0,"relics":["Burning Blood","MawBank","StrikeDummy","Bottled Flame","Meat on the Bone","PreservedInsect","SlaversCollar"],"potions_floor_usage":[22],"damage_taken":[{"damage":9.0,"enemies":"Jaw Worm","floor":1.0,"turns":6.0},{"damage":15.0,"enemies":"Small Slimes","floor":2.0,"turns":4.0},{"damage":0.0,"enemies":"Cultist","floor":3.0,"turns":3.0},{"damage":7.0,"enemies":"3 Louse","floor":5.0,"turns":3.0},{"damage":35.0,"enemies":"Lagavulin","floor":7.0,"turns":6.0},{"damage":8.0,"enemies":"Gremlin Nob","floor":11.0,"turns":3.0},{"damage":13.0,"enemies":"Lagavulin","floor":13.0,"turns":5.0},{"damage":10.0,"enemies":"Gremlin Gang","floor":14.0,"turns":5.0},{"damage":56.0,"enemies":"Hexaghost","floor":16.0,"turns":9.0},{"damage":9.0,"enemies":"2 Thieves","floor":18.0,"turns":4.0},{"damage":25.0,"enemies":"Shell Parasite","floor":20.0,"turns":3.0},{"damage":50.0,"enemies":"Cultist and Chosen","floor":21.0,"turns":7.0},{"damage":36,"enemies":"Centurion and Healer","floor":22,"turns":2}],"seed_played":"7469492673694886195","potions_obtained":[{"floor":7.0,"key":"BlessingOfTheForge"},{"floor":11.0,"key":"Regen Potion"},{"floor":14.0,"key":"Dexterity Potion"},{"floor":16.0,"key":"PowerPotion"},{"floor":18.0,"key":"ColorlessPotion"},{"floor":21.0,"key":"PowerPotion"}],"is_trial":false,"path_per_floor":["M","M","M","?","M","R","E","R","T","R","E","?","E","M","R","B",null,"M","?","M","M","M"],"character_chosen":"IRONCLAD","items_purchased":[],"campfire_rested":0,"item_purchase_floors":[],"current_hp_per_floor":[65,56,62,62,61,61,32,32,32,32,30,55,48,48,48,23,62,59,59,52,24,0,0],"gold":484,"neow_bonus":"RANDOM_COMMON_RELIC","is_prod":false,"is_daily":false,"chose_seed":false,"campfire_upgraded":4,"win_rate":0,"timestamp":1607520752,"path_taken":["M","M","M","?","M","R","E","R","T","R","E","?","E","M","R","BOSS","M","?","?","M","M"],"build_version":"2020-11-30","purchased_purges":0,"victory":false,"max_hp_per_floor":[75,75,75,75,75,75,75,75,75,75,75,75,75,75,75,75,75,75,75,75,79,79,79],"card_choices":[{"not_picked":["Twin Strike","Reckless Charge"],"picked":"Pommel Strike","floor":1.0},{"not_picked":["Shrug It Off","Bloodletting"],"picked":"Iron Wave","floor":2.0},{"not_picked":["Burning Pact","Rage"],"picked":"Perfected Strike","floor":3.0},{"not_picked":["Headbutt","Sentinel"],"picked":"Intimidate","floor":5.0},{"not_picked":["Clothesline","Rage"],"picked":"Reaper","floor":7.0},{"not_picked":["Power Through","Warcry","Body Slam"],"picked":"SKIP","floor":11.0},{"not_picked":["Havoc","Headbutt"],"picked":"Sword Boomerang","floor":13.0},{"not_picked":["Hemokinesis","Anger"],"picked":"Seeing Red","floor":14.0},{"not_picked":["Corruption","Reaper"],"picked":"Feed","floor":16.0},{"not_picked":["Reckless Charge","True Grit"],"picked":"Twin Strike","floor":18.0},{"not_picked":["Sever Soul","Reckless Charge","Body Slam"],"picked":"SKIP","floor":20.0},{"not_picked":["Barricade","Cleave"],"picked":"Armaments","floor":21.0}],"player_experience":1459410,"relics_obtained":[{"floor":7.0,"key":"StrikeDummy"},{"floor":9.0,"key":"Bottled Flame"},{"floor":11.0,"key":"Meat on the Bone"},{"floor":13.0,"key":"PreservedInsect"}],"event_choices":[{"cards_removed":["Defend_R"],"damage_healed":0.0,"max_hp_gain":0.0,"max_hp_loss":0.0,"gold_gain":0.0,"event_name":"The Cleric","player_choice":"Card Removal","floor":4.0,"gold_loss":75.0,"damage_taken":0.0},{"damage_healed":25.0,"max_hp_gain":0.0,"max_hp_loss":0.0,"gold_gain":0.0,"event_name":"Big Fish","player_choice":"Banana","floor":12.0,"gold_loss":0.0,"damage_taken":0.0},{"cards_removed":["Defend_R"],"damage_healed":0.0,"max_hp_gain":0.0,"max_hp_loss":0.0,"gold_gain":0.0,"event_name":"Designer","player_choice":"Upgrade and Remove","floor":19.0,"gold_loss":110.0,"damage_taken":0.0,"cards_upgraded":["Feed"]}],"is_beta":false,"boss_relics":[{"not_picked":["Tiny House","Astrolabe"],"picked":"SlaversCollar"}],"items_purged_floors":[],"is_endless":false,"potions_floor_spawned":[7,11,14,16,18,21],"killed_by":"Centurion and Healer","ascension_level":20}}