{"host":"e1zuqie93klo2ncl","time":1607508355,"event":{"gold_per_floor":[113,38,51,69,69,69,69,109,184,204,228,78,94,114,114,210,210,189,114,114,114],"floor_reached":20,"playtime":1058,"items_purged":["Strike_G"],"score":352,"play_id":"8d05a40c-7e18-438a-a6ad-4fed1d3ebbb8","local_time":"20201209100555","is_ascension_mode":true,"campfire_choices":[{"data":"Footwork","floor":6.0,"key":"SMITH"},{"floor":15.0,"key":"REST"}],"neow_cost":"NONE","seed_source_timestamp":2732413837100,"circlet_count":0,"master_deck":["AscendersBane","Strike_G","Strike_G","Strike_G","Defend_G","Defend_G","Defend_G","Defend_G","Survivor","Neutralize+1","Footwork+1","Flying Knee","Deflect","Poisoned Stab","Bane","Heel Hook","Noxious Fumes","Crippling Poison","PiercingWail","Night Terror","Concentrate"],"special_seed":0,"relics":["Ring of the Snake","Golden Idol","Snake Skull","Paper Crane","Runic Pyramid"],"potions_floor_usage":[20,20],"damage_taken":[{"damage":0.0,"enemies":"Jaw Worm","floor":1.0,"turns":5.0},{"damage":1.0,"enemies":"Cultist","floor":3.0,"turns":4.0},{"damage":0.0,"enemies":"2 Louse","floor":4.0,"turns":3.0},{"damage":44.0,"enemies":"Gremlin Nob","floor":8.0,"turns":6.0},{"damage":6.0,"enemies":"Exordium Wildlife","floor":10.0,"turns":6.0},{"damage":0.0,"enemies":"Blue Slaver","floor":11.0,"turns":5.0},{"damage":0.0,"enemies":"3 Louse","floor":13.0,"turns":4.0},{"damage":0.0,"enemies":"Exordium Thugs","floor":14.0,"turns":4.0},{"damage":8.0,"enemies":"The Guardian","floor":16.0,"turns":10.0},{"damage":23.0,"enemies":"2 Thieves","floor":18.0,"turns":4.0},{"damage":37,"enemies":"Masked Bandits","floor":20,"turns":5}],"seed_played":"-4775796907652853294","potions_obtained":[{"floor":1.0,"key":"SpeedPotion"},{"floor":3.0,"key":"LiquidMemories"},{"floor":8.0,"key":"Energy Potion"},{"floor":14.0,"key":"AttackPotion"},{"floor":18.0,"key":"SteroidPotion"}],"is_trial":false,"path_per_floor":["M","?","M","M","?","R","$","E","T","M","M","$","M","M","R","B",null,"M","?","?"],"character_chosen":"THE_SILENT","items_purchased":["Noxious Fumes"],"campfire_rested":1,"item_purchase_floors":[12],"current_hp_per_floor":[59,59,58,58,58,58,58,14,14,8,8,8,8,8,26,18,50,27,27,0,0],"gold":114,"neow_bonus":"UPGRADE_CARD","is_prod":false,"is_daily":false,"chose_seed":false,"campfire_upgraded":1,"win_rate":0,"timestamp":1607508355,"path_taken":["M","?","M","M","?","R","?","E","T","?","M","$","M","M","R","BOSS","M","?","?"],"build_version":"2020-11-30","purchased_purges":1,"victory":false,"max_hp_per_floor":[66,66,66,66,60,60,60,60,60,60,60,60,60,60,60,60,60,60,60,60,60],"relic_stats":{"counters":[11,56],"Golden Idol":53,"Snake Skull":[32],"obtain_stats":[{"Golden Idol":5,"Snake Skull":8,"Paper Crane":9,"Ring of the Snake":0,"Runic Pyramid":17},{"Golden Idol":3,"Snake Skull":4,"Paper Crane":4,"Ring of the Snake":0,"Runic Pyramid":9},{"Golden Idol":12,"Snake Skull":18,"Paper Crane":18,"Ring of the Snake":0,"Runic Pyramid":47}],"Ring of the Snake":[22]},"card_choices":[{"not_picked":["Concentrate","Outmaneuver"],"picked":"Footwork","floor":1.0},{"not_picked":["Deflect","Infinite Blades"],"picked":"Flying Knee","floor":3.0},{"not_picked":["PiercingWail","Dodge and Roll"],"picked":"Deflect","floor":4.0},{"not_picked":["Choke","After Image"],"picked":"Poisoned Stab","floor":8.0},{"not_picked":["Sucker Punch","Underhanded Strike"],"picked":"Bane","floor":10.0},{"not_picked":["Deflect","Blade Dance"],"picked":"Heel Hook","floor":11.0},{"not_picked":["PiercingWail","Dagger Spray"],"picked":"Crippling Poison","floor":13.0},{"not_picked":["Skewer","Terror"],"picked":"PiercingWail","floor":14.0},{"not_picked":["Unload","Phantasmal Killer"],"picked":"Night Terror","floor":16.0},{"not_picked":["Eviscerate+1","Deflect"],"picked":"Concentrate","floor":18.0}],"player_experience":768919,"relics_obtained":[{"floor":8.0,"key":"Snake Skull"},{"floor":9.0,"key":"Paper Crane"}],"event_choices":[{"cards_removed":["Defend_G"],"damage_healed":0.0,"max_hp_gain":0.0,"max_hp_loss":0.0,"gold_gain":0.0,"event_name":"The Cleric","player_choice":"Card Removal","floor":2.0,"gold_loss":75.0,"damage_taken":0.0},{"damage_healed":0.0,"max_hp_gain":0.0,"max_hp_loss":6.0,"gold_gain":0.0,"event_name":"Golden Idol","player_choice":"Lose Max HP","floor":5.0,"gold_loss":0.0,"damage_taken":0.0,"relics_obtained":["Golden Idol"]},{"cards_removed":["Strike_G"],"damage_healed":0.0,"max_hp_gain":0.0,"max_hp_loss":0.0,"gold_gain":0.0,"event_name":"Beggar","player_choice":"Gave Gold","floor":19.0,"gold_loss":75.0,"damage_taken":0.0},{"damage_healed":0,"gold_gain":0,"player_choice":"Fought Bandits","damage_taken":0,"max_hp_gain":0,"max_hp_loss":0,"event_name":"Masked Bandits","floor":20,"gold_loss":0}],"is_beta":false,"boss_relics":[{"not_picked":["Black Star","HoveringKite"],"picked":"Runic Pyramid"}],"items_purged_floors":[12],"is_endless":false,"potions_floor_spawned":[1,3,8,10,14,18],"killed_by":"Masked Bandits","ascension_level":20}}