{"host":"0vd2boh2oi7jm085","time":1607521306,"event":{"gold_per_floor":[113,125,36,36,111,111,130,55,106,121,121,149,164,164,164,253,253,277,292,292,41,52,52,52,52,120,33,33,46,64,14,14,14,14],"floor_reached":33,"playtime":584,"items_purged":["Regret"],"score":466,"play_id":"f19b93e0-554d-4794-8781-7bed93a8c62d","local_time":"20201209054146","is_ascension_mode":true,"campfire_choices":[{"data":"Whirlwind","floor":6.0,"key":"SMITH"},{"floor":15.0,"key":"REST"},{"floor":23.0,"key":"REST"},{"data":"Limit Break","floor":28.0,"key":"SMITH"},{"floor":32.0,"key":"REST"}],"neow_cost":"NONE","seed_source_timestamp":31870799199200,"circlet_count":0,"master_deck":["AscendersBane","Strike_R","Strike_R","Strike_R","Strike_R","Strike_R","Defend_R+1","Defend_R","Defend_R","Defend_R","Bash","Whirlwind+1","Uppercut","Dropkick","Flex+1","Infernal Blade","Injury","Immolate","Flex","Flex","Limit Break","Flex","Limit Break+1","Heavy Blade"],"special_seed":0,"relics":["Black Blood","NeowsBlessing","Pen Nib","Boot","War Paint","Bloody Idol","Regal Pillow","MutagenicStrength","Darkstone Periapt"],"potions_floor_usage":[33],"damage_taken":[{"damage":0.0,"enemies":"Small Slimes","floor":1.0,"turns":1.0},{"damage":0.0,"enemies":"Jaw Worm","floor":2.0,"turns":1.0},{"damage":0.0,"enemies":"2 Louse","floor":7.0,"turns":1.0},{"damage":0.0,"enemies":"Lots of Slimes","floor":10.0,"turns":1.0},{"damage":35.0,"enemies":"Lagavulin","floor":12.0,"turns":5.0},{"damage":11.0,"enemies":"3 Louse","floor":13.0,"turns":3.0},{"damage":34.0,"enemies":"Slime Boss","floor":16.0,"turns":7.0},{"damage":6.0,"enemies":"3 Byrds","floor":18.0,"turns":3.0},{"damage":30.0,"enemies":"Spheric Guardian","floor":19.0,"turns":5.0},{"damage":42.0,"enemies":"Snake Plant","floor":22.0,"turns":4.0},{"damage":14.0,"enemies":"Centurion and Healer","floor":29.0,"turns":2.0},{"damage":36.0,"enemies":"Chosen and Byrds","floor":30.0,"turns":5.0},{"damage":104,"enemies":"Automaton","floor":33,"turns":6}],"seed_played":"2481999906123876033","potions_obtained":[{"floor":7.0,"key":"SkillPotion"},{"floor":10.0,"key":"BlessingOfTheForge"},{"floor":13.0,"key":"SmokeBomb"}],"is_trial":false,"path_per_floor":["M","M","$","?","?","R","M","$","T","M","?","E","M","?","R","B",null,"M","M","?","$","M","R","?","?","T","$","R","M","M","$","R","B"],"character_chosen":"IRONCLAD","items_purchased":["Dropkick","Limit Break","Regal Pillow","Limit Break","Heavy Blade"],"campfire_rested":3,"item_purchase_floors":[3,21,21,27,31],"current_hp_per_floor":[74,75,75,75,64,64,70,70,70,75,75,46,41,41,63,35,65,71,53,53,53,28,65,65,65,70,70,70,73,54,54,75,0,0],"gold":14,"neow_bonus":"THREE_ENEMY_KILL","is_prod":false,"is_daily":false,"chose_seed":false,"campfire_upgraded":2,"win_rate":0,"timestamp":1607521306,"path_taken":["M","M","$","?","?","R","M","$","T","M","?","E","?","?","R","BOSS","M","M","?","$","M","R","?","?","T","?","R","M","M","$","R","BOSS"],"build_version":"2020-11-30","purchased_purges":1,"victory":false,"max_hp_per_floor":[75,75,75,75,75,75,75,75,75,75,75,75,75,75,75,75,75,75,75,75,75,75,75,75,75,75,75,75,75,75,75,75,75,75],"card_choices":[{"not_picked":["Anger","Twin Strike"],"picked":"Whirlwind","floor":1.0},{"not_picked":["Cleave","Rage"],"picked":"Uppercut","floor":2.0},{"not_picked":["Havoc","Rage"],"picked":"Flex","floor":7.0},{"not_picked":["Clothesline","Intimidate","Armaments"],"picked":"SKIP","floor":10.0},{"not_picked":["Wild Strike","Battle Trance","Bloodletting"],"picked":"SKIP","floor":12.0},{"not_picked":["Dropkick","Armaments"],"picked":"Infernal Blade","floor":13.0},{"not_picked":["Barricade","Feed"],"picked":"Immolate","floor":16.0},{"not_picked":["Rampage","Headbutt+1"],"picked":"Flex","floor":18.0},{"not_picked":["Metallicize","Body Slam"],"picked":"Flex","floor":19.0},{"not_picked":["Iron Wave","Second Wind"],"picked":"Flex","floor":22.0},{"not_picked":["Perfected Strike","Wild Strike","Thunderclap"],"picked":"SKIP","floor":29.0},{"not_picked":["Evolve","Sword Boomerang","Armaments+1"],"picked":"SKIP","floor":30.0}],"player_experience":71878,"relics_obtained":[{"floor":9.0,"key":"Boot"},{"floor":12.0,"key":"War Paint"},{"floor":26.0,"key":"Darkstone Periapt"}],"event_choices":[{"damage_healed":0.0,"max_hp_gain":0.0,"max_hp_loss":0.0,"gold_gain":0.0,"event_name":"Big Fish","player_choice":"Box","floor":4.0,"gold_loss":0.0,"damage_taken":0.0,"relics_obtained":["Pen Nib"],"cards_obtained":["Regret"]},{"damage_healed":0.0,"max_hp_gain":0.0,"max_hp_loss":0.0,"gold_gain":75.0,"event_name":"World of Goop","player_choice":"Gather Gold","floor":5.0,"gold_loss":0.0,"damage_taken":11.0},{"damage_healed":0.0,"max_hp_gain":0.0,"max_hp_loss":0.0,"gold_gain":0.0,"event_name":"Lab","player_choice":"Got Potions","floor":11.0,"gold_loss":0.0,"damage_taken":0.0},{"damage_healed":0.0,"max_hp_gain":0.0,"max_hp_loss":0.0,"gold_gain":0.0,"event_name":"Golden Idol","player_choice":"Take Wound","floor":14.0,"gold_loss":0.0,"damage_taken":0.0,"relics_obtained":["Golden Idol"],"cards_obtained":["Injury"]},{"damage_healed":0.0,"max_hp_gain":0.0,"max_hp_loss":0.0,"gold_gain":0.0,"event_name":"Forgotten Altar","player_choice":"Gave Idol","floor":20.0,"relics_lost":["Golden Idol"],"gold_loss":0.0,"damage_taken":0.0,"relics_obtained":["Bloody Idol"]},{"damage_healed":0.0,"max_hp_gain":0.0,"max_hp_loss":0.0,"gold_gain":0.0,"event_name":"Drug Dealer","player_choice":"Inject Mutagens","floor":25.0,"gold_loss":0.0,"damage_taken":0.0,"relics_obtained":["MutagenicStrength"]}],"is_beta":false,"boss_relics":[{"not_picked":["Ectoplasm","Empty Cage"],"picked":"Black Blood"}],"items_purged_floors":[8],"is_endless":false,"potions_floor_spawned":[7,10,13,19,22,30],"killed_by":"Automaton","ascension_level":16}}