{"host":"u4wwrwxco60h43l5","time":1607522858,"event":{"gold_per_floor":[113,113,132,150,150,150,50,83,83,83,107,107,147,175,175,301,301,322,322,79,79,104,142,161,185,212,231,231,251,285,303,303,303,303],"floor_reached":33,"playtime":1151,"items_purged":["Strike_P","Strike_P","Strike_P"],"score":295,"play_id":"0bab025a-764b-4828-b4da-2f5f278dbc1d","local_time":"20201209230738","is_ascension_mode":false,"campfire_choices":[{"data":"Vigilance","floor":6,"key":"SMITH"},{"floor":10,"key":"REST"},{"data":"PathToVictory","floor":12,"key":"SMITH"},{"data":"PathToVictory","floor":15,"key":"SMITH"},{"floor":28,"key":"REST"},{"floor":32,"key":"REST"}],"neow_cost":"NONE","seed_source_timestamp":18146378590600,"circlet_count":0,"master_deck":["Strike_P","Defend_P","Defend_P","Defend_P","Defend_P","Eruption","Vigilance+1","Master of Strategy","EmptyBody","Protect","Consecrate","PathToVictory+1","PathToVictory+1","PathToVictory","CrushJoints","FlurryOfBlows","CrushJoints+1","Perseverance","LikeWater","EmptyBody+1","ClearTheMind+1"],"relics":["REME_ComplimentaryCards","Runic Pyramid","Ice Cream","Golden Idol","Mummified Hand","Centennial Puzzle","Odd Mushroom","VioletLotus","CultistMask","Juzu Bracelet","Tiny Chest","Omamori","Orichalcum","Toxic Egg 2"],"potions_floor_usage":[13,23,30,30,33],"damage_taken":[{"damage":0,"enemies":"Small Slimes","floor":1,"turns":3},{"damage":14,"enemies":"Jaw Worm","floor":3,"turns":4},{"damage":2,"enemies":"2 Louse","floor":4,"turns":3},{"damage":14,"enemies":"Gremlin Nob","floor":8,"turns":5},{"damage":2,"enemies":"Blue Slaver","floor":11,"turns":3},{"damage":8,"enemies":"3 Sentries","floor":13,"turns":5},{"damage":0,"enemies":"The Mushroom Lair","floor":14,"turns":3},{"damage":6,"enemies":"The Guardian","floor":16,"turns":6},{"damage":0,"enemies":"Shell Parasite","floor":18,"turns":4},{"damage":0,"enemies":"Spheric Guardian","floor":22,"turns":3},{"damage":30,"enemies":"Gremlin Leader","floor":23,"turns":4},{"damage":0,"enemies":"Cultist and Chosen","floor":24,"turns":4},{"damage":8,"enemies":"Shelled Parasite and Fungi","floor":27,"turns":4},{"damage":23,"enemies":"Sentry and Sphere","floor":29,"turns":5},{"damage":24,"enemies":"Slavers","floor":30,"turns":7},{"damage":15,"enemies":"Snake Plant","floor":31,"turns":4},{"damage":37,"enemies":"Collector","floor":33,"turns":6}],"seed_played":"-1297662887650646788","potions_obtained":[{"floor":3,"key":"AttackPotion"},{"floor":11,"key":"Fire Potion"},{"floor":13,"key":"FairyPotion"},{"floor":16,"key":"LiquidMemories"},{"floor":23,"key":"BlessingOfTheForge"},{"floor":31,"key":"Explosive Potion"}],"is_trial":false,"path_per_floor":["M","?","M","M","?","R","$","E","T","R","M","R","E","?","R","B",null,"M","?","$","$","M","E","M","T","T","M","R","M","E","M","R","B"],"character_chosen":"WATCHER","items_purchased":["PathToVictory","Juzu Bracelet"],"campfire_rested":3,"item_purchase_floors":[7,20],"current_hp_per_floor":[72,60,46,44,44,44,44,30,30,50,48,48,40,40,40,34,67,67,67,67,67,67,37,37,37,37,29,49,26,2,11,31,0,0],"gold":303,"neow_bonus":"BOSS_RELIC","is_prod":false,"is_daily":false,"chose_seed":false,"campfire_upgraded":3,"win_rate":0.0,"timestamp":1607522858,"path_taken":["M","?","M","M","?","R","$","E","T","R","M","R","E","?","R","BOSS","M","?","?","$","M","E","M","?","T","M","R","M","E","M","R","BOSS"],"build_version":"2020-11-30","purchased_purges":3,"victory":false,"max_hp_per_floor":[72,72,72,72,67,67,67,67,67,67,67,67,67,67,67,67,67,67,67,67,67,67,67,67,67,67,67,67,67,67,67,67,67,67],"card_choices":[{"not_picked":["WindmillStrike","REME_Repentance"],"picked":"EmptyBody","floor":1},{"not_picked":["FlyingSleeves","Scrawl"],"picked":"Protect","floor":3},{"not_picked":["Crescendo","JustLucky"],"picked":"Consecrate","floor":4},{"not_picked":["Indignation","EmptyFist","BowlingBash"],"picked":"SKIP","floor":8},{"not_picked":["JustLucky","Study"],"picked":"PathToVictory","floor":11},{"not_picked":["FollowUp","REME_MusicOfDeath"],"picked":"PathToVictory","floor":13},{"not_picked":["SandsOfTime","Pray"],"picked":"CrushJoints","floor":14},{"not_picked":["BowlingBash","Indignation"],"picked":"FlurryOfBlows","floor":18},{"not_picked":["Perseverance+1","Study"],"picked":"CrushJoints+1","floor":22},{"not_picked":["Crescendo","ConjureBlade","WheelKick"],"picked":"SKIP","floor":23},{"not_picked":["Adaptation","Halt"],"picked":"Perseverance","floor":24},{"not_picked":["REME_MusicOfDeath","CutThroughFate"],"picked":"LikeWater","floor":27},{"not_picked":["Crescendo","Nirvana","SashWhip"],"picked":"SKIP","floor":29},{"not_picked":["Evaluate+1","Consecrate"],"picked":"EmptyBody+1","floor":30},{"not_picked":["Evaluate+1","Crescendo+1"],"picked":"ClearTheMind+1","floor":31}],"player_experience":108732,"relics_obtained":[{"floor":8,"key":"Mummified Hand"},{"floor":13,"key":"Centennial Puzzle"},{"floor":14,"key":"Odd Mushroom"},{"floor":23,"key":"Tiny Chest"},{"floor":25,"key":"Omamori"},{"floor":26,"key":"Orichalcum"},{"floor":30,"key":"Toxic Egg 2"}],"event_choices":[{"damage_healed":0,"gold_gain":0,"player_choice":"Success","damage_taken":12,"relics_obtained":["Ice Cream"],"max_hp_gain":0,"max_hp_loss":0,"event_name":"Scrap Ooze","floor":2,"gold_loss":0},{"damage_healed":0,"gold_gain":0,"player_choice":"Lose Max HP","damage_taken":0,"relics_obtained":["Golden Idol"],"max_hp_gain":0,"max_hp_loss":5,"event_name":"Golden Idol","floor":5,"gold_loss":0},{"damage_healed":0,"gold_gain":0,"player_choice":"Fought Mushrooms","damage_taken":0,"max_hp_gain":0,"max_hp_loss":0,"event_name":"Mushrooms","floor":14,"gold_loss":0},{"damage_healed":0,"gold_gain":0,"player_choice":"Trade","damage_taken":0,"relics_obtained":["CultistMask"],"max_hp_gain":0,"max_hp_loss":0,"event_name":"FaceTrader","floor":19,"gold_loss":0}],"is_beta":false,"boss_relics":[{"not_picked":["REME_DemonsWealth","Sozu"],"picked":"VioletLotus"}],"items_purged_floors":[7,20,21],"is_endless":false,"potions_floor_spawned":[3,11,13,16,18,23,31],"killed_by":"Collector","ascension_level":0}}