{"host":"jc4h38xtrb09g8pb","time":1607496604,"event":{"gold_per_floor":[116,126,126,141,19,19,37,70,123,123,140,159,159,159],"floor_reached":13,"playtime":611,"items_purged":["Strike_G"],"score":122,"play_id":"3350e93d-6cda-4ab0-90cd-dc5c82e09aa5","local_time":"20201209155004","is_ascension_mode":true,"campfire_choices":[{"data":"Phantasmal Killer","floor":6.0,"key":"SMITH"},{"data":"Concentrate","floor":10.0,"key":"SMITH"}],"neow_cost":"NONE","seed_source_timestamp":410975645631000,"circlet_count":0,"master_deck":["Strike_G","Strike_G","Defend_G","Defend_G","Defend_G","Defend_G","Defend_G","Survivor","Neutralize","Phantasmal Killer+1","Escape Plan","Phantasmal Killer","Flying Knee","Acrobatics","Poisoned Stab","Concentrate+1","Footwork"],"special_seed":0,"relics":["Ring of the Snake","Matryoshka","MealTicket","Omamori"],"potions_floor_usage":[12],"damage_taken":[{"damage":0.0,"enemies":"Jaw Worm","floor":1.0,"turns":4.0},{"damage":6.0,"enemies":"Cultist","floor":2.0,"turns":3.0},{"damage":0.0,"enemies":"Small Slimes","floor":4.0,"turns":4.0},{"damage":0.0,"enemies":"3 Louse","floor":7.0,"turns":3.0},{"damage":24.0,"enemies":"3 Sentries","floor":8.0,"turns":9.0},{"damage":5.0,"enemies":"2 Fungi Beasts","floor":11.0,"turns":4.0},{"damage":1,"enemies":"Red Slaver","floor":12,"turns":4},{"damage":0,"enemies":"Gremlin Gang","floor":13,"turns":3}],"seed_played":"-7956871704288358020","potions_obtained":[{"floor":1.0,"key":"Strength Potion"},{"floor":2.0,"key":"Ancient Potion"},{"floor":8.0,"key":"Swift Potion"}],"is_trial":false,"path_per_floor":["M","M","?","M","$","R","M","E","T","R","M","M","M"],"character_chosen":"THE_SILENT","items_purchased":["Acrobatics"],"campfire_rested":0,"item_purchase_floors":[5],"current_hp_per_floor":[63,57,57,57,57,57,57,33,33,33,28,27,27,27],"gold":159,"neow_bonus":"TRANSFORM_CARD","is_prod":false,"is_daily":false,"chose_seed":false,"campfire_upgraded":2,"win_rate":0,"timestamp":1607496604,"path_taken":["M","M","?","M","?","R","M","E","T","R","M","M","M"],"build_version":"2020-11-30","purchased_purges":1,"victory":false,"max_hp_per_floor":[70,70,70,70,70,70,70,70,70,70,70,70,70,70],"card_choices":[{"not_picked":["Skewer","Outmaneuver"],"picked":"Escape Plan","floor":1.0},{"not_picked":["Prepared","Accuracy","Caltrops"],"picked":"SKIP","floor":2.0},{"not_picked":["Outmaneuver","Deflect"],"picked":"Flying Knee","floor":4.0},{"not_picked":["Acrobatics","Noxious Fumes"],"picked":"Poisoned Stab","floor":7.0},{"not_picked":["Deadly Poison","Flechettes"],"picked":"Concentrate","floor":8.0},{"not_picked":["Underhanded Strike","Outmaneuver","Masterful Stab"],"picked":"SKIP","floor":11.0},{"not_picked":["Distraction","Poisoned Stab"],"picked":"Footwork","floor":12}],"player_experience":687440,"relics_obtained":[{"floor":8.0,"key":"Matryoshka"},{"floor":9.0,"key":"MealTicket"},{"floor":9.0,"key":"Omamori"}],"event_choices":[{"damage_healed":0.0,"max_hp_gain":0.0,"max_hp_loss":0.0,"gold_gain":0.0,"cards_transformed":["Strike_G"],"event_name":"Living Wall","player_choice":"Change","floor":3.0,"gold_loss":0.0,"damage_taken":0.0,"cards_obtained":["Phantasmal Killer"]}],"is_beta":false,"boss_relics":[],"items_purged_floors":[5],"is_endless":false,"potions_floor_spawned":[1,2,8],"killed_by":"Gremlin Gang","ascension_level":8}}