{"host":"3i2tkznhkyuhc74w","time":1607473922,"event":{"gold_per_floor":[109,109,58,58,77,77,93,93,93,93,113,113,176,176,176,176,176],"floor_reached":16,"playtime":531,"items_purged":[],"score":88,"play_id":"e7c233d2-d4fe-479a-b553-75f20a271886","local_time":"20201208193202","is_ascension_mode":false,"campfire_choices":[{"data":"Neutralize","floor":6,"key":"SMITH"},{"data":"Poisoned Stab","floor":8,"key":"SMITH"},{"floor":10,"key":"RECALL"},{"data":"Strike_G","floor":12,"key":"SMITH"}],"neow_cost":"NONE","seed_source_timestamp":2146168400617300,"circlet_count":0,"master_deck":["Strike_G+1","Strike_G","Strike_G","Strike_G","Strike_G","Defend_G+1","Defend_G","Defend_G","Defend_G","Defend_G+1","Survivor+1","Neutralize+1","PiercingWail+1","Poisoned Stab+1","Backflip"],"relics":["Ring of the Snake","NeowsBlessing","Juzu Bracelet"],"potions_floor_usage":[16,16],"damage_taken":[{"damage":0,"enemies":"Jaw Worm","floor":1,"turns":1},{"damage":0,"enemies":"2 Louse","floor":5,"turns":1},{"damage":0,"enemies":"Cultist","floor":7,"turns":1},{"damage":0,"enemies":"2 Fungi Beasts","floor":11,"turns":3},{"damage":21,"enemies":"Lagavulin Event","floor":13,"turns":7},{"damage":25,"enemies":"Fading Forest","floor":16,"turns":8}],"seed_played":"-4825821197087392974","potions_obtained":[{"floor":5,"key":"Swift Potion"},{"floor":7,"key":"GamblersBrew"},{"floor":15,"key":"EssenceOfSteel"},{"floor":15,"key":"Swift Potion"}],"is_trial":false,"path_per_floor":["M","?","$","?","M","R","M","R","T","R","M","R","?","?","R_BF","B"],"character_chosen":"THE_SILENT","items_purchased":["Poisoned Stab"],"campfire_rested":0,"item_purchase_floors":[3],"current_hp_per_floor":[70,70,70,70,70,70,70,70,70,70,70,70,49,35,35,20,20],"gold":176,"neow_bonus":"THREE_ENEMY_KILL","is_prod":false,"is_daily":false,"chose_seed":false,"campfire_upgraded":3,"win_rate":0,"timestamp":1607473922,"path_taken":["M","?","$","?","M","R","?","R","T","R","M","R","?","?","R_BF","BOSS"],"build_version":"2020-11-30","purchased_purges":0,"victory":false,"max_hp_per_floor":[70,70,70,70,70,70,70,70,70,70,70,70,70,70,70,70,70],"card_choices":[{"not_picked":["Dodge and Roll","Acrobatics"],"picked":"PiercingWail","floor":1},{"not_picked":["Draining Mist","Deflect","Escape Plan"],"picked":"SKIP","floor":5},{"not_picked":["Dagger Throw","Deadly Poison","Masterful Stab"],"picked":"SKIP","floor":7},{"not_picked":["Fluid Movement","Terror","Deflect"],"picked":"SKIP","floor":11},{"not_picked":["Escape Plan","Slice"],"picked":"Backflip","floor":13}],"player_experience":242790,"relics_obtained":[{"floor":13,"key":"Juzu Bracelet"}],"event_choices":[{"damage_healed":0,"gold_gain":0,"player_choice":"Forge","damage_taken":0,"max_hp_gain":0,"max_hp_loss":0,"event_name":"Accursed Blacksmith","floor":4,"gold_loss":0,"cards_upgraded":["PiercingWail"]},{"damage_healed":0,"gold_gain":30,"player_choice":"Searched \u00272\u0027 times","damage_taken":0,"max_hp_gain":0,"max_hp_loss":0,"event_name":"Dead Adventurer","floor":13,"gold_loss":0},{"damage_healed":0,"gold_gain":0,"player_choice":"Entered Light","damage_taken":14,"max_hp_gain":0,"max_hp_loss":0,"event_name":"Shining Light","floor":14,"gold_loss":0,"cards_upgraded":["Defend_G","Defend_G"]}],"is_beta":false,"boss_relics":[],"items_purged_floors":[],"is_endless":false,"potions_floor_spawned":[5,7],"killed_by":"Fading Forest","ascension_level":0}}