{"host":"fhq3k2nq5elnbks3","time":1607486589,"event":{"gold_per_floor":[117,127,144,144,74,74,74,74,98,118,129,161,161,173,173,276,276,292,292,304,304,318,318,345,345,345,364,381,401,401,127,127,232,232,232],"floor_reached":34,"playtime":2345,"items_purged":[],"score":399,"play_id":"e3add0c4-c4e1-4530-801a-42d2a5785719","local_time":"20201208220309","is_ascension_mode":false,"campfire_choices":[{"data":"Fiend:FiendRadiation","floor":6,"key":"SMITH"},{"data":"Fiend:FiendFlay","floor":8,"key":"SMITH"},{"data":"Fiend:FiendMutativeArms","floor":15,"key":"SMITH"},{"data":"Fiend:FiendMeditate","floor":23,"key":"SMITH"},{"data":"Fiend:FiendFortify","floor":25,"key":"SMITH"},{"data":"Fiend:FiendFortify","floor":30,"key":"SMITH"},{"data":"Fiend:FiendConsume","floor":32,"key":"SMITH"}],"neow_cost":"NONE","seed_source_timestamp":60629186044300,"circlet_count":0,"master_deck":["Fiend:FiendDemonSlash","Fiend:FiendDemonSlash","Fiend:FiendDemonSlash","Fiend:FiendDemonSlash","Fiend:FiendDemonSlash","Fiend:FiendFortify+1","Fiend:FiendFortify","Fiend:FiendFortify+1","Fiend:FiendFortify+1","Fiend:FiendConsume+1","Fiend:FiendFlay+1","Fiend:FiendRadiation+1","Fiend:FiendMutativeArms+1","Fiend:FiendViolentOutburst+1","Fiend:FiendMeditate+1"],"relics":["Fiend:FiendTotem","Orichalcum","Hallownest:StagBellRelic1","yuri:PortableGlitches","Dream Catcher","Gremlin Horn","Fiend:Scarf","Red Mask","CCEMRelics:FryingPan","SnailShell","MerchantsRug","ClockworkSouvenir","Busted Crown"],"potions_floor_usage":[16],"damage_taken":[{"damage":0,"enemies":"2_ Uuma","floor":1,"turns":5},{"damage":0,"enemies":"Hallownest:monsterHuskWarrior","floor":2,"turns":2},{"damage":2,"enemies":"Hallownest:2_Tiktiks_and_1_Crawlid","floor":3,"turns":3},{"damage":0,"enemies":"Hallownest:monsterMossCharger","floor":10,"turns":4},{"damage":7,"enemies":"Hallownest:Guard_and_Warrior","floor":11,"turns":4},{"damage":13,"enemies":"Hallownest:eliteCrystalGuardian","floor":12,"turns":5},{"damage":8,"enemies":"Hallownest:MossCreep_and_Mosskin","floor":14,"turns":4},{"damage":12,"enemies":"Hallownest:BossFalseKnight","floor":16,"turns":6},{"damage":3,"enemies":"Hallownest:2_Mistakes","floor":18,"turns":4},{"damage":4,"enemies":"Hallownest:Guard_and_Sentry","floor":20,"turns":3},{"damage":0,"enemies":"Hallownest:2_Flukemon","floor":22,"turns":5},{"damage":0,"enemies":"Hallownest:Nosk","floor":24,"turns":5},{"damage":0,"enemies":"Hallownest:monsterShrumalOgre","floor":27,"turns":3},{"damage":5,"enemies":"Hallownest:3_Mistakes","floor":28,"turns":5},{"damage":16,"enemies":"Hallownest:Master_and_Novice","floor":29,"turns":4},{"damage":25,"enemies":"Hallownest:BossMantisLord","floor":33,"turns":6}],"seed_played":"2059007866363153841","potions_obtained":[{"floor":1,"key":"LiquidMemories"},{"floor":3,"key":"SpeedPotion"},{"floor":16,"key":"PowerPotion"},{"floor":18,"key":"Regen Potion"},{"floor":24,"key":"Weak Potion"},{"floor":33,"key":"Dexterity Potion"}],"is_trial":false,"path_per_floor":["M","M","M","?","?","R","T","R","T","M","M","E","?","M","R","B",null,"M","?","M","?","M","R","E","R","T","M","M","M","R","$","R","B",null],"character_chosen":"THE_FIEND","items_purchased":["MerchantsRug","ClockworkSouvenir"],"campfire_rested":0,"item_purchase_floors":[31,31],"current_hp_per_floor":[70,70,68,68,68,68,68,68,68,68,61,48,48,40,40,33,71,68,68,64,64,64,64,64,64,64,65,60,44,44,44,44,27,27,27],"gold":232,"neow_bonus":"RANDOM_COMMON_RELIC","is_prod":false,"is_daily":false,"chose_seed":false,"campfire_upgraded":7,"win_rate":0.0,"timestamp":1607486589,"path_taken":["M","M","?","?","?","R","?","R","T","M","M","E","?","M","R","BOSS","M","?","M","?","M","R","E","R","T","M","M","M","R","?","R","BOSS"],"build_version":"2020-11-30","purchased_purges":0,"victory":false,"max_hp_per_floor":[70,70,70,70,70,70,70,70,70,70,70,70,70,70,70,71,71,71,71,71,71,71,71,71,71,71,71,71,71,71,71,71,73,73,73],"card_choices":[{"not_picked":["Fiend:FiendMeatMagnet","Fiend:FiendDemonWhip"],"picked":"Fiend:FiendFlay","floor":1},{"not_picked":["Fiend:FiendSplat","Fiend:FiendAlchemeat","Fiend:FiendDemonicContract"],"picked":"SKIP","floor":2},{"not_picked":["Fiend:FiendRampage","Fiend:FiendFleshWhip"],"picked":"Fiend:FiendRadiation","floor":3},{"not_picked":["Fiend:FiendSplat","Fiend:FiendTransmeatation","Fiend:FiendMeatShield"],"picked":"SKIP","floor":10},{"not_picked":["Fiend:FiendMeatPaste","Fiend:FiendDemonWhip"],"picked":"Fiend:FiendMutativeArms","floor":11},{"not_picked":["Fiend:FiendFiendishCharge","Fiend:FiendMeatShield","Fiend:FiendBlackMarket"],"picked":"SKIP","floor":12},{"not_picked":["Fiend:FiendRage","Fiend:FiendRam","Fiend:FiendAmnesia"],"picked":"SKIP","floor":14},{"not_picked":["Fiend:FiendInfect","Fiend:FiendMeatPaste"],"picked":"Fiend:FiendViolentOutburst+1","floor":18},{"not_picked":["Fiend:FiendMeditate","Fiend:FiendFleshWhip","Fiend:FiendRadiation"],"picked":"SKIP","floor":20},{"not_picked":["Fiend:FiendFleshWhip","Fiend:FiendRadiation"],"picked":"Fiend:FiendMeditate","floor":20},{"not_picked":["Fiend:FiendSalvage","Fiend:FiendMeatPaste","Fiend:FiendBloodlust"],"picked":"SKIP","floor":22},{"not_picked":["Fiend:FiendDemonWhip","Fiend:FiendMeatPaste","Fiend:FiendRiskyDice"],"picked":"SKIP","floor":24},{"not_picked":["Fiend:FiendVaccine","Fiend:FiendCancer","Fiend:FiendAmnesia"],"picked":"SKIP","floor":27},{"not_picked":["Fiend:FiendConserve","Fiend:FiendRam+1","Fiend:FiendBloodlust"],"picked":"SKIP","floor":28},{"not_picked":["Fiend:FiendCurse","Fiend:FiendMeatShield","Fiend:FiendSalvage+1"],"picked":"SKIP","floor":29}],"player_experience":483424,"relics_obtained":[{"floor":7,"key":"yuri:PortableGlitches"},{"floor":9,"key":"Dream Catcher"},{"floor":12,"key":"Gremlin Horn"},{"floor":24,"key":"CCEMRelics:FryingPan"},{"floor":26,"key":"SnailShell"}],"event_choices":[],"is_beta":false,"boss_relics":[{"not_picked":["Hololive_ChaosS","aspiration:FutureDiary"],"picked":"Fiend:Scarf"},{"not_picked":["Astrolabe","Cursed Key"],"picked":"Busted Crown"}],"items_purged_floors":[],"is_endless":false,"potions_floor_spawned":[1,3,16,18,24,29,33],"ascension_level":0}}