{"host":"y087t2reloz9bi43","time":1607546153,"event":{"gold_per_floor":[110,110,123,134,309,335,355,355,355,355,381,381,306,334,334,439,439,456,473,443,453,468,494,513,539,587,587,600,600,448,467,467,567,567,587,887,900,962,977,977,1009,1022,1022,1022,897,928,928,928,928,928,928,928,1228,1228,1228],"floor_reached":56,"playtime":5365,"items_purged":["Strike_R","sneckomod:Unknown","conspire:Purge+1"],"score":1727,"play_id":"55bea619-57ed-4129-9f1b-1bb2a36db780","local_time":"20201209203553","is_ascension_mode":true,"campfire_choices":[{"data":"conspire:Purge","floor":8.0,"key":"SMITH"},{"floor":15.0,"key":"REST"},{"data":"Rampage","floor":27.0,"key":"SMITH"},{"data":"Replay:Fractal Strike","floor":32.0,"key":"SMITH"},{"floor":40.0,"key":"RECALL"},{"data":"Demonic Infusion","floor":44.0,"key":"SMITH"},{"data":"jedi:strikingstrike","floor":49.0,"key":"SMITH"},{"floor":52.0,"key":"REST"}],"neow_cost":"NONE","seed_source_timestamp":0,"circlet_count":0,"master_deck":["Replay:Fractal Strike+1","jedi:strikingstrike+1","Rampage+1","Demonic Infusion+1","jedi:unlimitedpower","Flex+1","Offering"],"special_seed":0,"relics":["Burning Blood","ReplayTheSpireMod:SealedPack","infinitespire:EmpoweringShard","construct:FoamFinger","hubris:Potato","Singing Bowl","Paper Frog","ReplayTheSpireMod:DimensionalGlitch","Ginger","vexMod:ScavengeHelm","Anchor","conspire:SeveredTorchhead","Anchor","MealTicket","Meat on the Bone","Juzu Bracelet","hubris:NiceRug","Replay:Towering Pillar of Hats","hubris:BundleOfHerbs","Cauldron"],"potions_floor_usage":[55,55,55],"damage_taken":[{"damage":20.0,"enemies":"Jaw Worm","floor":1.0,"turns":5.0},{"damage":6.0,"enemies":"Cultist","floor":3.0,"turns":3.0},{"damage":10.0,"enemies":"Small Slimes","floor":4.0,"turns":4.0},{"damage":21.0,"enemies":"Gremlin Nob","floor":6.0,"turns":5.0},{"damage":22.0,"enemies":"Looter","floor":7.0,"turns":3.0},{"damage":7.0,"enemies":"Lagavulin","floor":11.0,"turns":6.0},{"damage":16.0,"enemies":"3 Sentries","floor":14.0,"turns":5.0},{"damage":13.0,"enemies":"Fading Forest","floor":16.0,"turns":11.0},{"damage":2.0,"enemies":"Spheric Guardian","floor":18.0,"turns":3.0},{"damage":10.0,"enemies":"2 Thieves","floor":19.0,"turns":3.0},{"damage":0.0,"enemies":"Sentry and Sphere","floor":21.0,"turns":3.0},{"damage":10.0,"enemies":"3 Cultists","floor":22.0,"turns":4.0},{"damage":9.0,"enemies":"Gremlin Leader","floor":23.0,"turns":4.0},{"damage":10.0,"enemies":"Chosen and Byrds","floor":24.0,"turns":4.0},{"damage":9.0,"enemies":"HollowMod:Nosk","floor":25.0,"turns":4.0},{"damage":0.0,"enemies":"Snake Plant","floor":28.0,"turns":2.0},{"damage":0.0,"enemies":"Sentry and Sphere","floor":31.0,"turns":2.0},{"damage":5.0,"enemies":"hubris:MusketHawk","floor":33.0,"turns":3.0},{"damage":8.0,"enemies":"3 Darklings","floor":35.0,"turns":2.0},{"damage":5.0,"enemies":"3 Shapes","floor":37.0,"turns":2.0},{"damage":0.0,"enemies":"Maw","floor":39.0,"turns":1.0},{"damage":0.0,"enemies":"Giant Head","floor":41.0,"turns":1.0},{"damage":0.0,"enemies":"4 Shapes","floor":42.0,"turns":1.0},{"damage":13.0,"enemies":"R_Hoarder","floor":46.0,"turns":7.0},{"damage":0.0,"enemies":"Awakened One","floor":50.0,"turns":2.0},{"damage":0.0,"enemies":"hubris:Merchant","floor":53.0,"turns":2.0},{"damage":0.0,"enemies":"Shield and Spear","floor":54.0,"turns":2.0},{"damage":0,"enemies":"The Heart","floor":55,"turns":3}],"seed_played":"3780418684155934022","potions_obtained":[{"floor":2.0,"key":"Languid Potion"},{"floor":2.0,"key":"Flashbang"},{"floor":2.0,"key":"LifebloodPotion"},{"floor":3.0,"key":"Block Potion"},{"floor":4.0,"key":"jedi:StrikingPotion"},{"floor":7.0,"key":"Energy Potion"},{"floor":11.0,"key":"Strength Potion"},{"floor":19.0,"key":"SteroidPotion"},{"floor":20.0,"key":"BlessingOfTheForge"},{"floor":20.0,"key":"HeartOfIron"},{"floor":21.0,"key":"PowerPotion"},{"floor":25.0,"key":"jedi:mysterypotion"},{"floor":33.0,"key":"jedi:hoardpotion"},{"floor":38.0,"key":"BloodPotion"},{"floor":53.0,"key":"LifebloodPotion"},{"floor":53.0,"key":"Swift Potion"},{"floor":53.0,"key":"PowerPotion"},{"floor":53.0,"key":"SteroidPotion"},{"floor":53.0,"key":"Guardian:BlockOnCardUsePotion"}],"is_trial":false,"path_per_floor":["M","?","M","M","?","E","M","R","T","?","E","T","$","E","R","B",null,"M","M","?","M","M","E","M","E","T","R","M","?","$","M","R","B",null,"M","?","M","?","M","R","E","M","T","R","$","E","$","?","R","B",null,"R","$","E","B",null],"character_chosen":"IRONCLAD","items_purchased":["Strength Potion"],"campfire_rested":2,"item_purchase_floors":[30],"current_hp_per_floor":[66,66,66,62,62,47,43,43,43,43,42,42,42,34,58,63,84,86,81,81,86,81,75,70,66,66,66,71,57,57,62,62,60,100,97,97,97,58,63,63,68,73,73,73,88,78,93,93,93,96,112,112,124,124,124],"gold":1228,"neow_bonus":"CURSED_BOSS_RELIC","is_prod":false,"is_daily":false,"chose_seed":false,"campfire_upgraded":5,"win_rate":0,"timestamp":1607546153,"path_taken":["M","?","?","M","?","E","M","R","T","?","E","?","$","E","R","BOSS","M","M","?","?","M","E","M","E","T","R","?","?","$","M","R","BOSS","M","?","?","?","?","R","E","M","T","R","$","E","$","?","R","BOSS","R","$","E","BOSS"],"build_version":"2020-11-30","purchased_purges":3,"victory":true,"max_hp_per_floor":[80,80,80,80,80,80,80,80,80,80,80,80,80,82,82,84,84,86,88,88,90,92,92,94,96,96,96,98,98,98,100,100,100,100,102,102,104,106,108,108,110,112,112,112,112,112,112,112,112,112,112,112,124,124,124],"card_choices":[{"not_picked":["HollowMod:PogoStrike","Slimebound:CorrosiveSpit"],"picked":"sneckomod:Unknown","floor":0.0},{"not_picked":["Eclipse","jedi:harder"],"picked":"conspire:Purge","floor":0.0},{"not_picked":["Bandage Up","Blind"],"picked":"Replay:SS_hec_4","floor":0.0},{"not_picked":["infinitespire:Fortify","infinitespire:Starlight"],"picked":"Replay:Fractal Strike","floor":0.0},{"not_picked":["Run Through","Disarm","Pommel Strike"],"picked":"SKIP","floor":1.0},{"not_picked":["jedi:controlledanger","Run Through"],"picked":"Inflame","floor":3.0},{"not_picked":["ReplayTheSpireMod:Strike From Hell","Iron Wave"],"picked":"Cleave","floor":4.0},{"not_picked":["Sword Boomerang","Cleave"],"picked":"jedi:strikingstrike","floor":6.0},{"not_picked":["Clothesline","Rage"],"picked":"True Grit","floor":7.0},{"not_picked":["True Grit","Barricade"],"picked":"Rampage","floor":11.0},{"not_picked":["hubris:CleavingFinish","True Grit","Entrench"],"picked":"Singing Bowl","floor":14.0},{"not_picked":["Feed","hubris:StunningStrike","Impervious"],"picked":"Singing Bowl","floor":16.0},{"not_picked":["jedi:controlledanger","Sever Soul","Pummel+1"],"picked":"Singing Bowl","floor":18.0},{"not_picked":["Shrug It Off","Twin Strike","Seeing Red"],"picked":"Singing Bowl","floor":19.0},{"not_picked":["Cleave","Wild Strike","Defy Death"],"picked":"Singing Bowl","floor":21.0},{"not_picked":["Clothesline","Battle Trance+1","Cleave+1"],"picked":"Singing Bowl","floor":22.0},{"not_picked":["Anger","Fire Breathing"],"picked":"ReplayTheSpireMod:Strike From Hell+1","floor":23.0},{"not_picked":["Twin Strike","Bloodletting","Perfected Strike+1"],"picked":"Singing Bowl","floor":24.0},{"not_picked":["jedi:controlledanger","Flame Barrier+1","Iron Wave"],"picked":"Singing Bowl","floor":25.0},{"not_picked":["Whirlwind","Shrug It Off","Evolve"],"picked":"Singing Bowl","floor":28.0},{"not_picked":["Defy Death+1","Wild Strike","Combust"],"picked":"Singing Bowl","floor":31.0},{"not_picked":["Brutality","Offering"],"picked":"Demonic Infusion","floor":33.0},{"not_picked":["Whirlwind","Clash","Wild Strike"],"picked":"Singing Bowl","floor":35.0},{"not_picked":["Blood for Blood","Cleave","Flex"],"picked":"Singing Bowl","floor":37.0},{"not_picked":["jedi:collectorstrike+1","Spot Weakness+1","Run Through"],"picked":"Singing Bowl","floor":38.0},{"not_picked":["Sword Boomerang","Warcry+1"],"picked":"jedi:unlimitedpower","floor":38.0},{"not_picked":["Whirlwind","Headbutt","Clothesline"],"picked":"Singing Bowl","floor":39.0},{"not_picked":["Havoc","Armaments","Warcry"],"picked":"Singing Bowl","floor":41.0},{"not_picked":["Body Slam","Whirlwind","Heavy Blade"],"picked":"Singing Bowl","floor":42.0},{"not_picked":["Warcry+1","ReplayReversal+1"],"picked":"Flex+1","floor":46.0},{"not_picked":["infinitespire:OneForAll"],"picked":"Singing Bowl","floor":53.0},{"not_picked":["Wild Strike"],"picked":"Singing Bowl","floor":53.0},{"not_picked":["Battle Trance"],"picked":"Singing Bowl","floor":53.0},{"not_picked":[],"picked":"Offering","floor":53.0},{"not_picked":["Fire Breathing"],"picked":"Singing Bowl","floor":53.0},{"not_picked":["ReplayTheSpireMod:Trickstab"],"picked":"Singing Bowl","floor":53.0},{"not_picked":["The Bomb"],"picked":"Singing Bowl","floor":53.0},{"not_picked":["hubris:ReadiedAction","Thunderclap","jedi:harder"],"picked":"SKIP","floor":54}],"player_experience":299246,"relics_obtained":[{"floor":6.0,"key":"infinitespire:EmpoweringShard"},{"floor":9.0,"key":"construct:FoamFinger"},{"floor":11.0,"key":"hubris:Potato"},{"floor":12.0,"key":"Singing Bowl"},{"floor":14.0,"key":"Paper Frog"},{"floor":23.0,"key":"Ginger"},{"floor":25.0,"key":"vexMod:ScavengeHelm"},{"floor":38.0,"key":"Anchor"},{"floor":41.0,"key":"MealTicket"},{"floor":43.0,"key":"Meat on the Bone"},{"floor":46.0,"key":"Juzu Bracelet"},{"floor":53.0,"key":"Replay:Towering Pillar of Hats"},{"floor":53.0,"key":"hubris:BundleOfHerbs"},{"floor":53.0,"key":"Cauldron"}],"event_choices":[{"damage_healed":0.0,"max_hp_gain":0.0,"max_hp_loss":0.0,"gold_gain":0.0,"event_name":"Lab","player_choice":"Got Potions","floor":2.0,"gold_loss":0.0,"damage_taken":0.0},{"damage_healed":0.0,"max_hp_gain":0.0,"max_hp_loss":0.0,"gold_gain":175.0,"event_name":"Liars Game","player_choice":"AGREE","floor":5.0,"gold_loss":0.0,"damage_taken":0.0,"cards_obtained":["Doubt"]},{"damage_healed":0.0,"max_hp_gain":0.0,"max_hp_loss":0.0,"gold_gain":0.0,"event_name":"The Woman in Blue","player_choice":"Bought 2 Potions","floor":20.0,"gold_loss":0.0,"damage_taken":0.0},{"damage_healed":0.0,"max_hp_gain":0.0,"max_hp_loss":0.0,"gold_gain":0.0,"event_name":"blackbeard:ShipwreckEvent","player_choice":"Anchor","floor":29.0,"gold_loss":0.0,"damage_taken":0.0,"relics_obtained":["Anchor"]},{"damage_healed":0.0,"max_hp_gain":0.0,"max_hp_loss":0.0,"gold_gain":300.0,"event_name":"Wheel of Change","player_choice":"Gold","floor":36.0,"gold_loss":0.0,"damage_taken":0.0},{"damage_healed":0.0,"max_hp_gain":0.0,"max_hp_loss":0.0,"gold_gain":0.0,"event_name":"conspire:Investor","player_choice":"Leave","floor":48.0,"gold_loss":0.0,"damage_taken":0.0}],"is_beta":false,"boss_relics":[{"not_picked":["vexMod:ImprovementManual","Cursed Key"],"picked":"ReplayTheSpireMod:DimensionalGlitch"},{"not_picked":["Ring of Chaos","Runic Dome"],"picked":"conspire:SeveredTorchhead"}],"items_purged_floors":[13,30,45],"is_endless":false,"potions_floor_spawned":[3,4,7,11,19,21,25,33,39,41],"ascension_level":1}}