{"host":"hfxp6ue4pvwo3fit","time":1607522924,"event":{"gold_per_floor":[118,137,137,137,150,176,176,208,208,258,258,272,287,221,221,221,221],"floor_reached":16,"playtime":446,"items_purged":[],"score":215,"play_id":"eb36fa67-bff0-496a-9857-c17c3a25ece1","local_time":"20201209080844","is_ascension_mode":true,"campfire_choices":[{"floor":7,"key":"REST"},{"data":"Crippling Poison","floor":11,"key":"SMITH"},{"floor":15,"key":"REST"}],"neow_cost":"NONE","seed_source_timestamp":1592096673125011,"circlet_count":0,"master_deck":["AscendersBane","Strike_G","Strike_G","Strike_G","Strike_G","Strike_G","Defend_G","Defend_G","Defend_G","Defend_G","Defend_G","Survivor","Neutralize","Predator","Blade Dance+1","Bouncing Flask+1","Footwork+1","Crippling Poison+1","Escape Plan"],"relics":["Ring of the Snake","Hammer of Thor","Seething Fire","Anvil of the Gods","Frozen Egg 2","Bottled Tornado","Thread and Needle","Letter Opener"],"potions_floor_usage":[6,16,16],"damage_taken":[{"damage":0,"enemies":"Small Slimes","floor":1,"turns":2},{"damage":0,"enemies":"Cultist","floor":2,"turns":3},{"damage":0,"enemies":"2 Louse","floor":5,"turns":2},{"damage":10,"enemies":"Lagavulin","floor":6,"turns":4},{"damage":20,"enemies":"3 Sentries","floor":8,"turns":12},{"damage":2,"enemies":"Blue Slaver","floor":12,"turns":4},{"damage":6,"enemies":"Large Slime","floor":13,"turns":5},{"damage":28,"enemies":"Slime Boss","floor":16,"turns":7}],"seed_played":"-7035036642736404741","potions_obtained":[{"floor":2,"key":"EssenceOfSteel"},{"floor":5,"key":"LiquidMemories"},{"floor":6,"key":"Block Potion"}],"is_trial":false,"path_per_floor":["M","M","?","?","M","E","R","E","T","?","R","M","M","?","R","B"],"character_chosen":"THE_SILENT","items_purchased":[],"campfire_rested":2,"item_purchase_floors":[],"current_hp_per_floor":[59,59,39,28,28,18,37,17,17,17,17,15,9,9,28,0,0],"gold":221,"neow_bonus":"THREE_CARDS","is_prod":false,"is_daily":false,"chose_seed":false,"campfire_upgraded":1,"win_rate":0,"timestamp":1607522924,"path_taken":["M","M","?","?","M","E","R","E","T","?","R","?","M","?","R","BOSS"],"build_version":"2020-11-30","purchased_purges":0,"victory":false,"max_hp_per_floor":[66,66,66,66,66,66,66,66,66,66,66,66,66,66,66,66,66],"card_choices":[{"not_picked":["Slice","Sucker Punch"],"picked":"Predator","floor":0},{"not_picked":["Cloak And Dagger","Predator"],"picked":"Blade Dance","floor":1},{"not_picked":["Predator","Dagger Spray"],"picked":"Bouncing Flask","floor":2},{"not_picked":["Endless Agony","Well Laid Plans+1"],"picked":"Footwork+1","floor":5},{"not_picked":["Infinite Blades+1","Sucker Punch"],"picked":"Crippling Poison","floor":6},{"not_picked":["Skewer","Sucker Punch"],"picked":"Escape Plan","floor":8},{"not_picked":["Blade Dance","Flechettes","Reflex"],"picked":"SKIP","floor":12},{"not_picked":["Acrobatics","Accuracy+1","Reflex"],"picked":"SKIP","floor":13}],"player_experience":347393,"relics_obtained":[{"floor":6,"key":"Bottled Tornado"},{"floor":8,"key":"Thread and Needle"},{"floor":9,"key":"Letter Opener"}],"event_choices":[{"damage_healed":0,"gold_gain":0,"player_choice":"Entered Light","damage_taken":20,"max_hp_gain":0,"max_hp_loss":0,"event_name":"Shining Light","floor":3,"gold_loss":0,"cards_upgraded":["Blade Dance","Bouncing Flask"]},{"damage_healed":0,"gold_gain":0,"player_choice":"Success","damage_taken":11,"relics_obtained":["Frozen Egg 2"],"max_hp_gain":0,"max_hp_loss":0,"event_name":"Scrap Ooze","floor":4,"gold_loss":0},{"damage_healed":0,"gold_gain":50,"player_choice":"Pray","damage_taken":0,"max_hp_gain":0,"max_hp_loss":0,"event_name":"Golden Shrine","floor":10,"gold_loss":0},{"damage_healed":0,"gold_gain":0,"player_choice":"Left Gold","damage_taken":0,"max_hp_gain":0,"max_hp_loss":0,"event_name":"World of Goop","floor":14,"gold_loss":66}],"is_beta":false,"boss_relics":[],"items_purged_floors":[],"is_endless":false,"potions_floor_spawned":[2,5,6],"killed_by":"Slime Boss","ascension_level":19}}