{"host":"c5j8t0wyh2hvx9ju","time":1607491939,"event":{"gold_per_floor":[111,131,131,131,131,161,161,161,161,83,99,109,109,120,120,241,241,227,227,243,254,286,286,319,319,319,419,296,296,321,321,321,424,424,442,245,263,263,61,93,93,123,172,172,197,224,286,298,310,322,334,346,155,190,190],"floor_reached":56,"playtime":5207,"items_purged":["PrismaMod:IllyaCommonAttack","PrismaMod:IllyaCommonDefend","PrismaMod:IllyaCommonDefend","PrismaMod:IllyaCommonDefend","PrismaMod:IllyaCommonAttack"],"score":1939,"play_id":"8bd2c67e-b808-49cb-910a-f7b820bb762a","local_time":"20201209143219","is_ascension_mode":true,"campfire_choices":[{"data":"PrismaMod:IllyaCommandSeal","floor":8,"key":"SMITH"},{"floor":13,"key":"RECALL"},{"data":"PrismaMod:IllyaUncommonDefend","floor":15,"key":"SMITH"},{"data":"PrismaMod:IllyaGrail","floor":23,"key":"SMITH"},{"data":"PrismaMod:IllyaUberDefendChannel","floor":25,"key":"SMITH"},{"data":"PrismaMod:IllyaCarnivalOrbs","floor":29,"key":"SMITH"},{"data":"PrismaMod:IllyaCheapChannelAttack","floor":32,"key":"SMITH"},{"data":"PrismaMod:IllyaGrail","floor":41,"key":"SMITH"},{"data":"PrismaMod:IllyaUncommonAOEAttack","floor":49,"key":"SMITH"},{"data":"PrismaMod:IllyaUncommonAttack","floor":52,"key":"SMITH"}],"neow_cost":"","seed_source_timestamp":1529521606668800,"circlet_count":0,"master_deck":["PrismaMod:IllyaCommonAttack+1","PrismaMod:IllyaUncommonAttack+1","PrismaMod:IllyaUncommonDefend+1","PrismaMod:IllyaCommandSeal+1","PrismaMod:IllyaUncommonAOEAttack+1","PrismaMod:IllyaInstallMoonCancer","PrismaMod:IllyaUncommonDefend+1","PrismaMod:IllyaUberDefendChannel+1","PrismaMod:IllyaCheapChannelAttack+1","PrismaMod:IllyaCheapChannelAttack+1","PrismaMod:IllyaGrail+1","PrismaMod:IllyaCarnivalOrbs+1","PrismaMod:IllyaCommandSeal+1","PrismaMod:IllyaPoisonTippedWeapons","PrismaMod:IllyaGrail+1","PrismaMod:IllyaUberChannel+1","PrismaMod:IllyaPoisonTippedWeapons+1","PrismaMod:IllyaGrail","PrismaMod:IllyaCarnivalOrbs"],"relics":["PrismaMod:PrismaRuby","Membership Card","WingedGreaves","Meat on the Bone","Runic Pyramid","Matryoshka","Boot","Mercury Hourglass","Calipers","Blue Candle","TungstenRod","Cursed Key","Question Card","Shuriken","Potion Belt","Anchor","Juzu Bracelet","Blood Vial","MawBank","Bird Faced Urn","Bag of Preparation","HornCleat"],"potions_floor_usage":[16,20,27,55,55,55,55,55,55],"damage_taken":[{"damage":0,"enemies":"Small Slimes","floor":1,"turns":4},{"damage":0,"enemies":"Jaw Worm","floor":2,"turns":6},{"damage":11,"enemies":"Lagavulin","floor":6,"turns":10},{"damage":0,"enemies":"2 Louse","floor":11,"turns":4},{"damage":0,"enemies":"Looter","floor":12,"turns":5},{"damage":6,"enemies":"Exordium Wildlife","floor":14,"turns":7},{"damage":9,"enemies":"Slime Boss","floor":16,"turns":12},{"damage":0,"enemies":"2 Thieves","floor":18,"turns":5},{"damage":0,"enemies":"3 Byrds","floor":20,"turns":5},{"damage":0,"enemies":"Snake Plant","floor":21,"turns":6},{"damage":0,"enemies":"Centurion and Healer","floor":22,"turns":7},{"damage":1,"enemies":"Gremlin Leader","floor":24,"turns":9},{"damage":3,"enemies":"Colosseum Slavers","floor":27,"turns":5},{"damage":0,"enemies":"Colosseum Nobs","floor":27,"turns":7},{"damage":0,"enemies":"Book of Stabbing","floor":30,"turns":6},{"damage":0,"enemies":"Collector","floor":33,"turns":10},{"damage":2,"enemies":"3 Shapes","floor":35,"turns":4},{"damage":0,"enemies":"3 Darklings","floor":37,"turns":5},{"damage":0,"enemies":"Nemesis","floor":40,"turns":5},{"damage":0,"enemies":"Giant Head","floor":42,"turns":7},{"damage":0,"enemies":"Reptomancer","floor":45,"turns":6},{"damage":0,"enemies":"Giant Head","floor":46,"turns":7},{"damage":0,"enemies":"Mind Bloom Boss Battle","floor":47,"turns":6},{"damage":0,"enemies":"Time Eater","floor":50,"turns":11},{"damage":20,"enemies":"Shield and Spear","floor":54,"turns":7},{"damage":10,"enemies":"The Heart","floor":55,"turns":10}],"seed_played":"3924528724126547655","potions_obtained":[{"floor":6,"key":"Fire Potion"},{"floor":11,"key":"PowerPotion"},{"floor":12,"key":"GamblersBrew"},{"floor":20,"key":"Dexterity Potion"},{"floor":24,"key":"EntropicBrew"},{"floor":30,"key":"BlessingOfTheForge"},{"floor":40,"key":"SteroidPotion"},{"floor":45,"key":"Fire Potion"}],"is_trial":false,"path_per_floor":["M","M","?","?","?","E","T","R","T","$","M","M","R","M","R","B",null,"M","?","M","M","M","R","E","R","T","?","$","R","E","?","R","B",null,"M","$","M","?","$","E","R","E","T","?","E","E","?","?","R","B",null,"R","$","E","B",null],"character_chosen":"ILLYA","items_purchased":["Membership Card","PrismaMod:IllyaInstallMoonCancer","PrismaMod:IllyaCarnivalOrbs","Question Card","PrismaMod:IllyaPoisonTippedWeapons","Shuriken","Bag of Preparation","PrismaMod:IllyaGrail"],"campfire_rested":0,"item_purchase_floors":[0,10,28,36,36,39,53,53],"current_hp_per_floor":[70,70,70,56,49,41,41,41,41,41,46,51,51,50,50,46,70,70,70,70,70,70,70,69,69,69,70,70,70,70,70,70,70,70,68,68,68,66,66,66,66,66,66,66,66,66,66,66,66,66,66,66,66,50,63],"gold":190,"neow_bonus":"","is_prod":false,"is_daily":false,"chose_seed":false,"campfire_upgraded":9,"win_rate":0,"timestamp":1607491939,"path_taken":["M","M","?","?","?","E","?","R","T","?","M","M","R","M","R","BOSS","M","?","M","M","M","R","E","R","T","?","$","R","E","?","R","BOSS","M","$","M","?","?","E","R","E","T","?","E","E","?","?","R","BOSS","R","$","E","BOSS"],"build_version":"2020-11-30","purchased_purges":5,"victory":true,"max_hp_per_floor":[70,70,70,70,70,70,70,70,70,70,70,70,70,70,70,70,70,70,70,70,70,70,70,70,70,70,70,70,70,70,70,70,70,70,70,70,70,66,66,66,66,66,66,66,66,66,66,66,66,66,66,66,66,66,66],"card_choices":[{"not_picked":["PrismaMod:IllyaGrailKun","PrismaMod:IllyaReinForce"],"picked":"PrismaMod:IllyaCommandSeal","floor":1},{"not_picked":["PrismaMod:IllyaPoisonBomb","PrismaMod:IllyaFeed","PrismaMod:IllyaBoysLove"],"picked":"SKIP","floor":2},{"not_picked":["PrismaMod:IllyaEvokeAll","PrismaMod:IllyaRapidFire"],"picked":"PrismaMod:IllyaUncommonAOEAttack","floor":6},{"not_picked":["PrismaMod:IllyaPartialInstallAssassin","PrismaMod:IllyaDualEvoke","PrismaMod:IllyaUberPoisonBlock"],"picked":"SKIP","floor":11},{"not_picked":["PrismaMod:IllyaRubysPotion","PrismaMod:IllyaCheapChannelPoison","PrismaMod:IllyaGun"],"picked":"SKIP","floor":12},{"not_picked":["PrismaMod:IllyaGun","PrismaMod:IllyaFeed"],"picked":"PrismaMod:IllyaUncommonDefend","floor":14},{"not_picked":["PrismaMod:IllyaZwei","PrismaMod:IllyaUberPoisonChannel"],"picked":"PrismaMod:IllyaUberDefendChannel","floor":16},{"not_picked":["PrismaMod:IllyaCommonEvoke","PrismaMod:IllyaUncommonAOEAttack","PrismaMod:IllyaCheapDefend"],"picked":"SKIP","floor":18},{"not_picked":["PrismaMod:IllyaPoisonBomb","PrismaMod:IllyaBlindPoisonToss","PrismaMod:IllyaMinorRapidFire"],"picked":"SKIP","floor":20},{"not_picked":["PrismaMod:IllyaAOECommonAttack+1","PrismaMod:IllyaBride","PrismaMod:IllyaFeed"],"picked":"SKIP","floor":21},{"not_picked":["PrismaMod:IllyaBride+1","PrismaMod:IllyaHassanGift"],"picked":"PrismaMod:IllyaGrail","floor":22},{"not_picked":["PrismaMod:IllyaBlindPoisonToss","PrismaMod:IllyaRussianRoulette","PrismaMod:IllyaDualEvoke"],"picked":"SKIP","floor":24},{"not_picked":["PrismaMod:IllyaRussianRoulette+1","PrismaMod:IllyaGrailKun"],"picked":"PrismaMod:IllyaCommandSeal+1","floor":30},{"not_picked":["PrismaMod:IllyaCommandSeal+1","PrismaMod:IllyaEvokeAll+1","PrismaMod:IllyaBlindPoisonToss"],"picked":"SKIP","floor":35},{"not_picked":["PrismaMod:IllyaCheapAttack","PrismaMod:IllyaDetonatingBlow","PrismaMod:IllyaUpgradeOrbs+1"],"picked":"PrismaMod:IllyaGrail","floor":37},{"not_picked":["PrismaMod:IllyaPartialInstallAssassin","PrismaMod:IllyaStunPoison+1","PrismaMod:IllyaCheapChannelAttack","PrismaMod:IllyaMaid"],"picked":"SKIP","floor":40},{"not_picked":["PrismaMod:IllyaCommandSeal+1","PrismaMod:IllyaHassanGift+1","PrismaMod:IllyaMinorReinForce"],"picked":"PrismaMod:IllyaUberChannel+1","floor":42},{"not_picked":["PrismaMod:IllyaAOECommonAttack+1","PrismaMod:IllyaMinorRapidFire+1","PrismaMod:IllyaUncommonAOEAttack+1","PrismaMod:IllyaGun"],"picked":"SKIP","floor":45},{"not_picked":["PrismaMod:IllyaCheapChannelAttack+1","PrismaMod:IllyaStunPoison+1","PrismaMod:IllyaUncommonEvoke+1"],"picked":"PrismaMod:IllyaPoisonTippedWeapons+1","floor":46},{"not_picked":["PrismaMod:IllyaRubysPotion","PrismaMod:IllyaGun","PrismaMod:IllyaUberPoisonChannel"],"picked":"PrismaMod:IllyaCarnivalOrbs","floor":54}],"player_experience":835167,"relics_obtained":[{"floor":6,"key":"WingedGreaves"},{"floor":7,"key":"Meat on the Bone"},{"floor":24,"key":"Matryoshka"},{"floor":26,"key":"Boot"},{"floor":26,"key":"Mercury Hourglass"},{"floor":27,"key":"Calipers"},{"floor":27,"key":"Blue Candle"},{"floor":30,"key":"TungstenRod"},{"floor":40,"key":"Potion Belt"},{"floor":42,"key":"Anchor"},{"floor":43,"key":"Juzu Bracelet"},{"floor":43,"key":"Blood Vial"},{"floor":46,"key":"MawBank"},{"floor":47,"key":"Bird Faced Urn"},{"floor":54,"key":"HornCleat"}],"event_choices":[{"cards_removed":["PrismaMod:IllyaCommonDefend"],"damage_healed":0,"gold_gain":0,"player_choice":"Forget","damage_taken":0,"max_hp_gain":0,"max_hp_loss":0,"event_name":"Living Wall","floor":3,"gold_loss":0},{"damage_healed":0,"gold_gain":0,"player_choice":"Entered Light","damage_taken":14,"max_hp_gain":0,"max_hp_loss":0,"event_name":"Shining Light","floor":4,"gold_loss":0,"cards_upgraded":["PrismaMod:IllyaUncommonDefend","PrismaMod:IllyaCommonAttack"]},{"cards_removed":["PrismaMod:IllyaCommonDefend"],"damage_healed":0,"gold_gain":0,"player_choice":"Card Removal","damage_taken":7,"max_hp_gain":0,"max_hp_loss":0,"event_name":"Golden Wing","floor":5,"gold_loss":0},{"damage_healed":0,"gold_gain":0,"cards_transformed":["PrismaMod:IllyaCommonAttack","PrismaMod:IllyaCommonAttack"],"player_choice":"Became Test Subject","damage_taken":0,"max_hp_gain":0,"max_hp_loss":0,"event_name":"Drug Dealer","floor":19,"gold_loss":0,"cards_obtained":["PrismaMod:IllyaCheapChannelAttack","PrismaMod:IllyaCheapChannelAttack"]},{"damage_healed":0,"gold_gain":0,"player_choice":"Fight","damage_taken":0,"max_hp_gain":0,"max_hp_loss":0,"event_name":"Colosseum","floor":27,"gold_loss":0},{"damage_healed":0,"gold_gain":0,"player_choice":"Fought Nobs","damage_taken":0,"max_hp_gain":0,"max_hp_loss":0,"event_name":"Colosseum","floor":27,"gold_loss":0},{"damage_healed":0,"gold_gain":0,"player_choice":"Upgraded","damage_taken":0,"max_hp_gain":0,"max_hp_loss":0,"event_name":"Upgrade Shrine","floor":31,"gold_loss":0,"cards_upgraded":["PrismaMod:IllyaCheapChannelAttack"]},{"damage_healed":0,"gold_gain":0,"player_choice":"Max HP","damage_taken":0,"max_hp_gain":0,"max_hp_loss":4,"event_name":"Winding Halls","floor":38,"gold_loss":0},{"cards_removed":["Writhe"],"damage_healed":0,"gold_gain":0,"player_choice":"Purged","damage_taken":0,"max_hp_gain":0,"max_hp_loss":0,"event_name":"Purifier","floor":44,"gold_loss":0},{"damage_healed":0,"gold_gain":0,"player_choice":"Fight","damage_taken":0,"max_hp_gain":0,"max_hp_loss":0,"event_name":"MindBloom","floor":47,"gold_loss":0},{"damage_healed":0,"gold_gain":0,"player_choice":"Ignored","damage_taken":0,"max_hp_gain":0,"max_hp_loss":0,"event_name":"SecretPortal","floor":48,"gold_loss":0}],"is_beta":false,"boss_relics":[{"not_picked":["Black Star","Snecko Eye"],"picked":"Runic Pyramid"},{"not_picked":["Calling Bell","Empty Cage"],"picked":"Cursed Key"}],"items_purged_floors":[10,28,36,39,53],"is_endless":false,"potions_floor_spawned":[6,11,12,20,24,30,40,45],"ascension_level":3}}