{"host":"q9718omregw4er46","time":1607528579,"event":{"gold_per_floor":[114,114,129,144,144,144,169,181,216,242,270,310,322,360,372,457,469,491,428,445,345,345,345,345,356,356,58,58,58,58],"floor_reached":29,"playtime":805,"items_purged":["Defend_P","Strike_P","Defend_P"],"score":600,"play_id":"1f4e959a-e17e-4a79-9d34-bad81c88fcd4","local_time":"20201209204259","is_ascension_mode":true,"campfire_choices":[{"data":"Eruption","floor":6,"key":"SMITH"},{"data":"CutThroughFate","floor":8,"key":"SMITH"},{"data":"WindmillStrike","floor":13,"key":"SMITH"},{"data":"SashWhip","floor":15,"key":"SMITH"},{"data":"Conclude","floor":23,"key":"SMITH"},{"floor":28,"key":"REST"}],"neow_cost":"NONE","seed_source_timestamp":42558385583243,"circlet_count":0,"master_deck":["AscendersBane","Defend_P","Defend_P","Eruption+1","Vigilance+1","CutThroughFate+1","CrushJoints+1","FlurryOfBlows","Conclude+1","WindmillStrike+1","SashWhip+1","Devotion+1","ForeignInfluence+1","Brilliance+1","Wireheading+1","MentalFortress","Tantrum","Wallop"],"relics":["PureWater","Vajra","MawBank","Juzu Bracelet","Gremlin Horn","Lizard Tail","Astrolabe","Nilry\u0027s Codex","InkBottle"],"potions_floor_usage":[25],"damage_taken":[{"damage":0,"enemies":"Jaw Worm","floor":1,"turns":2},{"damage":0,"enemies":"2 Louse","floor":3,"turns":3},{"damage":0,"enemies":"Cultist","floor":4,"turns":3},{"damage":0,"enemies":"Lagavulin","floor":7,"turns":3},{"damage":0,"enemies":"Looter","floor":10,"turns":1},{"damage":0,"enemies":"Lots of Slimes","floor":11,"turns":2},{"damage":0,"enemies":"Gremlin Nob","floor":12,"turns":2},{"damage":0,"enemies":"Lagavulin","floor":14,"turns":3},{"damage":28,"enemies":"The Guardian","floor":16,"turns":9},{"damage":16,"enemies":"2 Thieves","floor":18,"turns":3},{"damage":0,"enemies":"Chosen","floor":20,"turns":1},{"damage":17,"enemies":"Centurion and Healer","floor":25,"turns":4},{"damage":71,"enemies":"Gremlin Leader","floor":29,"turns":4}],"seed_played":"-549352737519791692","potions_obtained":[{"floor":4,"key":"BlessingOfTheForge"},{"floor":7,"key":"ColorlessPotion"},{"floor":14,"key":"PowerPotion"}],"is_trial":false,"path_per_floor":["M","?","M","M","?","R","E","R","T","M","M","E","R","E","R","B",null,"M","$","M","$","?","R","?","M","T","$","R","E"],"character_chosen":"WATCHER","items_purchased":["Tantrum","Wallop"],"campfire_rested":1,"item_purchase_floors":[27,27],"current_hp_per_floor":[67,56,56,56,56,56,56,56,56,56,56,56,56,56,56,28,63,47,47,47,47,26,26,26,9,9,9,31,15,15],"gold":58,"neow_bonus":"TEN_PERCENT_HP_BONUS","is_prod":false,"is_daily":false,"chose_seed":false,"campfire_upgraded":5,"win_rate":0,"timestamp":1607528579,"path_taken":["M","?","M","M","?","R","E","R","T","M","M","E","R","E","R","BOSS","M","$","M","$","?","R","?","M","T","$","R","E"],"build_version":"2020-11-30","purchased_purges":3,"victory":false,"max_hp_per_floor":[74,74,74,74,74,74,74,74,74,74,74,74,74,74,74,74,74,74,74,74,74,74,74,74,74,74,74,74,74,74],"relic_stats":{"Lizard Tail":37,"Gremlin Horn":[5,5],"counters":[13,39],"Astrolabe":["Devotion","ForeignInfluence","Brilliance"],"Juzu Bracelet":1,"MawBank":144,"obtain_stats":[{"Lizard Tail":14,"Gremlin Horn":12,"Nilry\u0027s Codex":22,"Astrolabe":17,"Vajra":2,"Juzu Bracelet":9,"PureWater":0,"MawBank":7,"InkBottle":26},{"Lizard Tail":8,"Gremlin Horn":7,"Nilry\u0027s Codex":11,"Astrolabe":9,"Vajra":1,"Juzu Bracelet":4,"PureWater":0,"MawBank":4,"InkBottle":12},{"Lizard Tail":19,"Gremlin Horn":16,"Nilry\u0027s Codex":32,"Astrolabe":28,"Vajra":2,"Juzu Bracelet":11,"PureWater":0,"MawBank":11,"InkBottle":36}],"InkBottle":[1]},"card_choices":[{"not_picked":["FollowUp","ForeignInfluence"],"picked":"CutThroughFate","floor":1},{"not_picked":["ClearTheMind","Halt"],"picked":"CrushJoints","floor":3},{"not_picked":["Weave","Perseverance","SandsOfTime"],"picked":"SKIP","floor":4},{"not_picked":["Prostrate","Halt"],"picked":"FlurryOfBlows","floor":7},{"not_picked":["DeceiveReality","Consecrate"],"picked":"Conclude","floor":10},{"not_picked":["SignatureMove","WreathOfFlame"],"picked":"WindmillStrike","floor":11},{"not_picked":["Sanctity","EmptyBody"],"picked":"SashWhip","floor":12},{"not_picked":["FlurryOfBlows","WaveOfTheHand","SashWhip"],"picked":"SKIP","floor":14},{"not_picked":["EmptyFist","Pray","LikeWater"],"picked":"SKIP","floor":18},{"not_picked":["Crescendo+1","JustLucky"],"picked":"Wireheading+1","floor":20},{"not_picked":["SignatureMove","FlyingSleeves"],"picked":"MentalFortress","floor":25}],"player_experience":977412,"relics_obtained":[{"floor":7,"key":"MawBank"},{"floor":9,"key":"Juzu Bracelet"},{"floor":12,"key":"Gremlin Horn"},{"floor":14,"key":"Lizard Tail"},{"floor":22,"key":"Nilry\u0027s Codex"},{"floor":26,"key":"InkBottle"}],"event_choices":[{"damage_healed":0,"gold_gain":0,"player_choice":"Success","damage_taken":11,"relics_obtained":["Vajra"],"max_hp_gain":0,"max_hp_loss":0,"event_name":"Scrap Ooze","floor":2,"gold_loss":0},{"damage_healed":0,"gold_gain":0,"player_choice":"Upgraded","damage_taken":0,"max_hp_gain":0,"max_hp_loss":0,"event_name":"Upgrade Shrine","floor":5,"gold_loss":0,"cards_upgraded":["CrushJoints"]},{"damage_healed":0,"gold_gain":0,"player_choice":"Obtained Book","damage_taken":21,"max_hp_gain":0,"max_hp_loss":0,"event_name":"Cursed Tome","floor":22,"gold_loss":0},{"damage_healed":0,"gold_gain":0,"player_choice":"Forge","damage_taken":0,"max_hp_gain":0,"max_hp_loss":0,"event_name":"Accursed Blacksmith","floor":24,"gold_loss":0,"cards_upgraded":["Vigilance"]}],"is_beta":false,"boss_relics":[{"not_picked":["Tiny House","Empty Cage"],"picked":"Astrolabe"}],"items_purged_floors":[19,21,27],"is_endless":false,"potions_floor_spawned":[4,7,14],"killed_by":"Gremlin Leader","ascension_level":18}}