{"host":"b0dcklafnoly879c","time":1607500258,"event":{"gold_per_floor":[109,125,144,158,108,108,137,137,137,163,163,173,173,173],"floor_reached":13,"playtime":400,"items_purged":[],"score":109,"play_id":"c5037fdc-9498-47d8-9887-3e81b940ba0f","local_time":"20201209165058","is_ascension_mode":true,"campfire_choices":[{"data":"Deadly Poison","floor":6.0,"key":"SMITH"},{"data":"Survivor","floor":8.0,"key":"SMITH"}],"neow_cost":"NONE","seed_source_timestamp":341192630885300,"circlet_count":0,"master_deck":["Strike_G","Strike_G","Strike_G","Strike_G","Defend_G","Defend_G","Defend_G","Defend_G","Defend_G","Survivor+1","Neutralize","Tactician","Deadly Poison+1","PiercingWail"],"special_seed":0,"relics":["Ring of the Snake","NeowsBlessing","Gremlin Horn","Kunai","Orichalcum"],"potions_floor_usage":[],"damage_taken":[{"damage":0.0,"enemies":"Jaw Worm","floor":1.0,"turns":1.0},{"damage":0.0,"enemies":"2 Louse","floor":2.0,"turns":1.0},{"damage":0.0,"enemies":"Small Slimes","floor":3.0,"turns":1.0},{"damage":1.0,"enemies":"Looter","floor":4.0,"turns":4.0},{"damage":54.0,"enemies":"3 Sentries","floor":7.0,"turns":13.0},{"damage":14.0,"enemies":"Lagavulin","floor":10.0,"turns":7.0},{"damage":0,"enemies":"Exordium Wildlife","floor":12,"turns":5},{"damage":2,"enemies":"Gremlin Nob","floor":13,"turns":2}],"seed_played":"2938324470762931277","potions_obtained":[{"floor":7.0,"key":"ColorlessPotion"},{"floor":12,"key":"SpeedPotion"}],"is_trial":false,"path_per_floor":["M","M","M","M","?","R","E","R","T","E","?","M","E"],"character_chosen":"THE_SILENT","items_purchased":[],"campfire_rested":0,"item_purchase_floors":[],"current_hp_per_floor":[70,70,70,69,69,69,15,15,15,1,1,1,0,0],"gold":173,"neow_bonus":"THREE_ENEMY_KILL","is_prod":false,"is_daily":false,"chose_seed":false,"campfire_upgraded":2,"win_rate":0,"timestamp":1607500258,"path_taken":["M","M","M","M","?","R","E","R","T","E","?","M","E"],"build_version":"2020-11-30","purchased_purges":0,"victory":false,"max_hp_per_floor":[70,70,70,70,70,70,70,70,70,70,70,70,70,70],"card_choices":[{"not_picked":["Deflect","Bane","Concentrate"],"picked":"SKIP","floor":1.0},{"not_picked":["Choke","Quick Slash"],"picked":"Tactician","floor":2.0},{"not_picked":["Skewer","Quick Slash"],"picked":"Deadly Poison","floor":3.0},{"not_picked":["Predator","Outmaneuver","Flying Knee"],"picked":"SKIP","floor":4.0},{"not_picked":["Bullet Time","Dagger Spray"],"picked":"PiercingWail","floor":7.0},{"not_picked":["Outmaneuver","Infinite Blades","A Thousand Cuts"],"picked":"SKIP","floor":10.0},{"not_picked":["PiercingWail","Outmaneuver","Dodge and Roll"],"picked":"SKIP","floor":12}],"player_experience":268628,"relics_obtained":[{"floor":7.0,"key":"Gremlin Horn"},{"floor":9.0,"key":"Kunai"},{"floor":10.0,"key":"Orichalcum"}],"event_choices":[{"cards_removed":["Strike_G"],"damage_healed":0.0,"max_hp_gain":0.0,"max_hp_loss":0.0,"gold_gain":0.0,"event_name":"The Cleric","player_choice":"Card Removal","floor":5.0,"gold_loss":50.0,"damage_taken":0.0},{"damage_healed":0.0,"max_hp_gain":0.0,"max_hp_loss":0.0,"gold_gain":0.0,"event_name":"Scrap Ooze","player_choice":"Fled","floor":11.0,"gold_loss":0.0,"damage_taken":0.0}],"is_beta":false,"boss_relics":[],"items_purged_floors":[],"is_endless":false,"potions_floor_spawned":[7,12],"killed_by":"Gremlin Nob","ascension_level":3}}