{"host":"3y2rtlgteqp2nuo3","time":1607493414,"event":{"gold_per_floor":[14,26,37,55,70,96,96,106,132,161,171,171,26,201,201,297,297,307,327,346,346,346,375,375,392,392,418,434,434,448,466,466,569,569,584,138,138,138,50,50,65,85,85,97,97,117,167,8,8,8,8],"floor_reached":50,"playtime":2258,"items_purged":["Strike_B+1","Doubt"],"score":907,"play_id":"ca6f8351-a515-4245-aa9a-c07c440d1261","local_time":"20201209145654","is_ascension_mode":true,"campfire_choices":[{"data":"Zap","floor":7.0,"key":"SMITH"},{"data":"Coolheaded","floor":12.0,"key":"SMITH"},{"data":"Dualcast","floor":15.0,"key":"SMITH"},{"floor":24.0,"key":"REST"},{"floor":32.0,"key":"REST"},{"data":"Streamline","floor":45.0,"key":"SMITH"},{"data":"Echo Form","floor":49.0,"key":"SMITH"}],"neow_cost":"NO_GOLD","seed_source_timestamp":1315200408885400,"circlet_count":0,"master_deck":["AscendersBane","Strike_B+1","Strike_B+1","Strike_B+1","Defend_B+1","Defend_B+1","Defend_B+1","Defend_B+1","Zap+1","Dualcast+1","All For One","BootSequence","Cold Snap","Compile Driver","All For One","Reinforced Body","FTL","Ball Lightning","Coolheaded+1","Seek","Streamline+1","Beam Cell+1","Necronomicurse","Ghostly","Ghostly","Ghostly","Ghostly","Ghostly","Glacier","Beam Cell","Leap","Streamline","Scrape","Turbo","Master of Strategy","Force Field+1","Heatsinks+1","Parasite","Echo Form+1","Go for the Eyes+1","Go for the Eyes"],"special_seed":0,"relics":["Cracked Core","Sundial","Bag of Preparation","Shuriken","Lee\u0027s Waffle","Philosopher\u0027s Stone","Necronomicon","Oddly Smooth Stone","Lantern","Toy Ornithopter","SacredBark","OrangePellets","MawBank","Symbiotic Virus","Du-Vu Doll","Membership Card"],"potions_floor_usage":[50],"damage_taken":[{"damage":0.0,"enemies":"2 Louse","floor":1.0,"turns":3.0},{"damage":0.0,"enemies":"Small Slimes","floor":2.0,"turns":3.0},{"damage":0.0,"enemies":"Jaw Worm","floor":3.0,"turns":3.0},{"damage":0.0,"enemies":"2 Fungi Beasts","floor":4.0,"turns":3.0},{"damage":6.0,"enemies":"Red Slaver","floor":5.0,"turns":4.0},{"damage":32.0,"enemies":"3 Sentries","floor":6.0,"turns":8.0},{"damage":1.0,"enemies":"Gremlin Gang","floor":8.0,"turns":4.0},{"damage":10.0,"enemies":"Lagavulin","floor":10.0,"turns":6.0},{"damage":0.0,"enemies":"Looter","floor":11.0,"turns":2.0},{"damage":41.0,"enemies":"The Guardian","floor":16.0,"turns":9.0},{"damage":21.0,"enemies":"3 Byrds","floor":18.0,"turns":4.0},{"damage":0.0,"enemies":"Chosen","floor":19.0,"turns":3.0},{"damage":10.0,"enemies":"3 Cultists","floor":20.0,"turns":4.0},{"damage":23.0,"enemies":"Slavers","floor":23.0,"turns":3.0},{"damage":1.0,"enemies":"Snake Plant","floor":25.0,"turns":5.0},{"damage":0.0,"enemies":"Gremlin Leader","floor":27.0,"turns":5.0},{"damage":1.0,"enemies":"Cultist and Chosen","floor":28.0,"turns":6.0},{"damage":0.0,"enemies":"Sentry and Sphere","floor":30.0,"turns":4.0},{"damage":0.0,"enemies":"Shelled Parasite and Fungi","floor":31.0,"turns":5.0},{"damage":10.0,"enemies":"Collector","floor":33.0,"turns":11.0},{"damage":0.0,"enemies":"Orb Walker","floor":35.0,"turns":3.0},{"damage":0.0,"enemies":"Giant Head","floor":40.0,"turns":1.0},{"damage":0.0,"enemies":"3 Darklings","floor":41.0,"turns":4.0},{"damage":0.0,"enemies":"Transient","floor":42.0,"turns":5.0},{"damage":0.0,"enemies":"4 Shapes","floor":44.0,"turns":7.0},{"damage":1.0,"enemies":"Writhing Mass","floor":46.0,"turns":5.0},{"damage":5.0,"enemies":"Mind Bloom Boss Battle","floor":47.0,"turns":4.0},{"damage":43,"enemies":"Time Eater","floor":50,"turns":8}],"seed_played":"2448402879005847320","potions_obtained":[{"floor":3.0,"key":"SteroidPotion"},{"floor":6.0,"key":"SkillPotion"},{"floor":16.0,"key":"SteroidPotion"},{"floor":20.0,"key":"DistilledChaos"},{"floor":25.0,"key":"DistilledChaos"},{"floor":30.0,"key":"SmokeBomb"},{"floor":33.0,"key":"BlessingOfTheForge"},{"floor":41.0,"key":"SpeedPotion"}],"is_trial":false,"path_per_floor":["M","M","M","M","M","E","R","M","T","E","M","R","$","?","R","B",null,"M","M","M","?","?","E","R","M","T","E","M","?","M","M","R","B",null,"M","$","?","?","$","E","M","M","T","M","R","M","?","$","R","B"],"character_chosen":"DEFECT","items_purchased":["Lee\u0027s Waffle","OrangePellets","Turbo","Master of Strategy","Membership Card","Go for the Eyes"],"campfire_rested":2,"item_purchase_floors":[13,36,36,36,48,48],"current_hp_per_floor":[68,68,68,68,62,30,30,29,29,19,19,19,82,82,82,41,72,51,51,41,25,25,2,14,13,13,13,12,12,17,17,29,24,37,37,37,37,37,37,41,41,41,41,41,41,40,35,35,35,0,0],"gold":8,"neow_bonus":"THREE_RARE_CARDS","is_prod":false,"is_daily":false,"chose_seed":false,"campfire_upgraded":5,"win_rate":0,"timestamp":1607493414,"path_taken":["M","M","M","M","M","E","R","M","T","E","M","R","$","?","R","BOSS","M","M","M","?","?","E","R","M","T","E","M","?","M","M","R","BOSS","M","$","?","?","$","E","?","?","T","M","R","M","?","$","R","BOSS"],"build_version":"2020-11-30","purchased_purges":2,"victory":false,"max_hp_per_floor":[75,75,75,75,75,75,75,75,75,75,75,75,82,82,82,82,82,82,82,82,82,41,41,41,41,41,41,41,41,41,41,41,41,41,41,41,41,41,41,41,41,41,41,41,41,41,41,41,41,41,41],"card_choices":[{"not_picked":["Hyperbeam","Fission"],"picked":"All For One","floor":0.0},{"not_picked":["Barrage","Force Field"],"picked":"BootSequence","floor":1.0},{"not_picked":["Consume","Loop"],"picked":"Cold Snap","floor":2.0},{"not_picked":["Cold Snap","Static Discharge"],"picked":"Compile Driver","floor":3.0},{"not_picked":["Rebound","Compile Driver","Stack"],"picked":"SKIP","floor":4.0},{"not_picked":["Coolheaded","Static Discharge"],"picked":"All For One","floor":5.0},{"not_picked":["Capacitor","Cold Snap"],"picked":"Reinforced Body","floor":6.0},{"not_picked":["Stack","Sunder"],"picked":"FTL","floor":8.0},{"not_picked":["Streamline","Compile Driver"],"picked":"Ball Lightning","floor":10.0},{"not_picked":["Barrage","Conserve Battery"],"picked":"Coolheaded","floor":11.0},{"not_picked":["Reboot","Buffer"],"picked":"Seek","floor":16.0},{"not_picked":["Coolheaded","Barrage","Gash"],"picked":"SKIP","floor":18.0},{"not_picked":["BootSequence+1","Double Energy"],"picked":"Streamline","floor":19.0},{"not_picked":["Glacier","Reprogram"],"picked":"Beam Cell+1","floor":20.0},{"not_picked":["Fusion+1","Double Energy+1"],"picked":"Glacier","floor":23.0},{"not_picked":["Compile Driver+1","Rebound"],"picked":"Beam Cell","floor":25.0},{"not_picked":["Barrage","Compile Driver","Sunder+1"],"picked":"SKIP","floor":27.0},{"not_picked":["Melter+1","Lockon"],"picked":"Leap","floor":28.0},{"not_picked":["Double Energy","Auto Shields"],"picked":"Streamline","floor":30.0},{"not_picked":["Hologram","Conserve Battery","Barrage"],"picked":"SKIP","floor":31.0},{"not_picked":["Seek","Rainbow"],"picked":"Echo Form","floor":33.0},{"not_picked":["Cold Snap","Fusion+1"],"picked":"Scrape","floor":35.0},{"not_picked":["Ball Lightning","Barrage"],"picked":"Force Field+1","floor":41.0},{"not_picked":["Steam+1","Leap","Stack"],"picked":"SKIP","floor":42.0},{"not_picked":["Beam Cell+1","Ball Lightning"],"picked":"Heatsinks+1","floor":44.0},{"not_picked":["Reinforced Body","Consume+1"],"picked":"Echo Form","floor":46.0},{"not_picked":["Beam Cell","Coolheaded"],"picked":"Go for the Eyes+1","floor":47.0}],"player_experience":844383,"relics_obtained":[{"floor":6.0,"key":"Sundial"},{"floor":9.0,"key":"Bag of Preparation"},{"floor":10.0,"key":"Shuriken"},{"floor":21.0,"key":"Necronomicon"},{"floor":23.0,"key":"Oddly Smooth Stone"},{"floor":26.0,"key":"Lantern"},{"floor":27.0,"key":"Toy Ornithopter"},{"floor":38.0,"key":"MawBank"},{"floor":43.0,"key":"Symbiotic Virus"},{"floor":47.0,"key":"Du-Vu Doll"}],"event_choices":[{"damage_healed":0.0,"max_hp_gain":0.0,"max_hp_loss":0.0,"gold_gain":175.0,"event_name":"Liars Game","player_choice":"AGREE","floor":14.0,"gold_loss":0.0,"damage_taken":0.0,"cards_obtained":["Doubt"]},{"damage_healed":0.0,"max_hp_gain":0.0,"max_hp_loss":0.0,"gold_gain":0.0,"event_name":"Cursed Tome","player_choice":"Obtained Book","floor":21.0,"gold_loss":0.0,"damage_taken":16.0},{"damage_healed":0.0,"max_hp_gain":0.0,"max_hp_loss":41.0,"gold_gain":0.0,"event_name":"Ghosts","player_choice":"Became a Ghost","floor":22.0,"gold_loss":0.0,"damage_taken":0.0,"cards_obtained":["Ghostly","Ghostly","Ghostly","Ghostly","Ghostly"]},{"damage_healed":0.0,"max_hp_gain":0.0,"max_hp_loss":0.0,"gold_gain":0.0,"event_name":"Back to Basics","player_choice":"Simplicity","floor":29.0,"gold_loss":0.0,"damage_taken":0.0,"cards_upgraded":["Strike_B","Strike_B","Strike_B","Strike_B","Defend_B","Defend_B","Defend_B","Defend_B"]},{"cards_removed":["Echo Form"],"damage_healed":0.0,"max_hp_gain":0.0,"max_hp_loss":0.0,"gold_gain":0.0,"event_name":"Falling","player_choice":"Removed Power","floor":37.0,"gold_loss":0.0,"damage_taken":0.0},{"damage_healed":0.0,"max_hp_gain":0.0,"max_hp_loss":0.0,"gold_gain":0.0,"event_name":"Wheel of Change","player_choice":"Relic","floor":38.0,"gold_loss":0.0,"damage_taken":0.0},{"damage_healed":0.0,"max_hp_gain":0.0,"max_hp_loss":0.0,"gold_gain":0.0,"event_name":"MindBloom","player_choice":"Fight","floor":47.0,"gold_loss":0.0,"damage_taken":0.0}],"is_beta":false,"boss_relics":[{"not_picked":["Velvet Choker","Runic Dome"],"picked":"Philosopher\u0027s Stone"},{"not_picked":["Calling Bell","Sozu"],"picked":"SacredBark"}],"items_purged_floors":[36,39],"is_endless":false,"potions_floor_spawned":[3,6,16,20,25,27,30,33,40,41,44],"killed_by":"Time Eater","ascension_level":11}}