{"host":"f0gpob8hq9vgebej","time":1607494395,"event":{"gold_per_floor":[115,129,148,108,126,126,156,156,207,207,207],"floor_reached":10,"playtime":2255,"items_purged":[],"score":126,"play_id":"ee851d3b-43aa-4bc9-80f5-b51d989b0d00","local_time":"20201209151315","is_ascension_mode":true,"campfire_choices":[{"data":"Envenom","floor":6,"key":"SMITH"}],"neow_cost":"NONE","seed_source_timestamp":592942191801300,"circlet_count":0,"master_deck":["AscendersBane","Strike_G","Strike_G","Strike_G","Strike_G","Strike_G","Defend_G","Defend_G","Defend_G","Defend_G","Defend_G","Survivor","Neutralize","Envenom+1","Footwork","Acrobatics"],"special_seed":0,"relics":["Ring of the Snake","White Beast Statue","Pen Nib"],"potions_floor_usage":[7],"damage_taken":[{"damage":7,"enemies":"Small Slimes","floor":1,"turns":3},{"damage":0,"enemies":"2 Louse","floor":2,"turns":4},{"damage":2,"enemies":"Jaw Worm","floor":3,"turns":7},{"damage":0,"enemies":"Looter","floor":4,"turns":4},{"damage":5,"enemies":"3 Louse","floor":5,"turns":6},{"damage":33,"enemies":"Gremlin Nob","floor":7,"turns":5},{"damage":0,"enemies":"Large Slime","floor":10,"turns":2}],"seed_played":"-4782343083126288339","potions_obtained":[{"floor":1,"key":"Strength Potion"},{"floor":2,"key":"DuplicationPotion"}],"is_trial":false,"path_per_floor":["M","M","M","M","M","R","E","?","T","M"],"character_chosen":"THE_SILENT","items_purchased":[],"campfire_rested":0,"item_purchase_floors":[],"current_hp_per_floor":[52,52,50,50,45,45,12,12,12,12,12],"gold":207,"neow_bonus":"ONE_RANDOM_RARE_CARD","is_prod":false,"is_daily":false,"chose_seed":false,"campfire_upgraded":1,"win_rate":0,"timestamp":1607494395,"path_taken":["M","M","M","M","M","R","E","?","T","M"],"build_version":"2020-11-30","purchased_purges":0,"victory":false,"max_hp_per_floor":[66,66,66,66,66,66,66,66,66,66,66],"card_choices":[{"not_picked":["Well Laid Plans","Deflect","Catalyst"],"picked":"SKIP","floor":1},{"not_picked":["Backflip","Backstab"],"picked":"Footwork","floor":2},{"not_picked":["Quick Slash","Footwork","Dodge and Roll"],"picked":"SKIP","floor":3},{"not_picked":["Sucker Punch","Flying Knee","Eviscerate"],"picked":"SKIP","floor":4},{"not_picked":["Concentrate","Deflect","Underhanded Strike"],"picked":"SKIP","floor":5},{"not_picked":["Riddle With Holes","Distraction"],"picked":"Acrobatics","floor":7}],"player_experience":269160,"relics_obtained":[{"floor":7,"key":"White Beast Statue"},{"floor":9,"key":"Pen Nib"}],"event_choices":[{"damage_healed":0,"gold_gain":0,"player_choice":"Fled","damage_taken":0,"max_hp_gain":0,"max_hp_loss":0,"event_name":"Scrap Ooze","floor":8,"gold_loss":0}],"is_beta":false,"boss_relics":[],"items_purged_floors":[],"is_endless":false,"potions_floor_spawned":[1,2],"killed_by":"Large Slime","ascension_level":17}}