{"host":"kh6fvhxn285ncg0o","time":1607477751,"event":{"gold_per_floor":[359,373,373,96,96,125,125,153,153,153,153,184,184,201,201,275,275,291,307,327,227,241,270,290,290,290],"floor_reached":25,"playtime":717,"items_purged":["Strike_R","Strike_R"],"score":482,"play_id":"19496585-118f-458e-9211-8a55cccf0971","local_time":"20201209103551","is_ascension_mode":true,"campfire_choices":[{"data":"Bash","floor":7,"key":"SMITH"},{"data":"Carnage","floor":11,"key":"SMITH"},{"floor":13,"key":"DIG"},{"floor":15,"key":"DIG"}],"neow_cost":"TEN_PERCENT_HP_LOSS","seed_source_timestamp":277656789480499,"circlet_count":0,"master_deck":["AscendersBane","Strike_R","Defend_R","Defend_R","Defend_R","Defend_R","Bash+1","Flame Barrier","Dropkick","Fire Breathing","Carnage+1","Dropkick","Offering","Evolve","Shockwave"],"special_seed":0,"relics":["Burning Blood","Chemical X","Shovel","Bag of Marbles","Shuriken","Meat on the Bone","Eternal Feather","Letter Opener","Sozu","HornCleat"],"potions_floor_usage":[6,25],"damage_taken":[{"damage":7,"enemies":"2 Louse","floor":1,"turns":4},{"damage":4,"enemies":"Jaw Worm","floor":2,"turns":5},{"damage":28,"enemies":"Lagavulin","floor":6,"turns":8},{"damage":20,"enemies":"3 Sentries","floor":8,"turns":5},{"damage":8,"enemies":"Gremlin Nob","floor":12,"turns":3},{"damage":0,"enemies":"Cultist","floor":14,"turns":2},{"damage":29,"enemies":"The Guardian","floor":16,"turns":15},{"damage":12,"enemies":"2 Thieves","floor":18,"turns":3},{"damage":0,"enemies":"Chosen","floor":19,"turns":3},{"damage":38,"enemies":"Shelled Parasite and Fungi","floor":20,"turns":5},{"damage":6,"enemies":"Chosen and Byrds","floor":22,"turns":3},{"damage":25,"enemies":"Book of Stabbing","floor":23,"turns":4},{"damage":6,"enemies":"3 Cultists","floor":24,"turns":4},{"damage":52,"enemies":"Gremlin Leader","floor":25,"turns":8}],"seed_played":"8212228159206188063","potions_obtained":[{"floor":2,"key":"BlessingOfTheForge"},{"floor":6,"key":"SpeedPotion"}],"is_trial":false,"path_per_floor":["M","M","?","$","?","E","R","E","T","?","R","E","R","M","R","B",null,"M","M","M","$","M","E","M","E"],"character_chosen":"IRONCLAD","items_purchased":["Dropkick","Chemical X"],"campfire_rested":0,"item_purchase_floors":[4,4],"current_hp_per_floor":[67,68,61,61,61,39,39,25,25,25,25,23,23,41,47,36,60,54,60,40,40,52,45,45,0,0],"gold":290,"neow_bonus":"TWO_FIFTY_GOLD","is_prod":false,"is_daily":false,"chose_seed":false,"campfire_upgraded":2,"win_rate":0,"timestamp":1607477751,"path_taken":["M","M","?","$","?","E","R","E","T","?","R","E","R","M","R","BOSS","M","M","M","$","M","E","?","E"],"build_version":"2020-11-30","purchased_purges":2,"victory":false,"max_hp_per_floor":[68,68,68,68,68,68,68,68,68,68,68,68,68,68,68,68,68,68,68,68,68,68,68,68,68,68],"relic_stats":{"Sozu":3,"Shovel":2,"counters":[14,72],"Shuriken":[14],"Eternal Feather":6,"Chemical X":[1],"Letter Opener":[60],"obtain_stats":[{"Sozu":17,"Shovel":6,"HornCleat":23,"Shuriken":9,"Eternal Feather":13,"Bag of Marbles":8,"Chemical X":4,"Letter Opener":15,"Burning Blood":0,"Meat on the Bone":12},{"Sozu":7,"Shovel":3,"HornCleat":12,"Shuriken":4,"Eternal Feather":5,"Bag of Marbles":4,"Chemical X":2,"Letter Opener":6,"Burning Blood":0,"Meat on the Bone":5},{"Sozu":42,"Shovel":17,"HornCleat":60,"Shuriken":22,"Eternal Feather":25,"Bag of Marbles":22,"Chemical X":9,"Letter Opener":27,"Burning Blood":0,"Meat on the Bone":25}],"Burning Blood":77,"Meat on the Bone":60},"card_choices":[{"not_picked":["Sword Boomerang","Wild Strike"],"picked":"Flame Barrier","floor":1},{"not_picked":["Sword Boomerang","Heavy Blade","Dual Wield"],"picked":"SKIP","floor":2},{"not_picked":["Pommel Strike","Body Slam"],"picked":"Fire Breathing","floor":6},{"not_picked":["Perfected Strike","Thunderclap"],"picked":"Carnage","floor":8},{"not_picked":["Rampage","Perfected Strike"],"picked":"Dropkick","floor":12},{"not_picked":["True Grit","Seeing Red","Bloodletting"],"picked":"SKIP","floor":14},{"not_picked":["Barricade","Berserk"],"picked":"Offering","floor":16},{"not_picked":["Iron Wave","Dropkick"],"picked":"Evolve","floor":18},{"not_picked":["Headbutt+1","Shockwave","Sever Soul"],"picked":"SKIP","floor":19},{"not_picked":["Headbutt+1","Sever Soul"],"picked":"Shockwave","floor":19},{"not_picked":["Shrug It Off","Inflame","Sword Boomerang"],"picked":"SKIP","floor":20},{"not_picked":["Body Slam","Shockwave","Twin Strike"],"picked":"SKIP","floor":22},{"not_picked":["Rupture","Warcry","Dual Wield"],"picked":"SKIP","floor":23},{"not_picked":["Dual Wield","Flex","Shrug It Off"],"picked":"SKIP","floor":24}],"player_experience":3130262,"relics_obtained":[{"floor":6,"key":"Shovel"},{"floor":8,"key":"Bag of Marbles"},{"floor":9,"key":"Shuriken"},{"floor":12,"key":"Meat on the Bone"},{"floor":13,"key":"Eternal Feather"},{"floor":15,"key":"Letter Opener"},{"floor":23,"key":"HornCleat"}],"event_choices":[{"cards_removed":["Strike_R"],"damage_healed":0,"gold_gain":0,"player_choice":"Card Removal","damage_taken":7,"max_hp_gain":0,"max_hp_loss":0,"event_name":"Golden Wing","floor":3,"gold_loss":0},{"damage_healed":0,"gold_gain":0,"player_choice":"Ignored","damage_taken":0,"max_hp_gain":0,"max_hp_loss":0,"event_name":"Liars Game","floor":5,"gold_loss":0},{"cards_removed":["Strike_R"],"damage_healed":0,"gold_gain":0,"player_choice":"Purged","damage_taken":0,"max_hp_gain":0,"max_hp_loss":0,"event_name":"Purifier","floor":10,"gold_loss":0}],"is_beta":false,"boss_relics":[{"not_picked":["Black Star","Black Blood"],"picked":"Sozu"}],"items_purged_floors":[4,21],"is_endless":false,"potions_floor_spawned":[2,6,18,23,24],"killed_by":"Gremlin Leader","ascension_level":20}}