{"host":"ceopyqoizwrgii5g","time":1607509033,"event":{"gold_per_floor":[114,114,126,146,165,165,165,165,189,215,226,236,236,248,248,344,344,358,458,475,503,514,514,514,534,616,642,642,655,667,686,686,787,787,801,820,830,845,857,857,837,865,891,139,155,86,86,97,97,97,196,196,198,199,199,206,206,218,65,56,56,62,62,62,59,79,79,159,159,148,139,139,139,142,142,142,111,165,11,13,13,25,31,31,95,95,75,75,75,75,88,88,93,93,93,93,193,174,174,174,142,142,227,227,231,103,103],"floor_reached":106,"playtime":7817,"items_purged":["Parasite","Clumsy"],"score":2544,"play_id":"eea2b8fa-80b5-4595-836d-97873cea0e04","local_time":"20201209181713","is_ascension_mode":false,"campfire_choices":[{"data":"alterego_mod:DeftHands","floor":6.0,"key":"SMITH"},{"data":"alterego_mod:BiFurious","floor":8.0,"key":"SMITH"},{"data":"alterego_mod:Support","floor":15.0,"key":"SMITH"},{"floor":23.0,"key":"REST"},{"floor":28.0,"key":"REST"},{"data":"alterego_mod:TrickOrTreatment","floor":32.0,"key":"SMITH"},{"data":"alterego_mod:Valkyrie","floor":40.0,"key":"SMITH"},{"data":"alterego_mod:Palingenesis","floor":47.0,"key":"SMITH"},{"data":"alterego_mod:Palingenesis+1","floor":58.0,"key":"SMITH"},{"data":"alterego_mod:Tantrum","floor":64.0,"key":"SMITH"},{"data":"alterego_mod:BigMeatyClaws","floor":67.0,"key":"SMITH"},{"floor":75.0,"key":"REST"},{"data":"alterego_mod:ChallengeComplete","floor":81.0,"key":"SMITH"},{"data":"1","floor":84.0,"key":"LIFT"},{"data":"alterego_mod:Cushion","floor":92.0,"key":"SMITH"},{"data":"alterego_mod:Palingenesis+2","floor":94.0,"key":"SMITH"},{"data":"2","floor":96.0,"key":"LIFT"},{"data":"3","floor":100.0,"key":"LIFT"},{"data":"alterego_mod:Palingenesis+3","floor":102.0,"key":"SMITH"}],"neow_cost":"","seed_source_timestamp":0,"circlet_count":0,"master_deck":["alterego_mod:Strike","alterego_mod:Strike","alterego_mod:Strike","alterego_mod:Defend","alterego_mod:Defend","alterego_mod:Defend","alterego_mod:Defend","alterego_mod:Impale","alterego_mod:BigMeatyClaws+1","alterego_mod:BrynhildrsRune","alterego_mod:DiscoLights","alterego_mod:BiFurious+1","alterego_mod:Complex","alterego_mod:DeftHands+1","alterego_mod:1TonWallop","alterego_mod:STier","alterego_mod:Cushion+1","alterego_mod:Support+1","alterego_mod:TrickOrTreatment+1","alterego_mod:SuperDuperMasochism","alterego_mod:Birthday","alterego_mod:PerceptionDisorder","alterego_mod:PerceptionDisorder","alterego_mod:Cooking+1","alterego_mod:DeftHands+1","alterego_mod:SakuraLabyrinth+1","alterego_mod:Valkyrie+1","alterego_mod:ChallengeComplete+1","alterego_mod:Nekomimi+1","alterego_mod:Birthday","alterego_mod:SakuraFive","alterego_mod:Cooking","alterego_mod:Palingenesis+4","alterego_mod:Cooking+1","alterego_mod:Tantrum+1","alterego_mod:PerceptionDisorder","alterego_mod:Swimsuit","alterego_mod:GachaTicket+1","alterego_mod:ChallengeComplete+1","alterego_mod:Cooking","alterego_mod:Birthday","alterego_mod:Jiggle+1","infinitespire:Gouge","alterego_mod:Rip","alterego_mod:1TonWallop+1","Pain","alterego_mod:MaintainEyeContact","alterego_mod:Belle+1","alterego_mod:GIGAMILK","alterego_mod:PerceptionDisorder"],"special_seed":0,"relics":["alterego_mod:MasochisticConstitution","Dota2Spire:AssaultCuirass","MerchantsRug","Dota2Spire:Vanguard","Dota2Spire:OctarineCore","SecretRecord","SecretRecord","SecretRecord","SecretRecord","SecretRecord","Oddly Smooth Stone","aspiration:Nostalgia","Sizzling Blood","SnafuTest:CatRelic","FossilizedHelix","ReplayTheSpireMod:CursedCoin","Busted Crown","Philosopher\u0027s Stone","Sling","MawBank","Replay:Bottled Flurry","Potion Belt","aspiration:RandomNobGenerator","Replay:M_StaffOfTheSnake","Cursed Key","WingedGreaves","Cracked Core","Replay:Mystery Machine","BargainBundle","Girya","infinitespire:FocusingShard","ChewingGum","Honey Jar","conspire:GlowingRock","SSSystem","Onion Ring","conspire:SpecialSausage","HornCleat"],"potions_floor_usage":[],"damage_taken":[{"damage":0.0,"enemies":"Jaw Worm","floor":1.0,"turns":5.0},{"damage":0.0,"enemies":"2 Louse","floor":3.0,"turns":2.0},{"damage":0.0,"enemies":"Cultist","floor":4.0,"turns":3.0},{"damage":0.0,"enemies":"2 Fungi Beasts","floor":5.0,"turns":5.0},{"damage":10.0,"enemies":"3 Sentries","floor":10.0,"turns":7.0},{"damage":12.0,"enemies":"Red Slaver","floor":11.0,"turns":4.0},{"damage":8.0,"enemies":"Exordium Wildlife","floor":12.0,"turns":4.0},{"damage":0.0,"enemies":"Large Slime","floor":14.0,"turns":3.0},{"damage":12.0,"enemies":"Slime Boss","floor":16.0,"turns":12.0},{"damage":13.0,"enemies":"3 Byrds","floor":18.0,"turns":6.0},{"damage":21.0,"enemies":"Spheric Guardian","floor":20.0,"turns":8.0},{"damage":47.0,"enemies":"conspire:MimicChest","floor":21.0,"turns":13.0},{"damage":16.0,"enemies":"Shelled Parasite and Fungi","floor":22.0,"turns":5.0},{"damage":11.0,"enemies":"Snake Plant","floor":25.0,"turns":9.0},{"damage":36.0,"enemies":"Nightmare","floor":27.0,"turns":10.0},{"damage":33.0,"enemies":"Snecko","floor":29.0,"turns":7.0},{"damage":6.0,"enemies":"Centurion and Healer","floor":30.0,"turns":8.0},{"damage":13.0,"enemies":"Cultist and Chosen","floor":31.0,"turns":6.0},{"damage":40.0,"enemies":"Collector","floor":33.0,"turns":6.0},{"damage":15.0,"enemies":"Orb Walker","floor":35.0,"turns":4.0},{"damage":57.0,"enemies":"3 Shapes","floor":36.0,"turns":7.0},{"damage":8.0,"enemies":"Jaw Worm Horde","floor":37.0,"turns":6.0},{"damage":8.0,"enemies":"Maw","floor":38.0,"turns":9.0},{"damage":27.0,"enemies":"Spire Growth","floor":39.0,"turns":5.0},{"damage":9.0,"enemies":"Reptomancer","floor":42.0,"turns":4.0},{"damage":0.0,"enemies":"Writhing Mass","floor":45.0,"turns":2.0},{"damage":23.0,"enemies":"Sphere and 2 Shapes","floor":48.0,"turns":5.0},{"damage":41.0,"enemies":"Donu and Deca","floor":51.0,"turns":9.0},{"damage":0.0,"enemies":"2 Louse","floor":53.0,"turns":2.0},{"damage":0.0,"enemies":"Jaw Worm","floor":54.0,"turns":2.0},{"damage":0.0,"enemies":"Cultist","floor":56.0,"turns":2.0},{"damage":17.0,"enemies":"Lots of Slimes","floor":60.0,"turns":5.0},{"damage":0.0,"enemies":"Exordium Wildlife","floor":62.0,"turns":3.0},{"damage":18.0,"enemies":"Gremlin Gang","floor":65.0,"turns":4.0},{"damage":0.0,"enemies":"Gremlin Nob","floor":66.0,"turns":2.0},{"damage":4.0,"enemies":"Slime Boss","floor":68.0,"turns":4.0},{"damage":89.0,"enemies":"2 Thieves","floor":70.0,"turns":5.0},{"damage":25.0,"enemies":"Spheric Guardian","floor":71.0,"turns":4.0},{"damage":0.0,"enemies":"Centurion and Healer","floor":74.0,"turns":2.0},{"damage":49.0,"enemies":"3 Cultists","floor":77.0,"turns":5.0},{"damage":6.0,"enemies":"Snake Plant","floor":80.0,"turns":3.0},{"damage":48.0,"enemies":"Slavers","floor":82.0,"turns":5.0},{"damage":0.0,"enemies":"Gremlin Leader","floor":83.0,"turns":2.0},{"damage":23.0,"enemies":"Automaton","floor":85.0,"turns":3.0},{"damage":6.0,"enemies":"Orb Walker","floor":87.0,"turns":3.0},{"damage":0.0,"enemies":"3 Shapes","floor":91.0,"turns":1.0},{"damage":0.0,"enemies":"R_Hoarder","floor":93.0,"turns":2.0},{"damage":0.0,"enemies":"Sphere and 2 Shapes","floor":98.0,"turns":2.0},{"damage":0.0,"enemies":"Maw","floor":101.0,"turns":3.0},{"damage":8.0,"enemies":"Donu and Deca","floor":103.0,"turns":2.0},{"damage":11,"enemies":"2 Louse","floor":105,"turns":2}],"seed_played":"1841109700239448337","potions_obtained":[{"floor":1.0,"key":"Dota2Spire:HealingSalve"},{"floor":10.0,"key":"Dota2Spire:HealingSalve"},{"floor":12.0,"key":"Strength Potion"},{"floor":20.0,"key":"Block Potion"},{"floor":21.0,"key":"LiquidBronze"},{"floor":29.0,"key":"LiquidBronze"},{"floor":30.0,"key":"Dota2Spire:Clarity"},{"floor":33.0,"key":"Venom Potion"},{"floor":35.0,"key":"Flashbang"},{"floor":37.0,"key":"Dexterity Potion"},{"floor":45.0,"key":"Swift Potion"},{"floor":56.0,"key":"Strength Potion"},{"floor":62.0,"key":"ColorlessPotion"},{"floor":66.0,"key":"PowerPotion"},{"floor":74.0,"key":"Swift Potion"},{"floor":80.0,"key":"Swift Potion"},{"floor":83.0,"key":"SkillPotion"},{"floor":98.0,"key":"Toxic Potion"},{"floor":103.0,"key":"LiquidMemories"},{"floor":105,"key":"SteroidPotion"}],"is_trial":false,"path_per_floor":["M","?","M","M","M","R","?","R","T","E","M","M","?","M","R","B",null,"M","?","M","?","M","R","?","M","T","NM","R","M","M","M","R","B",null,"M","M","M","M","M","R","?","E","T","$","M","$","R","M","M","R","B",null,"M","M","AVR","M","?","R","$","M","T","M","?","R","M","E","R","B",null,"M","M","?","AVR","M","R","?","M","T","$","M","R","E","E","R","B",null,"M","?","?","AVR","M","R","E","R","T","R","?","M","?","R","M","R","B",null,"M","$"],"character_chosen":"The_Alterego","items_purchased":["Dota2Spire:AssaultCuirass","MerchantsRug","alterego_mod:DiscoLights","Lee\u0027s Waffle","Dota2Spire:Vanguard","Dota2Spire:OctarineCore","Oddly Smooth Stone","aspiration:Nostalgia","SnafuTest:CatRelic","FossilizedHelix","ReplayTheSpireMod:CursedCoin","Replay:Baseball","alterego_mod:Tantrum","BargainBundle","Girya","alterego_mod:ChallengeComplete","HornCleat"],"campfire_rested":3,"item_purchase_floors":[0,0,0,0,0,0,44,44,44,44,46,46,59,79,79,79,106],"current_hp_per_floor":[77,77,77,77,77,77,77,77,77,68,60,53,53,53,53,49,81,69,69,59,13,3,28,56,58,58,28,54,37,57,59,59,55,91,90,72,94,87,77,77,77,97,97,101,101,98,98,99,99,99,88,100,100,100,100,100,100,100,100,101,101,101,101,101,102,102,102,103,103,50,44,44,44,56,87,87,100,100,100,105,105,99,108,108,104,109,110,110,110,110,110,110,110,110,110,110,110,110,110,110,110,110,111,111,112,112,112],"gold":103,"neow_bonus":"","is_prod":false,"is_daily":false,"chose_seed":false,"campfire_upgraded":13,"win_rate":0,"timestamp":1607509033,"path_taken":["M","?","M","M","M","R","?","R","T","E","M","?","?","M","R","BOSS","M","?","?","?","M","R","?","?","T","NM","R","M","?","M","R","BOSS","M","M","M","M","M","R","?","E","T","$","M","?","R","M","M","R","BOSS","M","?","AVR","M","?","R","?","M","T","M","?","R","M","E","R","BOSS","M","M","?","AVR","M","R","?","M","T","$","M","R","E","E","R","BOSS","M","?","?","AVR","?","R","E","R","T","R","?","?","?","R","M","R","BOSS","M","$"],"build_version":"2020-11-30","purchased_purges":2,"victory":false,"max_hp_per_floor":[77,77,77,77,77,77,77,77,77,78,79,80,80,80,80,81,81,82,82,83,84,85,85,85,86,86,87,87,88,89,90,90,91,91,92,93,94,95,96,96,96,97,97,101,101,98,98,99,99,99,100,100,100,100,100,100,100,100,100,101,101,101,101,101,102,102,102,103,103,104,105,105,105,105,105,105,106,106,106,107,107,108,108,108,109,109,110,110,110,110,110,110,110,110,110,110,110,110,110,110,110,110,111,111,112,112,112],"card_choices":[{"not_picked":["alterego_mod:Lingerie","alterego_mod:PurpleHair"],"picked":"alterego_mod:BiFurious","floor":1.0},{"not_picked":["alterego_mod:Birthday","alterego_mod:Bunnysuit","alterego_mod:Stockings"],"picked":"SKIP","floor":3.0},{"not_picked":["alterego_mod:PurpleHair","alterego_mod:Smother"],"picked":"alterego_mod:Complex","floor":4.0},{"not_picked":["alterego_mod:Birthday","alterego_mod:Collar"],"picked":"alterego_mod:DeftHands","floor":5.0},{"not_picked":["alterego_mod:GoddessCore","alterego_mod:Jiggle"],"picked":"alterego_mod:1TonWallop","floor":10.0},{"not_picked":["alterego_mod:Collar","alterego_mod:Rip"],"picked":"alterego_mod:STier","floor":11.0},{"not_picked":["alterego_mod:GachaTicket","alterego_mod:Pet","alterego_mod:Skirt"],"picked":"SKIP","floor":12.0},{"not_picked":["alterego_mod:RocketPunch","alterego_mod:TrashNCrash"],"picked":"alterego_mod:Support","floor":14.0},{"not_picked":["alterego_mod:Vow","alterego_mod:SideboobHour"],"picked":"alterego_mod:TrickOrTreatment","floor":16.0},{"not_picked":["alterego_mod:HighServant","alterego_mod:GoddessCore"],"picked":"alterego_mod:SuperDuperMasochism","floor":18.0},{"not_picked":["alterego_mod:Cycle","alterego_mod:GoddessCore+1","alterego_mod:Bounce"],"picked":"SKIP","floor":20.0},{"not_picked":["alterego_mod:IndependentAction","alterego_mod:Maid"],"picked":"alterego_mod:Birthday","floor":21.0},{"not_picked":["alterego_mod:Crossover","alterego_mod:DeftHands+1"],"picked":"alterego_mod:PerceptionDisorder","floor":22.0},{"not_picked":["alterego_mod:DeftHands","alterego_mod:Skirt+1","alterego_mod:Pet+1"],"picked":"SKIP","floor":25.0},{"not_picked":["alterego_mod:Maid","alterego_mod:Bounce+1"],"picked":"alterego_mod:PerceptionDisorder","floor":27.0},{"not_picked":["alterego_mod:GoddessCore+1","alterego_mod:TrashNCrash+1"],"picked":"alterego_mod:Cooking+1","floor":29.0},{"not_picked":["alterego_mod:Skirt","alterego_mod:RingBreak"],"picked":"alterego_mod:DeftHands+1","floor":30.0},{"not_picked":["alterego_mod:Stockings+1","alterego_mod:Rip"],"picked":"alterego_mod:SakuraLabyrinth+1","floor":31.0},{"not_picked":["alterego_mod:PainIsPleasure","alterego_mod:BrynhildrRomantia"],"picked":"alterego_mod:Valkyrie","floor":33.0},{"not_picked":["alterego_mod:PurpleHair+1","alterego_mod:Undulate"],"picked":"alterego_mod:ChallengeComplete+1","floor":35.0},{"not_picked":["alterego_mod:Jiggle+1","alterego_mod:Smother+1","alterego_mod:Bounce"],"picked":"SKIP","floor":36.0},{"not_picked":["alterego_mod:Jiggle+1","alterego_mod:Smother+1","alterego_mod:Bounce"],"picked":"SKIP","floor":36.0},{"not_picked":["alterego_mod:Pet+1","alterego_mod:BustOut"],"picked":"alterego_mod:Nekomimi+1","floor":37.0},{"not_picked":["alterego_mod:Jiggle+1","alterego_mod:TrashNCrash","alterego_mod:Complex+1"],"picked":"SKIP","floor":38.0},{"not_picked":["alterego_mod:Cycle","alterego_mod:Clones+1"],"picked":"alterego_mod:Birthday","floor":39.0},{"not_picked":[],"picked":"alterego_mod:SakuraFive","floor":41.0},{"not_picked":[],"picked":"alterego_mod:Cooking","floor":41.0},{"not_picked":[],"picked":"alterego_mod:Palingenesis","floor":41.0},{"not_picked":["alterego_mod:RingBreak","alterego_mod:Bounce+1"],"picked":"alterego_mod:Cooking","floor":42.0},{"not_picked":["alterego_mod:HighServant","alterego_mod:Crossover","alterego_mod:DestructionOfProperty+1"],"picked":"SKIP","floor":45.0},{"not_picked":["alterego_mod:Skirt+1","alterego_mod:1TonWallop"],"picked":"alterego_mod:Lingerie+1","floor":48.0},{"not_picked":["alterego_mod:Santa"],"picked":"SKIP","floor":53.0},{"not_picked":["alterego_mod:1TonWallop"],"picked":"SKIP","floor":54.0},{"not_picked":[],"picked":"alterego_mod:RocketPunch","floor":56.0},{"not_picked":["alterego_mod:Cycle"],"picked":"SKIP","floor":60.0},{"not_picked":["alterego_mod:SakuraLabyrinth"],"picked":"SKIP","floor":62.0},{"not_picked":[],"picked":"alterego_mod:PerceptionDisorder","floor":65.0},{"not_picked":[],"picked":"alterego_mod:Swimsuit","floor":66.0},{"not_picked":["alterego_mod:GachaTicket"],"picked":"SKIP","floor":70.0},{"not_picked":["alterego_mod:Stockings"],"picked":"SKIP","floor":71.0},{"not_picked":[],"picked":"alterego_mod:GachaTicket+1","floor":74.0},{"not_picked":["alterego_mod:HighServant"],"picked":"SKIP","floor":77.0},{"not_picked":[],"picked":"alterego_mod:Cooking","floor":80.0},{"not_picked":[],"picked":"alterego_mod:Birthday","floor":82.0},{"not_picked":[],"picked":"alterego_mod:Jiggle+1","floor":83.0},{"not_picked":["infinitespire:DeathsTouch","ReplayTheSpireMod:Chaos Vortex"],"picked":"infinitespire:Gouge","floor":86.0},{"not_picked":["alterego_mod:TrashNCrash"],"picked":"SKIP","floor":87.0},{"not_picked":["alterego_mod:Valentines+1"],"picked":"alterego_mod:Rip","floor":91.0},{"not_picked":["alterego_mod:PresenceConcealment+1"],"picked":"alterego_mod:1TonWallop+1","floor":93.0},{"not_picked":["alterego_mod:Bounce"],"picked":"alterego_mod:MaintainEyeContact","floor":98.0},{"not_picked":["alterego_mod:Bloomers+1"],"picked":"alterego_mod:Belle+1","floor":101.0},{"not_picked":["alterego_mod:STier"],"picked":"alterego_mod:GIGAMILK","floor":103.0},{"not_picked":["alterego_mod:Punishment"],"picked":"alterego_mod:PerceptionDisorder","floor":105}],"player_experience":100438,"relics_obtained":[{"floor":1.0,"key":"AddBug"},{"floor":2.0,"key":"ReplayTheSpireMod:Shallot"},{"floor":5.0,"key":"SecretRecord"},{"floor":9.0,"key":"Strawberry"},{"floor":10.0,"key":"Dead Branch"},{"floor":14.0,"key":"SecretRecord"},{"floor":21.0,"key":"War Paint"},{"floor":26.0,"key":"LastBattle"},{"floor":27.0,"key":"Meat on the Bone"},{"floor":29.0,"key":"SecretRecord"},{"floor":35.0,"key":"SecretRecord"},{"floor":42.0,"key":"infinitespire:WardingShard"},{"floor":43.0,"key":"Replay:Mystery Machine"},{"floor":61.0,"key":"Replay:Bottled Flurry"},{"floor":66.0,"key":"Potion Belt"},{"floor":78.0,"key":"Replay:Mystery Machine"},{"floor":82.0,"key":"infinitespire:FocusingShard"},{"floor":93.0,"key":"SSSystem"},{"floor":95.0,"key":"Onion Ring"}],"event_choices":[{"damage_healed":0.0,"max_hp_gain":0.0,"max_hp_loss":0.0,"gold_gain":0.0,"event_name":"WeMeetAgain","player_choice":"Gave Potion","floor":7.0,"gold_loss":0.0,"damage_taken":0.0,"relics_obtained":["Girya"]},{"damage_healed":0.0,"max_hp_gain":0.0,"max_hp_loss":0.0,"gold_gain":0.0,"cards_transformed":["alterego_mod:Strike"],"event_name":"Transmorgrifier","player_choice":"Transformed","floor":13.0,"gold_loss":0.0,"damage_taken":0.0,"cards_obtained":["alterego_mod:Cushion"]},{"damage_healed":0.0,"max_hp_gain":0.0,"max_hp_loss":0.0,"gold_gain":100.0,"event_name":"Golden Shrine","player_choice":"Pray","floor":19.0,"gold_loss":0.0,"damage_taken":0.0},{"damage_healed":28.0,"max_hp_gain":0.0,"max_hp_loss":0.0,"gold_gain":0.0,"event_name":"The Library","player_choice":"Heal","floor":24.0,"gold_loss":0.0,"damage_taken":0.0},{"cards_removed":["alterego_mod:RocketPunch"],"damage_healed":0.0,"max_hp_gain":0.0,"max_hp_loss":0.0,"gold_gain":0.0,"event_name":"WeMeetAgain","player_choice":"Gave Card","floor":57.0,"gold_loss":0.0,"damage_taken":0.0,"relics_obtained":["MawBank"]},{"damage_healed":0.0,"max_hp_gain":0.0,"max_hp_loss":0.0,"gold_gain":0.0,"event_name":"conspire:Investor","player_choice":"Leave","floor":63.0,"gold_loss":0.0,"damage_taken":0.0},{"cards_removed":["alterego_mod:Lingerie"],"damage_healed":0.0,"max_hp_gain":0.0,"max_hp_loss":0.0,"gold_gain":0.0,"event_name":"Falling","player_choice":"Removed Attack","floor":88.0,"gold_loss":0.0,"damage_taken":0.0},{"damage_healed":0.0,"max_hp_gain":0.0,"max_hp_loss":0.0,"gold_gain":100.0,"event_name":"Golden Shrine","player_choice":"Pray","floor":97.0,"gold_loss":0.0,"damage_taken":0.0}],"is_beta":false,"boss_relics":[{"not_picked":["Sozu","Runic Pyramid"],"picked":"conspire:RunicOctahedron"},{"not_picked":["Replay:Bronze Core","Snecko Eye"],"picked":"Runic Dome"},{"not_picked":["Ring of Chaos","Velvet Choker"],"picked":"Busted Crown"},{"not_picked":["aspiration:RitualDagger","SacredBark"],"picked":"aspiration:RandomNobGenerator"},{"not_picked":["Tiny House","conspire:RoyalGoblet"],"picked":"ChewingGum"},{"not_picked":["Empty Cage","Fusion Hammer"],"picked":"conspire:SpecialSausage"}],"items_purged_floors":[46,79],"is_endless":true,"potions_floor_spawned":[1,10,12,14,20,21,29,30,33,35,37,38,45,56,62,66,70,74,80,83,98,103,105],"ascension_level":0}}