{"host":"0rxdudjy6rylha1k","time":1607552096,"event":{"gold_per_floor":[115,126,145,163,163,163,194,194,194,225,225,237,250,250,250,324,324,339,34,34,34,34,34,34,34],"floor_reached":24,"playtime":1613,"items_purged":[],"score":398,"play_id":"cbf02bb2-fee9-4e9b-af0a-6e96047f4ad1","local_time":"20201209151456","is_ascension_mode":true,"campfire_choices":[{"data":"Chaos","floor":6,"key":"SMITH"},{"floor":8,"key":"REST"},{"floor":11,"key":"REST"},{"floor":15,"key":"REST"},{"floor":23,"key":"REST"}],"neow_cost":"NONE","seed_source_timestamp":712517887981700,"circlet_count":0,"master_deck":["AscendersBane","Strike_B","Defend_B","Defend_B","Defend_B","Defend_B","Zap","Dualcast","Coolheaded","Cold Snap","Capacitor","Chaos+1","Creative AI","Barrage","Cold Snap","Chaos","Rainbow","Capacitor+1","Redo+1","Machine Learning+1","Reinforced Body","Bandage Up","Leap"],"relics":["Cracked Core","aspiration:Nostalgia","PureWater","Ornamental Fan","hubris:ToyBattleship","aspiration:AnachronicSnailShell","hubris:Towel","Astrolabe","Runic Capacitor","MutagenicStrength"],"potions_floor_usage":[7,13,18],"damage_taken":[{"damage":1,"enemies":"Cultist","floor":1,"turns":3},{"damage":3,"enemies":"Small Slimes","floor":2,"turns":3},{"damage":0,"enemies":"2 Louse","floor":3,"turns":2},{"damage":5,"enemies":"Looter","floor":4,"turns":4},{"damage":17,"enemies":"3 Sentries","floor":7,"turns":11},{"damage":62,"enemies":"Gremlin Nob","floor":10,"turns":7},{"damage":0,"enemies":"3 Louse","floor":12,"turns":4},{"damage":2,"enemies":"2 Fungi Beasts","floor":13,"turns":2},{"damage":35,"enemies":"Hexaghost","floor":16,"turns":12},{"damage":27,"enemies":"3 Byrds","floor":18,"turns":6},{"damage":61,"enemies":"Slavers","floor":24,"turns":4}],"seed_played":"1827852644842208914","potions_obtained":[{"floor":3,"key":"Ancient Potion"},{"floor":12,"key":"PowerPotion"},{"floor":16,"key":"Swift Potion"}],"is_trial":false,"path_per_floor":["M","M","M","M","?","R","E","R","T","E","R","M","M","?","R","B",null,"M","$","?","?","?","R","E"],"character_chosen":"DEFECT","items_purchased":["Runic Capacitor","Bandage Up","Leap"],"campfire_rested":4,"item_purchase_floors":[19,19,19],"current_hp_per_floor":[63,60,60,55,59,59,42,63,63,1,22,22,20,20,41,6,55,28,28,31,31,31,53,0,0],"gold":34,"neow_bonus":"NOSTALGIA","is_prod":false,"is_daily":false,"chose_seed":false,"campfire_upgraded":1,"win_rate":0,"timestamp":1607552096,"path_taken":["M","M","M","M","?","R","E","R","T","E","R","M","M","?","R","BOSS","M","$","?","?","?","R","E"],"build_version":"2020-11-30","purchased_purges":0,"victory":false,"max_hp_per_floor":[71,71,71,71,71,71,71,71,71,71,71,71,71,71,71,71,71,71,71,74,74,74,74,74,74],"card_choices":[{"not_picked":["Beam Cell","Hologram"],"picked":"Coolheaded","floor":1},{"not_picked":["Rebound","hubris:PowerSurge"],"picked":"Cold Snap","floor":2},{"not_picked":["Hologram","Darkness"],"picked":"Capacitor","floor":3},{"not_picked":["Go for the Eyes","Double Energy"],"picked":"Chaos","floor":4},{"not_picked":["Stack","hubris:DoWhile"],"picked":"Creative AI","floor":7},{"not_picked":["Darkness","Ball Lightning"],"picked":"Barrage","floor":10},{"not_picked":["Leap","Go for the Eyes"],"picked":"Cold Snap","floor":12},{"not_picked":["Go for the Eyes","Compile Driver"],"picked":"Chaos","floor":13},{"not_picked":["hubris:SpecializedCircuitry","Amplify"],"picked":"Rainbow","floor":16},{"not_picked":["Capacitor","Hologram"],"picked":"Reinforced Body","floor":18}],"player_experience":1631764,"relics_obtained":[{"floor":7,"key":"Ornamental Fan"},{"floor":9,"key":"hubris:ToyBattleship"},{"floor":10,"key":"aspiration:AnachronicSnailShell"}],"event_choices":[{"damage_healed":0,"gold_gain":0,"player_choice":"Inject Mutagens","damage_taken":0,"relics_obtained":["MutagenicStrength"],"max_hp_gain":0,"max_hp_loss":0,"event_name":"Drug Dealer","floor":22,"gold_loss":0}],"is_beta":false,"boss_relics":[{"not_picked":["Empty Cage","aspiration:WatcherSkillbook"],"picked":"Astrolabe"}],"items_purged_floors":[],"is_endless":false,"potions_floor_spawned":[3,12,16],"killed_by":"Slavers","ascension_level":19}}