{"host":"06x55mgvbk21l0iu","time":1607498161,"event":{"gold_per_floor":[113,113,126,126,126,126,90,121,121,121,121,121],"floor_reached":11,"playtime":295,"items_purged":[],"score":72,"play_id":"95ae0220-a7fa-4376-971a-0f021843b9e5","local_time":"20201209011601","is_ascension_mode":true,"campfire_choices":[{"data":"Catalyst","floor":6.0,"key":"SMITH"},{"data":"Noxious Fumes","floor":10,"key":"SMITH"}],"neow_cost":"TEN_PERCENT_HP_LOSS","seed_source_timestamp":18445410413800,"circlet_count":0,"master_deck":["Strike_G","Strike_G","Strike_G","Strike_G","Defend_G","Defend_G","Defend_G","Defend_G","Defend_G","Survivor","Neutralize","Corpse Explosion","Dagger Spray","Catalyst+1","Noxious Fumes+1","Crippling Poison"],"special_seed":0,"relics":["Ring of the Snake","Nunchaku","The Courier"],"potions_floor_usage":[],"damage_taken":[{"damage":0.0,"enemies":"Cultist","floor":1.0,"turns":4.0},{"damage":0.0,"enemies":"Small Slimes","floor":3.0,"turns":2.0},{"damage":8,"enemies":"Lagavulin","floor":8,"turns":6},{"damage":0,"enemies":"Jaw Worm","floor":11,"turns":1}],"seed_played":"-3294389433339042891","potions_obtained":[{"floor":3.0,"key":"EssenceOfSteel"},{"floor":5.0,"key":"CunningPotion"},{"floor":5.0,"key":"Explosive Potion"},{"floor":5.0,"key":"BlessingOfTheForge"}],"is_trial":false,"path_per_floor":["M","?","M","$","?","R","$","E","T","R","M"],"character_chosen":"THE_SILENT","items_purchased":["Noxious Fumes"],"campfire_rested":0,"item_purchase_floors":[7],"current_hp_per_floor":[63,56,56,56,56,56,56,48,48,48,48,48],"gold":121,"neow_bonus":"THREE_RARE_CARDS","is_prod":false,"is_daily":false,"chose_seed":false,"campfire_upgraded":2,"win_rate":0,"timestamp":1607498161,"path_taken":["M","?","M","$","?","R","$","E","T","R","M"],"build_version":"2020-11-30","purchased_purges":0,"victory":false,"max_hp_per_floor":[63,63,63,63,63,63,63,63,63,63,63,63],"relic_stats":{"Nunchaku":[0],"counters":[4,13],"obtain_stats":[{"Nunchaku":8,"The Courier":9,"Ring of the Snake":0},{"Nunchaku":3,"The Courier":3,"Ring of the Snake":0},{"Nunchaku":12,"The Courier":12,"Ring of the Snake":0}],"Ring of the Snake":[8]},"card_choices":[{"not_picked":["Envenom","Unload"],"picked":"Corpse Explosion","floor":0.0},{"not_picked":["Prepared","Outmaneuver"],"picked":"Dagger Spray","floor":1.0},{"not_picked":["Bane","Underhanded Strike"],"picked":"Catalyst","floor":3.0},{"not_picked":["Quick Slash","Tools of the Trade"],"picked":"Crippling Poison","floor":8}],"player_experience":259337,"relics_obtained":[{"floor":8,"key":"Nunchaku"},{"floor":9,"key":"The Courier"}],"event_choices":[{"cards_removed":["Strike_G"],"damage_healed":0.0,"max_hp_gain":0.0,"max_hp_loss":0.0,"gold_gain":0.0,"event_name":"Golden Wing","player_choice":"Card Removal","floor":2.0,"gold_loss":0.0,"damage_taken":7.0},{"damage_healed":0.0,"max_hp_gain":0.0,"max_hp_loss":0.0,"gold_gain":0.0,"event_name":"Lab","player_choice":"Got Potions","floor":5.0,"gold_loss":0.0,"damage_taken":0.0}],"is_beta":false,"boss_relics":[],"items_purged_floors":[],"is_endless":false,"potions_floor_spawned":[3,8],"killed_by":"Jaw Worm","ascension_level":1}}