{"host":"fhq3k2nq5elnbks3","time":1607484199,"event":{"gold_per_floor":[114,114,114,132,145,145,165,177,204,235,247,182,182,208,208,208,208],"floor_reached":16,"playtime":1975,"items_purged":[],"score":102,"play_id":"1a84a358-aeeb-4da3-a4e9-a41cdb0b51bb","local_time":"20201208212319","is_ascension_mode":false,"campfire_choices":[{"data":"FireBladeMod:SoulSword","floor":6,"key":"SMITH"},{"data":"FireBladeMod:HealthyEndurance","floor":11,"key":"SMITH"},{"data":"FireBladeMod:ScorchingStrike","floor":13,"key":"SMITH"},{"data":"FireBladeMod:Ignition","floor":15,"key":"SMITH"}],"neow_cost":"NONE","seed_source_timestamp":58617594381000,"circlet_count":0,"master_deck":["FireBladeMod:StrikeFireBlade","FireBladeMod:StrikeFireBlade","FireBladeMod:StrikeFireBlade","FireBladeMod:StrikeFireBlade","FireBladeMod:DefendFireBlade","FireBladeMod:DefendFireBlade","FireBladeMod:DefendFireBlade","FireBladeMod:DefendFireBlade","FireBladeMod:FlamingSword","FireBladeMod:FireBarrier","FireBladeMod:SoulSword+1","FireBladeMod:ScorchingStrike+1","FireBladeMod:HealthyEndurance+1","FireBladeMod:Ignition+1"],"relics":["FireBladeMod:DuelistLocket","aspiration:HiddenCompartment","Eternal Feather","Hallownest:DreamNailRelic","MerchantsRug","RuthlessExorcism:ReiMu"],"potions_floor_usage":[],"damage_taken":[{"damage":5,"enemies":"Hallownest:2_Baldur","floor":1,"turns":3},{"damage":0,"enemies":"2_ Uuma","floor":4,"turns":6},{"damage":0,"enemies":"Hallownest:monsterHuskWarrior","floor":5,"turns":4},{"damage":0,"enemies":"Hallownest:monsterAspidMother","floor":7,"turns":4},{"damage":15,"enemies":"Hallownest:Guard_and_Warrior","floor":8,"turns":6},{"damage":8,"enemies":"Hallownest:Wandering_and_Horned","floor":10,"turns":6},{"damage":16,"enemies":"Hallownest:eliteVengeflyKing","floor":14,"turns":7},{"damage":44,"enemies":"Hallownest:BossFalseKnight","floor":16,"turns":6}],"seed_played":"-5576121389593584000","potions_obtained":[{"floor":1,"key":"Block Potion"},{"floor":4,"key":"PowerPotion"}],"is_trial":false,"path_per_floor":["M","?","?","M","M","R","M","M","T","M","R","$","R","E","R","B"],"character_chosen":"THE_FIREBLADE","items_purchased":["MerchantsRug"],"campfire_rested":0,"item_purchase_floors":[12],"current_hp_per_floor":[72,32,32,32,32,38,38,23,23,21,27,27,33,25,31,0,0],"gold":208,"neow_bonus":"TEN_PERCENT_HP_BONUS","is_prod":false,"is_daily":false,"chose_seed":false,"campfire_upgraded":4,"win_rate":0.0,"timestamp":1607484199,"path_taken":["M","?","?","M","M","R","M","M","T","M","R","$","R","E","R","BOSS"],"build_version":"2020-11-30","purchased_purges":0,"victory":false,"max_hp_per_floor":[77,77,77,77,77,77,77,77,77,77,77,77,77,77,77,77,77],"card_choices":[{"not_picked":["FireBladeMod:SpiritEndurance","FireBladeMod:ThirstForBlood","FireBladeMod:StunningBlow"],"picked":"SKIP","floor":1},{"not_picked":["FireBladeMod:Turtle","FireBladeMod:Refreshment"],"picked":"FireBladeMod:SoulSword","floor":4},{"not_picked":["FireBladeMod:SpinningSmash","FireBladeMod:BackhandSwing","FireBladeMod:StingingSlash"],"picked":"SKIP","floor":5},{"not_picked":["FireBladeMod:SpinningSmash","FireBladeMod:BackhandSwing","FireBladeMod:StingingSlash"],"picked":"SKIP","floor":5},{"not_picked":["FireBladeMod:SoulSword","FireBladeMod:OverCharge"],"picked":"FireBladeMod:ScorchingStrike","floor":7},{"not_picked":["FireBladeMod:SoulSword","FireBladeMod:GetPumped"],"picked":"FireBladeMod:HealthyEndurance","floor":8},{"not_picked":["FireBladeMod:Wildfire","FireBladeMod:WellPrepared","FireBladeMod:SteadyEndurance"],"picked":"SKIP","floor":10},{"not_picked":["FireBladeMod:Flames","FireBladeMod:ArmSmash"],"picked":"FireBladeMod:Ignition","floor":14}],"player_experience":481252,"relics_obtained":[{"floor":9,"key":"MawBank"},{"floor":14,"key":"RuthlessExorcism:ReiMu"}],"event_choices":[],"is_beta":false,"boss_relics":[],"items_purged_floors":[],"is_endless":false,"potions_floor_spawned":[1,4],"killed_by":"Hallownest:BossFalseKnight","ascension_level":0}}