{"host":"1m3dfme8k5w8sg4k","time":1607543285,"event":{"gold_per_floor":[112,127,147,221,70,100,114,114,139,139,156,121,121,121,121,216,216,229,106,106,106,106,106,138,138,138,138,153,164,194,194,194,291,291,304,318,329,379,389,409,434,434,434,434,448,448,466,466,466,466,466,466,3,3,3],"floor_reached":54,"playtime":2228,"items_purged":["Shame"],"score":730,"play_id":"58ca704d-5e0a-44e4-876f-891f727a43f8","local_time":"20201209144805","daily_mods":["SealedDeck"],"is_ascension_mode":false,"campfire_choices":[{"data":"Predator","floor":8.0,"key":"SMITH"},{"data":"Well Laid Plans","floor":13.0,"key":"SMITH"},{"data":"Catalyst","floor":15.0,"key":"SMITH"},{"data":"Footwork","floor":23.0,"key":"SMITH"},{"floor":25.0,"key":"REST"},{"data":"Storm of Steel","floor":27.0,"key":"SMITH"},{"floor":32.0,"key":"REST"},{"floor":42,"key":"REST"},{"floor":44,"key":"RECALL"},{"data":"Accuracy","floor":46,"key":"SMITH"},{"data":"Footwork","floor":49,"key":"SMITH"},{"data":"Prepared","floor":52,"key":"SMITH"}],"neow_cost":"","seed_source_timestamp":0,"circlet_count":0,"master_deck":["Slice+1","Dodge and Roll+1","Catalyst+1","Predator+1","Infinite Blades+1","Deadly Poison+1","Dagger Spray+1","Dodge and Roll","Poisoned Stab","Well Laid Plans+1","Cloak And Dagger+1","Accuracy+1","Terror","Storm of Steel+1","Footwork+1","Blade Dance","RitualDagger","Deflect","Reflex","Acrobatics+1","Prepared+1","PiercingWail","After Image","Footwork+1","Deflect+1","Cloak And Dagger","Blade Dance"],"special_seed":0,"relics":["Ring of the Snake","War Paint","Whetstone","Akabeko","Cursed Key","MutagenicStrength","Smiling Mask","Matryoshka","Runic Pyramid","Tingsha","Regal Pillow","Membership Card","Calipers"],"potions_floor_usage":[37,39,39,54,54],"damage_taken":[{"damage":6.0,"enemies":"Small Slimes","floor":1.0,"turns":3.0},{"damage":7.0,"enemies":"Jaw Worm","floor":2.0,"turns":3.0},{"damage":1.0,"enemies":"2 Louse","floor":3.0,"turns":2.0},{"damage":12.0,"enemies":"Lagavulin","floor":6.0,"turns":4.0},{"damage":0.0,"enemies":"Large Slime","floor":7.0,"turns":4.0},{"damage":0.0,"enemies":"2 Fungi Beasts","floor":11.0,"turns":2.0},{"damage":0.0,"enemies":"Slime Boss","floor":16.0,"turns":4.0},{"damage":8.0,"enemies":"Shell Parasite","floor":18.0,"turns":3.0},{"damage":18.0,"enemies":"Slavers","floor":24.0,"turns":3.0},{"damage":10.0,"enemies":"Chosen","floor":28.0,"turns":3.0},{"damage":1.0,"enemies":"Sentry and Sphere","floor":29.0,"turns":3.0},{"damage":2.0,"enemies":"Gremlin Leader","floor":30.0,"turns":6.0},{"damage":65.0,"enemies":"Automaton","floor":33.0,"turns":8.0},{"damage":0,"enemies":"Orb Walker","floor":35,"turns":1},{"damage":2,"enemies":"3 Shapes","floor":36,"turns":1},{"damage":3,"enemies":"Maw","floor":37,"turns":6},{"damage":0,"enemies":"Mind Bloom Boss Battle","floor":38,"turns":4},{"damage":21,"enemies":"3 Darklings","floor":39,"turns":4},{"damage":0,"enemies":"Spire Growth","floor":40,"turns":4},{"damage":5,"enemies":"Nemesis","floor":41,"turns":5},{"damage":0,"enemies":"4 Shapes","floor":45,"turns":2},{"damage":0,"enemies":"Sphere and 2 Shapes","floor":47,"turns":5},{"damage":43,"enemies":"Donu and Deca","floor":50,"turns":11},{"damage":76,"enemies":"Shield and Spear","floor":54,"turns":5}],"seed_played":"819800072700300241","potions_obtained":[{"floor":2.0,"key":"Energy Potion"},{"floor":6.0,"key":"ColorlessPotion"},{"floor":11.0,"key":"FearPotion"},{"floor":16.0,"key":"Dexterity Potion"},{"floor":28.0,"key":"GhostInAJar"},{"floor":29.0,"key":"CunningPotion"},{"floor":35,"key":"SpeedPotion"},{"floor":38,"key":"Poison Potion"},{"floor":41,"key":"Block Potion"}],"is_trial":true,"path_per_floor":["M","M","M","?","$","E","M","R","T","?","M","?","R","?","R","B",null,"M","$","?","?","?","R","E","R","T","R","M","M","E","?","R","B",null,"M","M","M","?","M","M","E","R","T","R","M","R","M","?","R","B",null,"R","$","E"],"character_chosen":"THE_SILENT","items_purchased":["War Paint","Footwork","Blade Dance","Membership Card","Calipers","Cloak And Dagger","Blade Dance","LiquidBronze","ColorlessPotion"],"campfire_rested":3,"item_purchase_floors":[5,19,19,53,53,53,53,53,53],"current_hp_per_floor":[64,57,56,56,56,44,44,44,44,44,44,61,61,47,47,47,70,62,62,62,56,56,56,38,59,59,59,49,48,46,46,67,2,70,70,68,65,65,44,44,39,70,70,70,70,70,70,66,66,23,66,66,66,0,0],"gold":3,"neow_bonus":"","is_prod":false,"is_daily":false,"chose_seed":false,"campfire_upgraded":8,"win_rate":0,"timestamp":1607543285,"path_taken":["M","M","M","?","?","E","M","R","T","?","M","?","R","?","R","BOSS","M","$","?","?","?","R","E","R","T","R","M","M","E","?","R","BOSS","M","M","M","?","M","M","E","R","T","R","M","R","M","?","R","BOSS","R","$","E"],"build_version":"2020-11-30","purchased_purges":1,"victory":false,"max_hp_per_floor":[70,70,70,70,70,70,70,70,70,70,70,70,70,70,70,70,70,70,70,70,70,70,70,70,70,70,70,70,70,70,70,70,70,70,70,70,70,70,70,70,70,70,70,70,70,70,70,66,66,66,66,66,66,66,66],"relic_stats":{"Regal Pillow":10,"counters":[24,96],"Tingsha":[68],"Whetstone":["Slice","Dagger Spray"],"War Paint":["Deadly Poison","Dodge and Roll"],"Cursed Key":1,"Smiling Mask":-12,"obtain_stats":[{"Regal Pillow":41,"Calipers":53,"Tingsha":38,"Whetstone":6,"War Paint":5,"Cursed Key":17,"Smiling Mask":24,"Akabeko":9,"Matryoshka":30,"MutagenicStrength":20,"Membership Card":53,"Ring of the Snake":0,"Runic Pyramid":34},{"Regal Pillow":20,"Calipers":23,"Tingsha":17,"Whetstone":4,"War Paint":3,"Cursed Key":7,"Smiling Mask":9,"Akabeko":5,"Matryoshka":12,"MutagenicStrength":8,"Membership Card":23,"Ring of the Snake":0,"Runic Pyramid":13},{"Regal Pillow":73,"Calipers":91,"Tingsha":60,"Whetstone":12,"War Paint":8,"Cursed Key":22,"Smiling Mask":28,"Akabeko":16,"Matryoshka":40,"MutagenicStrength":25,"Membership Card":91,"Ring of the Snake":0,"Runic Pyramid":48}],"Ring of the Snake":[48]},"card_choices":[{"not_picked":["Endless Agony","Bouncing Flask"],"picked":"Cloak And Dagger","floor":1.0},{"not_picked":["Backflip","Flying Knee"],"picked":"Accuracy","floor":2.0},{"not_picked":["Prepared","Predator"],"picked":"Terror","floor":3.0},{"not_picked":["Quick Slash","Deflect","Cloak And Dagger"],"picked":"SKIP","floor":6.0},{"not_picked":["Choke","Night Terror","Finisher"],"picked":"SKIP","floor":7.0},{"not_picked":["Backflip","Acrobatics","Catalyst"],"picked":"SKIP","floor":11.0},{"not_picked":["Glass Knife","Adrenaline"],"picked":"Storm of Steel","floor":16.0},{"not_picked":["Underhanded Strike","Terror","Quick Slash"],"picked":"SKIP","floor":18.0},{"not_picked":["Crippling Poison","Outmaneuver+1"],"picked":"Deflect","floor":24.0},{"not_picked":["Outmaneuver","PiercingWail"],"picked":"Reflex","floor":28.0},{"not_picked":["Deflect+1","Escape Plan"],"picked":"Acrobatics+1","floor":29.0},{"not_picked":["Outmaneuver","Bouncing Flask+1","Dagger Throw"],"picked":"SKIP","floor":30.0},{"not_picked":["Infinite Blades+1","Acrobatics"],"picked":"Prepared","floor":35},{"not_picked":["Flying Knee","Catalyst"],"picked":"PiercingWail","floor":36},{"not_picked":["Slice+1","Sucker Punch+1"],"picked":"After Image","floor":37},{"not_picked":["Escape Plan+1","Choke+1"],"picked":"Footwork","floor":38},{"not_picked":["Eviscerate","Slice","Quick Slash"],"picked":"SKIP","floor":39},{"not_picked":["Setup+1","Blade Dance+1"],"picked":"Deflect+1","floor":40},{"not_picked":["Sucker Punch","Dodge and Roll","Slice+1"],"picked":"SKIP","floor":41},{"not_picked":["Backflip","Endless Agony","Quick Slash+1"],"picked":"SKIP","floor":45},{"not_picked":["Underhanded Strike","Outmaneuver+1","Setup+1"],"picked":"SKIP","floor":47}],"player_experience":1589962,"relics_obtained":[{"floor":6.0,"key":"Whetstone"},{"floor":9.0,"key":"Akabeko"},{"floor":24.0,"key":"Smiling Mask"},{"floor":30.0,"key":"Matryoshka"},{"floor":38,"key":"Tingsha"},{"floor":41,"key":"Regal Pillow"}],"event_choices":[{"damage_healed":0.0,"max_hp_gain":0.0,"max_hp_loss":0.0,"gold_gain":74.0,"event_name":"Golden Wing","player_choice":"Gained Gold","floor":4.0,"gold_loss":0.0,"damage_taken":0.0},{"damage_healed":0.0,"max_hp_gain":0.0,"max_hp_loss":0.0,"gold_gain":0.0,"event_name":"Liars Game","player_choice":"Ignored","floor":10.0,"gold_loss":0.0,"damage_taken":0.0},{"damage_healed":17.0,"max_hp_gain":0.0,"max_hp_loss":0.0,"gold_gain":0.0,"event_name":"The Cleric","player_choice":"Healed","floor":12.0,"gold_loss":35.0,"damage_taken":0.0},{"damage_healed":0.0,"max_hp_gain":0.0,"max_hp_loss":0.0,"gold_gain":0.0,"event_name":"Shining Light","player_choice":"Entered Light","floor":14.0,"gold_loss":0.0,"damage_taken":14.0,"cards_upgraded":["Cloak And Dagger","Infinite Blades"]},{"damage_healed":0.0,"max_hp_gain":0.0,"max_hp_loss":0.0,"gold_gain":0.0,"event_name":"Drug Dealer","player_choice":"Inject Mutagens","floor":20.0,"gold_loss":0.0,"damage_taken":0.0,"relics_obtained":["MutagenicStrength"]},{"damage_healed":0.0,"max_hp_gain":0.0,"max_hp_loss":0.0,"gold_gain":0.0,"event_name":"Nest","player_choice":"Joined the Cult","floor":21.0,"gold_loss":0.0,"damage_taken":6.0,"cards_obtained":["RitualDagger"]},{"damage_healed":0.0,"max_hp_gain":0.0,"max_hp_loss":0.0,"gold_gain":0.0,"event_name":"Vampires","player_choice":"Ignored","floor":22.0,"gold_loss":0.0,"damage_taken":0.0},{"damage_healed":0.0,"max_hp_gain":0.0,"max_hp_loss":0.0,"gold_gain":0.0,"event_name":"Ghosts","player_choice":"Ignored","floor":31.0,"gold_loss":0.0,"damage_taken":0.0},{"damage_healed":0,"gold_gain":0,"player_choice":"Fight","damage_taken":0,"max_hp_gain":0,"max_hp_loss":0,"event_name":"MindBloom","floor":38,"gold_loss":0},{"damage_healed":0,"gold_gain":0,"player_choice":"Max HP","damage_taken":0,"max_hp_gain":0,"max_hp_loss":4,"event_name":"Winding Halls","floor":48,"gold_loss":0}],"is_beta":false,"boss_relics":[{"not_picked":["Calling Bell","Runic Dome"],"picked":"Cursed Key"},{"not_picked":["Empty Cage","Velvet Choker"],"picked":"Runic Pyramid"}],"items_purged_floors":[53],"is_endless":false,"potions_floor_spawned":[2,6,11,16,28,29,35,36,38,41],"killed_by":"Shield and Spear","ascension_level":0}}