{"host":"szp1d6dso4pv7ddl","time":1607482159,"event":{"gold_per_floor":[215,232,332,345,356,386,386,412,438,456,475,253,263,273,273,273,273],"floor_reached":16,"playtime":884,"items_purged":["Strike_B"],"score":141,"play_id":"82ec64b6-6a74-4676-aaa9-054d53f68ad0","local_time":"20201208184919","is_ascension_mode":false,"campfire_choices":[{"floor":7,"key":"REST"},{"floor":15,"key":"REST"}],"neow_cost":"NONE","seed_source_timestamp":0,"circlet_count":0,"master_deck":["Strike_B","Strike_B","Strike_B+1","Defend_B","Defend_B","Defend_B","Defend_B","Zap","Dualcast","Gash+1","Core Surge","Gash"],"special_seed":0,"relics":["Cracked Core","Pear","Lantern","PreservedInsect","Whetstone"],"potions_floor_usage":[14,16],"damage_taken":[{"damage":2,"enemies":"2 Louse","floor":1,"turns":2},{"damage":0,"enemies":"Cultist","floor":2,"turns":3},{"damage":0,"enemies":"Small Slimes","floor":4,"turns":3},{"damage":2,"enemies":"Blue Slaver","floor":5,"turns":3},{"damage":49,"enemies":"3 Sentries","floor":6,"turns":10},{"damage":30,"enemies":"Gremlin Nob","floor":8,"turns":4},{"damage":0,"enemies":"Looter","floor":10,"turns":2},{"damage":7,"enemies":"Exordium Thugs","floor":11,"turns":5},{"damage":0,"enemies":"2 Fungi Beasts","floor":13,"turns":3},{"damage":8,"enemies":"Gremlin Gang","floor":14,"turns":4},{"damage":48,"enemies":"Slime Boss","floor":16,"turns":7}],"seed_played":"1268813923341117886","potions_obtained":[{"floor":5,"key":"PotionOfCapacity"},{"floor":6,"key":"Strength Potion"},{"floor":10,"key":"Strength Potion"},{"floor":11,"key":"Weak Potion"},{"floor":14,"key":"Fruit Juice"}],"is_trial":false,"path_per_floor":["M","M","?","M","M","E","R","E","T","M","M","$","M","M","R","B"],"character_chosen":"DEFECT","items_purchased":["Whetstone"],"campfire_rested":2,"item_purchase_floors":[12],"current_hp_per_floor":[73,73,73,73,71,32,57,27,27,27,20,20,20,17,44,0,0],"gold":273,"neow_bonus":"HUNDRED_GOLD","is_prod":false,"is_daily":false,"chose_seed":false,"campfire_upgraded":0,"win_rate":0,"timestamp":1607482159,"path_taken":["M","M","?","M","M","E","R","E","T","M","M","$","M","M","R","BOSS"],"build_version":"2020-11-30","purchased_purges":1,"victory":false,"max_hp_per_floor":[75,75,75,75,75,85,85,85,85,85,85,85,85,90,90,90,90],"relic_stats":{"counters":[11,46],"PreservedInsect":0,"Whetstone":["Strike_B","Gash"],"obtain_stats":[{"Lantern":8,"Pear":6,"PreservedInsect":9,"Whetstone":12,"Cracked Core":0},{"Lantern":6,"Pear":5,"PreservedInsect":6,"Whetstone":8,"Cracked Core":0},{"Lantern":25,"Pear":21,"PreservedInsect":25,"Whetstone":32,"Cracked Core":0}]},"card_choices":[{"not_picked":["Turbo","Go for the Eyes"],"picked":"Gash","floor":1},{"not_picked":["Darkness","Hello World","Tempest"],"picked":"SKIP","floor":2},{"not_picked":["Genetic Algorithm","Barrage","Doom and Gloom"],"picked":"SKIP","floor":4},{"not_picked":["Defragment","Ball Lightning","Barrage"],"picked":"SKIP","floor":5},{"not_picked":["Beam Cell","Coolheaded"],"picked":"Core Surge","floor":6},{"not_picked":["Capacitor","Steam Power","Steam"],"picked":"SKIP","floor":8},{"not_picked":["Turbo","Beam Cell","Sweeping Beam"],"picked":"SKIP","floor":10},{"not_picked":["Go for the Eyes","Turbo","Coolheaded"],"picked":"SKIP","floor":11},{"not_picked":["Consume","Double Energy"],"picked":"Gash","floor":13},{"not_picked":["Consume","Tempest","Redo"],"picked":"SKIP","floor":14}],"player_experience":900706,"relics_obtained":[{"floor":6,"key":"Pear"},{"floor":8,"key":"Lantern"},{"floor":9,"key":"PreservedInsect"}],"event_choices":[{"damage_healed":0,"gold_gain":100,"player_choice":"Pray","damage_taken":0,"max_hp_gain":0,"max_hp_loss":0,"event_name":"Golden Shrine","floor":3,"gold_loss":0}],"is_beta":false,"boss_relics":[],"items_purged_floors":[12],"is_endless":false,"potions_floor_spawned":[5,6,10,11,14],"killed_by":"Slime Boss","ascension_level":0}}