{"host":"4par9lyhj7bf4dsa","time":1607507397,"event":{"gold_per_floor":[109,184,15,115,135,135,165,176,202,222,237,237,252,277,277,380,380,399,199,218,234,245,277,277,308,344,381,412,424,99,99,99,199,199,219,10,59,59,73,73,0,18,18,18,53,53,86,106,106,106,106],"floor_reached":50,"playtime":3590,"items_purged":["Strike_G","Strike_G"],"score":913,"play_id":"125b0668-400f-449c-be73-fa134780de5e","local_time":"20201209204957","is_ascension_mode":true,"campfire_choices":[{"data":"Neutralize","floor":6.0,"key":"SMITH"},{"data":"All Out Attack","floor":12.0,"key":"SMITH"},{"data":"Storm of Steel","floor":15.0,"key":"SMITH"},{"data":"1","floor":24,"key":"LIFT"},{"data":"2","floor":32,"key":"LIFT"},{"data":"3","floor":40,"key":"LIFT"},{"floor":44,"key":"DIG"},{"floor":46,"key":"DIG"},{"floor":49,"key":"RECALL"}],"neow_cost":"NONE","seed_source_timestamp":0,"circlet_count":0,"master_deck":["AscendersBane","Defend_G","Defend_G","Defend_G","Defend_G","Defend_G","Survivor","Neutralize+1","All Out Attack+1","Cloak And Dagger","Cloak And Dagger","Poisoned Stab","Dagger Spray","Storm of Steel+1","Glass Knife","PiercingWail","Deflect+1","Skewer","After Image","Infinite Blades+1","Injury","Dodge and Roll","Backflip","Blur","Well Laid Plans","Bandage Up+1","Bite","Bite","Bite","Bite","Bite","Adrenaline+1","Blade Dance+1","Leg Sweep+1","Bouncing Flask+1","Cloak And Dagger+1","Accuracy+1","Crippling Poison+1","Parasite","PiercingWail+1","Pain","Catalyst+1","PiercingWail+1","Predator"],"special_seed":0,"relics":["SacredBark","Membership Card","Ancient Tea Set","Oddly Smooth Stone","Paper Crane","Cursed Key","Lee\u0027s Waffle","Girya","MawBank","PreservedInsect","Red Mask","Toxic Egg 2","Fusion Hammer","Bag of Preparation","TwistedFunnel","Shovel","Bottled Flame","Art of War","Gambling Chip","Mummified Hand"],"potions_floor_usage":[21,22,23,23,33,33,37,39,50,50],"damage_taken":[{"damage":0.0,"enemies":"2 Louse","floor":1.0,"turns":5.0},{"damage":5.0,"enemies":"Jaw Worm","floor":5.0,"turns":4.0},{"damage":2.0,"enemies":"Gremlin Nob","floor":7.0,"turns":3.0},{"damage":0.0,"enemies":"Cultist","floor":8.0,"turns":5.0},{"damage":0.0,"enemies":"Large Slime","floor":10.0,"turns":8.0},{"damage":7.0,"enemies":"3 Louse","floor":11.0,"turns":3.0},{"damage":0.0,"enemies":"2 Fungi Beasts","floor":13.0,"turns":3.0},{"damage":0.0,"enemies":"Lagavulin","floor":14.0,"turns":7.0},{"damage":10.0,"enemies":"Slime Boss","floor":16.0,"turns":10.0},{"damage":9.0,"enemies":"Chosen","floor":18.0,"turns":6.0},{"damage":8.0,"enemies":"Shell Parasite","floor":20.0,"turns":7.0},{"damage":10,"enemies":"3 Cultists","floor":21,"turns":5},{"damage":13,"enemies":"Shelled Parasite and Fungi","floor":22,"turns":6},{"damage":11,"enemies":"Gremlin Leader","floor":23,"turns":11},{"damage":22,"enemies":"Slavers","floor":25,"turns":7},{"damage":12,"enemies":"Masked Bandits","floor":27,"turns":5},{"damage":0,"enemies":"Cultist and Chosen","floor":28,"turns":7},{"damage":39,"enemies":"Champ","floor":33,"turns":12},{"damage":8,"enemies":"Orb Walker","floor":35,"turns":4},{"damage":30,"enemies":"2 Orb Walkers","floor":37,"turns":4},{"damage":0,"enemies":"3 Darklings","floor":39,"turns":4},{"damage":10,"enemies":"Writhing Mass","floor":42,"turns":8},{"damage":34,"enemies":"Nemesis","floor":45,"turns":5},{"damage":7,"enemies":"Giant Head","floor":47,"turns":4},{"damage":5,"enemies":"Spire Growth","floor":48,"turns":4},{"damage":46,"enemies":"Time Eater","floor":50,"turns":10}],"seed_played":"-4163261925878547838","potions_obtained":[{"floor":1.0,"key":"SteroidPotion"},{"floor":11.0,"key":"LiquidMemories"},{"floor":13.0,"key":"DistilledChaos"},{"floor":14.0,"key":"FearPotion"},{"floor":20,"key":"ColorlessPotion"},{"floor":21,"key":"LiquidMemories"},{"floor":27,"key":"AttackPotion"},{"floor":33,"key":"AttackPotion"},{"floor":35,"key":"DuplicationPotion"},{"floor":45,"key":"Energy Potion"}],"is_trial":false,"path_per_floor":["M","?","$","?","M","R","E","M","T","M","M","R","M","E","R","B",null,"M","$","M","M","M","E","R","E","T","?","M","?","$","?","R","B",null,"M","$","?","?","M","R","$","M","T","R","E","R","E","M","R","B"],"character_chosen":"THE_SILENT","items_purchased":["Membership Card","Dexterity Potion","Lee\u0027s Waffle","PiercingWail","SpeedPotion","DuplicationPotion","Blur","SteroidPotion","SpeedPotion","Toxic Egg 2","Well Laid Plans","Bandage Up+1","Bag of Preparation","Leg Sweep+1","Bouncing Flask+1","TwistedFunnel","EssenceOfSteel","Crippling Poison+1"],"campfire_rested":0,"item_purchase_floors":[3,3,19,19,19,19,30,30,30,30,30,30,36,36,36,36,41,41],"current_hp_per_floor":[63,52,52,52,47,47,45,45,45,45,38,38,38,38,38,28,60,51,77,69,59,46,35,35,13,13,1,1,26,26,26,26,13,43,49,49,33,33,47,47,47,50,50,50,21,21,26,23,23,0,0],"gold":106,"neow_bonus":"BOSS_RELIC","is_prod":false,"is_daily":false,"chose_seed":false,"campfire_upgraded":3,"win_rate":0,"timestamp":1607507397,"path_taken":["M","?","$","?","M","R","E","M","T","M","M","R","M","E","R","BOSS","M","$","M","M","?","E","R","E","T","?","M","?","$","?","R","BOSS","M","$","?","?","M","R","?","M","T","R","E","R","E","M","R","BOSS"],"build_version":"2020-11-30","purchased_purges":2,"victory":false,"max_hp_per_floor":[70,70,70,70,70,70,70,70,70,70,70,70,70,70,70,70,70,70,77,77,77,77,77,77,77,77,77,77,77,77,53,53,53,53,53,53,53,50,50,50,50,50,50,50,50,50,50,50,50,50,50],"relic_stats":{"Lee\u0027s Waffle":26,"Shovel":2,"counters":[26,157],"Mummified Hand":[6],"Gambling Chip":[11],"PreservedInsect":180,"Bag of Preparation":[14],"Art of War":[3],"Cursed Key":2,"MawBank":60,"obtain_stats":[{"TwistedFunnel":36,"Girya":23,"Lee\u0027s Waffle":19,"SacredBark":0,"Oddly Smooth Stone":9,"PreservedInsect":26,"Bag of Preparation":36,"Paper Crane":14,"Ancient Tea Set":7,"Cursed Key":17,"MawBank":25,"Bottled Flame":44,"Shovel":37,"Mummified Hand":47,"Gambling Chip":46,"Fusion Hammer":34,"Red Mask":27,"Art of War":45,"Membership Card":3,"Toxic Egg 2":30,"Ring of the Snake":0},{"TwistedFunnel":19,"Girya":14,"Lee\u0027s Waffle":10,"SacredBark":0,"Oddly Smooth Stone":4,"PreservedInsect":15,"Bag of Preparation":19,"Paper Crane":8,"Ancient Tea Set":3,"Cursed Key":9,"MawBank":15,"Bottled Flame":22,"Shovel":20,"Mummified Hand":24,"Gambling Chip":23,"Fusion Hammer":18,"Red Mask":16,"Art of War":23,"Membership Card":1,"Toxic Egg 2":17,"Ring of the Snake":0},{"TwistedFunnel":118,"Girya":83,"Lee\u0027s Waffle":54,"SacredBark":0,"Oddly Smooth Stone":17,"PreservedInsect":90,"Bag of Preparation":118,"Paper Crane":38,"Ancient Tea Set":12,"Cursed Key":48,"MawBank":90,"Bottled Flame":134,"Shovel":122,"Mummified Hand":143,"Gambling Chip":139,"Fusion Hammer":114,"Red Mask":95,"Art of War":139,"Membership Card":5,"Toxic Egg 2":102,"Ring of the Snake":0}]},"card_choices":[{"not_picked":["Eviscerate","Calculated Gamble"],"picked":"All Out Attack","floor":1.0},{"not_picked":["PiercingWail","Underhanded Strike"],"picked":"Cloak And Dagger","floor":5.0},{"not_picked":["Reflex","Flechettes","Escape Plan"],"picked":"SKIP","floor":7.0},{"not_picked":["Finisher","Reflex"],"picked":"Cloak And Dagger","floor":8.0},{"not_picked":["Prepared","Acrobatics"],"picked":"Poisoned Stab","floor":10.0},{"not_picked":["Quick Slash","Leg Sweep"],"picked":"Dagger Spray","floor":11.0},{"not_picked":["Sucker Punch","Flying Knee","Cloak And Dagger"],"picked":"SKIP","floor":13.0},{"not_picked":["Flying Knee","Quick Slash"],"picked":"Storm of Steel","floor":14.0},{"not_picked":["Malaise","Bullet Time"],"picked":"Glass Knife","floor":16.0},{"not_picked":["Underhanded Strike+1","Dagger Throw","Dagger Spray"],"picked":"SKIP","floor":18.0},{"not_picked":["Slice","Deadly Poison"],"picked":"Deflect+1","floor":20},{"not_picked":["Prepared","Heel Hook"],"picked":"Skewer","floor":21},{"not_picked":["PiercingWail+1","Escape Plan"],"picked":"After Image","floor":22},{"not_picked":["Flechettes","Deadly Poison","Outmaneuver"],"picked":"SKIP","floor":23},{"not_picked":["Dagger Throw","Blade Dance"],"picked":"Infinite Blades+1","floor":25},{"not_picked":["Catalyst","Concentrate"],"picked":"Dodge and Roll","floor":27},{"not_picked":["Slice","Skewer"],"picked":"Backflip","floor":28},{"not_picked":["Doppelganger+1","Tools of the Trade"],"picked":"Adrenaline+1","floor":33},{"not_picked":["Catalyst+1","Bane+1"],"picked":"Blade Dance+1","floor":35},{"not_picked":["Deflect+1","Dagger Throw"],"picked":"Cloak And Dagger+1","floor":37},{"not_picked":["Slice+1","Underhanded Strike+1"],"picked":"Accuracy+1","floor":39},{"not_picked":["Prepared+1","Leg Sweep+1"],"picked":"PiercingWail+1","floor":42},{"not_picked":["Outmaneuver+1","Bane+1"],"picked":"Catalyst+1","floor":45},{"not_picked":["Quick Slash","Prepared+1"],"picked":"PiercingWail+1","floor":47},{"not_picked":["Flying Knee+1","Riddle With Holes"],"picked":"Predator","floor":48}],"player_experience":820908,"relics_obtained":[{"floor":7.0,"key":"Ancient Tea Set"},{"floor":9.0,"key":"Oddly Smooth Stone"},{"floor":14.0,"key":"Paper Crane"},{"floor":23,"key":"Girya"},{"floor":25,"key":"MawBank"},{"floor":26,"key":"PreservedInsect"},{"floor":27,"key":"Red Mask"},{"floor":37,"key":"Shovel"},{"floor":44,"key":"Bottled Flame"},{"floor":45,"key":"Art of War"},{"floor":46,"key":"Gambling Chip"},{"floor":47,"key":"Mummified Hand"}],"event_choices":[{"damage_healed":0.0,"max_hp_gain":0.0,"max_hp_loss":0.0,"gold_gain":75.0,"event_name":"World of Goop","player_choice":"Gather Gold","floor":2.0,"gold_loss":0.0,"damage_taken":11.0},{"damage_healed":0.0,"max_hp_gain":0.0,"max_hp_loss":0.0,"gold_gain":100.0,"event_name":"Golden Shrine","player_choice":"Pray","floor":4.0,"gold_loss":0.0,"damage_taken":0.0},{"damage_healed":0,"gold_gain":0,"player_choice":"Fought Bandits","damage_taken":0,"max_hp_gain":0,"max_hp_loss":0,"event_name":"Masked Bandits","floor":27,"gold_loss":0},{"damage_healed":25,"gold_gain":0,"player_choice":"Heal","damage_taken":0,"max_hp_gain":0,"max_hp_loss":0,"event_name":"The Library","floor":29,"gold_loss":0},{"damage_healed":0,"gold_gain":0,"player_choice":"Became a vampire","damage_taken":0,"max_hp_gain":0,"max_hp_loss":24,"event_name":"Vampires","floor":31,"gold_loss":0,"cards_obtained":["Bite","Bite","Bite","Bite","Bite"]},{"damage_healed":0,"gold_gain":0,"player_choice":"Fight","damage_taken":0,"max_hp_gain":0,"max_hp_loss":0,"event_name":"Mysterious Sphere","floor":37,"gold_loss":0},{"damage_healed":0,"gold_gain":0,"player_choice":"Max HP","damage_taken":0,"max_hp_gain":0,"max_hp_loss":3,"event_name":"Winding Halls","floor":38,"gold_loss":0}],"is_beta":false,"boss_relics":[{"not_picked":["HoveringKite","Empty Cage"],"picked":"Cursed Key"},{"not_picked":["Pandora\u0027s Box","Coffee Dripper"],"picked":"Fusion Hammer"}],"items_purged_floors":[19,30],"is_endless":false,"potions_floor_spawned":[1,11,13,14,20,21,27,33,35,45,47,48],"killed_by":"Time Eater","ascension_level":10}}