{"host":"7gewg82ormp6yt4e","time":1607518623,"event":{"gold_per_floor":[109,125,125,125,125,125,141,141,167,104,130,185,197,209,221,233,233],"floor_reached":16,"playtime":634,"items_purged":[],"score":196,"play_id":"73901bf0-4f3a-4c92-869c-2403da9994b4","local_time":"20201209215703","is_ascension_mode":true,"campfire_choices":[{"data":"Footwork","floor":6,"key":"SMITH"},{"data":"Noxious Fumes","floor":8,"key":"SMITH"},{"data":"Neutralize","floor":13,"key":"SMITH"},{"floor":15,"key":"REST"}],"neow_cost":"TEN_PERCENT_HP_LOSS","seed_source_timestamp":944419912803500,"circlet_count":0,"master_deck":["AscendersBane","Strike_G","Strike_G","Strike_G","Defend_G","Defend_G","Defend_G","Defend_G","Defend_G","Survivor","Neutralize+1","Footwork+1","Backflip","Noxious Fumes+1","Escape Plan"],"relics":["Ring of the Snake","Calipers","Golden Idol","MawBank","Oddly Smooth Stone"],"potions_floor_usage":[12,12],"damage_taken":[{"damage":4,"enemies":"Jaw Worm","floor":1,"turns":6},{"damage":5,"enemies":"Small Slimes","floor":2,"turns":4},{"damage":0,"enemies":"2 Louse","floor":7,"turns":5},{"damage":0,"enemies":"Large Slime","floor":11,"turns":8},{"damage":21,"enemies":"Gremlin Nob","floor":12,"turns":6},{"damage":53,"enemies":"Slime Boss","floor":16,"turns":14}],"seed_played":"7765245227595915184","potions_obtained":[{"floor":1,"key":"Ancient Potion"},{"floor":11,"key":"GamblersBrew"}],"is_trial":false,"path_per_floor":["M","M","?","?","?","R","M","R","T","?","M","E","R","$","R","B"],"character_chosen":"THE_SILENT","items_purchased":[],"campfire_rested":1,"item_purchase_floors":[],"current_hp_per_floor":[55,50,50,55,55,55,55,55,55,55,55,34,34,34,51,0,0],"gold":233,"neow_bonus":"ONE_RARE_RELIC","is_prod":false,"is_daily":false,"chose_seed":false,"campfire_upgraded":3,"win_rate":0,"timestamp":1607518623,"path_taken":["M","M","?","?","?","R","M","R","T","?","?","E","R","$","R","BOSS"],"build_version":"2020-11-30","purchased_purges":0,"victory":false,"max_hp_per_floor":[60,60,60,65,59,59,59,59,59,59,59,59,59,59,59,59,59],"relic_stats":{"counters":[6,43],"Golden Idol":15,"MawBank":84,"obtain_stats":[{"Calipers":0,"Golden Idol":5,"Oddly Smooth Stone":12,"MawBank":9,"Ring of the Snake":0},{"Calipers":0,"Golden Idol":2,"Oddly Smooth Stone":5,"MawBank":3,"Ring of the Snake":0},{"Calipers":0,"Golden Idol":10,"Oddly Smooth Stone":29,"MawBank":15,"Ring of the Snake":0}],"Ring of the Snake":[12]},"card_choices":[{"not_picked":["Accuracy","All Out Attack"],"picked":"Footwork","floor":1},{"not_picked":["Dagger Spray","Flying Knee"],"picked":"Backflip","floor":2},{"not_picked":["Distraction","Reflex","Acrobatics"],"picked":"SKIP","floor":7},{"not_picked":["Prepared","Quick Slash"],"picked":"Escape Plan","floor":11},{"not_picked":["Heel Hook","Accuracy","Distraction"],"picked":"SKIP","floor":12}],"player_experience":2292408,"relics_obtained":[{"floor":9,"key":"MawBank"},{"floor":12,"key":"Oddly Smooth Stone"}],"event_choices":[{"damage_healed":0,"gold_gain":0,"cards_transformed":["Strike_G"],"player_choice":"Change","damage_taken":0,"max_hp_gain":0,"max_hp_loss":0,"event_name":"Living Wall","floor":3,"gold_loss":0,"cards_obtained":["Noxious Fumes"]},{"damage_healed":0,"gold_gain":0,"player_choice":"Donut","damage_taken":0,"max_hp_gain":5,"max_hp_loss":0,"event_name":"Big Fish","floor":4,"gold_loss":0},{"damage_healed":0,"gold_gain":0,"player_choice":"Lose Max HP","damage_taken":0,"relics_obtained":["Golden Idol"],"max_hp_gain":0,"max_hp_loss":6,"event_name":"Golden Idol","floor":5,"gold_loss":0},{"cards_removed":["Strike_G"],"damage_healed":0,"gold_gain":0,"player_choice":"Card Removal","damage_taken":0,"max_hp_gain":0,"max_hp_loss":0,"event_name":"The Cleric","floor":10,"gold_loss":75}],"is_beta":false,"boss_relics":[],"items_purged_floors":[],"is_endless":false,"potions_floor_spawned":[1,11],"killed_by":"Slime Boss","ascension_level":20}}