{"host":"m7puq4mk16tgc6yn","time":1607474899,"event":{"gold_per_floor":[119,119,138,162,162,162,176,210,210,230,230,230],"floor_reached":11,"playtime":853,"items_purged":[],"score":86,"play_id":"db635d9d-c444-42e9-a182-5ae6586356bf","local_time":"20201208164819","is_ascension_mode":true,"campfire_choices":[{"data":"FTL","floor":6,"key":"SMITH"}],"neow_cost":"NONE","seed_source_timestamp":158433553181300,"circlet_count":0,"master_deck":["Strike_B","Strike_B","Strike_B","Strike_B","Defend_B","Defend_B","Defend_B","Defend_B","Zap","Dualcast","Cold Snap","FTL+1","Sweeping Beam","Creative AI","Coolheaded"],"relics":["Snecko Eye","Golden Idol","Mummified Hand","HornCleat"],"potions_floor_usage":[10],"damage_taken":[{"damage":2,"enemies":"Jaw Worm","floor":1,"turns":3},{"damage":0,"enemies":"Small Slimes","floor":3,"turns":5},{"damage":0,"enemies":"2 Louse","floor":4,"turns":3},{"damage":16,"enemies":"2 Fungi Beasts","floor":7,"turns":3},{"damage":20,"enemies":"3 Sentries","floor":8,"turns":9},{"damage":0,"enemies":"Gremlin Gang","floor":10,"turns":1},{"damage":27,"enemies":"Gremlin Nob","floor":11,"turns":4}],"seed_played":"8846102624216722634","potions_obtained":[{"floor":7,"key":"SteroidPotion"},{"floor":8,"key":"PowerPotion"}],"is_trial":false,"path_per_floor":["M","?","M","M","?","R","M","E","T","M","E"],"character_chosen":"DEFECT","items_purchased":[],"campfire_rested":0,"item_purchase_floors":[],"current_hp_per_floor":[73,55,55,55,60,60,44,24,24,24,0,0],"gold":230,"neow_bonus":"BOSS_RELIC","is_prod":false,"is_daily":false,"chose_seed":false,"campfire_upgraded":1,"win_rate":0,"timestamp":1607474899,"path_taken":["M","?","M","M","?","R","M","E","T","M","E"],"build_version":"2020-11-30","purchased_purges":0,"victory":false,"max_hp_per_floor":[75,75,75,75,80,80,80,80,80,80,80,80],"relic_stats":{"counters":[7,28],"Golden Idol":23,"Mummified Hand":[10],"Snecko Eye":[46,45,44,59],"obtain_stats":[{"HornCleat":9,"Golden Idol":2,"Mummified Hand":8,"Snecko Eye":0,"Cracked Core":0},{"HornCleat":5,"Golden Idol":1,"Mummified Hand":5,"Snecko Eye":0,"Cracked Core":0},{"HornCleat":23,"Golden Idol":3,"Mummified Hand":23,"Snecko Eye":0,"Cracked Core":0}]},"card_choices":[{"not_picked":["Leap","Rebound"],"picked":"Cold Snap","floor":1},{"not_picked":["Barrage","Reprogram"],"picked":"FTL","floor":3},{"not_picked":["Gash","Blizzard"],"picked":"Sweeping Beam","floor":4},{"not_picked":["Redo","Rebound","Turbo"],"picked":"SKIP","floor":7},{"not_picked":["Doom and Gloom","Loop"],"picked":"Creative AI","floor":8},{"not_picked":["Undo","Hologram"],"picked":"Coolheaded","floor":10}],"player_experience":35296,"relics_obtained":[{"floor":8,"key":"Mummified Hand"},{"floor":9,"key":"HornCleat"}],"event_choices":[{"damage_healed":0,"gold_gain":0,"player_choice":"Take Damage","damage_taken":18,"relics_obtained":["Golden Idol"],"max_hp_gain":0,"max_hp_loss":0,"event_name":"Golden Idol","floor":2,"gold_loss":0},{"damage_healed":0,"gold_gain":0,"player_choice":"Donut","damage_taken":0,"max_hp_gain":5,"max_hp_loss":0,"event_name":"Big Fish","floor":5,"gold_loss":0}],"is_beta":false,"boss_relics":[],"items_purged_floors":[],"is_endless":false,"potions_floor_spawned":[7,8],"killed_by":"Gremlin Nob","ascension_level":3}}