{"host":"htpechobqgpaugnv","time":1607497101,"event":{"gold_per_floor":[36,78,122,122,122,158,158,191,191,235,235,235,271,30,30,123,123,197,197,246,86,86,86,145,145,145,145,186,211,211,249,249,340,340,361,18,18,84,104,147,29,29,52,76,409,448,503,527,527,527,527,527],"floor_reached":51,"playtime":2474,"items_purged":["Strike_P"],"score":1707,"play_id":"0e00ef2d-4ba2-43ef-875f-c88cc0c26389","local_time":"20201209005821","is_ascension_mode":true,"campfire_choices":[{"data":"1","floor":12.0,"key":"LIFT"},{"floor":15.0,"key":"REST"},{"data":"2","floor":23.0,"key":"LIFT"},{"data":"3","floor":27.0,"key":"LIFT"},{"floor":32.0,"key":"REST"},{"floor":42.0,"key":"RECALL"},{"floor":49.0,"key":"REST"}],"neow_cost":"NO_GOLD","seed_source_timestamp":73977797082100,"circlet_count":0,"master_deck":["AscendersBane","Defend_P+1","Defend_P+1","Defend_P+1","Defend_P+1","Eruption","Vigilance","Wish","CutThroughFate","Tantrum","EmptyFist","Conclude","WaveOfTheHand","Tantrum","FlurryOfBlows","Halt","Wish","Halt","J.A.X.","Protect+1","TalkToTheHand","FlurryOfBlows","TalkToTheHand","Ragnarok","Omniscience","WheelKick","Tantrum","Wallop","Halt+1"],"special_seed":0,"relics":["PureWater","Potion Belt","Girya","Calipers","Frozen Egg 2","Kunai","Fusion Hammer","Vajra","HornCleat","InkBottle","Nunchaku","TeardropLocket","Empty Cage","Membership Card","Bottled Lightning","Strawberry","Lee\u0027s Waffle","Pear","CeramicFish"],"potions_floor_usage":[],"damage_taken":[{"damage":8.0,"enemies":"2 Louse","floor":1.0,"turns":4.0},{"damage":7.0,"enemies":"Jaw Worm","floor":2.0,"turns":3.0},{"damage":1.0,"enemies":"Small Slimes","floor":3.0,"turns":4.0},{"damage":0.0,"enemies":"3 Louse","floor":4.0,"turns":1.0},{"damage":16.0,"enemies":"Gremlin Nob","floor":6.0,"turns":3.0},{"damage":0.0,"enemies":"Lagavulin","floor":8.0,"turns":2.0},{"damage":4.0,"enemies":"3 Sentries","floor":10.0,"turns":4.0},{"damage":0.0,"enemies":"Gremlin Gang","floor":11.0,"turns":1.0},{"damage":0.0,"enemies":"Lagavulin","floor":13.0,"turns":3.0},{"damage":7.0,"enemies":"The Guardian","floor":16.0,"turns":12.0},{"damage":0.0,"enemies":"Spheric Guardian","floor":18.0,"turns":3.0},{"damage":0.0,"enemies":"3 Byrds","floor":20.0,"turns":3.0},{"damage":0.0,"enemies":"Gremlin Leader","floor":24.0,"turns":5.0},{"damage":22.0,"enemies":"Book of Stabbing","floor":28.0,"turns":2.0},{"damage":4.0,"enemies":"Shelled Parasite and Fungi","floor":29.0,"turns":2.0},{"damage":11.0,"enemies":"Gremlin Leader","floor":31.0,"turns":3.0},{"damage":1.0,"enemies":"Automaton","floor":33.0,"turns":6.0},{"damage":0.0,"enemies":"Orb Walker","floor":35.0,"turns":3.0},{"damage":29.0,"enemies":"3 Shapes","floor":38.0,"turns":6.0},{"damage":9.0,"enemies":"Writhing Mass","floor":39.0,"turns":3.0},{"damage":3.0,"enemies":"Reptomancer","floor":40.0,"turns":2.0},{"damage":0.0,"enemies":"Sphere and 2 Shapes","floor":44.0,"turns":2.0},{"damage":25.0,"enemies":"4 Shapes","floor":46.0,"turns":3.0},{"damage":10.0,"enemies":"Giant Head","floor":47.0,"turns":8.0},{"damage":1.0,"enemies":"Awakened One","floor":50.0,"turns":9.0},{"damage":76,"enemies":"Time Eater","floor":51,"turns":7}],"seed_played":"2074108460809455996","potions_obtained":[{"floor":2.0,"key":"Dexterity Potion"},{"floor":3.0,"key":"SmokeBomb"},{"floor":6.0,"key":"EntropicBrew"},{"floor":10.0,"key":"LiquidBronze"},{"floor":13.0,"key":"BlessingOfTheForge"},{"floor":16.0,"key":"Fire Potion"},{"floor":18.0,"key":"Ancient Potion"},{"floor":20.0,"key":"BlessingOfTheForge"},{"floor":31.0,"key":"Block Potion"},{"floor":35.0,"key":"Ancient Potion"},{"floor":38.0,"key":"Explosive Potion"},{"floor":40.0,"key":"BlessingOfTheForge"},{"floor":47.0,"key":"Weak Potion"}],"is_trial":false,"path_per_floor":["M","M","M","M","?","E","?","E","T","E","M","R","E","$","R","B",null,"M","?","M","$","?","R","E","?","T","R","E","M","?","E","R","B",null,"M","$","?","M","M","E","$","R","T","M","?","M","E","T","R","B","B"],"character_chosen":"WATCHER","items_purchased":["Tantrum","FlurryOfBlows","Halt","Vajra","Membership Card","WheelKick","Bottled Lightning","Tantrum","Lee\u0027s Waffle"],"campfire_rested":3,"item_purchase_floors":[14,14,14,21,36,36,36,41,41],"current_hp_per_floor":[53,46,45,45,45,29,10,10,10,6,6,6,6,6,24,17,51,51,51,51,51,51,51,51,51,51,51,29,25,25,14,32,31,54,54,54,54,25,16,20,76,76,76,76,76,51,51,51,76,75,0,0],"gold":527,"neow_bonus":"THREE_RARE_CARDS","is_prod":false,"is_daily":false,"chose_seed":false,"campfire_upgraded":0,"win_rate":0,"timestamp":1607497101,"path_taken":["M","M","M","M","?","E","?","E","T","E","M","R","E","$","R","BOSS","M","?","M","$","?","R","E","?","T","R","E","M","?","E","R","BOSS","M","$","?","M","?","E","$","R","T","M","?","M","E","?","R","BOSS","BOSS"],"build_version":"2020-11-30","purchased_purges":1,"victory":false,"max_hp_per_floor":[68,68,68,68,62,62,62,62,62,62,62,62,62,62,62,62,62,62,62,62,62,62,62,62,62,62,62,62,62,62,62,62,62,62,62,62,62,62,62,69,76,76,76,76,76,76,86,86,86,86,86,86],"relic_stats":{"Nunchaku":[13],"Lee\u0027s Waffle":56,"counters":[26,104],"CeramicFish":0,"Kunai":[36],"obtain_stats":[{"Potion Belt":6,"Girya":8,"Lee\u0027s Waffle":41,"Calipers":9,"Pear":47,"Golden Idol":5,"CeramicFish":48,"Vajra":21,"TeardropLocket":31,"Frozen Egg 2":10,"Empty Cage":34,"Nunchaku":28,"HornCleat":24,"Strawberry":40,"Fusion Hammer":17,"Kunai":13,"Membership Card":36,"Bottled Lightning":36,"PureWater":0,"InkBottle":26},{"Potion Belt":5,"Girya":6,"Lee\u0027s Waffle":21,"Calipers":6,"Pear":24,"Golden Idol":4,"CeramicFish":24,"Vajra":12,"TeardropLocket":16,"Frozen Egg 2":7,"Empty Cage":17,"Nunchaku":14,"HornCleat":13,"Strawberry":21,"Fusion Hammer":10,"Kunai":9,"Membership Card":18,"Bottled Lightning":18,"PureWater":0,"InkBottle":13},{"Potion Belt":15,"Girya":17,"Lee\u0027s Waffle":75,"Calipers":17,"Pear":88,"Golden Idol":12,"CeramicFish":88,"Vajra":43,"TeardropLocket":55,"Frozen Egg 2":21,"Empty Cage":61,"Nunchaku":50,"HornCleat":48,"Strawberry":75,"Fusion Hammer":37,"Kunai":25,"Membership Card":64,"Bottled Lightning":64,"PureWater":0,"InkBottle":48}],"InkBottle":[23]},"card_choices":[{"not_picked":["Scrawl","DevaForm"],"picked":"Wish","floor":0.0},{"not_picked":["BowlingBash","Vengeance"],"picked":"CutThroughFate","floor":1.0},{"not_picked":["BowlingBash","FlurryOfBlows","SashWhip"],"picked":"SKIP","floor":2.0},{"not_picked":["ClearTheMind","InnerPeace","WindmillStrike"],"picked":"SKIP","floor":3.0},{"not_picked":["Sanctity","Weave"],"picked":"Tantrum","floor":6.0},{"not_picked":["Crescendo","BowlingBash"],"picked":"EmptyFist","floor":8.0},{"not_picked":["Vengeance","Alpha"],"picked":"Conclude","floor":10.0},{"not_picked":["FollowUp","WreathOfFlame"],"picked":"WaveOfTheHand","floor":13.0},{"not_picked":["Scrawl","Ragnarok"],"picked":"Wish","floor":16.0},{"not_picked":["CrushJoints","Evaluate"],"picked":"Halt","floor":18.0},{"not_picked":["Nirvana+1","Crescendo+1"],"picked":"Protect+1","floor":20.0},{"not_picked":["FearNoEvil","PathToVictory"],"picked":"TalkToTheHand","floor":24.0},{"not_picked":["FollowUp","ConjureBlade"],"picked":"FlurryOfBlows","floor":28.0},{"not_picked":["LikeWater+1","DeceiveReality+1","PathToVictory"],"picked":"SKIP","floor":29.0},{"not_picked":["Wallop","PathToVictory"],"picked":"Ragnarok","floor":31.0},{"not_picked":["LessonLearned","Devotion+1"],"picked":"Omniscience","floor":33.0},{"not_picked":["Crescendo+1","Protect","EmptyBody"],"picked":"SKIP","floor":35.0},{"not_picked":["CrushJoints+1","WindmillStrike+1","BowlingBash"],"picked":"SKIP","floor":38.0},{"not_picked":["Nirvana+1","Crescendo","Consecrate+1"],"picked":"SKIP","floor":39.0},{"not_picked":["SashWhip+1","EmptyFist","WaveOfTheHand"],"picked":"SKIP","floor":40.0},{"not_picked":["Crescendo+1","PathToVictory+1"],"picked":"Wallop","floor":44.0},{"not_picked":["Indignation","Fasting2+1"],"picked":"Halt+1","floor":46.0},{"not_picked":["LikeWater+1","FollowUp","Consecrate"],"picked":"SKIP","floor":47.0}],"player_experience":1254894,"relics_obtained":[{"floor":6.0,"key":"Potion Belt"},{"floor":8.0,"key":"Girya"},{"floor":9.0,"key":"Calipers"},{"floor":10.0,"key":"Frozen Egg 2"},{"floor":13.0,"key":"Kunai"},{"floor":24.0,"key":"HornCleat"},{"floor":26.0,"key":"InkBottle"},{"floor":28.0,"key":"Nunchaku"},{"floor":31.0,"key":"TeardropLocket"},{"floor":40.0,"key":"Strawberry"},{"floor":47.0,"key":"Pear"},{"floor":48.0,"key":"CeramicFish"}],"event_choices":[{"damage_healed":0.0,"max_hp_gain":0.0,"max_hp_loss":6.0,"gold_gain":0.0,"event_name":"Golden Idol","player_choice":"Lose Max HP","floor":5.0,"gold_loss":0.0,"damage_taken":0.0,"relics_obtained":["Golden Idol"]},{"damage_healed":0.0,"max_hp_gain":0.0,"max_hp_loss":0.0,"gold_gain":0.0,"event_name":"Shining Light","player_choice":"Entered Light","floor":7.0,"gold_loss":0.0,"damage_taken":19.0,"cards_upgraded":["Strike_P","Defend_P"]},{"damage_healed":0.0,"max_hp_gain":0.0,"max_hp_loss":0.0,"gold_gain":0.0,"event_name":"Drug Dealer","player_choice":"Obtain J.A.X.","floor":19.0,"gold_loss":0.0,"damage_taken":0.0,"cards_obtained":["J.A.X."]},{"damage_healed":0.0,"max_hp_gain":0.0,"max_hp_loss":0.0,"gold_gain":0.0,"event_name":"Back to Basics","player_choice":"Simplicity","floor":22.0,"gold_loss":0.0,"damage_taken":0.0,"cards_upgraded":["Strike_P","Strike_P","Defend_P","Defend_P","Defend_P"]},{"damage_healed":0.0,"max_hp_gain":0.0,"max_hp_loss":0.0,"gold_gain":0.0,"event_name":"Vampires","player_choice":"Ignored","floor":25.0,"gold_loss":0.0,"damage_taken":0.0},{"damage_healed":0.0,"max_hp_gain":0.0,"max_hp_loss":0.0,"gold_gain":0.0,"event_name":"The Library","player_choice":"Read","floor":30.0,"gold_loss":0.0,"damage_taken":0.0,"cards_obtained":["TalkToTheHand"]},{"cards_removed":["Strike_P"],"damage_healed":0.0,"max_hp_gain":0.0,"max_hp_loss":0.0,"gold_gain":0.0,"event_name":"Purifier","player_choice":"Purged","floor":37.0,"gold_loss":0.0,"damage_taken":0.0},{"damage_healed":0.0,"max_hp_gain":0.0,"max_hp_loss":0.0,"gold_gain":333.0,"event_name":"The Moai Head","player_choice":"Gave Idol","floor":45.0,"relics_lost":["Golden Idol"],"gold_loss":0.0,"damage_taken":0.0}],"is_beta":false,"boss_relics":[{"not_picked":["Busted Crown","VioletLotus"],"picked":"Fusion Hammer"},{"not_picked":["Black Star","Pandora\u0027s Box"],"picked":"Empty Cage"}],"items_purged_floors":[14],"is_endless":false,"potions_floor_spawned":[2,3,6,10,13,16,18,20,31,35,38,40,47],"killed_by":"Time Eater","ascension_level":20}}