{"host":"6vv0uythevi5qk1w","time":1607508292,"event":{"gold_per_floor":[110,110,121,121,147,147,174,188,188,205,65,100,100,110,110,205,205,218,237,237,257,276,276,302,302,302,302,302,21,21,49,49,59,309,410,410,426,438,438,451,463,489,499,499,499,525,539,556,585,604,604,604,604,604,71,106,106],"floor_reached":58,"playtime":3220,"items_purged":["Eruption+1"],"score":1948,"play_id":"8ead351b-3625-4bf5-8d01-bdd2154b3aea","local_time":"20201209180452","is_ascension_mode":true,"campfire_choices":[{"data":"Eruption","floor":6.0,"key":"SMITH"},{"data":"FlurryOfBlows","floor":13.0,"key":"SMITH"},{"data":"WheelKick","floor":15.0,"key":"SMITH"},{"data":"Omniscience","floor":23.0,"key":"SMITH"},{"data":"Scrawl","floor":30.0,"key":"SMITH"},{"data":"MentalFortress","floor":32.0,"key":"SMITH"},{"data":"Strike_P","floor":44.0,"key":"PURGE"},{"floor":51.0,"key":"RECALL"},{"data":"Strike_P","floor":54.0,"key":"PURGE"}],"neow_cost":"TEN_PERCENT_HP_LOSS","seed_source_timestamp":0,"circlet_count":0,"master_deck":["FlurryOfBlows+1","FearNoEvil","WheelKick+1","Scrawl+1","MentalFortress+1","Pray+1","Omniscience+1","Prostrate+1","Omniscience","Tantrum+1","Vault+1","Vault"],"special_seed":0,"relics":["PureWater","PreservedInsect","Omamori","Replay:Purple Gloves","Blood Vial","Sozu","Letter Opener","Iron Hammer","Singing Bowl","Shuriken","ReplayTheSpireMod:Shallot","Fusion Hammer","Peace Pipe","Centennial Puzzle","Replay:Rubber Ducky","Molten Egg 2","Pen Nib","Bag of Marbles","Chemical X","Mercury Hourglass"],"potions_floor_usage":[],"damage_taken":[{"damage":0.0,"enemies":"Gensokyo:Python","floor":1.0,"turns":2.0},{"damage":3.0,"enemies":"Gensokyo:2_Kodama","floor":3.0,"turns":3.0},{"damage":0.0,"enemies":"Gensokyo:Aya","floor":7.0,"turns":2.0},{"damage":0.0,"enemies":"Gensokyo:3_Fairies","floor":8.0,"turns":2.0},{"damage":0.0,"enemies":"Gensokyo:VengefulSpirit","floor":10.0,"turns":2.0},{"damage":5.0,"enemies":"Gensokyo:Cirno","floor":12.0,"turns":5.0},{"damage":0.0,"enemies":"Gensokyo:3_Kodama","floor":14.0,"turns":2.0},{"damage":16.0,"enemies":"Gensokyo:Kokoro","floor":16.0,"turns":5.0},{"damage":1.0,"enemies":"Gensokyo:AngelMirror","floor":18.0,"turns":1.0},{"damage":10.0,"enemies":"Gensokyo:3_Dogs","floor":19.0,"turns":2.0},{"damage":16.0,"enemies":"Gensokyo:Slime_Group","floor":21.0,"turns":2.0},{"damage":20.0,"enemies":"Gensokyo:Wraith","floor":22.0,"turns":2.0},{"damage":0.0,"enemies":"Gensokyo:Tenshi","floor":24.0,"turns":1.0},{"damage":0.0,"enemies":"Gensokyo:Koishi","floor":31.0,"turns":2.0},{"damage":0.0,"enemies":"Gensokyo:Monolith_and_Dog","floor":33.0,"turns":1.0},{"damage":0.0,"enemies":"Gensokyo:Eiki","floor":35.0,"turns":2.0},{"damage":0.0,"enemies":"3 Shapes","floor":37.0,"turns":1.0},{"damage":0.0,"enemies":"3 Darklings","floor":38.0,"turns":1.0},{"damage":0.0,"enemies":"Sphere and 2 Shapes","floor":40.0,"turns":1.0},{"damage":0.0,"enemies":"4 Shapes","floor":41.0,"turns":1.0},{"damage":0.0,"enemies":"R_Hoarder","floor":42.0,"turns":2.0},{"damage":0.0,"enemies":"Transient","floor":43.0,"turns":4.0},{"damage":0.0,"enemies":"Nemesis","floor":46.0,"turns":1.0},{"damage":0.0,"enemies":"3 Darklings","floor":47.0,"turns":1.0},{"damage":0.0,"enemies":"4 Shapes","floor":48.0,"turns":1.0},{"damage":0.0,"enemies":"Reptomancer","floor":49.0,"turns":1.0},{"damage":0.0,"enemies":"Jaw Worm Horde","floor":50.0,"turns":1.0},{"damage":0.0,"enemies":"Awakened One","floor":52.0,"turns":2.0},{"damage":0.0,"enemies":"Shield and Spear","floor":56.0,"turns":2.0},{"damage":5,"enemies":"The Heart","floor":57,"turns":5}],"seed_played":"5070533042350996170","potions_obtained":[{"floor":3.0,"key":"SteroidPotion"},{"floor":7.0,"key":"Weak Potion"}],"is_trial":false,"path_per_floor":["M","?","M","?","T","R","E","M","T","M","?","E","R","M","R","B",null,"M","M","?","M","M","R","E","?","PTL","PTL","T","$","R","E","R","M","R","B",null,"M","M","?","M","M","E","M","R","T","E","M","M","E","M","R","B",null,"R","$","E","B",null],"character_chosen":"WATCHER","items_purchased":["Shuriken","Prostrate+1","Bag of Marbles","Tantrum+1","Vault+1","Chemical X"],"campfire_rested":0,"item_purchase_floors":[29,29,55,55,55,55],"current_hp_per_floor":[65,52,49,23,23,23,23,23,23,23,23,18,18,20,20,6,50,51,43,43,29,11,11,13,13,13,13,13,13,13,17,17,21,21,23,52,56,60,60,64,68,71,73,73,73,75,77,79,81,83,83,83,83,83,83,83,78],"gold":106,"neow_bonus":"REMOVE_TWO","is_prod":false,"is_daily":false,"chose_seed":false,"campfire_upgraded":6,"win_rate":0,"timestamp":1607508292,"path_taken":["M","?","M","?","?","R","E","M","T","?","?","E","R","?","R","BOSS","M","M","?","M","M","R","E","?","PTL","PTL","T","$","R","E","R","?","R","BOSS","M","M","?","M","?","E","M","R","T","E","?","M","E","M","R","BOSS","R","$","E","BOSS"],"build_version":"2020-11-30","purchased_purges":1,"victory":true,"max_hp_per_floor":[65,65,65,65,65,65,65,65,65,65,65,65,65,65,65,65,65,65,65,65,65,65,65,65,60,60,60,60,60,60,62,62,64,61,61,61,63,65,65,67,69,71,73,73,73,75,77,79,81,83,83,83,83,83,83,83,83],"card_choices":[{"not_picked":["Swivel","SashWhip"],"picked":"FlurryOfBlows","floor":1.0},{"not_picked":["EmptyFist","Evaluate","PathToVictory"],"picked":"SKIP","floor":3.0},{"not_picked":["Evaluate","Fasting2","Replay:AtTheReady"],"picked":"SKIP","floor":7.0},{"not_picked":["Halt","ThirdEye"],"picked":"FearNoEvil","floor":8.0},{"not_picked":["Meditate","Wireheading","Replay:Cycle"],"picked":"SKIP","floor":10.0},{"not_picked":["CutThroughFate","ThirdEye","EmptyBody"],"picked":"SKIP","floor":12.0},{"not_picked":["CutThroughFate","Consecrate"],"picked":"WheelKick","floor":14.0},{"not_picked":["Vault","Devotion"],"picked":"Scrawl","floor":16.0},{"not_picked":["Halt","Replay:ManipulateFuture"],"picked":"MentalFortress","floor":18.0},{"not_picked":["Crescendo+1","Replay:ManipulateFuture+1"],"picked":"Pray+1","floor":19.0},{"not_picked":["Replay:AtTheReady","EmptyBody+1"],"picked":"Omniscience","floor":21.0},{"not_picked":["Protect","FearNoEvil+1","WindmillStrike+1"],"picked":"SKIP","floor":22.0},{"not_picked":["Replay:AtTheReady","WheelKick","JustLucky"],"picked":"SKIP","floor":24.0},{"not_picked":["Replay:BluntJabs","CutThroughFate+1","EmptyBody"],"picked":"Singing Bowl","floor":31.0},{"not_picked":["Halt+1","Protect+1","EmptyBody+1"],"picked":"Singing Bowl","floor":33.0},{"not_picked":["Wish","Establishment"],"picked":"Omniscience","floor":35.0},{"not_picked":["CarveReality","InnerPeace","CutThroughFate+1"],"picked":"Singing Bowl","floor":37.0},{"not_picked":["FlurryOfBlows","DeceiveReality+1","BowlingBash+1"],"picked":"Singing Bowl","floor":38.0},{"not_picked":["WreathOfFlame+1","Replay:DivineShield+1","EmptyBody"],"picked":"Singing Bowl","floor":40.0},{"not_picked":["EmptyFist+1","Prostrate","Crescendo+1"],"picked":"Singing Bowl","floor":41.0},{"not_picked":["CrushJoints","ForeignInfluence","TalkToTheHand+1"],"picked":"Singing Bowl","floor":42.0},{"not_picked":["Prostrate","BowlingBash","FlyingSleeves"],"picked":"Singing Bowl","floor":43.0},{"not_picked":["InnerPeace","Replay:BluntJabs+1","DevaForm"],"picked":"Singing Bowl","floor":46.0},{"not_picked":["Collect","FollowUp+1","Replay:Cycle+1"],"picked":"Singing Bowl","floor":47.0},{"not_picked":["Replay:BluntJabs+1","SashWhip+1","Crescendo+1"],"picked":"Singing Bowl","floor":48.0},{"not_picked":["Wireheading+1","Consecrate+1","Protect+1"],"picked":"Singing Bowl","floor":49.0},{"not_picked":["JustLucky+1","Vengeance+1","SashWhip+1"],"picked":"Singing Bowl","floor":50.0},{"not_picked":["Indignation","BowlingBash+1"],"picked":"Vault","floor":56}],"player_experience":221262,"relics_obtained":[{"floor":5.0,"key":"Omamori"},{"floor":7.0,"key":"Blue Doll"},{"floor":12.0,"key":"Blood Vial"},{"floor":24.0,"key":"Letter Opener"},{"floor":28.0,"key":"Singing Bowl"},{"floor":31.0,"key":"ReplayTheSpireMod:Shallot"},{"floor":39.0,"key":"Peace Pipe"},{"floor":42.0,"key":"Centennial Puzzle"},{"floor":45.0,"key":"Replay:Rubber Ducky"},{"floor":46.0,"key":"Molten Egg 2"},{"floor":49.0,"key":"Pen Nib"},{"floor":56,"key":"Mercury Hourglass"}],"event_choices":[{"damage_healed":0.0,"max_hp_gain":0.0,"max_hp_loss":0.0,"gold_gain":0.0,"event_name":"Wheel of Change","player_choice":"Relic","floor":39.0,"gold_loss":0.0,"damage_taken":0.0}],"is_beta":false,"boss_relics":[{"not_picked":["Snecko Heart","Velvet Choker"],"picked":"Sozu"},{"not_picked":["Runic Dome","SlaversCollar"],"picked":"Fusion Hammer"}],"items_purged_floors":[55],"is_endless":false,"potions_floor_spawned":[3,7,18,22,35,38,46,48,49,50],"ascension_level":6}}