{"host":"1s3zwrha01am7rbu","time":1607537887,"event":{"gold_per_floor":[114,114,125,26,26,56,32,32,56,71,91,91,111,111,111,212,262,278,296,296,296],"floor_reached":20,"playtime":898,"items_purged":[],"score":174,"play_id":"8e995498-3fc4-4a75-b0f1-b6e743a48e6e","local_time":"20201209131807","is_ascension_mode":false,"campfire_choices":[{"data":"Vault","floor":8,"key":"SMITH"},{"floor":12,"key":"REST"},{"data":"FlurryOfBlows","floor":15,"key":"SMITH"}],"neow_cost":"NONE","seed_source_timestamp":144537144083600,"circlet_count":0,"master_deck":["Strike_P","Strike_P","Strike_P","Strike_P","Defend_P","Defend_P","Defend_P","Defend_P","Eruption","Vigilance","Vault+1","Crescendo+1","Omniscience+1","FlurryOfBlows+1","FlyingSleeves","EmptyBody","EmptyFist","LessonLearned","ThirdEye","FlurryOfBlows"],"relics":["PureWater","MealTicket","Boot","Happy Flower","Tiny House"],"potions_floor_usage":[6,6,6,16,16,18],"damage_taken":[{"damage":1,"enemies":"Small Slimes","floor":1,"turns":3},{"damage":0,"enemies":"2 Louse","floor":3,"turns":2},{"damage":49,"enemies":"Lagavulin","floor":6,"turns":5},{"damage":0,"enemies":"Cultist","floor":10,"turns":3},{"damage":0,"enemies":"2 Fungi Beasts","floor":11,"turns":2},{"damage":23,"enemies":"Gremlin Gang","floor":13,"turns":4},{"damage":34,"enemies":"Hexaghost","floor":16,"turns":10},{"damage":16,"enemies":"Shell Parasite","floor":18,"turns":6},{"damage":0,"enemies":"Chosen","floor":19,"turns":4}],"seed_played":"2874937746192208832","potions_obtained":[{"floor":3,"key":"Strength Potion"},{"floor":13,"key":"BottledMiracle"},{"floor":16,"key":"AttackPotion"},{"floor":17,"key":"StancePotion"},{"floor":19,"key":"Energy Potion"}],"is_trial":false,"path_per_floor":["M","?","M","$","?","E","$","R","T","M","M","R","M","?","R","B",null,"M","M","$"],"character_chosen":"WATCHER","items_purchased":["EntropicBrew","FlyingSleeves"],"campfire_rested":1,"item_purchase_floors":[4,7],"current_hp_per_floor":[71,64,64,72,72,23,38,38,38,38,38,59,36,36,36,2,77,61,61,76,76],"gold":296,"neow_bonus":"ONE_RANDOM_RARE_CARD","is_prod":false,"is_daily":false,"chose_seed":false,"campfire_upgraded":2,"win_rate":0.0,"timestamp":1607537887,"path_taken":["M","?","M","$","?","E","$","R","T","M","?","R","M","?","R","BOSS","M","?","$"],"build_version":"2020-11-30","purchased_purges":0,"victory":false,"max_hp_per_floor":[72,72,72,72,72,72,72,72,72,72,72,72,72,72,72,72,77,77,77,77,77],"relic_stats":{"Happy Flower":[9],"counters":[9,39],"MealTicket":38,"Boot":[20],"obtain_stats":[{"Tiny House":17,"Happy Flower":9,"MealTicket":2,"PureWater":0,"Boot":6},{"Tiny House":7,"Happy Flower":3,"MealTicket":1,"PureWater":0,"Boot":3},{"Tiny House":29,"Happy Flower":10,"MealTicket":3,"PureWater":0,"Boot":10}]},"card_choices":[{"not_picked":["LikeWater","FearNoEvil"],"picked":"Crescendo","floor":1},{"not_picked":["Prostrate","CrushJoints","Protect"],"picked":"SKIP","floor":3},{"not_picked":["EmptyFist","SashWhip"],"picked":"FlurryOfBlows","floor":6},{"not_picked":["Weave","ThirdEye","ReachHeaven"],"picked":"SKIP","floor":10},{"not_picked":["Swivel","InnerPeace"],"picked":"EmptyBody","floor":11},{"not_picked":["BowlingBash","SashWhip"],"picked":"EmptyFist","floor":13},{"not_picked":["ConjureBlade","Devotion"],"picked":"LessonLearned","floor":16},{"not_picked":["Evaluate","Vengeance"],"picked":"ThirdEye","floor":17},{"not_picked":["Protect+1","PathToVictory","Collect"],"picked":"SKIP","floor":18},{"not_picked":["Ragnarok","EmptyFist+1"],"picked":"FlurryOfBlows","floor":19}],"player_experience":189762,"relics_obtained":[{"floor":6,"key":"Boot"},{"floor":9,"key":"Happy Flower"}],"event_choices":[{"damage_healed":0,"gold_gain":0,"player_choice":"Success","damage_taken":7,"relics_obtained":["MealTicket"],"max_hp_gain":0,"max_hp_loss":0,"event_name":"Scrap Ooze","floor":2,"gold_loss":0},{"damage_healed":0,"gold_gain":0,"player_choice":"Take","damage_taken":0,"max_hp_gain":0,"max_hp_loss":0,"event_name":"betterNote:BetterNote","floor":5,"gold_loss":0,"cards_obtained":["Omniscience"]},{"damage_healed":0,"gold_gain":0,"player_choice":"Bought 0 Potions","damage_taken":0,"max_hp_gain":0,"max_hp_loss":0,"event_name":"The Woman in Blue","floor":14,"gold_loss":0}],"is_beta":false,"boss_relics":[{"not_picked":["Runic Pyramid","Ectoplasm"],"picked":"Tiny House"}],"items_purged_floors":[],"is_endless":false,"potions_floor_spawned":[3,13,16,19],"ascension_level":0}}