{"host":"zxkjcgzis4pm3za5","time":1607487595,"event":{"gold_per_floor":[115,130,130,19,39,74,74,74,119,119,179,179,218,237,237,357,357,380,400,400,416,416,450,450,450,450,493,290,290,314,333,333,462,462,486,486,486,551,566,566,600,600,600,600,314,357,370,386,386,386,386,386,1,39,39],"floor_reached":56,"playtime":2263,"items_purged":["Amplify","Zap"],"score":1769,"play_id":"83a4033d-e9c5-40b0-ba18-8e690bbfbbda","local_time":"20201209094955","is_ascension_mode":true,"campfire_choices":[{"data":"Fusion","floor":7.0,"key":"SMITH"},{"data":"Go for the Eyes","floor":10.0,"key":"SMITH"},{"data":"Stack","floor":12.0,"key":"SMITH"},{"data":"Skim","floor":15.0,"key":"SMITH"},{"data":"Buffer","floor":24.0,"key":"SMITH"},{"data":"J.A.X.","floor":29.0,"key":"SMITH"},{"data":"Hologram","floor":32.0,"key":"SMITH"},{"floor":40,"key":"RECALL"},{"data":"Echo Form","floor":42,"key":"SMITH"},{"data":"Reboot","floor":49,"key":"SMITH"},{"data":"Beam Cell","floor":52,"key":"SMITH"}],"neow_cost":"NONE","seed_source_timestamp":777236002590500,"circlet_count":0,"master_deck":["Dualcast","Core Surge","Rip and Tear","Cold Snap","Gash","BootSequence","Gash","Stack+1","Fusion+1","Glacier","Melter","Go for the Eyes+1","Gash","Skim+1","Buffer+1","CurseOfTheBell","Undo","Gash","Gash","Conserve Battery","Reboot+1","J.A.X.+1","Beam Cell+1","Hologram+1","Streamline","Echo Form+1","Doubt","Pain","All For One","Defragment+1","Gash","Seek","Scrape","FTL","Gash","Reinforced Body"],"special_seed":0,"relics":["Pandora\u0027s Box","Golden Idol","Du-Vu Doll","Nunchaku","StrikeDummy","Calling Bell","Bronze Scales","Pantograph","Incense Burner","Smiling Mask","Thread and Needle","Happy Flower","Cursed Key","TungstenRod","Torii","Darkstone Periapt","Potion Belt","Bag of Preparation","Bottled Tornado","Orrery","Blood Vial"],"potions_floor_usage":[38,41,55,55,55,55,55],"damage_taken":[{"damage":2.0,"enemies":"Jaw Worm","floor":1.0,"turns":2.0},{"damage":0.0,"enemies":"Small Slimes","floor":2.0,"turns":2.0},{"damage":0.0,"enemies":"Cultist","floor":5.0,"turns":3.0},{"damage":7.0,"enemies":"3 Sentries","floor":6.0,"turns":7.0},{"damage":9.0,"enemies":"Lagavulin","floor":13.0,"turns":6.0},{"damage":0.0,"enemies":"Large Slime","floor":14.0,"turns":4.0},{"damage":16.0,"enemies":"Slime Boss","floor":16.0,"turns":10.0},{"damage":0.0,"enemies":"Chosen","floor":18.0,"turns":4.0},{"damage":10.0,"enemies":"2 Thieves","floor":19.0,"turns":4.0},{"damage":0.0,"enemies":"Sentry and Sphere","floor":21.0,"turns":2.0},{"damage":0.0,"enemies":"Book of Stabbing","floor":23.0,"turns":4.0},{"damage":13.0,"enemies":"Slavers","floor":27.0,"turns":5.0},{"damage":7.0,"enemies":"Snake Plant","floor":30.0,"turns":4.0},{"damage":0.0,"enemies":"Snecko","floor":31.0,"turns":10.0},{"damage":0.0,"enemies":"Champ","floor":33.0,"turns":9.0},{"damage":12,"enemies":"3 Darklings","floor":35,"turns":5},{"damage":0,"enemies":"2 Orb Walkers","floor":38,"turns":4},{"damage":0,"enemies":"Orb Walker","floor":39,"turns":3},{"damage":2,"enemies":"Reptomancer","floor":41,"turns":5},{"damage":17,"enemies":"Giant Head","floor":46,"turns":7},{"damage":0,"enemies":"Maw","floor":47,"turns":6},{"damage":2,"enemies":"Jaw Worm Horde","floor":48,"turns":5},{"damage":38,"enemies":"Donu and Deca","floor":50,"turns":6},{"damage":4,"enemies":"Shield and Spear","floor":54,"turns":3},{"damage":53,"enemies":"The Heart","floor":55,"turns":6}],"seed_played":"1594305832561047650","potions_obtained":[{"floor":2.0,"key":"DuplicationPotion"},{"floor":14.0,"key":"Strength Potion"},{"floor":16.0,"key":"PotionOfCapacity"},{"floor":21.0,"key":"Weak Potion"},{"floor":23.0,"key":"PotionOfCapacity"},{"floor":30.0,"key":"SkillPotion"},{"floor":33.0,"key":"Ancient Potion"},{"floor":38,"key":"Dexterity Potion"},{"floor":41,"key":"PotionOfCapacity"},{"floor":47,"key":"AttackPotion"},{"floor":48,"key":"GamblersBrew"}],"is_trial":false,"path_per_floor":["M","M","?","$","M","E","R","?","T","R","?","R","E","M","R","B",null,"M","M","?","M","?","E","R","?","T","E","$","R","M","M","R","B",null,"M","?","?","?","M","R","E","R","T","T","$","E","M","M","R","B",null,"R","$","E","B",null],"character_chosen":"DEFECT","items_purchased":["Glacier","Happy Flower","All For One","Bag of Preparation","Seek","Scrape","Swift Potion","Orrery"],"campfire_rested":0,"item_purchase_floors":[4,28,45,45,53,53,53,53],"current_hp_per_floor":[66,66,66,66,66,59,59,59,59,59,59,59,50,50,50,34,60,60,50,50,50,50,50,50,50,50,37,37,37,30,30,30,55,66,54,54,54,54,54,54,52,52,52,58,58,41,41,39,39,26,63,63,63,59,22],"gold":39,"neow_bonus":"BOSS_RELIC","is_prod":false,"is_daily":false,"chose_seed":false,"campfire_upgraded":10,"win_rate":0,"timestamp":1607487595,"path_taken":["M","M","?","$","M","E","R","?","T","R","?","R","E","M","R","BOSS","M","?","?","M","?","E","R","?","T","E","$","R","M","M","R","BOSS","M","?","?","?","?","R","E","R","T","?","$","E","M","M","R","BOSS","R","$","E","BOSS"],"build_version":"2020-11-30","purchased_purges":2,"victory":true,"max_hp_per_floor":[75,75,69,69,69,69,69,69,69,69,69,69,69,69,69,69,69,69,69,69,69,69,69,69,69,69,69,69,69,69,69,69,69,69,69,69,69,69,69,69,69,69,69,75,75,75,75,75,75,75,75,75,75,75,75],"card_choices":[{"not_picked":["Rebound","Compile Driver"],"picked":"Stack","floor":1.0},{"not_picked":["Loop","Sweeping Beam"],"picked":"Fusion","floor":2.0},{"not_picked":["Conserve Battery","Barrage"],"picked":"Melter","floor":5.0},{"not_picked":["Force Field","Steam"],"picked":"Go for the Eyes","floor":6.0},{"not_picked":["Steam","Seek"],"picked":"Gash","floor":13.0},{"not_picked":["Leap","White Noise"],"picked":"Skim","floor":14.0},{"not_picked":["Core Surge","Rainbow"],"picked":"Buffer","floor":16.0},{"not_picked":["Steam Power","Rebound"],"picked":"Undo","floor":18.0},{"not_picked":["Barrage","White Noise"],"picked":"Gash","floor":19.0},{"not_picked":["Redo+1","Go for the Eyes"],"picked":"Conserve Battery","floor":21.0},{"not_picked":["Barrage","Core Surge"],"picked":"Reboot","floor":23.0},{"not_picked":["Melter","Steam","Compile Driver+1"],"picked":"SKIP","floor":27.0},{"not_picked":["Turbo","Recycle"],"picked":"Beam Cell","floor":30.0},{"not_picked":["Cold Snap","Melter"],"picked":"Hologram","floor":31.0},{"not_picked":["Capacitor+1","Go for the Eyes","Redo"],"picked":"SKIP","floor":35},{"not_picked":["Leap","Coolheaded"],"picked":"Streamline","floor":39},{"not_picked":["Storm+1","Auto Shields"],"picked":"Echo Form","floor":41},{"not_picked":["Leap+1","Blizzard"],"picked":"Defragment+1","floor":46},{"not_picked":["Hello World+1","Compile Driver+1","Redo+1"],"picked":"SKIP","floor":47},{"not_picked":["Rebound+1","Compile Driver"],"picked":"Gash","floor":48},{"not_picked":["Chaos+1","Scrape"],"picked":"FTL","floor":53},{"not_picked":["Streamline","Conserve Battery"],"picked":"Gash","floor":53},{"not_picked":["Hologram","All For One"],"picked":"Reinforced Body","floor":54}],"player_experience":111492,"relics_obtained":[{"floor":6.0,"key":"Du-Vu Doll"},{"floor":9.0,"key":"Nunchaku"},{"floor":13.0,"key":"StrikeDummy"},{"floor":17.0,"key":"Bronze Scales"},{"floor":17.0,"key":"Pantograph"},{"floor":17.0,"key":"Incense Burner"},{"floor":23.0,"key":"Smiling Mask"},{"floor":27.0,"key":"Thread and Needle"},{"floor":38,"key":"TungstenRod"},{"floor":41,"key":"Torii"},{"floor":43,"key":"Darkstone Periapt"},{"floor":44,"key":"Potion Belt"},{"floor":46,"key":"Bottled Tornado"},{"floor":54,"key":"Blood Vial"}],"event_choices":[{"damage_healed":0.0,"max_hp_gain":0.0,"max_hp_loss":6.0,"gold_gain":0.0,"event_name":"Golden Idol","player_choice":"Lose Max HP","floor":3.0,"gold_loss":0.0,"damage_taken":0.0,"relics_obtained":["Golden Idol"]},{"damage_healed":0.0,"max_hp_gain":0.0,"max_hp_loss":0.0,"gold_gain":0.0,"event_name":"The Cleric","player_choice":"Leave","floor":8.0,"gold_loss":0.0,"damage_taken":0.0},{"damage_healed":0.0,"max_hp_gain":0.0,"max_hp_loss":0.0,"gold_gain":60.0,"event_name":"Golden Wing","player_choice":"Gained Gold","floor":11.0,"gold_loss":0.0,"damage_taken":0.0},{"damage_healed":0.0,"max_hp_gain":0.0,"max_hp_loss":0.0,"gold_gain":0.0,"event_name":"Duplicator","player_choice":"Copied","floor":20.0,"gold_loss":0.0,"damage_taken":0.0,"cards_obtained":["Gash"]},{"damage_healed":0.0,"max_hp_gain":0.0,"max_hp_loss":0.0,"gold_gain":0.0,"event_name":"Match and Keep!","player_choice":"0 cards matched","floor":22.0,"gold_loss":0.0,"damage_taken":0.0,"cards_obtained":[]},{"damage_healed":0.0,"max_hp_gain":0.0,"max_hp_loss":0.0,"gold_gain":0.0,"event_name":"Drug Dealer","player_choice":"Obtain J.A.X.","floor":25.0,"gold_loss":0.0,"damage_taken":0.0,"cards_obtained":["J.A.X."]},{"cards_removed":["Rebound"],"damage_healed":0,"gold_gain":0,"player_choice":"Removed Attack","damage_taken":0,"max_hp_gain":0,"max_hp_loss":0,"event_name":"Falling","floor":36,"gold_loss":0},{"damage_healed":0,"gold_gain":0,"player_choice":"Ignored","damage_taken":0,"max_hp_gain":0,"max_hp_loss":0,"event_name":"SecretPortal","floor":37,"gold_loss":0},{"damage_healed":0,"gold_gain":0,"player_choice":"Fight","damage_taken":0,"max_hp_gain":0,"max_hp_loss":0,"event_name":"Mysterious Sphere","floor":38,"gold_loss":0}],"is_beta":false,"boss_relics":[{"not_picked":["Runic Dome","Nuclear Battery"],"picked":"Calling Bell"},{"not_picked":["Busted Crown","Runic Pyramid"],"picked":"Cursed Key"}],"items_purged_floors":[4,28],"is_endless":false,"potions_floor_spawned":[2,14,16,21,23,30,33,38,41,47,48],"ascension_level":7}}