{"host":"q9718omregw4er46","time":1607527772,"event":{"gold_per_floor":[13,28,28,42,42,72,72,72,72],"floor_reached":8,"playtime":250,"items_purged":[],"score":106,"play_id":"3ef70093-2cc2-4166-aa36-b54dee292328","local_time":"20201209202932","is_ascension_mode":true,"campfire_choices":[{"data":"CrushJoints","floor":7,"key":"SMITH"}],"neow_cost":"NO_GOLD","seed_source_timestamp":42305268550221,"circlet_count":0,"master_deck":["AscendersBane","Strike_P","Strike_P","Strike_P","Strike_P","Defend_P","Defend_P","Defend_P","Defend_P","Eruption","Vigilance","Vault","ClearTheMind","CutThroughFate+1","CrushJoints+1"],"relics":["PureWater","Darkstone Periapt"],"potions_floor_usage":[],"damage_taken":[{"damage":0,"enemies":"Cultist","floor":1,"turns":4},{"damage":0,"enemies":"Jaw Worm","floor":2,"turns":3},{"damage":0,"enemies":"2 Louse","floor":4,"turns":2},{"damage":41,"enemies":"Lagavulin","floor":6,"turns":10},{"damage":22,"enemies":"3 Sentries","floor":8,"turns":3}],"seed_played":"1587746290352688641","potions_obtained":[{"floor":2,"key":"SteroidPotion"}],"is_trial":false,"path_per_floor":["M","M","?","M","?","E","R","E"],"character_chosen":"WATCHER","items_purchased":[],"campfire_rested":0,"item_purchase_floors":[],"current_hp_per_floor":[61,61,61,61,61,20,20,0,0],"gold":72,"neow_bonus":"THREE_RARE_CARDS","is_prod":false,"is_daily":false,"chose_seed":false,"campfire_upgraded":1,"win_rate":0,"timestamp":1607527772,"path_taken":["M","M","?","M","?","E","R","E"],"build_version":"2020-11-30","purchased_purges":0,"victory":false,"max_hp_per_floor":[68,68,68,68,68,68,68,68,68],"relic_stats":{"Darkstone Periapt":0,"counters":[5,22],"obtain_stats":[{"Darkstone Periapt":6,"PureWater":0},{"Darkstone Periapt":4,"PureWater":0},{"Darkstone Periapt":19,"PureWater":0}]},"card_choices":[{"not_picked":["Alpha","Brilliance"],"picked":"Vault","floor":0},{"not_picked":["Protect","ClearTheMind","JustLucky"],"picked":"SKIP","floor":1},{"not_picked":["Protect","JustLucky"],"picked":"ClearTheMind","floor":1},{"not_picked":["Sanctity","Protect"],"picked":"CutThroughFate","floor":2},{"not_picked":["Crescendo","EmptyBody"],"picked":"CrushJoints","floor":4},{"not_picked":["Prostrate","JustLucky","Fasting2"],"picked":"SKIP","floor":6}],"player_experience":977412,"relics_obtained":[{"floor":6,"key":"Darkstone Periapt"}],"event_choices":[{"damage_healed":0,"gold_gain":0,"player_choice":"Grow","damage_taken":0,"max_hp_gain":0,"max_hp_loss":0,"event_name":"Living Wall","floor":3,"gold_loss":0,"cards_upgraded":["CutThroughFate"]},{"damage_healed":0,"gold_gain":0,"player_choice":"Ignored","damage_taken":0,"max_hp_gain":0,"max_hp_loss":0,"event_name":"Liars Game","floor":5,"gold_loss":0}],"is_beta":false,"boss_relics":[],"items_purged_floors":[],"is_endless":false,"potions_floor_spawned":[2],"killed_by":"3 Sentries","ascension_level":18}}