{"host":"agga6lej02o7kt08","time":1607526689,"event":{"gold_per_floor":[110,122,135,135,148,181,197,210,210,228,239,259,259,287,287,390,390,405,465,283,297,297,328,328,361,386,386,409,484,529,557,557,674,674,719,777,777,129,158,183,212,242,242,287,287,325,342,385,385,397,397,397,563,622,234],"floor_reached":56,"playtime":7604,"items_purged":["DTMod:Strike","DTMod:TargetDefense","DTMod:TargetDefense","DTMod:Strike"],"score":1895,"play_id":"8c5d94a7-aadf-4246-880b-8fe52d215ead","local_time":"20201210001129","is_ascension_mode":false,"metric_token":1055,"campfire_choices":[{"data":"DTMod:SwitchingTactic","floor":13.0,"key":"SMITH"},{"data":"DTMod:Training","floor":15.0,"key":"SMITH"},{"data":"DTMod:MagiciansMark","floor":24.0,"key":"SMITH"},{"data":"DTMod:Cover","floor":32.0,"key":"SMITH"},{"data":"DTMod:Cover","floor":45.0,"key":"SMITH"},{"floor":49.0,"key":"RECALL"},{"data":"DTMod:ComboAttack","floor":52,"key":"SMITH"}],"neow_cost":"NONE","dtmod_dragon_data":[39,58,3,0,14,0],"seed_source_timestamp":708942052702700,"circlet_count":0,"master_deck":["DTMod:Strike","DTMod:Strike","DTMod:DoubleHit","DTMod:TargetDefense","DTMod:TargetDefense","DTMod:SwitchingTactic+1","DTMod:ComboAttack+1","DTMod:SneakAttack","DTMod:Cover+1","DTMod:Training+1","DTMod:TauntingStrike","DTMod:Cover+1","DTMod:MagiciansMark+1","DTMod:OpeningTactic+1","DTMod:TagTeam+1","DTMod:ResonanceForm+1","DTMod:WarmUp+1","DTMod:ComboAttack+1","DTMod:SwitchingTactic+1"],"special_seed":0,"relics":["DTMod:PactStone","REME_ComplimentaryCards","Akabeko","Replay:Accelerometer","hubris:MysteriousPyramids","Coffee Dripper","Replay:Baseball","Omamori","ReplayTheSpireMod:CursedCoin","Replay:Kaleidoscope","Pen Nib","Replay:Bandana","aspiration:RitualStick","Busted Crown","CatCart","Juzu Bracelet","Guide Book","TheAbacus","Anchor","InkBottle","Lizard Tail","Pet Ghost","hubris:NiceRug","StoneCalendar","Ice Cream","REME_OnlineShoppingPlatform","aspiration:FetidBarrel","hubris:Potato","Cauldron","Blue Doll"],"potions_floor_usage":[55,55,55,55,55,55,55,55,55,55,55,55,55,55,55,55,55,55,55,55,55,55,55,55],"damage_taken":[{"damage":0.0,"enemies":"Cultist","floor":1.0,"turns":4.0},{"damage":0.0,"enemies":"2 Louse","floor":2.0,"turns":3.0},{"damage":0.0,"enemies":"Small Slimes","floor":3.0,"turns":2.0},{"damage":0.0,"enemies":"3 Louse","floor":5.0,"turns":2.0},{"damage":3.0,"enemies":"3 Sentries","floor":6.0,"turns":7.0},{"damage":0.0,"enemies":"Looter","floor":7.0,"turns":1.0},{"damage":0.0,"enemies":"Gremlin Gang","floor":8.0,"turns":4.0},{"damage":0.0,"enemies":"Large Slime","floor":10.0,"turns":2.0},{"damage":0.0,"enemies":"3 Louse","floor":11.0,"turns":3.0},{"damage":0.0,"enemies":"Exordium Thugs","floor":12.0,"turns":3.0},{"damage":0.0,"enemies":"Replay:BlueRogue","floor":14.0,"turns":6.0},{"damage":0.0,"enemies":"Hexaghost","floor":16.0,"turns":7.0},{"damage":0.0,"enemies":"2 Thieves","floor":18.0,"turns":4.0},{"damage":0.0,"enemies":"Shell Parasite","floor":21.0,"turns":3.0},{"damage":0.0,"enemies":"REME_1_Revenger","floor":23.0,"turns":4.0},{"damage":0.0,"enemies":"Gremlin Leader","floor":25.0,"turns":6.0},{"damage":0.0,"enemies":"Shelled Parasite and Fungi","floor":28.0,"turns":4.0},{"damage":0.0,"enemies":"Centurion and Healer","floor":30.0,"turns":3.0},{"damage":3.0,"enemies":"Snecko","floor":31.0,"turns":3.0},{"damage":0.0,"enemies":"Pondfish","floor":33.0,"turns":11.0},{"damage":0.0,"enemies":"3 Darklings","floor":35.0,"turns":5.0},{"damage":15.0,"enemies":"Orin","floor":36.0,"turns":9.0},{"damage":0.0,"enemies":"3 Shapes","floor":39.0,"turns":4.0},{"damage":0.0,"enemies":"Writhing Mass","floor":40.0,"turns":5.0},{"damage":0.0,"enemies":"3 Darklings","floor":41.0,"turns":4.0},{"damage":0.0,"enemies":"Spire Growth","floor":42.0,"turns":4.0},{"damage":0.0,"enemies":"Giant Head","floor":44.0,"turns":6.0},{"damage":4.0,"enemies":"R_Hoarder","floor":46.0,"turns":6.0},{"damage":0.0,"enemies":"Transient","floor":47.0,"turns":1.0},{"damage":18.0,"enemies":"Nemesis","floor":48.0,"turns":5.0},{"damage":19,"enemies":"Donu and Deca","floor":50,"turns":7},{"damage":0,"enemies":"hubris:Merchant","floor":53,"turns":7},{"damage":0,"enemies":"Shield and Spear","floor":54,"turns":5},{"damage":0,"enemies":"The Heart","floor":55,"turns":5}],"seed_played":"9048078855608101315","potions_obtained":[{"floor":1.0,"key":"AttackPotion"},{"floor":2.0,"key":"AttackPotion"},{"floor":11.0,"key":"Swift Potion"},{"floor":12.0,"key":"Block Potion"},{"floor":14.0,"key":"PowerPotion"},{"floor":19.0,"key":"Fruit Juice"},{"floor":23.0,"key":"EntropicBrew"},{"floor":28.0,"key":"Block Potion"},{"floor":33.0,"key":"SteroidPotion"},{"floor":40.0,"key":"Reflective Coating"},{"floor":41.0,"key":"DuplicationPotion"},{"floor":47.0,"key":"Ancient Potion"},{"floor":48.0,"key":"Ancient Potion"}],"is_trial":false,"path_per_floor":["M","M","M","?","M","E","M","M","T","M","M","M","R","E","R","B",null,"M","?","$","M","?","E","R","E","T","?","M","?","M","M","R","B",null,"M","?","?","$","M","M","M","M","T","E","R","E","M","E","R","B",null,"R","$","E","B",null],"character_chosen":"THE_DT","items_purchased":["Omamori","ReplayTheSpireMod:CursedCoin","Juzu Bracelet","Guide Book","TheAbacus","Anchor"],"campfire_rested":0,"item_purchase_floors":[20,20,38,38,38,38],"current_hp_per_floor":[49,49,49,49,49,46,46,46,46,46,46,46,46,46,46,46,49,49,49,49,49,49,54,54,54,54,43,43,38,38,35,35,35,54,54,39,39,39,39,39,39,39,39,39,39,35,35,17,17,26,54,54,54,54,59],"gold":234,"neow_bonus":"TEN_PERCENT_HP_BONUS","is_prod":false,"is_daily":false,"chose_seed":false,"campfire_upgraded":6,"win_rate":0.0,"timestamp":1607526689,"path_taken":["M","M","?","?","M","E","M","M","T","M","M","?","R","E","R","BOSS","M","?","$","M","?","E","R","E","T","?","M","?","M","?","R","BOSS","M","?","?","$","M","M","M","M","T","E","R","E","M","E","R","BOSS","R","$","E","BOSS"],"build_version":"2020-11-30","purchased_purges":4,"victory":true,"max_hp_per_floor":[49,49,49,49,49,49,49,49,49,49,49,49,49,49,49,49,49,49,49,49,49,49,54,54,54,54,54,54,54,54,54,54,54,54,54,54,54,54,54,54,54,54,54,54,54,54,54,54,54,54,54,54,54,54,59],"card_choices":[{"not_picked":["DTMod:Weaken","DTMod:BlazingStrike"],"picked":"DTMod:ComboAttack","floor":1.0},{"not_picked":["DTMod:Conduct","DTMod:Weaken"],"picked":"DTMod:SneakAttack","floor":2.0},{"not_picked":["DTMod:Coolant","DTMod:PurifyingFlame"],"picked":"DTMod:Cover","floor":3.0},{"not_picked":["DTMod:BurningForce","DTMod:QuickFly"],"picked":"DTMod:Training","floor":5.0},{"not_picked":["DTMod:HeatWave","DTMod:BlazingStrike","DTMod:Overwhelm"],"picked":"SKIP","floor":6.0},{"not_picked":["DTMod:Threaten","DTMod:Astonish"],"picked":"DTMod:TauntingStrike","floor":7.0},{"not_picked":["DTMod:Punisher","DTMod:BizarreTactic","DTMod:BlazingStrike"],"picked":"SKIP","floor":8.0},{"not_picked":["DTMod:Cover","DTMod:BurningForce","DTMod:Threaten"],"picked":"SKIP","floor":10.0},{"not_picked":["DTMod:BurningForce","DTMod:Threaten"],"picked":"DTMod:Cover","floor":10.0},{"not_picked":["DTMod:Weaken","DTMod:Hide","DTMod:CleansingStrike"],"picked":"SKIP","floor":11.0},{"not_picked":["DTMod:GhostSkin","DTMod:SneakAttack"],"picked":"DTMod:MagiciansMark","floor":12.0},{"not_picked":["DTMod:FlameSlash","DTMod:Feint","DTMod:Weaken"],"picked":"SKIP","floor":14.0},{"not_picked":["DTMod:StunTrap","DTMod:SealedStrike"],"picked":"DTMod:OpeningTactic","floor":16.0},{"not_picked":["DTMod:Cover+1","DTMod:BalancedStrike","DTMod:Punisher"],"picked":"SKIP","floor":18.0},{"not_picked":["DTMod:BurningEnergy","DTMod:LowKick"],"picked":"DTMod:TagTeam+1","floor":19.0},{"not_picked":["DTMod:Threaten","DTMod:MagiciansMark","DTMod:BurningEnergy"],"picked":"SKIP","floor":21.0},{"not_picked":["DTMod:DeepFocus","DTMod:Hide","DTMod:BlueScale"],"picked":"SKIP","floor":23.0},{"not_picked":["DTMod:BizarreTactic","DTMod:Prediction","DTMod:QuickFly"],"picked":"SKIP","floor":25.0},{"not_picked":["DTMod:Punisher","DTMod:BalancedStrike","DTMod:Hide"],"picked":"SKIP","floor":28.0},{"not_picked":["DTMod:BurningEnergy","DTMod:Punisher","DTMod:Hide"],"picked":"SKIP","floor":30.0},{"not_picked":["DTMod:BuildUp","DTMod:StarRain","DTMod:MagiciansMark"],"picked":"SKIP","floor":31.0},{"not_picked":["DTMod:RepeatStrike","DTMod:Outburst"],"picked":"DTMod:ResonanceForm","floor":33.0},{"not_picked":["DTMod:BlazingStrike+1"],"picked":"SKIP","floor":35.0},{"not_picked":["DTMod:BlazingStrike+1"],"picked":"SKIP","floor":39.0},{"not_picked":[],"picked":"DTMod:WarmUp+1","floor":40.0},{"not_picked":[],"picked":"DTMod:ComboAttack+1","floor":41.0},{"not_picked":["DTMod:BuildUp"],"picked":"SKIP","floor":42.0},{"not_picked":["DTMod:HeatWave"],"picked":"SKIP","floor":44.0},{"not_picked":["DTMod:Cover+1"],"picked":"SKIP","floor":46.0},{"not_picked":["DTMod:ForkedFire+1"],"picked":"SKIP","floor":47.0},{"not_picked":["DTMod:BlazingStrike+1"],"picked":"SKIP","floor":48.0},{"not_picked":["DTMod:ComboAttack"],"picked":"SKIP","floor":53},{"not_picked":["DTMod:QuickFly"],"picked":"SKIP","floor":53},{"not_picked":["DTMod:Overwhelm"],"picked":"SKIP","floor":53},{"not_picked":["DTMod:MagicField"],"picked":"SKIP","floor":53},{"not_picked":["DTMod:Adaptation"],"picked":"SKIP","floor":53},{"not_picked":["Replay:Parry"],"picked":"SKIP","floor":53},{"not_picked":["Sadistic Nature"],"picked":"SKIP","floor":53},{"not_picked":["DTMod:Observe+1"],"picked":"SKIP","floor":54}],"player_experience":1068364,"relics_obtained":[{"floor":6.0,"key":"Akabeko"},{"floor":9.0,"key":"Replay:Accelerometer"},{"floor":14.0,"key":"hubris:MysteriousPyramids"},{"floor":19.0,"key":"Replay:Baseball"},{"floor":23.0,"key":"Replay:Kaleidoscope"},{"floor":25.0,"key":"Pen Nib"},{"floor":26.0,"key":"Replay:Bandana"},{"floor":36.0,"key":"CatCart"},{"floor":44.0,"key":"InkBottle"},{"floor":46.0,"key":"Lizard Tail"},{"floor":48.0,"key":"Pet Ghost"},{"floor":53,"key":"StoneCalendar"},{"floor":53,"key":"Ice Cream"},{"floor":53,"key":"REME_OnlineShoppingPlatform"},{"floor":53,"key":"aspiration:FetidBarrel"},{"floor":53,"key":"hubris:Potato"},{"floor":53,"key":"Cauldron"},{"floor":54,"key":"Blue Doll"}],"event_choices":[{"damage_healed":0.0,"max_hp_gain":0.0,"max_hp_loss":0.0,"gold_gain":0.0,"event_name":"The Woman in Blue","player_choice":"Bought 0 Potions","floor":4.0,"gold_loss":0.0,"damage_taken":0.0},{"damage_healed":0.0,"max_hp_gain":0.0,"max_hp_loss":0.0,"gold_gain":75.0,"event_name":"FaceTrader","player_choice":"Touch","floor":29.0,"gold_loss":0.0,"damage_taken":5.0},{"damage_healed":0.0,"max_hp_gain":0.0,"max_hp_loss":0.0,"gold_gain":0.0,"event_name":"OrinTheCat","player_choice":"Fight","floor":36.0,"gold_loss":0.0,"damage_taken":0.0},{"damage_healed":0.0,"max_hp_gain":0.0,"max_hp_loss":0.0,"gold_gain":0.0,"event_name":"SensoryStone","player_choice":"Memory 1","floor":37.0,"gold_loss":0.0,"damage_taken":0.0}],"is_beta":false,"boss_relics":[{"not_picked":["Pandora\u0027s Box","Honey Jar"],"picked":"Coffee Dripper"},{"not_picked":["SacredBark","Empty Cage"],"picked":"Busted Crown"}],"items_purged_floors":[20,20,38,53],"is_endless":false,"potions_floor_spawned":[1,2,11,12,14,23,28,33,40,41,44,47,48],"ascension_level":0}}