{"host":"3q9keoo8j4hzgybw","time":1607528376,"event":{"gold_per_floor":[111,121,132,207,157,184,184,217,217,217,217,217],"floor_reached":11,"playtime":311,"items_purged":[],"score":85,"play_id":"c6f23811-b8f8-4cf7-b381-128ca0f122d8","local_time":"20201209163936","is_ascension_mode":true,"campfire_choices":[{"data":"Bash","floor":10,"key":"SMITH"}],"neow_cost":"NONE","seed_source_timestamp":5280288535100,"circlet_count":0,"master_deck":["Strike_R","Strike_R","Strike_R","Strike_R","Defend_R","Defend_R","Defend_R","Defend_R","Bash+1","Spot Weakness","Iron Wave"],"relics":["Burning Blood","Prayer Wheel","AntiCross","Juzu Bracelet","Molten Egg 2"],"potions_floor_usage":[11,11],"damage_taken":[{"damage":3,"enemies":"Jaw Worm","floor":1,"turns":4},{"damage":8,"enemies":"Small Slimes","floor":2,"turns":4},{"damage":0,"enemies":"2 Louse","floor":3,"turns":4},{"damage":15,"enemies":"Gremlin Nob","floor":6,"turns":4},{"damage":31,"enemies":"Lagavulin","floor":8,"turns":5},{"damage":25,"enemies":"3 Sentries","floor":11,"turns":4}],"seed_played":"8127943017959466687","potions_obtained":[{"floor":1,"key":"SkillPotion"},{"floor":8,"key":"Energy Potion"}],"is_trial":false,"path_per_floor":["M","M","M","?","?","E","?","E","T","R","E"],"character_chosen":"IRONCLAD","items_purchased":[],"campfire_rested":0,"item_purchase_floors":[],"current_hp_per_floor":[80,78,80,69,69,60,48,23,23,23,0,0],"gold":217,"neow_bonus":"THREE_CARDS","is_prod":false,"is_daily":false,"chose_seed":false,"campfire_upgraded":1,"win_rate":0,"timestamp":1607528376,"path_taken":["M","M","M","?","?","E","?","E","T","R","E"],"build_version":"2020-11-30","purchased_purges":0,"victory":false,"max_hp_per_floor":[80,80,80,80,80,80,80,80,80,80,80,80],"card_choices":[{"not_picked":["Hemokinesis","Thunderclap","Sword Boomerang"],"picked":"SKIP","floor":1},{"not_picked":["Heavy Blade","Sword Boomerang","Clash"],"picked":"SKIP","floor":2},{"not_picked":["Shockwave","Flex"],"picked":"Spot Weakness","floor":3},{"not_picked":["Clash","Sever Soul","Searing Blow"],"picked":"SKIP","floor":6},{"not_picked":["Shrug It Off","Anger"],"picked":"Iron Wave","floor":8}],"player_experience":46518,"relics_obtained":[{"floor":6,"key":"Prayer Wheel"},{"floor":8,"key":"Juzu Bracelet"},{"floor":9,"key":"Molten Egg 2"}],"event_choices":[{"damage_healed":0,"gold_gain":75,"player_choice":"Gather Gold","damage_taken":11,"max_hp_gain":0,"max_hp_loss":0,"event_name":"World of Goop","floor":4,"gold_loss":0},{"cards_removed":["Strike_R"],"damage_healed":0,"gold_gain":0,"player_choice":"Card Removal","damage_taken":0,"max_hp_gain":0,"max_hp_loss":0,"event_name":"The Cleric","floor":5,"gold_loss":50},{"damage_healed":0,"gold_gain":0,"player_choice":"Success","damage_taken":12,"relics_obtained":["AntiCross"],"max_hp_gain":0,"max_hp_loss":0,"event_name":"Scrap Ooze","floor":7,"gold_loss":0}],"is_beta":false,"boss_relics":[],"items_purged_floors":[],"is_endless":false,"potions_floor_spawned":[1,8],"killed_by":"3 Sentries","ascension_level":1}}