{"host":"p7j7o00jacnw7qzt","time":1607486299,"event":{"gold_per_floor":[369,519,538,538,240,240,240],"floor_reached":6,"playtime":221,"items_purged":["Doubt"],"score":68,"play_id":"c56319ef-211a-47d1-b242-3a0918c2e808","local_time":"20201208225819","is_ascension_mode":true,"campfire_choices":[],"neow_cost":"PERCENT_DAMAGE","seed_source_timestamp":2075168689483100,"circlet_count":0,"master_deck":["AscendersBane","Strike_G","Strike_G","Strike_G","Strike_G","Strike_G","Defend_G","Defend_G","Defend_G","Defend_G","Defend_G","Survivor","Neutralize"],"special_seed":0,"relics":["Ring of the Snake","Ninja Scroll","Medical Kit"],"potions_floor_usage":[6,6],"damage_taken":[{"damage":4.0,"enemies":"Jaw Worm","floor":1.0,"turns":8.0},{"damage":2.0,"enemies":"2 Louse","floor":3.0,"turns":5.0},{"damage":37,"enemies":"Lagavulin","floor":6,"turns":5}],"seed_played":"-4230968238896101101","potions_obtained":[{"floor":1.0,"key":"Strength Potion"}],"is_trial":false,"path_per_floor":["M","?","M","?","$","E"],"character_chosen":"THE_SILENT","items_purchased":["Medical Kit","SkillPotion"],"campfire_rested":0,"item_purchase_floors":[5,5],"current_hp_per_floor":[40,40,38,20,20,0,0],"gold":240,"neow_bonus":"TWO_FIFTY_GOLD","is_prod":false,"is_daily":false,"chose_seed":false,"campfire_upgraded":0,"win_rate":0,"timestamp":1607486299,"path_taken":["M","?","M","?","$","E"],"build_version":"2020-11-30","purchased_purges":1,"victory":false,"max_hp_per_floor":[66,66,66,66,66,66,66],"relic_stats":{"counters":[3,18],"Medical Kit":[0],"obtain_stats":[{"Ninja Scroll":4,"Medical Kit":5,"Ring of the Snake":0},{"Ninja Scroll":2,"Medical Kit":2,"Ring of the Snake":0},{"Ninja Scroll":13,"Medical Kit":13,"Ring of the Snake":0}],"Ring of the Snake":[6]},"card_choices":[{"not_picked":["All Out Attack","Distraction","Choke"],"picked":"SKIP","floor":1.0},{"not_picked":["Cloak And Dagger","Catalyst","Flechettes"],"picked":"SKIP","floor":3.0}],"player_experience":692571,"relics_obtained":[],"event_choices":[{"damage_healed":0.0,"max_hp_gain":0.0,"max_hp_loss":0.0,"gold_gain":150.0,"event_name":"Liars Game","player_choice":"AGREE","floor":2.0,"gold_loss":0.0,"damage_taken":0.0,"cards_obtained":["Doubt"]},{"damage_healed":0.0,"max_hp_gain":0.0,"max_hp_loss":0.0,"gold_gain":0.0,"event_name":"Scrap Ooze","player_choice":"Success","floor":4.0,"gold_loss":0.0,"damage_taken":18.0,"relics_obtained":["Ninja Scroll"]}],"is_beta":false,"boss_relics":[],"items_purged_floors":[5],"is_endless":false,"potions_floor_spawned":[1],"killed_by":"Lagavulin","ascension_level":20}}