{"host":"szp1d6dso4pv7ddl","time":1607481194,"event":{"gold_per_floor":[109,122,137,148,98,117,117,128,153,180,180,192,192,16,16,115,115,134,149,160,160,173,173,173],"floor_reached":23,"playtime":1604,"items_purged":["Pain"],"score":197,"play_id":"1f16f3fe-7dde-4b89-ad97-b4cfd9701655","local_time":"20201208183314","is_ascension_mode":false,"campfire_choices":[{"floor":7,"key":"REST"},{"floor":15,"key":"REST"}],"neow_cost":"NONE","seed_source_timestamp":0,"circlet_count":0,"master_deck":["Strike_B","Strike_B","Strike_B","Defend_B","Defend_B","Defend_B","Defend_B","Zap","Dualcast","Gash","Gash","Hologram","Gash","Melter","Rebound","Streamline"],"special_seed":0,"relics":["Cracked Core","Potion Belt","Bag of Preparation","WarpedTongs","Black Star"],"potions_floor_usage":[10,16,23,23,23],"damage_taken":[{"damage":1,"enemies":"2 Louse","floor":1,"turns":4},{"damage":1,"enemies":"Jaw Worm","floor":2,"turns":3},{"damage":1,"enemies":"Cultist","floor":3,"turns":3},{"damage":9,"enemies":"3 Louse","floor":4,"turns":3},{"damage":17,"enemies":"Exordium Thugs","floor":6,"turns":4},{"damage":6,"enemies":"Red Slaver","floor":8,"turns":3},{"damage":16,"enemies":"Lagavulin","floor":10,"turns":6},{"damage":9,"enemies":"Large Slime","floor":12,"turns":5},{"damage":15,"enemies":"Slime Boss","floor":16,"turns":8},{"damage":6,"enemies":"Chosen","floor":18,"turns":5},{"damage":10,"enemies":"2 Thieves","floor":19,"turns":4},{"damage":24,"enemies":"Centurion and Healer","floor":20,"turns":6},{"damage":14,"enemies":"Chosen and Byrds","floor":22,"turns":5},{"damage":22,"enemies":"Slavers","floor":23,"turns":1}],"seed_played":"3154715564585028167","potions_obtained":[{"floor":1,"key":"SteroidPotion"},{"floor":2,"key":"Fire Potion"},{"floor":3,"key":"Swift Potion"},{"floor":10,"key":"PowerPotion"},{"floor":18,"key":"Weak Potion"},{"floor":19,"key":"FearPotion"}],"is_trial":false,"path_per_floor":["M","M","M","M","?","M","R","M","T","E","?","M","?","$","R","B",null,"M","M","M","?","M","E"],"character_chosen":"DEFECT","items_purchased":["Gash","Melter"],"campfire_rested":2,"item_purchase_floors":[14,14],"current_hp_per_floor":[74,73,72,63,63,46,68,62,62,46,46,37,37,37,59,44,75,69,59,35,35,21,0,0],"gold":173,"neow_bonus":"THREE_CARDS","is_prod":false,"is_daily":false,"chose_seed":false,"campfire_upgraded":0,"win_rate":0,"timestamp":1607481194,"path_taken":["M","M","M","M","?","M","R","M","T","E","?","?","?","$","R","BOSS","M","M","M","?","M","E"],"build_version":"2020-11-30","purchased_purges":1,"victory":false,"max_hp_per_floor":[75,75,75,75,75,75,75,75,75,75,75,75,75,75,75,75,75,75,75,75,75,75,75,75],"card_choices":[{"not_picked":["Glacier","Ball Lightning"],"picked":"Gash","floor":0.0},{"not_picked":["Chaos","Hologram"],"picked":"Gash","floor":1},{"not_picked":["Steam","Ball Lightning"],"picked":"Gash","floor":2},{"not_picked":["Reprogram","Coolheaded","Ball Lightning"],"picked":"SKIP","floor":3},{"not_picked":["Scrape","Sweeping Beam","Redo"],"picked":"SKIP","floor":4},{"not_picked":["Turbo","Electrodynamics","Go for the Eyes"],"picked":"SKIP","floor":6},{"not_picked":["Sunder","Conserve Battery","Redo"],"picked":"SKIP","floor":8},{"not_picked":["Static Discharge","Steam Power","Blizzard"],"picked":"SKIP","floor":10},{"not_picked":["Chaos","Turbo"],"picked":"Hologram","floor":12},{"not_picked":["Tempest","Turbo","BootSequence"],"picked":"SKIP","floor":18},{"not_picked":["Stack","White Noise+1"],"picked":"Rebound","floor":19},{"not_picked":["Barrage+1","Coolheaded","Undo"],"picked":"SKIP","floor":20},{"not_picked":["Go for the Eyes+1","Static Discharge+1"],"picked":"Streamline","floor":22}],"player_experience":899102,"relics_obtained":[{"floor":9,"key":"Potion Belt"},{"floor":10,"key":"Bag of Preparation"}],"event_choices":[{"cards_removed":["Strike_B"],"damage_healed":0,"gold_gain":0,"player_choice":"Card Removal","damage_taken":0,"max_hp_gain":0,"max_hp_loss":0,"event_name":"The Cleric","floor":5,"gold_loss":50},{"damage_healed":0,"gold_gain":0,"player_choice":"Rummage","damage_taken":0,"relics_obtained":["WarpedTongs"],"max_hp_gain":0,"max_hp_loss":0,"event_name":"Accursed Blacksmith","floor":11,"gold_loss":0,"cards_obtained":["Pain"]},{"damage_healed":0,"gold_gain":0,"player_choice":"Ignored","damage_taken":0,"max_hp_gain":0,"max_hp_loss":0,"event_name":"Liars Game","floor":13,"gold_loss":0},{"damage_healed":0,"gold_gain":0,"player_choice":"Ignored","damage_taken":0,"max_hp_gain":0,"max_hp_loss":0,"event_name":"NoteForYourself","floor":21,"gold_loss":0}],"is_beta":false,"boss_relics":[{"not_picked":["Ectoplasm","Tiny House"],"picked":"Black Star"}],"items_purged_floors":[14],"is_endless":false,"potions_floor_spawned":[1,2,3,10,18,19],"killed_by":"Slavers","ascension_level":0}}