{"host":"uclt3t1usqzz4m5p","time":1607489313,"event":{"gold_per_floor":[110,125,137,147,147,147,226,265,292,292,311,326,361,384,384,510,510,524,286,286,34,134,134,124,139,139,168,48,48,98,31,31,31,31],"floor_reached":33,"playtime":3558,"items_purged":["theextravagant:CutTheDeck+1"],"score":291,"play_id":"1dd9cdcc-814c-444f-82ed-a6556ae7db75","local_time":"20201208204833","is_ascension_mode":true,"campfire_choices":[{"data":"theextravagant:Pushthrough","floor":6.0,"key":"SMITH"},{"data":"theextravagant:Glamour","floor":10.0,"key":"SMITH"},{"data":"theextravagant:Clairvoyance","floor":15.0,"key":"SMITH"},{"data":"theextravagant:GlyphOfTime","floor":23,"key":"SMITH"},{"data":"theextravagant:Comeback","floor":29,"key":"SMITH"},{"data":"theextravagant:WhiffOfMagic","floor":32,"key":"SMITH"}],"neow_cost":"NONE","seed_source_timestamp":355723640529700,"circlet_count":0,"master_deck":["theextravagant:SlyStrike","theextravagant:SlyStrike","theextravagant:SlyStrike+1","theextravagant:SlyStrike+1","theextravagant:Fence","theextravagant:Fence","theextravagant:Fence","theextravagant:Fence","theextravagant:QuickAttack","theextravagant:Triumph+1","theextravagant:Riot","theextravagant:Pushthrough+1","theextravagant:Defy","theextravagant:SpontaneousStrike","theextravagant:Glamour+1","theextravagant:Outrun","theextravagant:HeavyBlows+1","theextravagant:Tension+1","theextravagant:Clairvoyance+1","theextravagant:Stella+1","theextravagant:Comeback+1","theextravagant:GlyphOfTime+1","theextravagant:GustOfWind+1","theextravagant:SharpTalons+1","theextravagant:StepBack+1","theextravagant:Firework+1","theextravagant:PuffUp","theextravagant:WhiffOfMagic+1","theextravagant:Tension+1","theextravagant:Aggression+1"],"special_seed":0,"relics":["theextravagant:TranslucentFeather","Hammer of Thor","Seething Fire","Anvil of the Gods","Golden Idol","Molten Egg 2","Toy Ornithopter","Whetstone","Du-Vu Doll","SlaversCollar","Oddly Smooth Stone","Meat on the Bone","CeramicFish","InkBottle"],"potions_floor_usage":[30,30],"damage_taken":[{"damage":2.0,"enemies":"Small Slimes","floor":1.0,"turns":4.0},{"damage":0.0,"enemies":"Jaw Worm","floor":2.0,"turns":1.0},{"damage":0.0,"enemies":"Cultist","floor":3.0,"turns":3.0},{"damage":8.0,"enemies":"Large Slime","floor":4.0,"turns":8.0},{"damage":5.0,"enemies":"Gremlin Nob","floor":8.0,"turns":4.0},{"damage":0.0,"enemies":"3 Louse","floor":11.0,"turns":2.0},{"damage":0.0,"enemies":"Red Slaver","floor":12.0,"turns":4.0},{"damage":6.0,"enemies":"Lagavulin","floor":13.0,"turns":7.0},{"damage":0.0,"enemies":"Large Slime","floor":14.0,"turns":4.0},{"damage":9,"enemies":"Hexaghost","floor":16,"turns":9},{"damage":3,"enemies":"3 Byrds","floor":18,"turns":6},{"damage":26,"enemies":"2 Thieves","floor":24,"turns":4},{"damage":11,"enemies":"Snake Plant","floor":25,"turns":5},{"damage":11,"enemies":"Centurion and Healer","floor":27,"turns":7},{"damage":37,"enemies":"Slavers","floor":30,"turns":7},{"damage":47,"enemies":"Champ","floor":33,"turns":9}],"seed_played":"-439085604613489429","potions_obtained":[{"floor":1.0,"key":"SteroidPotion"},{"floor":2.0,"key":"SneckoOil"},{"floor":4.0,"key":"Strength Potion"},{"floor":12.0,"key":"BlessingOfTheForge"},{"floor":16,"key":"Swift Potion"},{"floor":25,"key":"Strength Potion"}],"is_trial":false,"path_per_floor":["M","M","M","M","?","R","T","E","T","R","M","M","E","M","R","B",null,"M","$","?","$","?","R","M","M","T","M","$","R","E","$","R","B"],"character_chosen":"THE_EXTRAVAGANT","items_purchased":["Oddly Smooth Stone","theextravagant:Comeback","theextravagant:GlyphOfTime","Meat on the Bone","theextravagant:PuffUp","theextravagant:Tension+1","theextravagant:Aggression+1"],"campfire_rested":0,"item_purchase_floors":[19,19,19,21,28,31,31],"current_hp_per_floor":[73,73,73,65,65,65,65,60,60,60,60,60,54,54,54,45,69,66,66,66,66,66,66,40,41,41,42,42,42,27,27,27,0,0],"gold":31,"neow_bonus":"UPGRADE_CARD","is_prod":false,"is_daily":false,"chose_seed":false,"campfire_upgraded":6,"win_rate":0,"timestamp":1607489313,"path_taken":["M","M","M","M","?","R","?","E","T","R","M","M","E","M","R","BOSS","M","?","?","$","?","R","M","M","T","M","$","R","E","$","R","BOSS"],"build_version":"2020-11-30","purchased_purges":1,"victory":false,"max_hp_per_floor":[75,75,75,75,69,69,69,69,69,69,69,69,69,69,69,69,69,69,69,69,69,69,69,69,69,69,69,69,69,69,69,69,69,69],"card_choices":[{"not_picked":["theextravagant:Thrill","theextravagant:StepBack"],"picked":"theextravagant:Riot","floor":1.0},{"not_picked":["theextravagant:IronPlumes","theextravagant:StepBack"],"picked":"theextravagant:Pushthrough","floor":2.0},{"not_picked":["theextravagant:Twitch","theextravagant:Shove"],"picked":"theextravagant:Defy","floor":3.0},{"not_picked":["theextravagant:Pushthrough","theextravagant:Flashback"],"picked":"theextravagant:SpontaneousStrike","floor":4.0},{"not_picked":["theextravagant:Courage+1","theextravagant:Foil"],"picked":"theextravagant:Glamour","floor":8.0},{"not_picked":["theextravagant:ShootingStar","theextravagant:Clairvoyance"],"picked":"theextravagant:Outrun","floor":11.0},{"not_picked":["theextravagant:Shake+1","theextravagant:Pushthrough"],"picked":"theextravagant:HeavyBlows+1","floor":12.0},{"not_picked":["theextravagant:Defy","theextravagant:Drift+1"],"picked":"theextravagant:Tension+1","floor":13.0},{"not_picked":["theextravagant:Cutthroat+1","theextravagant:HeavyBlows+1"],"picked":"theextravagant:Clairvoyance","floor":14.0},{"not_picked":["theextravagant:TwilightTone","theextravagant:Redemption+1"],"picked":"theextravagant:Stella+1","floor":16},{"not_picked":["theextravagant:PuffUp","theextravagant:Firework+1"],"picked":"theextravagant:CutTheDeck+1","floor":18},{"not_picked":["theextravagant:Shove+1","theextravagant:Comeback"],"picked":"theextravagant:SharpTalons+1","floor":24},{"not_picked":["theextravagant:Flashback","theextravagant:Dazzle"],"picked":"theextravagant:StepBack+1","floor":25},{"not_picked":["theextravagant:Twitch","theextravagant:Shove+1"],"picked":"theextravagant:Firework+1","floor":27},{"not_picked":["theextravagant:HeavyBlows+1","theextravagant:Foil"],"picked":"theextravagant:WhiffOfMagic","floor":30}],"player_experience":556467,"relics_obtained":[{"floor":7.0,"key":"Molten Egg 2"},{"floor":8.0,"key":"Toy Ornithopter"},{"floor":9.0,"key":"Whetstone"},{"floor":13.0,"key":"Du-Vu Doll"},{"floor":26,"key":"CeramicFish"},{"floor":30,"key":"InkBottle"}],"event_choices":[{"damage_healed":0.0,"max_hp_gain":0.0,"max_hp_loss":6.0,"gold_gain":0.0,"event_name":"Golden Idol","player_choice":"Lose Max HP","floor":5.0,"gold_loss":0.0,"damage_taken":0.0,"relics_obtained":["Golden Idol"]},{"damage_healed":0,"gold_gain":0,"player_choice":"Read","damage_taken":0,"max_hp_gain":0,"max_hp_loss":0,"event_name":"The Library","floor":20,"gold_loss":0,"cards_obtained":["theextravagant:GustOfWind"]},{"damage_healed":0,"gold_gain":100,"player_choice":"Pray","damage_taken":0,"max_hp_gain":0,"max_hp_loss":0,"event_name":"Golden Shrine","floor":22,"gold_loss":0}],"is_beta":false,"boss_relics":[{"not_picked":["theextravagant:TranscendedFeather","Tiny House"],"picked":"SlaversCollar"}],"items_purged_floors":[28],"is_endless":false,"potions_floor_spawned":[1,2,4,12,16,25,27],"killed_by":"Champ","ascension_level":1}}