{"host":"cyei475933pvpemq","time":1607519409,"event":{"gold_per_floor":[119,119,44,44,54,54,82,82,107,107,120,41,51,66,66,164,164,183,28,43,43,55,55,55],"floor_reached":23,"playtime":1207,"items_purged":["Strike_B"],"score":191,"play_id":"777eb491-f12d-472b-ab50-c5584fb30456","local_time":"20201209141009","is_ascension_mode":false,"campfire_choices":[{"data":"Genetic Algorithm","floor":6,"key":"SMITH"},{"floor":10,"key":"RECALL"},{"floor":15,"key":"REST"}],"neow_cost":"NONE","seed_source_timestamp":340468851205500,"circlet_count":0,"master_deck":["Strike_B","Defend_B","Defend_B","Defend_B","Defend_B","Zap+1","Dualcast","BasicCrystalCard","Genetic Algorithm+1","Defragment","Capacitor","Time Bomb","Sweeping Beam","Echo Form","Chaos","FIFO Queue"],"relics":["Cracked Core","aspiration:Nostalgia","TheCursedMod:BlackMagic101","Oddly Smooth Stone","Painkiller Herb","DataDisk","MutagenicStrength"],"potions_floor_usage":[23],"damage_taken":[{"damage":0,"enemies":"Small Slimes","floor":1,"turns":3},{"damage":0,"enemies":"Cultist","floor":5,"turns":5},{"damage":8,"enemies":"Replay:BlueRogue","floor":7,"turns":7},{"damage":2,"enemies":"2 Louse","floor":11,"turns":3},{"damage":17,"enemies":"Gremlin Gang","floor":13,"turns":6},{"damage":4,"enemies":"Looter","floor":14,"turns":4},{"damage":60,"enemies":"Hexaghost","floor":16,"turns":11},{"damage":10,"enemies":"Chosen","floor":18,"turns":7},{"damage":10,"enemies":"Shell Parasite","floor":20,"turns":6},{"damage":12,"enemies":"Centurion and Healer","floor":22,"turns":6},{"damage":43,"enemies":"Gremlin Leader","floor":23,"turns":9}],"seed_played":"3608356483128373258","potions_obtained":[{"floor":7,"key":"CultistPotion"},{"floor":16,"key":"Dexterity Potion"},{"floor":18,"key":"Milkshake"}],"is_trial":false,"path_per_floor":["M","?","$","?","M","R","E","?","T","R","M","$","M","M","R","B",null,"?","T","?","?","?","E"],"character_chosen":"DEFECT","items_purchased":["Capacitor","DataDisk"],"campfire_rested":1,"item_purchase_floors":[12,19],"current_hp_per_floor":[75,75,75,75,75,75,67,67,67,67,65,65,48,44,66,6,75,65,65,55,55,43,0,0],"gold":55,"neow_bonus":"NOSTALGIA","is_prod":false,"is_daily":false,"chose_seed":false,"campfire_upgraded":1,"win_rate":0,"timestamp":1607519409,"path_taken":["M","?","?","?","?","R","E","?","T","R","M","$","M","M","R","BOSS","?","T","?","?","?","E"],"build_version":"2020-11-30","purchased_purges":1,"victory":false,"max_hp_per_floor":[75,75,75,75,75,75,75,75,75,75,75,75,75,75,75,75,75,75,75,75,75,75,75,75],"card_choices":[{"not_picked":["Beam Cell","Steam","Aggregate"],"picked":"SKIP","floor":1},{"not_picked":["BasicCrystalCard","Scrape"],"picked":"Genetic Algorithm","floor":5},{"not_picked":["Streamline","Beam Cell","Sweeping Beam"],"picked":"SKIP","floor":7},{"not_picked":["Hologram","Steam"],"picked":"Defragment","floor":11},{"not_picked":["Gash","Rebound"],"picked":"Time Bomb","floor":13},{"not_picked":["Panic Button","Compile Driver"],"picked":"Sweeping Beam","floor":14},{"not_picked":["Seek","Meteor Strike"],"picked":"Echo Form","floor":16},{"not_picked":["Leap","Rip and Tear","hubris:PowerSurge"],"picked":"SKIP","floor":18},{"not_picked":["Beam Cell","Go for the Eyes"],"picked":"Chaos","floor":20},{"not_picked":["Barrage","Redo"],"picked":"FIFO Queue","floor":22}],"player_experience":296249,"relics_obtained":[{"floor":7,"key":"Oddly Smooth Stone"}],"event_choices":[{"damage_healed":0,"gold_gain":0,"cards_transformed":["Strike_B"],"player_choice":"Transformed","damage_taken":0,"max_hp_gain":0,"max_hp_loss":0,"event_name":"Transmorgrifier","floor":2,"gold_loss":0,"cards_obtained":["BasicCrystalCard"]},{"cards_removed":["Strike_B"],"damage_healed":0,"gold_gain":0,"player_choice":"Purged","damage_taken":0,"max_hp_gain":0,"max_hp_loss":0,"event_name":"Purifier","floor":4,"gold_loss":0},{"damage_healed":0,"gold_gain":0,"player_choice":"Grow","damage_taken":0,"max_hp_gain":0,"max_hp_loss":0,"event_name":"Living Wall","floor":8,"gold_loss":0,"cards_upgraded":["Zap"]},{"damage_healed":0,"gold_gain":0,"player_choice":"Inject Mutagens","damage_taken":0,"relics_obtained":["MutagenicStrength"],"max_hp_gain":0,"max_hp_loss":0,"event_name":"Drug Dealer","floor":21,"gold_loss":0}],"is_beta":false,"boss_relics":[{"not_picked":["Replay:Drink Me","hubris:TerracottaHorce"],"picked":"Painkiller Herb"}],"items_purged_floors":[3],"is_endless":false,"potions_floor_spawned":[7,16,18],"killed_by":"Gremlin Leader","ascension_level":0}}