{"host":"ajasp2lptqeegfi4","time":1607520714,"event":{"gold_per_floor":[110,302,302,302,317,335,353,353,376,301,313,313,341,341,341,341,341],"floor_reached":16,"playtime":1435,"items_purged":[],"score":150,"play_id":"acc49462-f64a-4951-b22e-d12908fdb5ce","local_time":"20201209143154","is_ascension_mode":false,"campfire_choices":[{"data":"MadScienceMod:AutoStrike","floor":8,"key":"SMITH"},{"data":"MadScienceMod:ExtractOil","floor":12,"key":"SMITH"},{"floor":15,"key":"REST"}],"neow_cost":"NONE","seed_source_timestamp":29260026037800,"circlet_count":0,"master_deck":["conspire:GhostlyStrike","conspire:GhostlyStrike","conspire:GhostlyStrike","conspire:GhostlyStrike","conspire:GhostlyDefend","conspire:GhostlyDefend","conspire:GhostlyDefend","conspire:GhostlyDefend","MadScienceMod:PoweredStrike+1","MadScienceMod:HideBehindJunk","MadScienceMod:BoxOfScraps","MadScienceMod:BandageBot","MadScienceMod:FragmentationGrenade","MadScienceMod:Redesign","MadScienceMod:AutoStrike+1","MadScienceMod:Bayonet+1","MadScienceMod:ExtractOil+1","MadScienceMod:FragmentationGrenade"],"relics":["MadScienceMod:FuelTank","ReplayTheSpireMod:Ninjato","hubris:OldNail","Anchor","jedi:heavyjacket"],"potions_floor_usage":[16,16,16],"damage_taken":[{"damage":1,"enemies":"Jaw Worm","floor":1,"turns":4},{"damage":1,"enemies":"2 Louse","floor":5,"turns":3},{"damage":6,"enemies":"Small Slimes","floor":6,"turns":5},{"damage":16,"enemies":"Looter","floor":7,"turns":4},{"damage":1,"enemies":"Blue Slaver","floor":11,"turns":2},{"damage":22,"enemies":"Lagavulin","floor":13,"turns":6},{"damage":60,"enemies":"The Guardian","floor":16,"turns":9}],"seed_played":"-8171657713041657523","potions_obtained":[{"floor":5,"key":"Toxic Potion"},{"floor":11,"key":"Weak Potion"},{"floor":13,"key":"hexamod:EctoCoolerPotion"}],"is_trial":false,"path_per_floor":["M","?","?","T","M","M","M","R","T","?","M","R","E","T","R","B"],"character_chosen":"MAD_SCIENTIST","items_purchased":[],"campfire_rested":1,"item_purchase_floors":[],"current_hp_per_floor":[74,56,56,56,58,58,42,42,42,42,41,41,19,19,41,0,0],"gold":341,"neow_bonus":"RANDOM_EVENT","is_prod":false,"is_daily":false,"chose_seed":false,"campfire_upgraded":2,"win_rate":0.0,"timestamp":1607520714,"path_taken":["M","?","?","?","?","M","M","R","T","?","M","R","E","?","R","BOSS"],"build_version":"2020-11-30","purchased_purges":0,"victory":false,"max_hp_per_floor":[75,75,75,75,75,75,75,75,75,75,75,75,75,75,75,75,75],"card_choices":[{"not_picked":["MadScienceMod:FlammableWall","MadScienceMod:Retarget"],"picked":"MadScienceMod:BoxOfScraps","floor":1},{"not_picked":["MadScienceMod:EnergyBarrier","MadScienceMod:SelfDestruct"],"picked":"MadScienceMod:BandageBot","floor":2},{"not_picked":["MadScienceMod:AntimatterBomb","MadScienceMod:Probe"],"picked":"MadScienceMod:FragmentationGrenade","floor":5},{"not_picked":["MadScienceMod:ParticleBeam","MadScienceMod:Detonate"],"picked":"MadScienceMod:Redesign","floor":6},{"not_picked":["MadScienceMod:PowerArmor","MadScienceMod:Automate"],"picked":"MadScienceMod:AutoStrike","floor":7},{"not_picked":["MadScienceMod:MindControlBeam+1","MadScienceMod:RecyclingStation+1"],"picked":"MadScienceMod:Bayonet+1","floor":10},{"not_picked":["MadScienceMod:Sprocket","MadScienceMod:Tune"],"picked":"MadScienceMod:ExtractOil","floor":11},{"not_picked":["MadScienceMod:ParticleBeam","MadScienceMod:Refine"],"picked":"MadScienceMod:FragmentationGrenade","floor":13}],"player_experience":1090708,"relics_obtained":[{"floor":4,"key":"ReplayTheSpireMod:Ninjato"},{"floor":9,"key":"hubris:OldNail"},{"floor":13,"key":"Anchor"},{"floor":14,"key":"jedi:heavyjacket"}],"event_choices":[{"damage_healed":0,"gold_gain":0,"player_choice":"Agree","damage_taken":0,"max_hp_gain":0,"max_hp_loss":0,"event_name":"conspire:LoneGhost","floor":3,"gold_loss":0},{"damage_healed":0,"gold_gain":0,"player_choice":"2","damage_taken":0,"max_hp_gain":0,"max_hp_loss":0,"event_name":"betterMatch:BetterMatch","floor":10,"gold_loss":0,"cards_obtained":["betterMatch:UncommonCard"]}],"is_beta":false,"boss_relics":[],"items_purged_floors":[],"is_endless":false,"potions_floor_spawned":[5,11,13],"killed_by":"The Guardian","ascension_level":0}}