{"host":"pgqkv8mh62pnrbci","time":1607515649,"event":{"gold_per_floor":[117,128,147,160,160,160,174,190,190,190,209,228,228,245,245,319,319,330,330,344,361,22,22,22,22],"floor_reached":24,"playtime":946,"items_purged":["Strike_G"],"score":427,"play_id":"7f8e5fc8-bb43-4d0f-b781-c4987eb4ff8b","local_time":"20201209210729","is_ascension_mode":true,"campfire_choices":[{"data":"Glass Knife","floor":6.0,"key":"SMITH"},{"data":"Neutralize","floor":10.0,"key":"SMITH"},{"data":"Reflex","floor":13.0,"key":"SMITH"},{"data":"Strike_G","floor":15.0,"key":"PURGE"},{"floor":23,"key":"REST"}],"neow_cost":"NONE","seed_source_timestamp":522880810577700,"circlet_count":0,"master_deck":["AscendersBane","Strike_G","Strike_G","Defend_G","Defend_G","Defend_G","Defend_G","Defend_G","Survivor","Neutralize+1","Glass Knife+1","Blur","REME_ShadowStrike","All Out Attack","Infinite Blades","Toxin Wave","Fluid Movement","Reflex+1","Acrobatics","Replay:Bag of Tricks","Backflip","RitualDagger","Well Laid Plans+1","PiercingWail"],"special_seed":0,"relics":["Ring of the Snake","REME_ComplimentaryCards","NeowsBlessing","Sundial","Philosopher\u0027s Stone","Gremlin Horn"],"potions_floor_usage":[21],"damage_taken":[{"damage":0.0,"enemies":"2 Louse","floor":1.0,"turns":1.0},{"damage":0.0,"enemies":"Small Slimes","floor":2.0,"turns":1.0},{"damage":0.0,"enemies":"Cultist","floor":3.0,"turns":1.0},{"damage":3.0,"enemies":"Red Slaver","floor":4.0,"turns":4.0},{"damage":0.0,"enemies":"Looter","floor":7.0,"turns":2.0},{"damage":9.0,"enemies":"Blue Slaver","floor":8.0,"turns":3.0},{"damage":0.0,"enemies":"Exordium Wildlife","floor":11.0,"turns":3.0},{"damage":0.0,"enemies":"3 Louse","floor":12.0,"turns":2.0},{"damage":0.0,"enemies":"Lots of Slimes","floor":14.0,"turns":3.0},{"damage":23.0,"enemies":"Hexaghost","floor":16.0,"turns":11.0},{"damage":24.0,"enemies":"Shell Parasite","floor":18.0,"turns":5.0},{"damage":19.0,"enemies":"Spheric Guardian","floor":20.0,"turns":4.0},{"damage":0,"enemies":"Cultist and Chosen","floor":21,"turns":7},{"damage":29,"enemies":"Sentry and Sphere","floor":24,"turns":5}],"seed_played":"-3905178864598603146","potions_obtained":[{"floor":4.0,"key":"LiquidMemories"},{"floor":8.0,"key":"AttackPotion"},{"floor":14.0,"key":"Doom Potion"},{"floor":16.0,"key":"Energy Potion"},{"floor":18.0,"key":"SpeedPotion"}],"is_trial":false,"path_per_floor":["M","M","M","M","?","R","M","M","T","R","M","M","R","M","R","B",null,"M","?","M","M","$","R","M"],"character_chosen":"THE_SILENT","items_purchased":["Gremlin Horn"],"campfire_rested":1,"item_purchase_floors":[22],"current_hp_per_floor":[59,59,59,56,56,56,56,47,47,47,47,47,47,47,47,24,56,32,26,7,7,7,26,0,0],"gold":22,"neow_bonus":"THREE_ENEMY_KILL","is_prod":false,"is_daily":false,"chose_seed":false,"campfire_upgraded":3,"win_rate":0,"timestamp":1607515649,"path_taken":["M","M","M","M","?","R","M","M","T","R","M","M","R","M","R","BOSS","M","?","M","M","$","R","M"],"build_version":"2020-11-30","purchased_purges":1,"victory":false,"max_hp_per_floor":[66,66,66,66,66,66,66,66,66,66,66,66,66,66,66,66,66,66,66,66,66,66,66,66,66],"card_choices":[{"not_picked":["Bane","Dodge and Roll"],"picked":"Blur","floor":1.0},{"not_picked":["Sucker Punch","Eviscerate"],"picked":"REME_ShadowStrike","floor":2.0},{"not_picked":["Bane","Quick Slash"],"picked":"All Out Attack","floor":3.0},{"not_picked":["Deflect","Dodge and Roll","Dagger Throw"],"picked":"SKIP","floor":4.0},{"not_picked":["Underhanded Strike","Fluid Movement"],"picked":"Toxin Wave","floor":7.0},{"not_picked":["Poisoned Stab","Quick Slash"],"picked":"Fluid Movement","floor":8.0},{"not_picked":["Underhanded Strike","Predator"],"picked":"Reflex","floor":11.0},{"not_picked":["Dash","Underhanded Strike"],"picked":"Acrobatics","floor":12.0},{"not_picked":["Concentrate","Crippling Poison","Dodge and Roll"],"picked":"SKIP","floor":14.0},{"not_picked":["Corpse Explosion","A Thousand Cuts"],"picked":"Replay:Bag of Tricks","floor":16.0},{"not_picked":["Prepared","Acrobatics"],"picked":"Backflip","floor":18.0},{"not_picked":["Poisoned Stab","Noxious Fumes"],"picked":"Well Laid Plans+1","floor":20.0},{"not_picked":["Flying Knee","Bouncing Flask"],"picked":"PiercingWail","floor":21}],"player_experience":526703,"relics_obtained":[{"floor":9.0,"key":"Sundial"}],"event_choices":[{"damage_healed":0.0,"max_hp_gain":0.0,"max_hp_loss":0.0,"gold_gain":0.0,"cards_transformed":["Strike_G"],"event_name":"Living Wall","player_choice":"Change","floor":5.0,"gold_loss":0.0,"damage_taken":0.0,"cards_obtained":["Infinite Blades"]},{"damage_healed":0.0,"max_hp_gain":0.0,"max_hp_loss":0.0,"gold_gain":0.0,"event_name":"Nest","player_choice":"Joined the Cult","floor":19.0,"gold_loss":0.0,"damage_taken":6.0,"cards_obtained":["RitualDagger"]}],"is_beta":false,"boss_relics":[{"not_picked":["Replay:Drink Me","Replay:Ancient Bell"],"picked":"Philosopher\u0027s Stone"}],"items_purged_floors":[22],"is_endless":false,"potions_floor_spawned":[4,8,12,14,16,18],"killed_by":"Sentry and Sphere","ascension_level":19}}