{"host":"svwqvw2il1zfkkg0","time":1607474293,"event":{"gold_per_floor":[112,131,146,166,178,178,208,266,293,304,319,319,336,352,352,453,453,433,452,71,71,71],"floor_reached":21,"playtime":922,"items_purged":[],"score":212,"play_id":"7a27bafa-d72c-4922-b8a3-b45597bf1b66","local_time":"20201208163813","is_ascension_mode":false,"campfire_choices":[{"data":"Poisoned Stab","floor":6,"key":"SMITH"},{"floor":12,"key":"REST"},{"floor":15,"key":"REST"}],"neow_cost":"BASIC_CARDS","seed_source_timestamp":386882413146700,"circlet_count":0,"master_deck":["Strike_G","Strike_G","Strike_G","Strike_G","Strike_G","Defend_G","Defend_G","Defend_G","Defend_G","Defend_G","Survivor","Neutralize","Defend_P","hubris:Defend_Merchant","Predator","Hidden Blade","Sucker Punch","Dagger Spray","Poisoned Stab+1","Adrenaline","Pot Of Greed","Pot Of Greed","Quick Slash","Catalyst","Adrenaline","Bane","Pot Of Greed","Blade Dance"],"relics":["Ring of the Snake","infinitespire:FocusingShard","Grinning Jar","Black Star","Gambling Chip"],"potions_floor_usage":[7,16,16,16,20],"damage_taken":[{"damage":9,"enemies":"Jaw Worm","floor":1,"turns":4},{"damage":0,"enemies":"Small Slimes","floor":2,"turns":4},{"damage":2,"enemies":"2 Louse","floor":3,"turns":2},{"damage":11,"enemies":"2 Fungi Beasts","floor":4,"turns":5},{"damage":3,"enemies":"Blue Slaver","floor":5,"turns":4},{"damage":34,"enemies":"Lagavulin","floor":7,"turns":6},{"damage":4,"enemies":"3 Louse","floor":10,"turns":3},{"damage":1,"enemies":"Lots of Slimes","floor":11,"turns":3},{"damage":5,"enemies":"Blue Slaver","floor":13,"turns":3},{"damage":5,"enemies":"Large Slime","floor":14,"turns":6},{"damage":5,"enemies":"Slime Boss","floor":16,"turns":8},{"damage":21,"enemies":"2 Thieves","floor":18,"turns":4},{"damage":30,"enemies":"Spheric Guardian","floor":19,"turns":5},{"damage":39,"enemies":"3 Cultists","floor":21,"turns":4}],"seed_played":"475067847919213204","potions_obtained":[{"floor":1,"key":"sneckomod:MuddlingPotion"},{"floor":3,"key":"Strength Potion"},{"floor":10,"key":"AttackPotion"},{"floor":11,"key":"Slimebound:ThreeZeroPotion"}],"is_trial":false,"path_per_floor":["M","M","M","M","M","R","E","?","T","M","M","R","M","M","R","B",null,"M","M","$","M"],"character_chosen":"THE_SILENT","items_purchased":["Fruit Juice","Gambling Chip"],"campfire_rested":2,"item_purchase_floors":[20,20],"current_hp_per_floor":[75,75,73,62,59,59,25,25,25,21,20,45,40,35,60,55,84,63,33,38,0,0],"gold":71,"neow_bonus":"TWENTY_PERCENT_HP_BONUS","is_prod":false,"is_daily":false,"chose_seed":false,"campfire_upgraded":1,"win_rate":0,"timestamp":1607474293,"path_taken":["M","M","M","M","M","R","E","?","T","M","M","R","M","M","R","BOSS","M","M","$","M"],"build_version":"2020-11-30","purchased_purges":0,"victory":false,"max_hp_per_floor":[84,84,84,84,84,84,84,84,84,84,84,84,84,84,84,84,84,84,84,89,89,89],"card_choices":[{"not_picked":["ReplayTheSpireMod:Shiv Toss","hubris:SlightOfHand"],"picked":"Predator","floor":1},{"not_picked":["Backflip","hubris:Sniper"],"picked":"Hidden Blade","floor":2},{"not_picked":["Sneak Up","hubris:SlightOfHand"],"picked":"Sucker Punch","floor":3},{"not_picked":["Outmaneuver","Reflex"],"picked":"Dagger Spray","floor":4},{"not_picked":["Dodge and Roll","Bane"],"picked":"Poisoned Stab","floor":5},{"not_picked":["Footwork","Masterful Stab"],"picked":"Adrenaline","floor":7},{"not_picked":["Outmaneuver","Distraction","ReplayTheSpireMod:Exploit Weakness"],"picked":"SKIP","floor":10},{"not_picked":["Fluid Movement","Acrobatics"],"picked":"Quick Slash","floor":11},{"not_picked":["hubris:Counter","Backflip","Distraction"],"picked":"SKIP","floor":13},{"not_picked":["Dodge and Roll","Dagger Throw"],"picked":"Catalyst","floor":14},{"not_picked":["Tools of the Trade","Unload"],"picked":"Adrenaline","floor":16},{"not_picked":["Outmaneuver+1","Dodge and Roll"],"picked":"Bane","floor":18},{"not_picked":["Acrobatics+1","Dodge and Roll"],"picked":"Blade Dance","floor":19}],"player_experience":346347,"relics_obtained":[{"floor":7,"key":"infinitespire:FocusingShard"},{"floor":9,"key":"Grinning Jar"}],"event_choices":[{"damage_healed":0,"gold_gain":58,"player_choice":"Gained Gold","damage_taken":0,"max_hp_gain":0,"max_hp_loss":0,"event_name":"Golden Wing","floor":8,"gold_loss":0}],"is_beta":false,"boss_relics":[{"not_picked":["Replay:Bronze Core","Empty Cage"],"picked":"Black Star"}],"items_purged_floors":[],"is_endless":false,"potions_floor_spawned":[1,3,10,11,14],"killed_by":"3 Cultists","ascension_level":0}}