{"host":"aeidq2c3auzxo1yh","time":1607538391,"event":{"gold_per_floor":[112,124,139,64,80,106,106,122,175,175,206,206,206,226,226,303,303,321,2,35,35,35,35,35,35],"floor_reached":24,"playtime":1313,"items_purged":["Perfected Strike+1"],"score":412,"play_id":"7dcc9590-c82b-4f37-b1db-654c83db6821","local_time":"20201209232631","is_ascension_mode":true,"campfire_choices":[{"data":"Uppercut","floor":7,"key":"SMITH"},{"data":"Twin Strike","floor":10,"key":"SMITH"},{"data":"Perfected Strike","floor":13,"key":"SMITH"},{"floor":15,"key":"REST"},{"data":"RitualDagger","floor":23,"key":"SMITH"}],"neow_cost":"NONE","seed_source_timestamp":3051721440867200,"circlet_count":0,"master_deck":["AscendersBane","Strike_R","Strike_R","Strike_R","Defend_R","Defend_R","Defend_R","Defend_R","Bash","Twin Strike+1","Uppercut+1","Pommel Strike","Flame Barrier+1","Anger","Dropkick","Demon Form","Heavy Blade","Flame Barrier+1","Shrug It Off","Sword Boomerang","RitualDagger+1"],"relics":["Burning Blood","Pen Nib","Lantern","Question Card","Philosopher\u0027s Stone","DollysMirror","Red Mask"],"potions_floor_usage":[6,16,20,21,24],"damage_taken":[{"damage":1,"enemies":"Cultist","floor":1,"turns":3},{"damage":14,"enemies":"Jaw Worm","floor":2,"turns":4},{"damage":11,"enemies":"Small Slimes","floor":3,"turns":3},{"damage":6,"enemies":"2 Fungi Beasts","floor":5,"turns":3},{"damage":13,"enemies":"3 Sentries","floor":6,"turns":10},{"damage":22,"enemies":"Large Slime","floor":8,"turns":5},{"damage":22,"enemies":"Gremlin Nob","floor":11,"turns":4},{"damage":1,"enemies":"Exordium Thugs","floor":14,"turns":3},{"damage":17,"enemies":"The Guardian","floor":16,"turns":7},{"damage":21,"enemies":"Shell Parasite","floor":18,"turns":5},{"damage":44,"enemies":"Masked Bandits","floor":20,"turns":4},{"damage":0,"enemies":"3 Byrds","floor":21,"turns":1},{"damage":16,"enemies":"Snecko","floor":24,"turns":4}],"seed_played":"-9011397951150056979","potions_obtained":[{"floor":1,"key":"SpeedPotion"},{"floor":3,"key":"Weak Potion"},{"floor":5,"key":"HeartOfIron"},{"floor":16,"key":"SmokeBomb"},{"floor":20,"key":"Weak Potion"}],"is_trial":false,"path_per_floor":["M","M","M","?","M","E","R","M","T","R","E","?","R","M","R","B",null,"M","$","?","M","?","R","M"],"character_chosen":"IRONCLAD","items_purchased":["DollysMirror","Shrug It Off","Explosive Potion"],"campfire_rested":1,"item_purchase_floors":[19,19,19],"current_hp_per_floor":[73,65,60,60,60,53,53,37,37,37,21,21,21,26,48,37,66,51,51,13,19,13,13,0,0],"gold":35,"neow_bonus":"REMOVE_CARD","is_prod":false,"is_daily":false,"chose_seed":false,"campfire_upgraded":4,"win_rate":0,"timestamp":1607538391,"path_taken":["M","M","?","?","M","E","R","M","T","R","E","?","R","M","R","BOSS","M","$","?","M","?","R","M"],"build_version":"2020-11-30","purchased_purges":1,"victory":false,"max_hp_per_floor":[75,75,75,75,75,75,75,75,75,75,75,75,75,75,75,75,75,75,75,75,75,75,75,75,75],"relic_stats":{"counters":[13,56],"Pen Nib":[6],"Question Card":4,"obtain_stats":[{"Lantern":9,"DollysMirror":19,"Philosopher\u0027s Stone":17,"Pen Nib":6,"Red Mask":20,"Question Card":11,"Burning Blood":0},{"Lantern":6,"DollysMirror":10,"Philosopher\u0027s Stone":9,"Pen Nib":5,"Red Mask":11,"Question Card":7,"Burning Blood":0},{"Lantern":28,"DollysMirror":47,"Philosopher\u0027s Stone":42,"Pen Nib":23,"Red Mask":51,"Question Card":32,"Burning Blood":0}],"Burning Blood":72},"card_choices":[{"not_picked":["Dropkick","Havoc"],"picked":"Twin Strike","floor":1},{"not_picked":["Armaments","Flex"],"picked":"Uppercut","floor":2},{"not_picked":["Sword Boomerang","Havoc"],"picked":"Pommel Strike","floor":3},{"not_picked":["Warcry","Juggernaut"],"picked":"Flame Barrier","floor":5},{"not_picked":["Twin Strike","Wild Strike"],"picked":"Anger","floor":6},{"not_picked":["Body Slam","Feel No Pain","Cleave"],"picked":"SKIP","floor":8},{"not_picked":["Limit Break","Heavy Blade"],"picked":"Perfected Strike","floor":11},{"not_picked":["Carnage","Infernal Blade","Feel No Pain"],"picked":"Dropkick","floor":14},{"not_picked":["Fiend Fire","Impervious","Exhume"],"picked":"Demon Form","floor":16},{"not_picked":["Shrug It Off","Cleave","Clash+1"],"picked":"Heavy Blade","floor":18},{"not_picked":["Flex","Dark Embrace","Headbutt+1"],"picked":"Sword Boomerang","floor":20}],"player_experience":813648,"relics_obtained":[{"floor":6,"key":"Pen Nib"},{"floor":9,"key":"Lantern"},{"floor":11,"key":"Question Card"},{"floor":20,"key":"Red Mask"}],"event_choices":[{"cards_removed":["Strike_R"],"damage_healed":0,"gold_gain":0,"player_choice":"Card Removal","damage_taken":0,"max_hp_gain":0,"max_hp_loss":0,"event_name":"The Cleric","floor":4,"gold_loss":75},{"damage_healed":0,"gold_gain":0,"player_choice":"Grow","damage_taken":0,"max_hp_gain":0,"max_hp_loss":0,"event_name":"Living Wall","floor":12,"gold_loss":0,"cards_upgraded":["Flame Barrier"]},{"damage_healed":0,"gold_gain":0,"player_choice":"Fought Bandits","damage_taken":0,"max_hp_gain":0,"max_hp_loss":0,"event_name":"Masked Bandits","floor":20,"gold_loss":0},{"damage_healed":0,"gold_gain":0,"player_choice":"Joined the Cult","damage_taken":6,"max_hp_gain":0,"max_hp_loss":0,"event_name":"Nest","floor":22,"gold_loss":0,"cards_obtained":["RitualDagger"]}],"is_beta":false,"boss_relics":[{"not_picked":["SacredBark","Empty Cage"],"picked":"Philosopher\u0027s Stone"}],"items_purged_floors":[19],"is_endless":false,"potions_floor_spawned":[1,3,5,16,20,21],"killed_by":"Snecko","ascension_level":20}}