{"host":"xl12sa608q11y2r0","time":1607498024,"event":{"gold_per_floor":[119,131,131,131,152,152,177,221,221,221,239,277,277,302,302,432,432,446,490,505,505,92,92,125,125,203,237,29,29,71,80,80,80,80],"floor_reached":33,"playtime":1670,"items_purged":["Defend_G","Doubt"],"score":523,"play_id":"5a3e15dd-7b77-4375-912c-7c08ddd95f4c","local_time":"20201209161344","is_ascension_mode":true,"campfire_choices":[{"data":"Dagger Spray","floor":6,"key":"SMITH"},{"floor":10,"key":"REST"},{"floor":15,"key":"REST"},{"data":"Hyperbeam","floor":23,"key":"SMITH"},{"data":"Dash","floor":25,"key":"SMITH"},{"data":"Noxious Fumes","floor":32,"key":"SMITH"}],"neow_cost":"NONE","seed_source_timestamp":79355515860300,"circlet_count":0,"master_deck":["AscendersBane","Strike_G","Strike_G","Strike_G","Strike_G","Strike_G","Defend_G","Defend_G","Defend_G","Defend_G","Survivor","Neutralize+1","Dagger Spray+1","Endless Agony","Cloak And Dagger","Cloak And Dagger","Dash+1","Footwork","Hyperbeam+1","After Image","Cloak And Dagger+1","All Out Attack","Noxious Fumes+1","Catalyst","Bullet Time","Writhe"],"relics":["Ring of the Snake","Bloody Idol","Mercury Hourglass","The Courier","Singing Bowl","Juzu Bracelet","Philosopher\u0027s Stone","Red Mask","betterAltar:BloodRelic","ClockworkSouvenir","Snake Skull","StoneCalendar","Pear","Oddly Smooth Stone","CeramicFish","Bronze Scales","InkBottle","Potion Belt"],"potions_floor_usage":[12,12,16,19,24,27,30],"damage_taken":[{"damage":5,"enemies":"2 Louse","floor":1,"turns":3},{"damage":2,"enemies":"Jaw Worm","floor":2,"turns":5},{"damage":0,"enemies":"Small Slimes","floor":5,"turns":3},{"damage":7,"enemies":"Exordium Wildlife","floor":7,"turns":4},{"damage":20,"enemies":"Gremlin Nob","floor":8,"turns":5},{"damage":0,"enemies":"3 Louse","floor":11,"turns":2},{"damage":10,"enemies":"Lagavulin","floor":12,"turns":8},{"damage":1,"enemies":"Blue Slaver","floor":14,"turns":3},{"damage":24,"enemies":"The Guardian","floor":16,"turns":12},{"damage":6,"enemies":"Shell Parasite","floor":18,"turns":7},{"damage":0,"enemies":"Masked Bandits","floor":19,"turns":2},{"damage":2,"enemies":"2 Thieves","floor":20,"turns":3},{"damage":24,"enemies":"Gremlin Leader","floor":24,"turns":5},{"damage":8,"enemies":"Slavers","floor":27,"turns":6},{"damage":23,"enemies":"Book of Stabbing","floor":30,"turns":5},{"damage":73,"enemies":"Collector","floor":33,"turns":6}],"seed_played":"606929786285634930","potions_obtained":[{"floor":2,"key":"BlessingOfTheForge"},{"floor":11,"key":"GamblersBrew"},{"floor":12,"key":"CultistPotion"},{"floor":14,"key":"Strength Potion"},{"floor":16,"key":"Poison Potion"},{"floor":19,"key":"Regen Potion"},{"floor":24,"key":"Fire Potion"},{"floor":27,"key":"CunningPotion"}],"is_trial":false,"path_per_floor":["M","M","?","?","M","R","M","E","T","R","M","E","?","M","R","B",null,"M","?","M","?","$","R","E","R","T","E","$","?","E","?","R","B"],"character_chosen":"THE_SILENT","items_purchased":["Blood Vial","ClockworkSouvenir","Snake Skull","Catalyst","CeramicFish","Bronze Scales"],"campfire_rested":2,"item_purchase_floors":[22,22,22,28,28,28],"current_hp_per_floor":[58,56,56,39,39,39,32,12,12,33,33,23,3,4,25,1,54,48,50,50,75,75,75,52,52,62,71,71,66,57,62,62,0,0],"gold":80,"neow_bonus":"UPGRADE_CARD","is_prod":false,"is_daily":false,"chose_seed":false,"campfire_upgraded":4,"win_rate":0,"timestamp":1607498024,"path_taken":["M","M","?","?","M","R","M","E","T","R","M","E","?","M","R","BOSS","M","?","M","?","?","R","E","R","T","E","$","?","E","?","R","BOSS"],"build_version":"2020-11-30","purchased_purges":2,"victory":false,"max_hp_per_floor":[70,70,70,70,70,70,70,70,70,70,70,70,70,72,72,72,72,72,74,76,76,76,76,76,76,86,86,86,86,86,86,86,86,86],"card_choices":[{"not_picked":["Acrobatics","Deflect"],"picked":"Dagger Spray","floor":1},{"not_picked":["Distraction","Infinite Blades"],"picked":"Endless Agony","floor":2},{"not_picked":["Terror","Acrobatics","Infinite Blades"],"picked":"SKIP","floor":5},{"not_picked":["Flying Knee","Poisoned Stab"],"picked":"Cloak And Dagger","floor":7},{"not_picked":["Catalyst","Storm of Steel"],"picked":"Cloak And Dagger","floor":8},{"not_picked":["Endless Agony","Predator"],"picked":"Dash","floor":11},{"not_picked":["Underhanded Strike","Skewer"],"picked":"Footwork","floor":12},{"not_picked":["Calculated Gamble","Flying Knee","Heel Hook"],"picked":"Singing Bowl","floor":14},{"not_picked":["Burst","A Thousand Cuts"],"picked":"After Image","floor":16},{"not_picked":["Deflect","Predator"],"picked":"Cloak And Dagger+1","floor":18},{"not_picked":["Distraction","Deadly Poison","PiercingWail"],"picked":"Singing Bowl","floor":19},{"not_picked":["Prepared","Underhanded Strike","Dash"],"picked":"Singing Bowl","floor":20},{"not_picked":["Outmaneuver","Backflip"],"picked":"All Out Attack","floor":24},{"not_picked":["Blur+1","PiercingWail"],"picked":"Noxious Fumes","floor":27},{"not_picked":["Flying Knee","Acrobatics"],"picked":"Bullet Time","floor":30}],"player_experience":450750,"relics_obtained":[{"floor":8,"key":"Mercury Hourglass"},{"floor":9,"key":"The Courier"},{"floor":12,"key":"Singing Bowl"},{"floor":19,"key":"Red Mask"},{"floor":24,"key":"StoneCalendar"},{"floor":26,"key":"Pear"},{"floor":27,"key":"Oddly Smooth Stone"},{"floor":30,"key":"InkBottle"}],"event_choices":[{"damage_healed":0,"gold_gain":0,"player_choice":"Ignored","damage_taken":131,"max_hp_gain":0,"max_hp_loss":0,"event_name":"betterThird:BetterSerpent","floor":3,"gold_loss":0},{"damage_healed":0,"gold_gain":0,"player_choice":"Take Damage","damage_taken":17,"relics_obtained":["Golden Idol"],"max_hp_gain":0,"max_hp_loss":0,"event_name":"Golden Idol","floor":4,"gold_loss":0},{"damage_healed":0,"gold_gain":1,"player_choice":"Card Relic ","damage_taken":20,"max_hp_gain":0,"max_hp_loss":0,"event_name":"betterThird:BetterScrap","floor":13,"gold_loss":0,"cards_obtained":["Hyperbeam","Wish"]},{"damage_healed":0,"gold_gain":0,"player_choice":"Fought Bandits","damage_taken":0,"max_hp_gain":0,"max_hp_loss":0,"event_name":"Masked Bandits","floor":19,"gold_loss":0},{"damage_healed":25,"gold_gain":0,"player_choice":"Heal","damage_taken":0,"max_hp_gain":0,"max_hp_loss":0,"event_name":"The Library","floor":21,"gold_loss":0},{"damage_healed":0,"gold_gain":0,"player_choice":" RottenVial GoldIdol ","damage_taken":5,"relics_obtained":["betterAltar:BloodRelic","Bloody Idol"],"max_hp_gain":71,"max_hp_loss":66,"event_name":"betterAltar:BetterAltar","floor":29,"potions_obtained":[],"relics_lost":["Blood Vial","Golden Idol"],"gold_loss":0},{"damage_healed":0,"gold_gain":0,"player_choice":"Opened","damage_taken":0,"relics_obtained":["Potion Belt"],"max_hp_gain":0,"max_hp_loss":0,"event_name":"The Mausoleum","floor":31,"gold_loss":0,"cards_obtained":["Writhe"]}],"is_beta":false,"boss_relics":[{"not_picked":["SacredBark","Velvet Choker"],"picked":"Philosopher\u0027s Stone"}],"items_purged_floors":[22,28],"is_endless":false,"potions_floor_spawned":[2,11,12,14,16,19,24,27],"killed_by":"Collector","ascension_level":12}}