{"host":"z9x5nldzhmx4jdfi","time":1607490809,"event":{"gold_per_floor":[113,113,145,157,180,206,206,234,234,249,249,249],"floor_reached":11,"playtime":739,"items_purged":["animator:Strike"],"score":170,"play_id":"8449bcaf-0106-4bb4-ad60-473bde963413","local_time":"20201208231329","is_ascension_mode":true,"campfire_choices":[{"floor":7,"key":"REST"}],"neow_cost":"","seed_source_timestamp":1064681206876500,"circlet_count":0,"master_deck":["AscendersBane","animator:Strike_Fate","animator:Defend_Fate","animator:Strike","animator:Strike","animator:Defend","animator:Defend","animator:Defend+1","animator:Alexander","animator:Rider+1","animator:Assassin","animator:Alexander","animator:EmiyaShirou+1","animator:Archer","animator:Rider","animator:Lancer","animator:RinTohsaka","animator:SakuraMatou","animator:Illya"],"relics":["animator:LivingPicture","animator:TheMissingPiece","Girya","Toy Ornithopter","War Paint"],"potions_floor_usage":[6,6,8],"damage_taken":[{"damage":0,"enemies":"Small Slimes","floor":1,"turns":4},{"damage":2,"enemies":"Cultist","floor":3,"turns":4},{"damage":7,"enemies":"Jaw Worm","floor":4,"turns":4},{"damage":0,"enemies":"3 Louse","floor":5,"turns":2},{"damage":28,"enemies":"Lagavulin","floor":6,"turns":7},{"damage":21,"enemies":"3 Sentries","floor":8,"turns":7},{"damage":25,"enemies":"Gremlin Gang","floor":10,"turns":5},{"damage":13,"enemies":"Exordium Thugs","floor":11,"turns":1}],"seed_played":"-6421526307991131165","potions_obtained":[{"floor":3,"key":"BlessingOfTheForge"},{"floor":5,"key":"BlessingOfTheForge"},{"floor":6,"key":"ColorlessPotion"},{"floor":8,"key":"FairyPotion"}],"is_trial":false,"path_per_floor":["M","?","M","M","M","E","R","E","T","M","M"],"character_chosen":"THE_ANIMATOR","items_purchased":["animator:Assassin","animator:Alexander","animator:EmiyaShirou","animator:Archer"],"campfire_rested":1,"item_purchase_floors":[0,0,0,0],"current_hp_per_floor":[45,45,43,37,37,9,27,6,6,8,0,0],"gold":249,"neow_bonus":"","is_prod":false,"is_daily":false,"chose_seed":false,"campfire_upgraded":0,"win_rate":0,"timestamp":1607490809,"path_taken":["M","?","M","?","M","E","R","E","T","?","M"],"build_version":"2020-11-30","purchased_purges":1,"victory":false,"max_hp_per_floor":[60,60,60,61,61,61,61,61,61,62,62,62],"card_choices":[{"not_picked":["animator:Mikaela","animator:Demiurge"],"picked":"animator:Rider","floor":1},{"not_picked":["animator:Geryuganshoop","animator:Viivi"],"picked":"animator:Lancer","floor":3},{"not_picked":["animator:Fredrika","animator:Genos"],"picked":"animator:RinTohsaka","floor":4},{"not_picked":["animator:Assassin","animator:Rider"],"picked":"animator:SakuraMatou","floor":5},{"not_picked":["animator:Shigure","animator:Yuuichirou","animator:Entoma"],"picked":"SKIP","floor":6},{"not_picked":["animator:ChaikaTrabant","animator:Yuuichirou","animator:Tatsumaki"],"picked":"SKIP","floor":8},{"not_picked":["animator:Genos","animator:Tyuule"],"picked":"animator:Illya","floor":10}],"player_experience":1468778,"relics_obtained":[{"floor":6,"key":"Girya"},{"floor":8,"key":"Toy Ornithopter"},{"floor":9,"key":"War Paint"}],"event_choices":[{"damage_healed":0,"gold_gain":0,"player_choice":"Upgraded","damage_taken":0,"max_hp_gain":0,"max_hp_loss":0,"event_name":"Upgrade Shrine","floor":2,"gold_loss":0,"cards_upgraded":["animator:EmiyaShirou"]}],"is_beta":false,"boss_relics":[],"items_purged_floors":[0],"is_endless":false,"potions_floor_spawned":[3,5,6,8],"killed_by":"Exordium Thugs","ascension_level":20}}