{"host":"j6locglyv7e0c0tm","time":1607496751,"event":{"gold_per_floor":[109,189,189,8,8,8,18,18,18,18,18,34,45,73,73,176,176,188,188,188,204,6,6,6,32,104,104,44,44,44,55,55,153,153,166,18,18,18],"floor_reached":37,"playtime":1726,"items_purged":["Strike_G","Strike_G"],"score":581,"play_id":"62850afa-d2c8-4463-8eb7-70f87a5ebd4a","local_time":"20201209175231","is_ascension_mode":false,"campfire_choices":[{"floor":6,"key":"REST"},{"floor":11,"key":"RECALL"},{"floor":15,"key":"REST"},{"floor":23,"key":"REST"},{"floor":30,"key":"REST"},{"floor":32,"key":"REST"}],"neow_cost":"","seed_source_timestamp":0,"circlet_count":0,"master_deck":["Strike_G","Strike_G","Defend_G","Defend_G","Defend_G","Defend_G","Defend_G","Survivor","Neutralize","Blade Dance","Crow Ritual","ReplayTheSpireMod:Scrap Shanks","Dagger Throw+1","Hidden Blade","Apotheosis+1","Cloak And Dagger","Infinite Blades","Backflip","Tools of the Trade","expansioncontent:DashGenerateEvil","Replay:SS_hec_1","Replay:SS_hec_1","thefirefly:InterceptingShot+1","Poisoned Strike","expansioncontent:AwakenDeath","Fluid Movement+1","ReplayTheSpireMod:The Works+1","Infinite Blades","Flying Knee+1","After Image","ReplayTheSpireMod:Splinters","CommonCold","Clumsy"],"special_seed":0,"relics":["Hammer of Thor","Seething Fire","Anvil of the Gods","MerchantsRug","Shuriken","ReplayTheSpireMod:Ring of Exchange","Lantern","ReplayTheSpireMod:ShopPack","Pear","Ninja Scroll","Replay:Ancient Bell","Replay:Mystery Machine","Gremlin Horn","Replay:Towering Pillar of Hats","Blood Vial"],"potions_floor_usage":[14,14,18,22,33,33],"damage_taken":[{"damage":0,"enemies":"Small Slimes","floor":1,"turns":2},{"damage":0,"enemies":"Jaw Worm","floor":7,"turns":3},{"damage":0,"enemies":"Cultist","floor":12,"turns":2},{"damage":19,"enemies":"Gremlin Gang","floor":13,"turns":6},{"damage":18,"enemies":"Gremlin Nob","floor":14,"turns":3},{"damage":18,"enemies":"Hexaghost","floor":16,"turns":7},{"damage":22,"enemies":"Chosen","floor":18,"turns":5},{"damage":13,"enemies":"Spheric Guardian","floor":21,"turns":5},{"damage":68,"enemies":"Slavers","floor":25,"turns":6},{"damage":16,"enemies":"3 Cultists","floor":31,"turns":5},{"damage":29,"enemies":"Automaton","floor":33,"turns":6},{"damage":67,"enemies":"Orb Walker","floor":35,"turns":6},{"damage":22,"enemies":"3 Darklings","floor":37,"turns":2}],"seed_played":"7737367316416201254","potions_obtained":[{"floor":7,"key":"Swift Potion"},{"floor":13,"key":"ColorlessPotion"},{"floor":14,"key":"Fire Potion"},{"floor":21,"key":"Slimebound:ThreeZeroPotion"},{"floor":31,"key":"LiquidMemories"}],"is_trial":false,"path_per_floor":["M","?","?","$","?","R","M","$","T","$","R","M","M","E","R","B",null,"M","?","?","M","$","R","$","E","T","?","?","?","R","M","R","B",null,"M","$","M"],"character_chosen":"THE_SILENT","items_purchased":["Paper Crane","Happy Flower","Blade Dance","Crow Ritual","ReplayTheSpireMod:Scrap Shanks","Vajra","Dagger Throw+1","MerchantsRug","Shuriken","Fruit Juice","Blood Vial"],"campfire_rested":5,"item_purchase_floors":[0,0,0,0,0,0,0,4,4,22,36],"current_hp_per_floor":[36,36,36,36,36,57,57,57,57,57,57,57,38,20,41,23,70,48,48,48,35,40,62,62,27,27,27,27,27,52,36,61,32,85,18,18,0,0],"gold":18,"neow_bonus":"","is_prod":false,"is_daily":false,"chose_seed":false,"campfire_upgraded":0,"win_rate":0,"timestamp":1607496751,"path_taken":["M","?","?","$","?","R","M","$","T","$","R","M","M","E","R","BOSS","M","?","?","M","$","R","?","E","T","?","?","?","R","M","R","BOSS","M","$","?"],"build_version":"2020-11-30","purchased_purges":2,"victory":false,"max_hp_per_floor":[70,70,70,70,70,70,70,70,70,70,70,70,70,70,70,70,70,70,70,70,70,75,75,75,85,85,85,85,85,85,85,85,85,85,85,85,85,85],"relic_stats":{"Blood Vial":2,"Gremlin Horn":[26,26],"counters":[169,874],"Shuriken":[101],"obtain_stats":[{"Golden Egg":24,"Gremlin Horn":25,"Vajra":23,"Hammer of Thor":0,"Old Coin":26,"Blood Vial":36,"Centennial Puzzle":39,"HornCleat":45,"DollysMirror":21,"Sundial":46,"Iron Hammer":13,"HandDrill":20,"Kunai":19,"Replay:Wax Seal":19,"MerchantsRug":0,"Pear":25,"Happy Flower":3,"ReplayTheSpireMod:CursedCoin":48,"Dead Branch":54,"Oddly Smooth Stone":26,"Velvet Choker":34,"Tingsha":0,"Pen Nib":53,"Replay:Ancient Bell":34,"Replay:Kaleidoscope":6,"Letter Opener":28,"Paper Crane":6,"WarpedTongs":3,"Replay:Baseball":41,"Bottled Flame":32,"ReplayTheSpireMod:Shallot":29,"Anvil of the Gods":0,"Shuriken":30,"Bronze Scales":9,"Bird Faced Urn":38,"hermit:BartenderGlass":17,"Simple Rune":22,"Nloth\u0027s Gift":31,"Mirror":0,"hermit:Momento":0,"Ring of the Serpent":17,"Pocketwatch":0,"ReplayTheSpireMod:Ring of Exchange":5,"Regal Pillow":27,"Lantern":14,"Singing Bowl":19,"Blue Doll":11,"Snake Skull":47,"Incense Burner":27,"Replay:Multitool":7,"Replay:Mystery Machine":34,"Empty Cage":17,"Ancient Tea Set":43,"ClockworkSouvenir":53,"Frozen Eye":27,"Nunchaku":0,"Tough Bandages":54,"Shovel":19,"WristBlade":17,"Mummified Hand":7,"Ninja Scroll":26,"Pantograph":43,"Gambling Chip":38,"Ring of Peace":10,"Tiny Chest":16,"Red Mask":22,"InkBottle":41,"Ring of the Snake":20,"Runic Pyramid":34,"Potion Belt":21,"The Specimen":0,"Replay:Towering Pillar of Hats":34,"Golden Idol":12,"Quantum Egg":3,"Thread and Needle":0,"The Courier":13,"Replay:WaspNest":9,"PreservedInsect":43,"Seething Fire":0,"Odd Mushroom":7,"MawBank":6,"Replay:Arrowhead":4,"White Beast Statue":45,"Peace Pipe":24,"Calling Bell":19,"Anchor":30,"ChewingGum":17,"Art of War":11,"Bag of Marbles":45,"Garlic":6,"Membership Card":22,"ReplayTheSpireMod:Ring of Challenge":10,"ReplayTheSpireMod:ShopPack":17},{"Golden Egg":56,"Gremlin Horn":119,"Vajra":43,"Hammer of Thor":0,"Old Coin":96,"Blood Vial":168,"Centennial Puzzle":125,"HornCleat":64,"DollysMirror":118,"Sundial":127,"Iron Hammer":136,"HandDrill":41,"Kunai":53,"Replay:Wax Seal":117,"MerchantsRug":30,"Pear":165,"Happy Flower":111,"ReplayTheSpireMod:CursedCoin":107,"Dead Branch":155,"Oddly Smooth Stone":11,"Velvet Choker":14,"Tingsha":70,"Pen Nib":68,"Replay:Ancient Bell":167,"Replay:Kaleidoscope":114,"Letter Opener":120,"Paper Crane":46,"WarpedTongs":2,"Replay:Baseball":105,"Bottled Flame":122,"ReplayTheSpireMod:Shallot":98,"Anvil of the Gods":0,"Shuriken":57,"Bronze Scales":89,"Bird Faced Urn":148,"hermit:BartenderGlass":8,"Simple Rune":96,"Nloth\u0027s Gift":99,"Mirror":110,"hermit:Momento":0,"Ring of the Serpent":27,"Pocketwatch":110,"ReplayTheSpireMod:Ring of Exchange":157,"Regal Pillow":56,"Lantern":161,"Singing Bowl":9,"Blue Doll":24,"Snake Skull":107,"Incense Burner":12,"Replay:Multitool":23,"Replay:Mystery Machine":167,"Empty Cage":40,"Ancient Tea Set":64,"ClockworkSouvenir":68,"Frozen Eye":96,"Nunchaku":0,"Tough Bandages":109,"Shovel":117,"WristBlade":137,"Mummified Hand":133,"Ninja Scroll":165,"Pantograph":18,"Gambling Chip":103,"Ring of Peace":134,"Tiny Chest":116,"Red Mask":55,"InkBottle":63,"Ring of the Snake":41,"Runic Pyramid":58,"Potion Belt":118,"The Specimen":110,"Replay:Towering Pillar of Hats":167,"Golden Idol":6,"Quantum Egg":22,"Thread and Needle":128,"The Courier":25,"Replay:WaspNest":47,"PreservedInsect":105,"Seething Fire":0,"Odd Mushroom":36,"MawBank":88,"Replay:Arrowhead":45,"White Beast Statue":152,"Peace Pipe":11,"Calling Bell":117,"Anchor":144,"ChewingGum":52,"Art of War":6,"Bag of Marbles":18,"Garlic":35,"Membership Card":96,"ReplayTheSpireMod:Ring of Challenge":134,"ReplayTheSpireMod:ShopPack":162},{"Golden Egg":307,"Gremlin Horn":600,"Vajra":250,"Hammer of Thor":0,"Old Coin":486,"Blood Vial":872,"Centennial Puzzle":636,"HornCleat":350,"DollysMirror":595,"Sundial":648,"Iron Hammer":690,"HandDrill":239,"Kunai":294,"Replay:Wax Seal":591,"MerchantsRug":179,"Pear":855,"Happy Flower":567,"ReplayTheSpireMod:CursedCoin":544,"Dead Branch":811,"Oddly Smooth Stone":60,"Velvet Choker":85,"Tingsha":382,"Pen Nib":372,"Replay:Ancient Bell":866,"Replay:Kaleidoscope":579,"Letter Opener":606,"Paper Crane":263,"WarpedTongs":7,"Replay:Baseball":534,"Bottled Flame":615,"ReplayTheSpireMod:Shallot":496,"Anvil of the Gods":0,"Shuriken":312,"Bronze Scales":460,"Bird Faced Urn":766,"hermit:BartenderGlass":42,"Simple Rune":486,"Nloth\u0027s Gift":500,"Mirror":564,"hermit:Momento":0,"Ring of the Serpent":163,"Pocketwatch":564,"ReplayTheSpireMod:Ring of Exchange":818,"Regal Pillow":307,"Lantern":832,"Singing Bowl":47,"Blue Doll":143,"Snake Skull":544,"Incense Burner":65,"Replay:Multitool":138,"Replay:Mystery Machine":866,"Empty Cage":233,"Ancient Tea Set":350,"ClockworkSouvenir":372,"Frozen Eye":486,"Nunchaku":0,"Tough Bandages":556,"Shovel":591,"WristBlade":700,"Mummified Hand":675,"Ninja Scroll":855,"Pantograph":107,"Gambling Chip":520,"Ring of Peace":678,"Tiny Chest":587,"Red Mask":303,"InkBottle":346,"Ring of the Snake":239,"Runic Pyramid":321,"Potion Belt":595,"The Specimen":564,"Replay:Towering Pillar of Hats":866,"Golden Idol":23,"Quantum Egg":134,"Thread and Needle":651,"The Courier":150,"Replay:WaspNest":267,"PreservedInsect":534,"Seething Fire":0,"Odd Mushroom":212,"MawBank":454,"Replay:Arrowhead":257,"White Beast Statue":793,"Peace Pipe":60,"Calling Bell":591,"Anchor":739,"ChewingGum":290,"Art of War":23,"Bag of Marbles":107,"Garlic":207,"Membership Card":486,"ReplayTheSpireMod:Ring of Challenge":678,"ReplayTheSpireMod:ShopPack":839}]},"card_choices":[{"not_picked":["Slice","Tactician"],"picked":"Hidden Blade","floor":1},{"not_picked":["Eviscerate","Prepared"],"picked":"Cloak And Dagger","floor":7},{"not_picked":["Finisher","Bane"],"picked":"Infinite Blades","floor":12},{"not_picked":["Dagger Spray","Deadly Poison"],"picked":"Backflip","floor":13},{"not_picked":["Dodge and Roll","Deadly Poison","Unload"],"picked":"SKIP","floor":14},{"not_picked":["Night Terror","Adrenaline"],"picked":"Tools of the Trade","floor":16},{"not_picked":["Apotheosis","Chrysalis"],"picked":"expansioncontent:DashGenerateEvil","floor":17},{"not_picked":["Replay:Sssssssssstrike","expansioncontent:Torchfire"],"picked":"Replay:SS_hec_1","floor":17},{"not_picked":["expansioncontent:SlimeTackle","Dark Shackles"],"picked":"Replay:SS_hec_1","floor":17},{"not_picked":["Acrobatics","Deflect","ReplayTheSpireMod:Exploit Weakness"],"picked":"SKIP","floor":18},{"not_picked":["Dramatic Entrance","Master of Strategy"],"picked":"Poisoned Strike","floor":20},{"not_picked":["expansioncontent:StudyTheSpire","Magnetism"],"picked":"expansioncontent:AwakenDeath","floor":20},{"not_picked":["Prepared","Flying Knee"],"picked":"Fluid Movement+1","floor":21},{"not_picked":["Quick Slash","Backflip"],"picked":"ReplayTheSpireMod:The Works+1","floor":25},{"not_picked":["Bane","Dagger Throw"],"picked":"Flying Knee+1","floor":31},{"not_picked":["Corpse Explosion","Burst"],"picked":"After Image","floor":33},{"not_picked":["Normality","Overencumbered"],"picked":"ReplayTheSpireMod:Splinters","floor":34},{"not_picked":["ReplayTheSpireMod:Restless Dread","Injury"],"picked":"CommonCold","floor":34},{"not_picked":["hermit:ImpendingDoom","ReplayTheSpireMod:IOU"],"picked":"Clumsy","floor":34},{"not_picked":["Toxin Wave+1","All Out Attack","Acrobatics+1"],"picked":"SKIP","floor":35}],"player_experience":775003,"relics_obtained":[{"floor":5,"key":"ReplayTheSpireMod:Ring of Exchange"},{"floor":14,"key":"Lantern"},{"floor":25,"key":"Pear"},{"floor":26,"key":"Ninja Scroll"}],"event_choices":[{"damage_healed":0,"gold_gain":80,"player_choice":"Gained Gold","damage_taken":0,"max_hp_gain":0,"max_hp_loss":0,"event_name":"Golden Wing","floor":2,"gold_loss":0},{"damage_healed":36,"gold_gain":0,"player_choice":"Embrace","damage_taken":0,"max_hp_gain":0,"max_hp_loss":70,"event_name":"betterThird:BetterShining","floor":3,"gold_loss":0},{"cards_removed":["Apotheosis"],"damage_healed":0,"gold_gain":0,"player_choice":"Take \u0026 Give","damage_taken":0,"max_hp_gain":0,"max_hp_loss":0,"event_name":"betterNote:BetterNote","floor":19,"gold_loss":0,"cards_obtained":["thefirefly:InterceptingShot"]},{"damage_healed":0,"gold_gain":2,"player_choice":"1","damage_taken":0,"max_hp_gain":0,"max_hp_loss":0,"event_name":"betterStone:BetterStone","floor":20,"gold_loss":0},{"cards_removed":["Strike_G"],"damage_healed":0,"gold_gain":0,"player_choice":"Elegance","damage_taken":0,"max_hp_gain":0,"max_hp_loss":0,"event_name":"betterThird:BetterWriting","floor":27,"gold_loss":0},{"damage_healed":0,"gold_gain":0,"player_choice":"Copied","damage_taken":0,"max_hp_gain":0,"max_hp_loss":0,"event_name":"Duplicator","floor":29,"gold_loss":0,"cards_obtained":["Infinite Blades"]}],"is_beta":false,"boss_relics":[{"not_picked":["Cauldron","Pandora\u0027s Box"],"picked":"ReplayTheSpireMod:ShopPack"},{"not_picked":["Empty Cage","Astrolabe"],"picked":"Replay:Ancient Bell"},{"not_picked":["Ancient Tea Set","Blue Doll"],"picked":"Replay:Mystery Machine"},{"not_picked":["Replay:Bottled Flurry","ReplayTheSpireMod:Ninjato"],"picked":"Gremlin Horn"},{"not_picked":["StoneCalendar","Dead Branch"],"picked":"Replay:Towering Pillar of Hats"}],"items_purged_floors":[0,22],"is_endless":false,"potions_floor_spawned":[7,13,14,21,31],"killed_by":"3 Darklings","ascension_level":0}}