{"host":"3m32mriab3qyn2w0","time":1607483966,"event":{"gold_per_floor":[109,136,136,136,136,136,9,37,37,63,63,63,188,207,207,207,207],"floor_reached":16,"playtime":765,"items_purged":["Regret"],"score":120,"play_id":"2e81d170-f6af-4dc7-a588-27b9253fc284","local_time":"20201209031926","daily_mods":["Heirloom","Flight","Lethality"],"is_ascension_mode":true,"campfire_choices":[{"data":"Glutton:SelfFlagellate","floor":6,"key":"SMITH"},{"data":"Glutton:Flail","floor":6,"key":"SMITH"},{"floor":12,"key":"REST"},{"floor":15,"key":"REST"}],"neow_cost":"","seed_source_timestamp":0,"circlet_count":0,"master_deck":["Glutton:Strike","Glutton:Strike","Glutton:Strike","Glutton:Strike","Glutton:Strike","Glutton:Strike","Glutton:Defend","Glutton:Defend","Glutton:Defend","Glutton:Flail+1","Glutton:SelfFlagellate+1","Glutton:Feast","Glutton:Feed","Glutton:Treat","Glutton:Misery"],"relics":["Glutton:EternalHunger","Replay:Arrowhead","Smiling Mask","Oddly Smooth Stone","Bronze Scales","Mercury Hourglass","hubris:MobiusCoin","conspire:TopHat","Chameleon Ring"],"potions_floor_usage":[8,13],"damage_taken":[{"damage":5,"enemies":"Cultist","floor":1,"turns":2},{"damage":86,"enemies":"HollowMod:MossKnight","floor":8,"turns":7},{"damage":31,"enemies":"3 Sentries","floor":10,"turns":4},{"damage":35,"enemies":"Lagavulin","floor":13,"turns":5},{"damage":4,"enemies":"2 Louse","floor":14,"turns":1},{"damage":58,"enemies":"Fading Forest","floor":16,"turns":7}],"seed_played":"-310656604448062014","potions_obtained":[{"floor":1,"key":"BlessingOfTheForge"},{"floor":10,"key":"Explosive Potion"}],"is_trial":true,"path_per_floor":["M","T","?","?","?","R","$","E","T","E","?","R","E","M","R","B"],"character_chosen":"GLUTTON","items_purchased":["Glutton:Feast"],"campfire_rested":2,"item_purchase_floors":[7],"current_hp_per_floor":[115,115,112,112,112,112,112,30,30,5,5,44,9,5,44,0,0],"gold":207,"neow_bonus":"","is_prod":false,"is_daily":false,"chose_seed":false,"campfire_upgraded":2,"win_rate":1,"timestamp":1607483966,"path_taken":["M","?","?","?","?","R","$","E","T","E","?","R","E","?","R","BOSS"],"build_version":"2020-11-30","purchased_purges":1,"victory":false,"max_hp_per_floor":[120,120,120,120,120,120,120,124,124,130,130,130,130,130,130,132,132],"card_choices":[{"not_picked":["Glutton:Dispepsia","Glutton:GnawingHunger"],"picked":"Glutton:SelfFlagellate","floor":1},{"not_picked":["Glutton:Tantrum","Glutton:Fever"],"picked":"Glutton:Feed","floor":8},{"not_picked":["Glutton:GnawingHunger","Glutton:Borborygmi"],"picked":"Glutton:Treat","floor":10},{"not_picked":["Glutton:Tumor","Glutton:Thrombosis","Glutton:Malignancy"],"picked":"SKIP","floor":13},{"not_picked":["Glutton:Demolish","Glutton:GoldenArmor"],"picked":"Glutton:Misery","floor":14}],"player_experience":358961,"relics_obtained":[{"floor":2,"key":"Smiling Mask"},{"floor":8,"key":"Mercury Hourglass"},{"floor":9,"key":"hubris:MobiusCoin"},{"floor":10,"key":"conspire:TopHat"},{"floor":13,"key":"Chameleon Ring"}],"event_choices":[{"damage_healed":0,"gold_gain":0,"player_choice":"Relic ","damage_taken":3,"max_hp_gain":0,"max_hp_loss":0,"event_name":"betterThird:BetterScrap","floor":3,"gold_loss":0,"cards_obtained":["Eclipse"]},{"damage_healed":0,"gold_gain":0,"player_choice":"Leave","damage_taken":0,"max_hp_gain":0,"max_hp_loss":0,"event_name":"The Cleric","floor":4,"gold_loss":0},{"damage_healed":0,"gold_gain":0,"player_choice":"Box","damage_taken":0,"relics_obtained":["Bronze Scales"],"max_hp_gain":0,"max_hp_loss":0,"event_name":"Big Fish","floor":5,"gold_loss":0,"cards_obtained":["Regret"]}],"is_beta":false,"boss_relics":[],"items_purged_floors":[7],"is_endless":true,"potions_floor_spawned":[1,10],"killed_by":"Fading Forest","ascension_level":1}}