{"host":"f9ntswufr8mq3t4y","time":1607552811,"event":{"gold_per_floor":[113,37,51,51,16,16,42,60,360,360,9,9,24,37,37,133,133,150,150,180,160,10,40,40,66,121,131,151,165,165,185,185,282,282,297,24,39,261,280,306,306,338,362,362,362],"floor_reached":44,"playtime":4434,"items_purged":["Writhe"],"score":695,"play_id":"f9d0ed91-fd56-4288-89b4-d13eb12b0f84","local_time":"20201210012651","is_ascension_mode":true,"campfire_choices":[{"data":"Static Discharge","floor":6,"key":"SMITH"},{"data":"Chill","floor":10,"key":"SMITH"},{"data":"Seek","floor":12,"key":"SMITH"},{"data":"Bandage Up","floor":15,"key":"SMITH"},{"data":"Echo Form","floor":24,"key":"SMITH"},{"floor":30,"key":"REST"},{"floor":32,"key":"REST"},{"data":"Rainbow","floor":41,"key":"SMITH"}],"neow_cost":"NONE","seed_source_timestamp":55028776247800,"circlet_count":0,"master_deck":["Zap","Dualcast","Capacitor","Static Discharge+1","Seek+1","Chill+1","Doubt","Bandage Up+1","Rainbow+1","Meteor Strike","Echo Form+1","All For One","Capacitor","Recycle","Heatsinks","Steam","Go for the Eyes","Aggregate+1","Leap+1","Hologram+1","Force Field+1","White Noise","Amplify","Fission","Conserve Battery","Coolheaded+1","Meteor Strike","Redo+1","Pain"],"relics":["Cursed Key","Unceasing Top","Old Coin","Pear","Pandora\u0027s Box","Red Mask","OrangePellets","Happy Flower","Akabeko","Oddly Smooth Stone","Inserter","Bag of Preparation","Cables","Potion Belt"],"potions_floor_usage":[16,28,28,33,33,40],"damage_taken":[{"damage":9,"enemies":"2 Louse","floor":1,"turns":3},{"damage":0,"enemies":"Small Slimes","floor":3,"turns":3},{"damage":21,"enemies":"Lagavulin","floor":7,"turns":8},{"damage":0,"enemies":"Jaw Worm","floor":8,"turns":4},{"damage":0,"enemies":"3 Louse","floor":13,"turns":6},{"damage":8,"enemies":"Blue Slaver","floor":14,"turns":4},{"damage":16,"enemies":"Hexaghost","floor":16,"turns":6},{"damage":19,"enemies":"3 Byrds","floor":18,"turns":4},{"damage":25,"enemies":"Masked Bandits","floor":20,"turns":4},{"damage":5,"enemies":"2 Thieves","floor":21,"turns":5},{"damage":31,"enemies":"Book of Stabbing","floor":23,"turns":6},{"damage":21,"enemies":"Slavers","floor":25,"turns":4},{"damage":6,"enemies":"Centurion and Healer","floor":27,"turns":9},{"damage":14,"enemies":"Snake Plant","floor":28,"turns":5},{"damage":12,"enemies":"3 Cultists","floor":29,"turns":6},{"damage":0,"enemies":"Centurion and Healer","floor":31,"turns":7},{"damage":52,"enemies":"Automaton","floor":33,"turns":12},{"damage":22,"enemies":"3 Darklings","floor":35,"turns":8},{"damage":0,"enemies":"Orb Walker","floor":37,"turns":5},{"damage":0,"enemies":"Maw","floor":39,"turns":8},{"damage":0,"enemies":"Giant Head","floor":40,"turns":8},{"damage":85,"enemies":"Nemesis","floor":42,"turns":11},{"damage":27,"enemies":"Giant Head","floor":44,"turns":5}],"seed_played":"2842016370315011217","potions_obtained":[{"floor":3,"key":"EssenceOfDarkness"},{"floor":7,"key":"ColorlessPotion"},{"floor":8,"key":"Ancient Potion"},{"floor":16,"key":"Block Potion"},{"floor":18,"key":"PowerPotion"},{"floor":31,"key":"PotionOfCapacity"},{"floor":35,"key":"BlessingOfTheForge"},{"floor":40,"key":"Fire Potion"}],"is_trial":false,"path_per_floor":["M","$","M","?","?","R","E","M","T","R","$","R","M","M","R","B",null,"M","$","?","M","$","E","R","E","T","M","M","M","R","M","R","B",null,"M","$","M","?","M","E","R","E","T","E"],"character_chosen":"DEFECT","items_purchased":["Static Discharge","Bandage Up","Pear","OrangePellets","Fission","Conserve Battery"],"campfire_rested":2,"item_purchase_floors":[2,11,11,22,36,36],"current_hp_per_floor":[66,66,66,51,69,69,48,48,48,48,58,58,62,54,54,44,85,78,78,59,60,60,35,35,20,20,20,18,12,37,49,74,33,85,75,75,75,75,81,85,85,6,6,0,0],"gold":362,"neow_bonus":"BOSS_RELIC","is_prod":false,"is_daily":false,"chose_seed":false,"campfire_upgraded":6,"win_rate":0,"timestamp":1607552811,"path_taken":["M","$","M","?","?","R","E","M","T","R","$","R","M","M","R","BOSS","M","$","?","M","$","E","R","E","T","M","M","M","R","M","R","BOSS","M","$","M","?","M","E","R","E","T","E"],"build_version":"2020-11-30","purchased_purges":1,"victory":false,"max_hp_per_floor":[75,75,75,75,75,75,75,75,75,75,85,85,85,85,85,85,85,85,85,85,85,85,85,85,85,85,85,85,85,85,85,85,85,85,85,85,85,85,85,85,85,85,85,85,85],"card_choices":[{"not_picked":["Gash","Turbo"],"picked":"Capacitor","floor":1},{"not_picked":["Ball Lightning","Stack","Steam Power"],"picked":"SKIP","floor":3},{"not_picked":["Fusion","Rebound"],"picked":"Seek","floor":7},{"not_picked":["Static Discharge","Stack"],"picked":"Chill","floor":8},{"not_picked":["Heatsinks","Compile Driver","FTL"],"picked":"SKIP","floor":13},{"not_picked":["Conserve Battery","Compile Driver","Beam Cell"],"picked":"SKIP","floor":14},{"not_picked":["Machine Learning","All For One"],"picked":"Rainbow","floor":16},{"not_picked":["Turbo","Stack"],"picked":"Aggregate+1","floor":18},{"not_picked":["Streamline","Reprogram"],"picked":"Leap+1","floor":20},{"not_picked":["Cold Snap","Sweeping Beam"],"picked":"Hologram+1","floor":21},{"not_picked":["Cold Snap","Streamline","Redo"],"picked":"SKIP","floor":23},{"not_picked":["Fusion","Gash"],"picked":"Force Field+1","floor":25},{"not_picked":["Stack","Cold Snap+1","Recycle"],"picked":"SKIP","floor":27},{"not_picked":["Cold Snap+1","Echo Form","Go for the Eyes"],"picked":"SKIP","floor":28},{"not_picked":["Turbo","Ball Lightning+1","Conserve Battery"],"picked":"SKIP","floor":29},{"not_picked":["Consume","Ball Lightning+1"],"picked":"White Noise","floor":31},{"not_picked":["Machine Learning","Buffer"],"picked":"Amplify","floor":33},{"not_picked":["Cold Snap+1","Hologram","Barrage+1"],"picked":"SKIP","floor":35},{"not_picked":["Cold Snap+1","Hologram","Barrage+1"],"picked":"SKIP","floor":35},{"not_picked":["Steam Power","Static Discharge","Loop"],"picked":"SKIP","floor":37},{"not_picked":["Compile Driver+1","Gash+1"],"picked":"Coolheaded+1","floor":39},{"not_picked":["Biased Cognition","Static Discharge+1"],"picked":"Meteor Strike","floor":40},{"not_picked":["Sunder","Streamline"],"picked":"Redo+1","floor":42}],"player_experience":310436,"relics_obtained":[{"floor":7,"key":"Unceasing Top"},{"floor":9,"key":"Old Coin"},{"floor":20,"key":"Red Mask"},{"floor":23,"key":"Happy Flower"},{"floor":25,"key":"Akabeko"},{"floor":26,"key":"Oddly Smooth Stone"},{"floor":40,"key":"Bag of Preparation"},{"floor":42,"key":"Cables"},{"floor":43,"key":"Potion Belt"}],"event_choices":[{"damage_healed":0,"gold_gain":0,"player_choice":"Entered Light","damage_taken":15,"max_hp_gain":0,"max_hp_loss":0,"event_name":"Shining Light","floor":4,"gold_loss":0,"cards_upgraded":["Defend_B","Defend_B"]},{"damage_healed":18,"gold_gain":0,"player_choice":"Healed","damage_taken":0,"max_hp_gain":0,"max_hp_loss":0,"event_name":"The Cleric","floor":5,"gold_loss":35},{"damage_healed":0,"gold_gain":0,"player_choice":"Fought Bandits","damage_taken":0,"max_hp_gain":0,"max_hp_loss":0,"event_name":"Masked Bandits","floor":20,"gold_loss":0},{"damage_healed":0,"gold_gain":222,"player_choice":"Wore Mask","damage_taken":0,"max_hp_gain":0,"max_hp_loss":0,"event_name":"Tomb of Lord Red Mask","floor":38,"gold_loss":0}],"is_beta":false,"boss_relics":[{"not_picked":["Tiny House","Astrolabe"],"picked":"Pandora\u0027s Box"},{"not_picked":["Runic Dome","Fusion Hammer"],"picked":"Inserter"}],"items_purged_floors":[36],"is_endless":false,"potions_floor_spawned":[3,7,8,14,16,18,21,25,31,35,40],"killed_by":"Giant Head","ascension_level":3}}