{"host":"njb27ds59h4j3ikk","time":1607475227,"event":{"gold_per_floor":[115,115,126,126,143,143,176,191,217,217,234,234,251,280,280,280,280],"floor_reached":16,"playtime":872,"items_purged":[],"score":243,"play_id":"30882511-d11d-482c-a552-075e13ac3180","local_time":"20201208195347","is_ascension_mode":true,"campfire_choices":[{"data":"Armaments","floor":6.0,"key":"SMITH"},{"data":"Replay:Undeath\u0027s Touch","floor":10,"key":"SMITH"},{"data":"Run Through","floor":12,"key":"SMITH"},{"floor":15,"key":"REST"}],"neow_cost":"","seed_source_timestamp":519578257636900,"circlet_count":0,"master_deck":["AscendersBane","Strike_R","Strike_R","Strike_R","Strike_R","Strike_R","Defend_R","Defend_R","Defend_R","Defend_R","Bash","Run Through+1","Armaments+1","Pommel Strike","Cleave","Wild Strike","Replay:Undeath\u0027s Touch+1","Pummel","Headbutt","Uppercut","Dual Wield"],"special_seed":0,"relics":["Burning Blood","Gremlin Horn","Nunchaku","ReplayTheSpireMod:Shallot","hubris:MysteriousPyramids","Smiling Mask","Oddly Smooth Stone"],"potions_floor_usage":[16],"damage_taken":[{"damage":10.0,"enemies":"Cultist","floor":1.0,"turns":4.0},{"damage":7.0,"enemies":"Small Slimes","floor":3.0,"turns":3.0},{"damage":9.0,"enemies":"Jaw Worm","floor":5.0,"turns":2.0},{"damage":20.0,"enemies":"Lagavulin","floor":7.0,"turns":5.0},{"damage":0.0,"enemies":"Large Slime","floor":8.0,"turns":4.0},{"damage":8,"enemies":"Looter","floor":11,"turns":2},{"damage":0,"enemies":"2 Fungi Beasts","floor":13,"turns":3},{"damage":25,"enemies":"3 Sentries","floor":14,"turns":6},{"damage":69,"enemies":"The Guardian","floor":16,"turns":9}],"seed_played":"-5027231685615978603","potions_obtained":[{"floor":1.0,"key":"LiquidMemories"},{"floor":3.0,"key":"FearPotion"},{"floor":13,"key":"Guardian:BlockOnCardUsePotion"}],"is_trial":false,"path_per_floor":["M","T","M","?","M","R","E","M","T","R","M","R","M","E","R","B"],"character_chosen":"IRONCLAD","items_purchased":["Gremlin Horn","Nunchaku","Run Through","Armaments"],"campfire_rested":1,"item_purchase_floors":[0,0,0,0],"current_hp_per_floor":[68,68,67,67,64,64,50,56,56,56,54,54,60,41,65,0,0],"gold":280,"neow_bonus":"","is_prod":false,"is_daily":false,"chose_seed":false,"campfire_upgraded":3,"win_rate":0,"timestamp":1607475227,"path_taken":["M","?","M","?","?","R","E","M","T","R","M","R","M","E","R","BOSS"],"build_version":"2020-11-30","purchased_purges":0,"victory":false,"max_hp_per_floor":[80,80,80,80,80,80,80,80,80,80,80,80,80,80,80,80,80],"card_choices":[{"not_picked":["Feel No Pain","Twin Strike"],"picked":"Pommel Strike","floor":1.0},{"not_picked":["Shrug It Off","Clothesline"],"picked":"Cleave","floor":3.0},{"not_picked":["Spot Weakness","Twin Strike"],"picked":"Wild Strike","floor":5.0},{"not_picked":["Twin Strike","Clash"],"picked":"Replay:Undeath\u0027s Touch","floor":7.0},{"not_picked":["Pommel Strike","Whirlwind"],"picked":"Pummel","floor":8.0},{"not_picked":["Sword Boomerang","Infernal Blade"],"picked":"Headbutt","floor":11},{"not_picked":["Abandon","Pommel Strike"],"picked":"Uppercut","floor":13},{"not_picked":["Ghostly Armor","Second Wind"],"picked":"Dual Wield","floor":14}],"player_experience":1172019,"relics_obtained":[{"floor":2.0,"key":"ReplayTheSpireMod:Shallot"},{"floor":7.0,"key":"Smiling Mask"},{"floor":14,"key":"Oddly Smooth Stone"}],"event_choices":[{"damage_healed":0.0,"max_hp_gain":0.0,"max_hp_loss":0.0,"gold_gain":0.0,"event_name":"WeMeetAgain","player_choice":"Gave Potion","floor":4.0,"gold_loss":0.0,"damage_taken":0.0,"relics_obtained":["hubris:MysteriousPyramids"]}],"is_beta":false,"boss_relics":[],"items_purged_floors":[],"is_endless":false,"potions_floor_spawned":[1,3,13],"killed_by":"The Guardian","ascension_level":10}}