{"host":"rmsq46plbpwfbxcc","time":1607521968,"event":{"gold_per_floor":[111,125,125,144,144,144,183,183,206,206,250,250,327,252,252,252,252],"floor_reached":16,"playtime":250,"items_purged":["Injury"],"score":191,"play_id":"df7511d0-7ca8-4c8e-b860-c544b30cc54e","local_time":"20201209225248","is_ascension_mode":true,"campfire_choices":[{"data":"Neutralize","floor":6.0,"key":"SMITH"},{"data":"Backstab","floor":8.0,"key":"SMITH"},{"floor":12.0,"key":"REST"},{"data":"1","floor":15.0,"key":"LIFT"}],"neow_cost":"NONE","seed_source_timestamp":1907085005287100,"circlet_count":0,"master_deck":["AscendersBane","Strike_G","Strike_G","Strike_G","Strike_G","Strike_G","Defend_G","Defend_G","Defend_G","Defend_G","Defend_G","Survivor","Neutralize+1","Poisoned Stab","Backstab+1","Backflip"],"special_seed":0,"relics":["Ring of the Snake","Juzu Bracelet","PreservedInsect","Golden Idol","Shuriken","Pen Nib","Girya","The Specimen","Bottled Lightning"],"potions_floor_usage":[],"damage_taken":[{"damage":0.0,"enemies":"Small Slimes","floor":1.0,"turns":4.0},{"damage":0.0,"enemies":"Cultist","floor":2.0,"turns":4.0},{"damage":0.0,"enemies":"2 Louse","floor":4.0,"turns":4.0},{"damage":20.0,"enemies":"Gremlin Nob","floor":7.0,"turns":4.0},{"damage":12.0,"enemies":"Lagavulin","floor":11.0,"turns":4.0},{"damage":32,"enemies":"Slime Boss","floor":16,"turns":5}],"seed_played":"-7039326999353100802","potions_obtained":[{"floor":7.0,"key":"FearPotion"}],"is_trial":false,"path_per_floor":["M","M","?","M","?","R","E","R","T","?","E","R","T","$","R","B"],"character_chosen":"THE_SILENT","items_purchased":[],"campfire_rested":1,"item_purchase_floors":[],"current_hp_per_floor":[59,59,59,59,59,59,39,39,39,21,9,28,28,28,28,0,0],"gold":252,"neow_bonus":"RANDOM_COMMON_RELIC","is_prod":false,"is_daily":false,"chose_seed":false,"campfire_upgraded":2,"win_rate":0,"timestamp":1607521968,"path_taken":["M","M","?","M","?","R","E","R","T","?","E","R","?","$","R","BOSS"],"build_version":"2020-11-30","purchased_purges":1,"victory":false,"max_hp_per_floor":[66,66,66,66,66,66,66,66,66,66,66,66,66,66,66,66,66],"card_choices":[{"not_picked":["Sucker Punch","Skewer"],"picked":"Cloak And Dagger","floor":1.0},{"not_picked":["PiercingWail","Dagger Throw"],"picked":"Poisoned Stab","floor":2.0},{"not_picked":["Underhanded Strike","Slice"],"picked":"Backstab","floor":4.0},{"not_picked":["Dodge and Roll","Poisoned Stab","Deflect"],"picked":"SKIP","floor":7.0},{"not_picked":["Concentrate","Outmaneuver"],"picked":"Backflip","floor":11.0}],"player_experience":1294685,"relics_obtained":[{"floor":7.0,"key":"Shuriken"},{"floor":9.0,"key":"Pen Nib"},{"floor":11.0,"key":"The Specimen"},{"floor":13.0,"key":"Bottled Lightning"}],"event_choices":[{"cards_removed":["Cloak And Dagger"],"damage_healed":0.0,"max_hp_gain":0.0,"max_hp_loss":0.0,"gold_gain":0.0,"event_name":"WeMeetAgain","player_choice":"Gave Card","floor":3.0,"gold_loss":0.0,"damage_taken":0.0,"relics_obtained":["PreservedInsect"]},{"damage_healed":0.0,"max_hp_gain":0.0,"max_hp_loss":0.0,"gold_gain":0.0,"event_name":"Golden Idol","player_choice":"Take Wound","floor":5.0,"gold_loss":0.0,"damage_taken":0.0,"relics_obtained":["Golden Idol"],"cards_obtained":["Injury"]},{"damage_healed":0.0,"max_hp_gain":0.0,"max_hp_loss":0.0,"gold_gain":0.0,"event_name":"Scrap Ooze","player_choice":"Success","floor":10.0,"gold_loss":0.0,"damage_taken":18.0,"relics_obtained":["Girya"]}],"is_beta":false,"boss_relics":[],"items_purged_floors":[14],"is_endless":false,"potions_floor_spawned":[7],"killed_by":"Slime Boss","ascension_level":16}}