{"host":"tbel5nf5tai26ewc","time":1607532614,"event":{"gold_per_floor":[361,378,2,2,22,57,57,57,57,75,107,8,8,27,27,124,124,142,161,61,73,73,99,99,116,116,150,150,162,162,42,42,146,146,158,173,36,54,70,98,110,168,180,207,246,258,290,321,333,345,357,369,15,40,40],"floor_reached":56,"playtime":6231,"items_purged":["Regret","Strike_R","Searing Blow","Second Wind","Fire Breathing"],"score":1522,"play_id":"35937920-5e38-433e-bfc1-133b5b023f36","local_time":"20201209175014","is_ascension_mode":true,"campfire_choices":[{"floor":8.0,"key":"REST"},{"data":"Armaments","floor":13.0,"key":"SMITH"},{"data":"Metallicize","floor":15.0,"key":"SMITH"},{"data":"Exhume","floor":24.0,"key":"SMITH"},{"data":"True Grit","floor":28.0,"key":"SMITH"},{"data":"Offering","floor":32.0,"key":"SMITH"},{"data":"Berserk","floor":41.0,"key":"SMITH"},{"floor":46.0,"key":"RECALL"},{"data":"Shockwave","floor":49.0,"key":"SMITH"},{"data":"Intimidate","floor":52.0,"key":"SMITH"}],"neow_cost":"CURSE","seed_source_timestamp":-2422530042945547891,"circlet_count":0,"master_deck":["Bash","Heavy Blade","Shrug It Off","Master of Strategy","Twin Strike","Metallicize+1","Intimidate+1","Dark Shackles","Spot Weakness","Sword Boomerang","Armaments+1","Iron Wave","Fiend Fire","Reaper","Exhume+1","Shrug It Off","Inflame","Shockwave+1","Pommel Strike+1","Whirlwind","Reaper","Offering+1","True Grit+1","Sentinel+1","Spot Weakness","Berserk+1","Battle Trance","Rage","Dark Shackles","Dark Shackles","Burning Pact","Warcry+1","Battle Trance+1"],"special_seed":0,"relics":["Burning Blood","The Courier","Pear","Bronze Scales","Pandora\u0027s Box","Blood Vial","Question Card","Pocketwatch","Mark of Pain","MawBank","Torii","Lantern","Medical Kit","Art of War"],"potions_floor_usage":[55,55],"damage_taken":[{"damage":8.0,"enemies":"Cultist","floor":1.0,"turns":3.0},{"damage":17.0,"enemies":"Jaw Worm","floor":2.0,"turns":3.0},{"damage":8.0,"enemies":"2 Louse","floor":5.0,"turns":3.0},{"damage":53.0,"enemies":"Lagavulin","floor":6.0,"turns":8.0},{"damage":10.0,"enemies":"Lots of Slimes","floor":10.0,"turns":4.0},{"damage":26.0,"enemies":"3 Sentries","floor":11.0,"turns":7.0},{"damage":3.0,"enemies":"Blue Slaver","floor":14.0,"turns":3.0},{"damage":15.0,"enemies":"Hexaghost","floor":16.0,"turns":9.0},{"damage":10.0,"enemies":"Chosen","floor":18.0,"turns":5.0},{"damage":1.0,"enemies":"Shell Parasite","floor":19.0,"turns":4.0},{"damage":13.0,"enemies":"Snecko","floor":21.0,"turns":4.0},{"damage":46.0,"enemies":"Gremlin Leader","floor":23.0,"turns":8.0},{"damage":20.0,"enemies":"Chosen and Byrds","floor":25.0,"turns":4.0},{"damage":64.0,"enemies":"Slavers","floor":27.0,"turns":6.0},{"damage":32.0,"enemies":"Snake Plant","floor":29.0,"turns":4.0},{"damage":61.0,"enemies":"Automaton","floor":33.0,"turns":8.0},{"damage":20.0,"enemies":"3 Shapes","floor":35.0,"turns":4.0},{"damage":18.0,"enemies":"3 Darklings","floor":36.0,"turns":2.0},{"damage":17.0,"enemies":"4 Shapes","floor":38.0,"turns":3.0},{"damage":76.0,"enemies":"Sphere and 2 Shapes","floor":39.0,"turns":4.0},{"damage":66.0,"enemies":"Nemesis","floor":40.0,"turns":7.0},{"damage":44.0,"enemies":"2 Orb Walkers","floor":42.0,"turns":4.0},{"damage":13.0,"enemies":"Transient","floor":44.0,"turns":5.0},{"damage":43.0,"enemies":"Reptomancer","floor":45.0,"turns":5.0},{"damage":33.0,"enemies":"Maw","floor":47.0,"turns":7.0},{"damage":12.0,"enemies":"Spire Growth","floor":48.0,"turns":4.0},{"damage":48.0,"enemies":"Time Eater","floor":50.0,"turns":11.0},{"damage":36.0,"enemies":"Shield and Spear","floor":54.0,"turns":6.0},{"damage":103,"enemies":"The Heart","floor":55,"turns":9}],"seed_played":"-3376334607125352798","potions_obtained":[{"floor":1.0,"key":"LiquidBronze"},{"floor":11.0,"key":"SkillPotion"},{"floor":16.0,"key":"Explosive Potion"},{"floor":18.0,"key":"PowerPotion"},{"floor":23.0,"key":"SkillPotion"},{"floor":27.0,"key":"Block Potion"},{"floor":33.0,"key":"Swift Potion"},{"floor":35.0,"key":"EssenceOfSteel"},{"floor":42.0,"key":"Regen Potion"},{"floor":44.0,"key":"DuplicationPotion"},{"floor":48.0,"key":"Block Potion"}],"is_trial":false,"path_per_floor":["M","M","$","?","M","E","?","R","T","M","E","$","R","M","R","B",null,"M","M","$","M","?","E","R","M","T","E","R","M","?","$","R","B",null,"M","M","$","M","M","E","R","?","T","M","E","R","M","M","R","B",null,"R","$","E","B",null],"character_chosen":"IRONCLAD","items_purchased":["Master of Strategy","Twin Strike","Metallicize","Armaments","Dark Shackles","Dark Shackles","Medical Kit","LiquidBronze","Strength Potion"],"campfire_rested":1,"item_purchase_floors":[3,3,3,12,37,37,53,53,53],"current_hp_per_floor":[70,59,59,80,78,31,31,55,65,61,41,41,41,44,44,35,76,79,84,84,77,77,90,90,90,90,72,72,61,61,61,61,42,78,70,90,90,79,70,27,27,36,36,90,54,54,54,82,82,88,90,90,90,90,25],"gold":40,"neow_bonus":"TWO_FIFTY_GOLD","is_prod":false,"is_daily":false,"chose_seed":false,"campfire_upgraded":8,"win_rate":0,"timestamp":1607532614,"path_taken":["M","M","$","?","M","E","?","R","T","M","E","$","R","M","R","BOSS","M","M","?","M","?","E","R","M","T","E","R","M","?","$","R","BOSS","M","M","$","M","M","E","R","?","T","M","E","R","M","M","R","BOSS","R","$","E","BOSS"],"build_version":"2020-11-30","purchased_purges":5,"victory":true,"max_hp_per_floor":[80,80,80,80,80,80,80,80,90,90,90,90,90,90,90,90,90,90,90,90,90,90,90,90,90,90,90,90,90,90,90,90,90,90,90,90,90,90,90,90,90,90,90,90,90,90,90,90,90,90,90,90,90,90,90],"relic_stats":{"Blood Vial":22,"Torii":20,"counters":[29,154],"Bronze Scales":[493],"Pandora\u0027s Box":["Fire Breathing","Searing Blow","Reaper","Exhume","Shrug It Off","Inflame","Second Wind","Shockwave"],"Art of War":[2],"Question Card":14,"MawBank":156,"Medical Kit":[8],"obtain_stats":[{"Lantern":45,"Pear":9,"Torii":42,"The Courier":6,"Question Card":26,"MawBank":40,"Medical Kit":53,"Burning Blood":0,"Blood Vial":23,"Bronze Scales":11,"Pandora\u0027s Box":17,"Mark of Pain":34,"Art of War":54,"Pocketwatch":27},{"Lantern":24,"Pear":4,"Torii":22,"The Courier":4,"Question Card":13,"MawBank":21,"Medical Kit":27,"Burning Blood":0,"Blood Vial":12,"Bronze Scales":6,"Pandora\u0027s Box":8,"Mark of Pain":16,"Art of War":28,"Pocketwatch":14},{"Lantern":117,"Pear":17,"Torii":107,"The Courier":17,"Question Card":65,"MawBank":103,"Medical Kit":139,"Burning Blood":0,"Blood Vial":61,"Bronze Scales":28,"Pandora\u0027s Box":40,"Mark of Pain":83,"Art of War":145,"Pocketwatch":71}],"Burning Blood":152,"Pocketwatch":[57]},"card_choices":[{"not_picked":["Havoc","Body Slam"],"picked":"Heavy Blade","floor":1.0},{"not_picked":["Uppercut","Seeing Red"],"picked":"Shrug It Off","floor":2.0},{"not_picked":["Body Slam","Wild Strike"],"picked":"Intimidate","floor":5.0},{"not_picked":["Heavy Blade","Dark Embrace","Fire Breathing"],"picked":"SKIP","floor":6.0},{"not_picked":["Enlightenment","Secret Technique"],"picked":"Dark Shackles","floor":7.0},{"not_picked":["Cleave","Havoc"],"picked":"Spot Weakness","floor":10.0},{"not_picked":["Havoc","True Grit"],"picked":"Sword Boomerang","floor":11.0},{"not_picked":["Sentinel","Corruption"],"picked":"Iron Wave","floor":14.0},{"not_picked":["Bludgeon","Corruption"],"picked":"Fiend Fire","floor":16.0},{"not_picked":["Twin Strike","Shrug It Off"],"picked":"Pommel Strike+1","floor":18.0},{"not_picked":["Iron Wave","Sentinel"],"picked":"Whirlwind","floor":19.0},{"not_picked":["Twin Strike","Ghostly Armor","Perfected Strike"],"picked":"SKIP","floor":21.0},{"not_picked":["Twin Strike","Body Slam"],"picked":"Offering","floor":23.0},{"not_picked":["Anger","Thunderclap"],"picked":"True Grit","floor":25.0},{"not_picked":["Clothesline","Brutality","Rage"],"picked":"Sentinel+1","floor":27.0},{"not_picked":["Cleave+1","Flex","Inflame"],"picked":"Spot Weakness","floor":29.0},{"not_picked":["Barricade","Reaper","Brutality"],"picked":"Berserk","floor":33.0},{"not_picked":["Perfected Strike+1","Intimidate","Iron Wave"],"picked":"Battle Trance","floor":35.0},{"not_picked":["Twin Strike","Pommel Strike","Entrench+1"],"picked":"Rage","floor":36.0},{"not_picked":["True Grit","Shrug It Off","Inflame+1","Warcry+1"],"picked":"SKIP","floor":38.0},{"not_picked":["Anger+1","Brutality","Hemokinesis+1","Perfected Strike+1"],"picked":"SKIP","floor":39.0},{"not_picked":["Intimidate","Sever Soul","True Grit+1"],"picked":"Burning Pact","floor":40.0},{"not_picked":["Rage+1","Burning Pact+1","Thunderclap+1","Rampage+1"],"picked":"SKIP","floor":44.0},{"not_picked":["Iron Wave+1","Clothesline","Dark Embrace","Heavy Blade+1"],"picked":"SKIP","floor":45.0},{"not_picked":["Body Slam","Bloodletting","Thunderclap+1"],"picked":"Warcry+1","floor":47.0},{"not_picked":["Carnage","Dark Embrace","Cleave"],"picked":"Battle Trance+1","floor":48.0},{"not_picked":["Headbutt+1","Blood for Blood","Reckless Charge","Sever Soul+1"],"picked":"SKIP","floor":54.0}],"player_experience":304187,"relics_obtained":[{"floor":6.0,"key":"The Courier"},{"floor":9.0,"key":"Pear"},{"floor":11.0,"key":"Bronze Scales"},{"floor":23.0,"key":"Blood Vial"},{"floor":26.0,"key":"Question Card"},{"floor":27.0,"key":"Pocketwatch"},{"floor":40.0,"key":"MawBank"},{"floor":42.0,"key":"Torii"},{"floor":45.0,"key":"Lantern"},{"floor":54.0,"key":"Art of War"}],"event_choices":[{"damage_healed":26.0,"max_hp_gain":0.0,"max_hp_loss":0.0,"gold_gain":0.0,"event_name":"Big Fish","player_choice":"Banana","floor":4.0,"gold_loss":0.0,"damage_taken":0.0},{"damage_healed":0.0,"max_hp_gain":0.0,"max_hp_loss":0.0,"gold_gain":1.0,"event_name":"betterStone:BetterStone","player_choice":"1","floor":7.0,"gold_loss":0.0,"damage_taken":0.0},{"damage_healed":0.0,"max_hp_gain":0.0,"max_hp_loss":0.0,"gold_gain":0.0,"event_name":"The Library","player_choice":"Read","floor":22.0,"gold_loss":0.0,"damage_taken":0.0,"cards_obtained":["Reaper"]},{"damage_healed":0.0,"max_hp_gain":0.0,"max_hp_loss":0.0,"gold_gain":0.0,"event_name":"Ghosts","player_choice":"Ignored","floor":30.0,"gold_loss":0.0,"damage_taken":0.0},{"damage_healed":0.0,"max_hp_gain":0.0,"max_hp_loss":0.0,"gold_gain":0.0,"event_name":"Mysterious Sphere","player_choice":"Fight","floor":42.0,"gold_loss":0.0,"damage_taken":0.0}],"is_beta":false,"boss_relics":[{"not_picked":["Runic Pyramid","SlaversCollar"],"picked":"Pandora\u0027s Box"},{"not_picked":["SacredBark","Black Star"],"picked":"Mark of Pain"}],"items_purged_floors":[3,12,20,31,53],"is_endless":false,"potions_floor_spawned":[1,11,16,18,23,27,33,35,36,40,42,44,48],"ascension_level":6}}