{"host":"dfbnut35xpj0zllb","time":1607487314,"event":{"gold_per_floor":[112,36,54,54,65,65,96,96,122,140,0,18,34,61,61,61,61],"floor_reached":16,"playtime":2345,"items_purged":[],"score":112,"play_id":"669c598a-a339-49e6-b608-0770d32cab73","local_time":"20201208201514","is_ascension_mode":false,"campfire_choices":[{"data":"hermit:Vantage","floor":6,"key":"SMITH"},{"floor":8,"key":"REST"},{"floor":15,"key":"REST"}],"neow_cost":"NONE","seed_source_timestamp":0,"circlet_count":0,"master_deck":["hermit:Strike_Hermit","hermit:Strike_Hermit","hermit:Strike_Hermit","hermit:Strike_Hermit","hermit:Defend_Hermit","hermit:Defend_Hermit","hermit:Defend_Hermit","hermit:Defend_Hermit","hermit:Snapshot","hermit:Covet","hermit:Vantage+1","hermit:Determination","hermit:Glare","hermit:ItchyTrigger","hermit:Virtue","hermit:Dive","Swift Strike","hermit:HighCaliber","hermit:Snipe","hermit:HighNoon","hermit:ShadowCloak"],"special_seed":0,"relics":["hermit:Momento","Hallownest:DreamNailRelic","Boot","Ancient Tea Set","Gremlin Horn"],"potions_floor_usage":[7,10,10,16],"damage_taken":[{"damage":8,"enemies":"Hallownest:monsterHuskGuard","floor":1,"turns":6},{"damage":3,"enemies":"Hallownest:2_Baldur","floor":3,"turns":4},{"damage":0,"enemies":"Hallownest:2_MossCreeps","floor":5,"turns":6},{"damage":20,"enemies":"Hallownest:eliteCrystalGuardian","floor":7,"turns":6},{"damage":6,"enemies":"Hallownest:monsterMossCharger","floor":10,"turns":4},{"damage":0,"enemies":"Hallownest:monsterFoolEater","floor":12,"turns":5},{"damage":26,"enemies":"Hallownest:1_Ooma_and_2_Uuma","floor":13,"turns":11},{"damage":19,"enemies":"Hallownest:eliteMossKnight","floor":14,"turns":10},{"damage":50,"enemies":"Hallownest:BossHornet","floor":16,"turns":10}],"seed_played":"6377517491152762357","potions_obtained":[{"floor":3,"key":"DuplicationPotion"},{"floor":5,"key":"blueLaboratory:AbyssPotion"},{"floor":7,"key":"blueLaboratory:PyrophylliteBrew"},{"floor":13,"key":"blueLaboratory:SavagePotion"}],"is_trial":false,"path_per_floor":["M","$","M","?","M","R","E","R","T","M","$","M","M","E","R","B"],"character_chosen":"HERMIT","items_purchased":["hermit:Determination","Swift Strike","hermit:HighCaliber"],"campfire_rested":2,"item_purchase_floors":[2,11,11],"current_hp_per_floor":[74,74,71,71,71,71,51,75,75,69,69,69,43,24,48,0,0],"gold":61,"neow_bonus":"TEN_PERCENT_HP_BONUS","is_prod":false,"is_daily":false,"chose_seed":false,"campfire_upgraded":1,"win_rate":0.0,"timestamp":1607487314,"path_taken":["M","$","M","?","M","R","E","R","T","?","$","M","M","E","R","BOSS"],"build_version":"2020-11-30","purchased_purges":0,"victory":false,"max_hp_per_floor":[82,82,82,82,82,82,82,82,82,82,82,82,82,82,82,82,82],"relic_stats":{"Gremlin Horn":[0,0],"counters":[9,62],"Boot":[12],"obtain_stats":[{"Gremlin Horn":14,"Hallownest:DreamNailRelic":4,"Boot":7,"Ancient Tea Set":9,"hermit:Momento":0},{"Gremlin Horn":8,"Hallownest:DreamNailRelic":2,"Boot":4,"Ancient Tea Set":4,"hermit:Momento":0},{"Gremlin Horn":52,"Hallownest:DreamNailRelic":10,"Boot":22,"Ancient Tea Set":22,"hermit:Momento":0}]},"card_choices":[{"not_picked":["hermit:TrackingShot","hermit:Showdown"],"picked":"hermit:Vantage","floor":1},{"not_picked":["hermit:Combo","hermit:WideOpen"],"picked":"hermit:Glare","floor":3},{"not_picked":["hermit:Roulette","hermit:Shortfuse"],"picked":"hermit:ItchyTrigger","floor":5},{"not_picked":["hermit:Scavenge","hermit:TrackingShot"],"picked":"hermit:Virtue","floor":7},{"not_picked":["hermit:LowProfile","hermit:ItchyTrigger"],"picked":"hermit:Dive","floor":10},{"not_picked":["hermit:LoneWolf","hermit:Manifest"],"picked":"hermit:Snipe","floor":12},{"not_picked":["hermit:Enervate","hermit:CursedWeapon"],"picked":"hermit:HighNoon","floor":13},{"not_picked":["hermit:Ricochet","hermit:LoneWolf"],"picked":"hermit:ShadowCloak","floor":14}],"player_experience":136,"relics_obtained":[{"floor":7,"key":"Boot"},{"floor":9,"key":"Ancient Tea Set"},{"floor":14,"key":"Gremlin Horn"}],"event_choices":[],"is_beta":false,"boss_relics":[],"items_purged_floors":[],"is_endless":false,"potions_floor_spawned":[3,5,7,13],"killed_by":"Hallownest:BossHornet","ascension_level":0}}