{"host":"pkysykycfg9bua8p","time":1607509189,"event":{"gold_per_floor":[112,112,58,71,88,88,88,100,100,100,100,100,131,2,2,103,103,118,136,156,156,156,156,156,173,173,173,173,173,22,22,22,22,22],"floor_reached":33,"playtime":1576,"items_purged":[],"score":268,"play_id":"8faf6331-45e4-41b3-bfc1-89f1ef50d8eb","local_time":"20201209231949","daily_mods":["Heirloom"],"is_ascension_mode":false,"campfire_choices":[{"data":"Burn","floor":7,"key":"PURGE"},{"data":"Strike_B","floor":10,"key":"PURGE"},{"data":"Strike_B","floor":12,"key":"PURGE"},{"floor":15,"key":"REST"},{"floor":23,"key":"REST"},{"floor":29,"key":"REST"},{"data":"Zap","floor":32,"key":"SMITH"}],"neow_cost":"","seed_source_timestamp":4317635737599,"circlet_count":0,"master_deck":["Defend_B","Defend_B","Defend_B","Defend_B","Zap","Dualcast","Rebound","Redo","Static Discharge","Static Discharge","Multi-Cast","Rebound+1","White Noise+1","Chill","Melter+1","Bite","Bite","Bite","Bite","Bite","Lockon","Zap+1"],"relics":["Cracked Core","Ice Cream","Peace Pipe","Incense Burner","White Beast Statue","SacredBark","Pen Nib","Nilry\u0027s Codex"],"potions_floor_usage":[13,16,18,19,19,22,25,33,33,33],"damage_taken":[{"damage":6,"enemies":"2 Louse","floor":1,"turns":2},{"damage":6,"enemies":"Cultist","floor":4,"turns":3},{"damage":8,"enemies":"Small Slimes","floor":5,"turns":3},{"damage":3,"enemies":"2 Fungi Beasts","floor":8,"turns":3},{"damage":32,"enemies":"Gremlin Nob","floor":13,"turns":4},{"damage":21,"enemies":"The Guardian","floor":16,"turns":9},{"damage":11,"enemies":"3 Byrds","floor":18,"turns":2},{"damage":7,"enemies":"Shell Parasite","floor":19,"turns":4},{"damage":15,"enemies":"Snake Plant","floor":20,"turns":3},{"damage":0,"enemies":"Snecko","floor":22,"turns":1},{"damage":25,"enemies":"Shelled Parasite and Fungi","floor":25,"turns":7},{"damage":69,"enemies":"Champ","floor":33,"turns":9}],"seed_played":"-1791193289135552608","potions_obtained":[{"floor":8,"key":"SteroidPotion"},{"floor":16,"key":"AttackPotion"},{"floor":18,"key":"EntropicBrew"},{"floor":19,"key":"SmokeBomb"},{"floor":20,"key":"SkillPotion"},{"floor":25,"key":"Explosive Potion"}],"is_trial":true,"path_per_floor":["M","?","$","M","M","?","R","M","T","R","?","R","E","$","R","B",null,"M","M","M","?","M","R","?","M","T","?","?","R","$","?","R","B"],"character_chosen":"DEFECT","items_purchased":["Redo","Static Discharge","Fire Potion","PotionOfCapacity","Lockon"],"campfire_rested":3,"item_purchase_floors":[3,14,14,30,30],"current_hp_per_floor":[69,69,69,63,55,55,55,52,52,52,52,52,20,20,42,21,75,64,57,42,28,28,52,78,53,53,53,37,53,53,53,53,0,0],"gold":22,"neow_bonus":"","is_prod":false,"is_daily":false,"chose_seed":false,"campfire_upgraded":1,"win_rate":0,"timestamp":1607509189,"path_taken":["M","?","$","?","M","?","R","M","T","R","?","R","E","$","R","BOSS","M","?","M","?","M","R","?","M","T","?","?","R","$","?","R","BOSS"],"build_version":"2020-11-30","purchased_purges":0,"victory":false,"max_hp_per_floor":[75,75,75,75,75,75,75,75,75,75,75,75,75,75,75,75,75,75,75,75,80,80,80,80,80,80,56,56,56,56,56,56,56,56],"card_choices":[{"not_picked":["Stack","Go for the Eyes"],"picked":"Rebound","floor":1},{"not_picked":["Double Energy","Go for the Eyes"],"picked":"Static Discharge","floor":4},{"not_picked":["Gash","Cold Snap","White Noise"],"picked":"SKIP","floor":5},{"not_picked":["Cold Snap","Reinforced Body","Coolheaded"],"picked":"SKIP","floor":8},{"not_picked":["Melter","Storm","Streamline"],"picked":"SKIP","floor":13},{"not_picked":["Rainbow","All For One"],"picked":"Multi-Cast","floor":16},{"not_picked":["Go for the Eyes","Ball Lightning"],"picked":"Rebound+1","floor":18},{"not_picked":["Reinforced Body","Self Repair"],"picked":"White Noise+1","floor":19},{"not_picked":["Beam Cell","Hologram"],"picked":"Chill","floor":20},{"not_picked":["Conserve Battery","Sweeping Beam"],"picked":"Melter+1","floor":25}],"player_experience":43073,"relics_obtained":[{"floor":2,"key":"Peace Pipe"},{"floor":9,"key":"Incense Burner"},{"floor":13,"key":"White Beast Statue"},{"floor":26,"key":"Pen Nib"},{"floor":28,"key":"Nilry\u0027s Codex"}],"event_choices":[{"damage_healed":0,"gold_gain":0,"player_choice":"Relic","damage_taken":0,"max_hp_gain":0,"max_hp_loss":0,"event_name":"Wheel of Change","floor":2,"gold_loss":0},{"damage_healed":55,"gold_gain":0,"player_choice":"Embrace Burn","damage_taken":0,"max_hp_gain":0,"max_hp_loss":75,"event_name":"betterThird:BetterShining","floor":6,"gold_loss":0},{"cards_removed":["Strike_B"],"damage_healed":0,"gold_gain":0,"player_choice":"Offered Basic","damage_taken":0,"max_hp_gain":0,"max_hp_loss":0,"event_name":"Bonfire Elementals","floor":11,"gold_loss":0},{"damage_healed":0,"gold_gain":0,"player_choice":"Shed Blood","damage_taken":19,"max_hp_gain":5,"max_hp_loss":0,"event_name":"Forgotten Altar","floor":21,"gold_loss":0},{"damage_healed":26,"gold_gain":0,"player_choice":"Heal","damage_taken":0,"max_hp_gain":0,"max_hp_loss":0,"event_name":"The Library","floor":24,"gold_loss":0},{"damage_healed":0,"gold_gain":0,"player_choice":"Became a vampire","damage_taken":0,"max_hp_gain":0,"max_hp_loss":24,"event_name":"Vampires","floor":27,"gold_loss":0,"cards_obtained":["Bite","Bite","Bite","Bite","Bite"]},{"damage_healed":0,"gold_gain":0,"player_choice":"Obtained Book","damage_taken":16,"max_hp_gain":0,"max_hp_loss":0,"event_name":"Cursed Tome","floor":28,"gold_loss":0},{"damage_healed":0,"gold_gain":0,"player_choice":"Copied","damage_taken":0,"max_hp_gain":0,"max_hp_loss":0,"event_name":"Duplicator","floor":31,"gold_loss":0,"cards_obtained":["Zap"]}],"is_beta":false,"boss_relics":[{"not_picked":["Runic Dome","FrozenCore"],"picked":"SacredBark"}],"items_purged_floors":[],"is_endless":false,"potions_floor_spawned":[8,16,18,19,20,22,25],"killed_by":"Champ","ascension_level":0}}