{"host":"mmqs5ul2bvb60kyc","time":1607494296,"event":{"gold_per_floor":[118,118,20,37,57,57,86,86,109,9,22,22,37,75,75,199,199,215,238,238,90,105,139,159,159,159,200,216,216,235,270,270,394,394,419,110,131,156,256,256,269,302,302,336,351,351,374,412,412,412,412],"floor_reached":50,"playtime":1899,"items_purged":["Strike_P","Defend_P","Writhe","Defend_P"],"score":1021,"play_id":"5ce27bdf-b921-4097-92c3-af4d84f4fbd8","local_time":"20201209141136","is_ascension_mode":true,"campfire_choices":[{"data":"Eruption","floor":6.0,"key":"SMITH"},{"data":"Adaptation","floor":8.0,"key":"SMITH"},{"data":"Tantrum","floor":15.0,"key":"SMITH"},{"data":"Fasting2","floor":25.0,"key":"SMITH"},{"data":"Ragnarok","floor":29.0,"key":"SMITH"},{"data":"Collect","floor":32.0,"key":"SMITH"},{"data":"Establishment","floor":40.0,"key":"SMITH"},{"data":"Ragnarok","floor":46.0,"key":"SMITH"},{"floor":49.0,"key":"RECALL"}],"neow_cost":"NONE","seed_source_timestamp":337586947237800,"circlet_count":0,"master_deck":["Strike_P","Strike_P","Strike_P","Defend_P","Defend_P","Eruption+1","Vigilance","Collect+1","Establishment+1","Eruption","Jack Of All Trades","CutThroughFate","TalkToTheHand","Fasting2+1","Adaptation+1","Tantrum+1","Conclude","WindmillStrike","Ragnarok+1","WheelKick","EmptyFist","Adaptation+1","CutThroughFate","FlurryOfBlows","Evaluate","Ragnarok+1","CurseOfTheBell","DevaForm","TalkToTheHand+1","Protect+1","Fasting2+1","Omniscience","EmptyBody","CutThroughFate+1"],"special_seed":0,"relics":["PureWater","NeowsBlessing","Akabeko","Bag of Marbles","Golden Idol","Pear","Philosopher\u0027s Stone","Eternal Feather","StoneCalendar","Oddly Smooth Stone","Turnip","Calling Bell","Smiling Mask","Molten Egg 2","Unceasing Top","Pen Nib","Shuriken","TungstenRod","Bottled Lightning"],"potions_floor_usage":[],"damage_taken":[{"damage":0.0,"enemies":"Jaw Worm","floor":1.0,"turns":1.0},{"damage":0.0,"enemies":"Cultist","floor":4.0,"turns":1.0},{"damage":0.0,"enemies":"Small Slimes","floor":5.0,"turns":1.0},{"damage":0.0,"enemies":"Lagavulin","floor":7.0,"turns":4.0},{"damage":2.0,"enemies":"3 Louse","floor":11.0,"turns":2.0},{"damage":9.0,"enemies":"Lots of Slimes","floor":13.0,"turns":3.0},{"damage":9.0,"enemies":"Gremlin Nob","floor":14.0,"turns":3.0},{"damage":35.0,"enemies":"Hexaghost","floor":16.0,"turns":8.0},{"damage":14.0,"enemies":"Shell Parasite","floor":18.0,"turns":2.0},{"damage":0.0,"enemies":"Spheric Guardian","floor":19.0,"turns":1.0},{"damage":0.0,"enemies":"Cultist and Chosen","floor":22.0,"turns":1.0},{"damage":0.0,"enemies":"Gremlin Leader","floor":23.0,"turns":3.0},{"damage":4.0,"enemies":"Chosen and Byrds","floor":24.0,"turns":4.0},{"damage":7.0,"enemies":"Book of Stabbing","floor":27.0,"turns":2.0},{"damage":0.0,"enemies":"Snake Plant","floor":28.0,"turns":1.0},{"damage":0.0,"enemies":"Snecko","floor":30.0,"turns":1.0},{"damage":0.0,"enemies":"Gremlin Leader","floor":31.0,"turns":2.0},{"damage":37.0,"enemies":"Collector","floor":33.0,"turns":4.0},{"damage":8.0,"enemies":"3 Darklings","floor":35.0,"turns":3.0},{"damage":29.0,"enemies":"3 Shapes","floor":37.0,"turns":7.0},{"damage":22.0,"enemies":"Spire Growth","floor":38.0,"turns":4.0},{"damage":0.0,"enemies":"Jaw Worm Horde","floor":41.0,"turns":2.0},{"damage":0.0,"enemies":"Reptomancer","floor":42.0,"turns":1.0},{"damage":15.0,"enemies":"Giant Head","floor":44.0,"turns":5.0},{"damage":0.0,"enemies":"3 Darklings","floor":45.0,"turns":2.0},{"damage":0.0,"enemies":"Maw","floor":47.0,"turns":8.0},{"damage":25.0,"enemies":"Reptomancer","floor":48.0,"turns":5.0},{"damage":27,"enemies":"Time Eater","floor":50,"turns":2}],"seed_played":"-2678040454472984110","potions_obtained":[{"floor":1.0,"key":"SteroidPotion"},{"floor":11.0,"key":"PowerPotion"},{"floor":14.0,"key":"Weak Potion"},{"floor":18.0,"key":"Ambrosia"},{"floor":19.0,"key":"Ambrosia"},{"floor":30.0,"key":"SkillPotion"},{"floor":31.0,"key":"LiquidBronze"},{"floor":44.0,"key":"GamblersBrew"}],"is_trial":false,"path_per_floor":["M","?","$","M","M","R","E","R","T","$","M","?","M","E","R","B",null,"M","M","?","$","M","E","M","R","T","E","M","R","M","E","R","B",null,"M","$","M","M","?","R","M","E","T","E","M","R","M","E","R","B"],"character_chosen":"WATCHER","items_purchased":["CutThroughFate","EmptyFist","DevaForm","EntropicBrew"],"campfire_rested":0,"item_purchase_floors":[3,21,36,36],"current_hp_per_floor":[65,65,65,65,65,65,65,65,65,65,63,63,54,55,55,20,63,49,49,49,49,49,49,45,57,57,50,50,65,65,65,77,40,68,60,60,31,9,9,27,27,27,27,12,12,30,30,5,23,0,0],"gold":412,"neow_bonus":"THREE_ENEMY_KILL","is_prod":false,"is_daily":false,"chose_seed":false,"campfire_upgraded":8,"win_rate":0,"timestamp":1607494296,"path_taken":["M","?","$","M","M","R","E","R","T","?","M","?","M","E","R","BOSS","M","M","?","$","M","E","M","R","T","E","M","R","M","E","R","BOSS","M","$","M","M","?","R","M","E","T","E","M","R","?","E","R","BOSS"],"build_version":"2020-11-30","purchased_purges":4,"victory":false,"max_hp_per_floor":[72,72,72,72,72,72,72,72,72,72,72,67,67,77,77,77,77,77,77,77,77,77,77,77,77,77,77,77,77,77,77,77,77,77,77,77,77,77,77,77,77,77,77,77,77,77,77,77,77,77,77],"card_choices":[{"not_picked":["CrushJoints","FollowUp","Meditate"],"picked":"SKIP","floor":1.0},{"not_picked":["EmptyFist","FollowUp"],"picked":"TalkToTheHand","floor":4.0},{"not_picked":["Prostrate","Perseverance"],"picked":"Fasting2","floor":5.0},{"not_picked":["Protect","Consecrate"],"picked":"Adaptation","floor":7.0},{"not_picked":["ClearTheMind","BowlingBash"],"picked":"Tantrum","floor":11.0},{"not_picked":["Consecrate","Fasting2"],"picked":"Conclude","floor":13.0},{"not_picked":["Sanctity","FollowUp"],"picked":"WindmillStrike","floor":14.0},{"not_picked":["Devotion","DeusExMachina"],"picked":"Ragnarok","floor":16.0},{"not_picked":["EmptyBody","JustLucky+1"],"picked":"WheelKick","floor":18.0},{"not_picked":["Protect","PathToVictory+1","Prostrate"],"picked":"SKIP","floor":19.0},{"not_picked":["EmptyBody","Ragnarok"],"picked":"Adaptation+1","floor":22.0},{"not_picked":["Crescendo","Devotion","Study"],"picked":"SKIP","floor":23.0},{"not_picked":["Tantrum","WaveOfTheHand"],"picked":"CutThroughFate","floor":24.0},{"not_picked":["DeceiveReality","Meditate","PathToVictory+1"],"picked":"SKIP","floor":27.0},{"not_picked":["JustLucky","Consecrate"],"picked":"FlurryOfBlows","floor":28.0},{"not_picked":["Blasphemy","WreathOfFlame+1"],"picked":"Evaluate","floor":30.0},{"not_picked":["LikeWater+1","Nirvana+1","FlurryOfBlows"],"picked":"SKIP","floor":31.0},{"not_picked":["DeusExMachina","Alpha"],"picked":"Ragnarok","floor":33.0},{"not_picked":["Meditate+1","Pray","WreathOfFlame"],"picked":"SKIP","floor":35.0},{"not_picked":["Crescendo","SashWhip+1"],"picked":"TalkToTheHand+1","floor":37.0},{"not_picked":["Prostrate+1","PathToVictory+1"],"picked":"Protect+1","floor":38.0},{"not_picked":["Consecrate+1","Nirvana"],"picked":"Fasting2+1","floor":41.0},{"not_picked":["Evaluate+1","SignatureMove+1"],"picked":"Omniscience","floor":42.0},{"not_picked":["Pray","BattleHymn","FollowUp+1"],"picked":"SKIP","floor":44.0},{"not_picked":["ForeignInfluence+1","CrushJoints+1"],"picked":"EmptyBody","floor":45.0},{"not_picked":["Conclude+1","ConjureBlade","Crescendo+1"],"picked":"SKIP","floor":47.0},{"not_picked":["Meditate+1","Nirvana"],"picked":"CutThroughFate+1","floor":48.0}],"player_experience":187002,"relics_obtained":[{"floor":7.0,"key":"Akabeko"},{"floor":9.0,"key":"Bag of Marbles"},{"floor":14.0,"key":"Pear"},{"floor":23.0,"key":"StoneCalendar"},{"floor":27.0,"key":"Oddly Smooth Stone"},{"floor":31.0,"key":"Turnip"},{"floor":34.0,"key":"Smiling Mask"},{"floor":34.0,"key":"Molten Egg 2"},{"floor":34.0,"key":"Unceasing Top"},{"floor":42.0,"key":"Pen Nib"},{"floor":43.0,"key":"Shuriken"},{"floor":44.0,"key":"TungstenRod"},{"floor":48.0,"key":"Bottled Lightning"}],"event_choices":[{"damage_healed":0.0,"max_hp_gain":0.0,"max_hp_loss":0.0,"gold_gain":0.0,"event_name":"Match and Keep!","player_choice":"4 cards matched","floor":2.0,"gold_loss":0.0,"damage_taken":0.0,"cards_obtained":["Collect","Establishment","Eruption","Jack Of All Trades"]},{"damage_healed":0.0,"max_hp_gain":0.0,"max_hp_loss":5.0,"gold_gain":0.0,"event_name":"Golden Idol","player_choice":"Lose Max HP","floor":12.0,"gold_loss":0.0,"damage_taken":0.0,"relics_obtained":["Golden Idol"]},{"damage_healed":0.0,"max_hp_gain":0.0,"max_hp_loss":0.0,"gold_gain":0.0,"event_name":"The Mausoleum","player_choice":"Opened","floor":20.0,"gold_loss":0.0,"damage_taken":0.0,"relics_obtained":["Eternal Feather"],"cards_obtained":["Writhe"]},{"damage_healed":0.0,"max_hp_gain":0.0,"max_hp_loss":0.0,"gold_gain":100.0,"event_name":"Golden Shrine","player_choice":"Pray","floor":39.0,"gold_loss":0.0,"damage_taken":0.0}],"is_beta":false,"boss_relics":[{"not_picked":["Black Star","Empty Cage"],"picked":"Philosopher\u0027s Stone"},{"not_picked":["VioletLotus","Runic Dome"],"picked":"Calling Bell"}],"items_purged_floors":[3,10,21,36],"is_endless":false,"potions_floor_spawned":[1,11,14,18,19,22,30,31,38,44],"killed_by":"Time Eater","ascension_level":8}}