{"host":"njmgeqb93k02wh7c","time":1607490191,"event":{"gold_per_floor":[114,134,59,79,29,29,62,77,102,116,149,149,149,169,169,272,272],"floor_reached":16,"playtime":2416,"items_purged":["Defend_R"],"score":219,"play_id":"64742e94-be79-4fea-8b47-492cf9eb5b31","local_time":"20201209140311","is_ascension_mode":true,"campfire_choices":[{"data":"Offering","floor":6.0,"key":"SMITH"},{"data":"Body Slam","floor":12,"key":"SMITH"},{"data":"Immolate","floor":15,"key":"SMITH"}],"neow_cost":"TEN_PERCENT_HP_LOSS","seed_source_timestamp":155403395930700,"circlet_count":0,"master_deck":["Strike_R","Strike_R","Strike_R","Strike_R","Defend_R","Defend_R","Defend_R","Bash","Offering+1","Shrug It Off","Flame Barrier","Anger","Body Slam+1","Second Wind","Shockwave","Immolate+1","Headbutt"],"special_seed":0,"relics":["Burning Blood","Ancient Tea Set","Oddly Smooth Stone","Boot","Pantograph"],"potions_floor_usage":[11],"damage_taken":[{"damage":7.0,"enemies":"Jaw Worm","floor":1.0,"turns":3.0},{"damage":1.0,"enemies":"2 Louse","floor":2.0,"turns":4.0},{"damage":8.0,"enemies":"Cultist","floor":4.0,"turns":4.0},{"damage":26.0,"enemies":"Lagavulin","floor":7.0,"turns":5.0},{"damage":9.0,"enemies":"Blue Slaver","floor":8.0,"turns":4.0},{"damage":0.0,"enemies":"Exordium Wildlife","floor":10.0,"turns":5.0},{"damage":13,"enemies":"Gremlin Nob","floor":11,"turns":4},{"damage":7,"enemies":"Large Slime","floor":14,"turns":6},{"damage":43,"enemies":"The Guardian","floor":16,"turns":12}],"seed_played":"-8123312833490705023","potions_obtained":[{"floor":1.0,"key":"GamblersBrew"},{"floor":4.0,"key":"FearPotion"},{"floor":7.0,"key":"ElixirPotion"},{"floor":16,"key":"ColorlessPotion"}],"is_trial":false,"path_per_floor":["M","M","$","M","?","R","E","M","T","M","E","R","T","M","R","B"],"character_chosen":"IRONCLAD","items_purchased":[],"campfire_rested":0,"item_purchase_floors":[],"current_hp_per_floor":[71,72,72,70,70,70,50,47,47,53,46,46,46,45,45,33,33],"gold":272,"neow_bonus":"THREE_RARE_CARDS","is_prod":false,"is_daily":false,"chose_seed":false,"campfire_upgraded":3,"win_rate":0,"timestamp":1607490191,"path_taken":["M","M","$","M","?","R","E","M","T","M","E","R","?","M","R","BOSS"],"build_version":"2020-11-29","purchased_purges":1,"victory":false,"max_hp_per_floor":[72,72,72,72,72,72,72,72,72,72,72,72,72,72,72,72,72],"card_choices":[{"not_picked":["Juggernaut","Corruption"],"picked":"Offering","floor":0.0},{"not_picked":["Metallicize","Rupture"],"picked":"Shrug It Off","floor":1.0},{"not_picked":["Pommel Strike","Sword Boomerang"],"picked":"Flame Barrier","floor":2.0},{"not_picked":["Ghostly Armor","Warcry"],"picked":"Anger","floor":4.0},{"not_picked":["Fiend Fire","Dropkick"],"picked":"Body Slam","floor":7.0},{"not_picked":["Clothesline","Heavy Blade"],"picked":"Second Wind","floor":8.0},{"not_picked":["Havoc","Warcry"],"picked":"Shockwave","floor":10.0},{"not_picked":["True Grit","Anger"],"picked":"Immolate","floor":11},{"not_picked":["Warcry","Twin Strike"],"picked":"Headbutt","floor":14}],"player_experience":308991,"relics_obtained":[{"floor":7.0,"key":"Ancient Tea Set"},{"floor":9.0,"key":"Oddly Smooth Stone"},{"floor":11,"key":"Boot"},{"floor":13,"key":"Pantograph"}],"event_choices":[{"cards_removed":["Strike_R"],"damage_healed":0.0,"max_hp_gain":0.0,"max_hp_loss":0.0,"gold_gain":0.0,"event_name":"The Cleric","player_choice":"Card Removal","floor":5.0,"gold_loss":50.0,"damage_taken":0.0}],"is_beta":false,"boss_relics":[],"items_purged_floors":[3],"is_endless":false,"potions_floor_spawned":[1,4,7,16],"killed_by":"The Guardian","ascension_level":7}}