{"host":"rmsq46plbpwfbxcc","time":1607495854,"event":{"gold_per_floor":[118,118,129,49,61,61,92,17,17,46,46,46,46,63,63,135,135,145,145,145,163,63,63,90,90,90,90,15,49,68,68,68,140,140,160,35,60,74,74,74,109,120,143,143,143,176,176,176],"floor_reached":47,"playtime":1422,"items_purged":["Strike_G","Defend_G","Defend_G"],"score":1035,"play_id":"c7d2ebbf-7dc3-4eae-9fc6-80ff4abc7902","local_time":"20201209153734","is_ascension_mode":true,"campfire_choices":[{"data":"Neutralize","floor":6.0,"key":"SMITH"},{"floor":12.0,"key":"REST"},{"data":"Blade Dance","floor":15.0,"key":"SMITH"},{"data":"After Image","floor":23.0,"key":"SMITH"},{"data":"Terror","floor":25.0,"key":"SMITH"},{"data":"Accuracy","floor":27.0,"key":"SMITH"},{"data":"Cloak And Dagger","floor":32.0,"key":"SMITH"},{"data":"A Thousand Cuts","floor":40.0,"key":"SMITH"},{"data":"Finisher","floor":44.0,"key":"SMITH"}],"neow_cost":"NONE","seed_source_timestamp":1879703724053000,"circlet_count":0,"master_deck":["AscendersBane","Strike_G","Strike_G","Defend_G","Defend_G","Defend_G","Survivor","Neutralize+1","Dagger Spray","Blade Dance+1","PiercingWail","Choke","Accuracy+1","Cloak And Dagger+1","Backflip","After Image+1","PiercingWail","Terror+1","Finisher+1","A Thousand Cuts+1","Escape Plan","Well Laid Plans+1","Escape Plan","Blur+1"],"special_seed":0,"relics":["Ring of the Snake","NeowsBlessing","Prayer Wheel","Ornamental Fan","Ginger","Boot","Philosopher\u0027s Stone","Bottled Lightning","Ninja Scroll","Gremlin Horn","Black Star","Torii","Toy Ornithopter","Art of War","Pantograph","Omamori","Sundial","Toxic Egg 2"],"potions_floor_usage":[47],"damage_taken":[{"damage":0.0,"enemies":"Jaw Worm","floor":1.0,"turns":1.0},{"damage":0.0,"enemies":"Cultist","floor":3.0,"turns":1.0},{"damage":0.0,"enemies":"Small Slimes","floor":5.0,"turns":1.0},{"damage":29.0,"enemies":"3 Sentries","floor":7.0,"turns":8.0},{"damage":24.0,"enemies":"Lagavulin","floor":10.0,"turns":9.0},{"damage":0.0,"enemies":"Red Slaver","floor":14.0,"turns":3.0},{"damage":17.0,"enemies":"Slime Boss","floor":16.0,"turns":6.0},{"damage":0.0,"enemies":"Shell Parasite","floor":18.0,"turns":3.0},{"damage":10.0,"enemies":"Spheric Guardian","floor":21.0,"turns":5.0},{"damage":1.0,"enemies":"Book of Stabbing","floor":24.0,"turns":6.0},{"damage":0.0,"enemies":"Gremlin Leader","floor":29.0,"turns":5.0},{"damage":2.0,"enemies":"Centurion and Healer","floor":30.0,"turns":5.0},{"damage":32.0,"enemies":"Automaton","floor":33.0,"turns":8.0},{"damage":1.0,"enemies":"3 Shapes","floor":35.0,"turns":5.0},{"damage":0.0,"enemies":"Mind Bloom Boss Battle","floor":37.0,"turns":2.0},{"damage":7.0,"enemies":"3 Darklings","floor":38.0,"turns":4.0},{"damage":0.0,"enemies":"Nemesis","floor":41.0,"turns":5.0},{"damage":1.0,"enemies":"Spire Growth","floor":42.0,"turns":4.0},{"damage":2.0,"enemies":"Reptomancer","floor":46.0,"turns":5.0},{"damage":76,"enemies":"Transient","floor":47,"turns":5}],"seed_played":"-421043563516870587","potions_obtained":[{"floor":3.0,"key":"SpeedPotion"},{"floor":14.0,"key":"Swift Potion"},{"floor":16.0,"key":"GamblersBrew"},{"floor":18.0,"key":"PowerPotion"},{"floor":21.0,"key":"ColorlessPotion"},{"floor":30.0,"key":"CunningPotion"},{"floor":33.0,"key":"SteroidPotion"},{"floor":37.0,"key":"SpeedPotion"},{"floor":38.0,"key":"BlessingOfTheForge"},{"floor":41.0,"key":"PowerPotion"}],"is_trial":false,"path_per_floor":["M","?","M","$","M","R","E","$","T","E","?","R","?","M","R","B",null,"M","?","?","M","$","R","E","R","T","R","?","E","M","$","R","B",null,"M","$","?","M","T","R","E","M","T","R","?","E","M"],"character_chosen":"THE_SILENT","items_purchased":["Choke"],"campfire_rested":1,"item_purchase_floors":[4],"current_hp_per_floor":[59,59,59,59,59,59,30,30,30,6,6,25,25,25,25,8,52,52,52,52,42,42,42,41,41,41,41,41,41,39,39,39,7,51,50,50,50,43,43,43,48,47,47,47,47,50,0,0],"gold":176,"neow_bonus":"THREE_ENEMY_KILL","is_prod":false,"is_daily":false,"chose_seed":false,"campfire_upgraded":8,"win_rate":0,"timestamp":1607495854,"path_taken":["M","?","?","$","?","R","E","$","T","E","?","R","?","?","R","BOSS","M","?","?","M","$","R","E","R","T","R","?","E","M","?","R","BOSS","M","$","?","M","?","R","E","?","T","R","?","E","M"],"build_version":"2020-11-30","purchased_purges":3,"victory":false,"max_hp_per_floor":[66,66,66,66,66,66,66,66,66,66,66,66,66,66,66,66,66,66,66,66,66,66,66,66,66,66,66,66,66,66,66,66,66,66,66,66,66,66,66,66,66,66,66,66,66,66,66,66],"card_choices":[{"not_picked":["Acrobatics","Heel Hook"],"picked":"Dagger Spray","floor":1.0},{"not_picked":["Quick Slash","Setup"],"picked":"Blade Dance","floor":3.0},{"not_picked":["Poisoned Stab","Prepared"],"picked":"PiercingWail","floor":3.0},{"not_picked":["Quick Slash","Well Laid Plans"],"picked":"Accuracy","floor":5.0},{"not_picked":["Flying Knee","Underhanded Strike","Blade Dance"],"picked":"SKIP","floor":5.0},{"not_picked":["Well Laid Plans","Tools of the Trade"],"picked":"Cloak And Dagger","floor":7.0},{"not_picked":["Heel Hook","Caltrops","Dagger Throw"],"picked":"SKIP","floor":10.0},{"not_picked":["Footwork","Sucker Punch"],"picked":"Backflip","floor":14.0},{"not_picked":["Riddle With Holes","Flying Knee","Catalyst"],"picked":"SKIP","floor":14.0},{"not_picked":["Corpse Explosion","Die Die Die"],"picked":"After Image","floor":16.0},{"not_picked":["Backflip","Predator"],"picked":"PiercingWail","floor":18.0},{"not_picked":["Poisoned Stab","Skewer+1","Eviscerate"],"picked":"SKIP","floor":18.0},{"not_picked":["Dagger Throw","Dagger Spray","Sucker Punch"],"picked":"SKIP","floor":21.0},{"not_picked":["Choke","Underhanded Strike+1","Slice"],"picked":"SKIP","floor":21.0},{"not_picked":["Footwork","Skewer","Poisoned Stab"],"picked":"SKIP","floor":24.0},{"not_picked":["Outmaneuver","Predator","Bane"],"picked":"SKIP","floor":29.0},{"not_picked":["Blur","Outmaneuver"],"picked":"Finisher","floor":30.0},{"not_picked":["Noxious Fumes","Terror","Quick Slash"],"picked":"SKIP","floor":30.0},{"not_picked":["Doppelganger","Night Terror"],"picked":"A Thousand Cuts","floor":33.0},{"not_picked":["Calculated Gamble+1","Catalyst"],"picked":"Escape Plan","floor":35.0},{"not_picked":["Cloak And Dagger","Deadly Poison","Predator+1"],"picked":"SKIP","floor":35.0},{"not_picked":["Deflect","Underhanded Strike+1"],"picked":"Well Laid Plans+1","floor":37.0},{"not_picked":["Expertise+1","Blade Dance"],"picked":"Escape Plan","floor":38.0},{"not_picked":["Backflip","Sucker Punch","Dodge and Roll"],"picked":"SKIP","floor":38.0},{"not_picked":["Dagger Throw","Deflect+1","Dodge and Roll"],"picked":"SKIP","floor":41.0},{"not_picked":["Choke+1","Escape Plan"],"picked":"Blur+1","floor":42.0},{"not_picked":["Dagger Spray","Slice","Leg Sweep+1"],"picked":"SKIP","floor":42.0},{"not_picked":["Distraction+1","Blur+1","Tools of the Trade"],"picked":"SKIP","floor":46.0}],"player_experience":1292589,"relics_obtained":[{"floor":2.0,"key":"Prayer Wheel"},{"floor":7.0,"key":"Ornamental Fan"},{"floor":9.0,"key":"Ginger"},{"floor":10.0,"key":"Boot"},{"floor":24.0,"key":"Bottled Lightning"},{"floor":26.0,"key":"Ninja Scroll"},{"floor":29.0,"key":"Gremlin Horn"},{"floor":37.0,"key":"Torii"},{"floor":39.0,"key":"Toy Ornithopter"},{"floor":41.0,"key":"Art of War"},{"floor":41.0,"key":"Pantograph"},{"floor":43.0,"key":"Omamori"},{"floor":46.0,"key":"Sundial"},{"floor":46.0,"key":"Toxic Egg 2"}],"event_choices":[{"damage_healed":0.0,"max_hp_gain":0.0,"max_hp_loss":0.0,"gold_gain":0.0,"event_name":"Wheel of Change","player_choice":"Relic","floor":2.0,"gold_loss":0.0,"damage_taken":0.0},{"damage_healed":0.0,"max_hp_gain":0.0,"max_hp_loss":0.0,"gold_gain":0.0,"event_name":"Shining Light","player_choice":"Ignored","floor":11.0,"gold_loss":0.0,"damage_taken":0.0},{"cards_removed":["Strike_G"],"damage_healed":0.0,"max_hp_gain":0.0,"max_hp_loss":0.0,"gold_gain":0.0,"event_name":"Purifier","player_choice":"Purged","floor":13.0,"gold_loss":0.0,"damage_taken":0.0},{"damage_healed":0.0,"max_hp_gain":0.0,"max_hp_loss":0.0,"gold_gain":0.0,"event_name":"Ghosts","player_choice":"Ignored","floor":19.0,"gold_loss":0.0,"damage_taken":0.0},{"damage_healed":0.0,"max_hp_gain":0.0,"max_hp_loss":0.0,"gold_gain":0.0,"event_name":"The Library","player_choice":"Read","floor":20.0,"gold_loss":0.0,"damage_taken":0.0,"cards_obtained":["Terror"]},{"cards_removed":["Strike_G"],"damage_healed":0.0,"max_hp_gain":0.0,"max_hp_loss":0.0,"gold_gain":0.0,"event_name":"Beggar","player_choice":"Gave Gold","floor":28.0,"gold_loss":75.0,"damage_taken":0.0},{"damage_healed":0.0,"max_hp_gain":0.0,"max_hp_loss":0.0,"gold_gain":0.0,"event_name":"MindBloom","player_choice":"Fight","floor":37.0,"gold_loss":0.0,"damage_taken":0.0},{"damage_healed":0.0,"max_hp_gain":0.0,"max_hp_loss":0.0,"gold_gain":0.0,"event_name":"Tomb of Lord Red Mask","player_choice":"Ignored","floor":45.0,"gold_loss":0.0,"damage_taken":0.0}],"is_beta":false,"boss_relics":[{"not_picked":["Empty Cage","HoveringKite"],"picked":"Philosopher\u0027s Stone"},{"not_picked":["Coffee Dripper","Runic Dome"],"picked":"Black Star"}],"items_purged_floors":[8,22,36],"is_endless":false,"potions_floor_spawned":[3,14,16,18,21,30,33,37,38,41],"killed_by":"Transient","ascension_level":16}}