{"host":"k5dhp0bkccqfauyu","time":1607505813,"event":{"gold_per_floor":[13,32,47,47,63,88,88,88,88],"floor_reached":8,"playtime":283,"items_purged":[],"score":116,"play_id":"045903c3-fe9a-4635-9902-fbf7bdf9b204","local_time":"20201209202333","is_ascension_mode":true,"campfire_choices":[],"neow_cost":"NO_GOLD","seed_source_timestamp":689642203400,"circlet_count":0,"master_deck":["AscendersBane","Strike_P","Strike_P","Strike_P","Strike_P","Defend_P","Defend_P","Defend_P","Defend_P","Eruption","Vigilance","Devotion","Worship+1","Prostrate","BowlingBash","Consecrate","SpiritShield"],"relics":["PureWater","Ginger"],"potions_floor_usage":[5,6,7],"damage_taken":[{"damage":0,"enemies":"2 Louse","floor":1,"turns":3},{"damage":9,"enemies":"Small Slimes","floor":2,"turns":4},{"damage":5,"enemies":"Jaw Worm","floor":3,"turns":5},{"damage":2,"enemies":"3 Louse","floor":5,"turns":3},{"damage":22,"enemies":"Gremlin Nob","floor":6,"turns":3},{"damage":0,"enemies":"The Mushroom Lair","floor":7,"turns":2},{"damage":25,"enemies":"3 Sentries","floor":8,"turns":7}],"seed_played":"-8065944416869374765","potions_obtained":[{"floor":2,"key":"Explosive Potion"},{"floor":3,"key":"SmokeBomb"},{"floor":5,"key":"CultistPotion"}],"is_trial":false,"path_per_floor":["M","M","M","?","M","E","?","E"],"character_chosen":"WATCHER","items_purchased":[],"campfire_rested":0,"item_purchase_floors":[],"current_hp_per_floor":[61,52,47,47,45,23,23,0,0],"gold":88,"neow_bonus":"THREE_RARE_CARDS","is_prod":false,"is_daily":false,"chose_seed":false,"campfire_upgraded":0,"win_rate":0,"timestamp":1607505813,"path_taken":["M","M","M","?","M","E","?","E"],"build_version":"2020-11-30","purchased_purges":0,"victory":false,"max_hp_per_floor":[68,68,68,68,68,68,68,68,68],"card_choices":[{"not_picked":["Omniscience","DevaForm"],"picked":"Devotion","floor":0},{"not_picked":["CutThroughFate","DeceiveReality"],"picked":"Worship","floor":1},{"not_picked":["TalkToTheHand","DeceiveReality"],"picked":"Prostrate","floor":2},{"not_picked":["JustLucky","FollowUp"],"picked":"BowlingBash","floor":3},{"not_picked":["JustLucky","CarveReality"],"picked":"Consecrate","floor":5},{"not_picked":["JustLucky","Alpha"],"picked":"SpiritShield","floor":6}],"player_experience":1739326,"relics_obtained":[{"floor":6,"key":"Ginger"}],"event_choices":[{"damage_healed":0,"gold_gain":0,"player_choice":"Grow","damage_taken":0,"max_hp_gain":0,"max_hp_loss":0,"event_name":"Living Wall","floor":4,"gold_loss":0,"cards_upgraded":["Worship"]},{"damage_healed":0,"gold_gain":0,"player_choice":"Fought Mushrooms","damage_taken":0,"max_hp_gain":0,"max_hp_loss":0,"event_name":"Mushrooms","floor":7,"gold_loss":0}],"is_beta":false,"boss_relics":[],"items_purged_floors":[],"is_endless":false,"potions_floor_spawned":[2,3,5,7],"killed_by":"3 Sentries","ascension_level":20}}