{"host":"jtxptf9isiqyc7jm","time":1607556396,"event":{"gold_per_floor":[116,116,116,116,291,296,314,314,314,340,330,82,4,19,19,124,124,123,41,41,41,42,42,42,42,42,81,90,90,153,123,123],"floor_reached":31,"playtime":1225,"items_purged":[],"score":386,"play_id":"0db0a608-548b-4aad-9113-ab5e8efd49d4","local_time":"20201209232636","is_ascension_mode":false,"campfire_choices":[{"data":"hierophant:ChurchCoffers","floor":8,"key":"SMITH"},{"floor":15,"key":"REST"},{"data":"hierophant:EyeForCoin","floor":23,"key":"SMITH"},{"data":"hierophant:Flagellation","floor":25,"key":"SMITH"}],"neow_cost":"NONE","seed_source_timestamp":380505160654000,"circlet_count":0,"master_deck":["hierophant:Strike_Hierophant","hierophant:Strike_Hierophant","hierophant:Strike_Hierophant","hierophant:Punish","hierophant:Defend_Hierophant","hierophant:Defend_Hierophant","hierophant:Defend_Hierophant","hierophant:Defend_Hierophant","hierophant:ChurchCoffers+1","hierophant:Flagellation+1","Doubt","hierophant:Flagellation","hierophant:Smite","hierophant:Exaltation","hierophant:Glossolalia","Magnetism","hierophant:EyeForCoin+1","hierophant:Doubloon","hierophant:SolarFlare","hierophant:Invocation+1","hierophant:Doubloon","hierophant:Doubloon","hierophant:RecallFunds+1","hierophant:ThreeLashes+1","hierophant:Refuge+1","hierophant:Doubloon","hierophant:FlamingChariot+1","hierophant:Charity","hierophant:Doubloon","hierophant:Doubloon","hierophant:Community+1","hierophant:Doubloon+1","hierophant:Doubloon","hierophant:ConvertCurrency","hierophant:Doubloon+1","hierophant:ArchangelShield","hierophant:Doubloon+1","hubris:Greed","hierophant:Doubloon+1","hierophant:Blessing"],"relics":["hierophant:PropheticMaskRelic","hubris:Towel","Oddly Smooth Stone","AntiCross","Mirror","hubris:CuriousFeather","Astrolabe","Toolbox","Replay:Baseball","hubris:Potato"],"potions_floor_usage":[28,31,31],"damage_taken":[{"damage":6,"enemies":"Jaw Worm","floor":1,"turns":3},{"damage":13,"enemies":"3 Sentries","floor":6,"turns":2},{"damage":0,"enemies":"2 Louse","floor":7,"turns":1},{"damage":16,"enemies":"Gremlin Nob","floor":10,"turns":3},{"damage":0,"enemies":"Small Slimes","floor":11,"turns":1},{"damage":16,"enemies":"Looter","floor":14,"turns":2},{"damage":0,"enemies":"Slime Boss","floor":16,"turns":2},{"damage":4,"enemies":"Spheric Guardian","floor":18,"turns":4},{"damage":10,"enemies":"Chosen","floor":22,"turns":4},{"damage":15,"enemies":"Snake Plant","floor":27,"turns":3},{"damage":29,"enemies":"Book of Stabbing","floor":28,"turns":4},{"damage":12,"enemies":"Cultist and Chosen","floor":30,"turns":4},{"damage":28,"enemies":"Shelled Parasite and Fungi","floor":31,"turns":3}],"seed_played":"-516290810251490944","potions_obtained":[{"floor":6,"key":"Milkshake"},{"floor":7,"key":"Explosive Potion"},{"floor":22,"key":"DuplicationPotion"},{"floor":30,"key":"Block Potion"}],"is_trial":false,"path_per_floor":["M","?","?","?","?","E","M","R","T","E","M","$","$","M","R","B",null,"M","$","?","AVR","M","R","$","R","T","M","E","?","M","M"],"character_chosen":"HIEROPHANT","items_purchased":["hierophant:Glossolalia","Magnetism","hierophant:EyeForCoin","hierophant:Charity"],"campfire_rested":1,"item_purchase_floors":[12,12,13,19],"current_hp_per_floor":[69,74,74,67,67,54,54,54,54,38,38,38,38,22,46,46,80,76,76,76,76,66,66,66,66,66,51,30,30,18,0,0],"gold":123,"neow_bonus":"ONE_RANDOM_RARE_CARD","is_prod":false,"is_daily":false,"chose_seed":false,"campfire_upgraded":3,"win_rate":0.0,"timestamp":1607556396,"path_taken":["M","?","?","?","?","E","M","R","T","E","M","?","$","?","R","BOSS","M","?","?","AVR","?","R","$","R","T","M","E","?","M","?"],"build_version":"2020-11-30","purchased_purges":0,"victory":false,"max_hp_per_floor":[75,80,80,80,80,80,80,80,80,80,80,80,80,80,80,80,80,80,80,80,80,80,80,80,80,80,80,80,80,80,80,80],"card_choices":[{"not_picked":["hierophant:RecallFunds","hierophant:HammerAndAnvil"],"picked":"hierophant:Flagellation","floor":1},{"not_picked":["hierophant:SealAway","hierophant:MorningPrayer"],"picked":"hierophant:Flagellation","floor":6},{"not_picked":["hierophant:LocustPlague","hierophant:Purify"],"picked":"hierophant:Smite","floor":7},{"not_picked":["hierophant:Doubloon","hierophant:OrnateBuckler"],"picked":"hierophant:Exaltation","floor":10},{"not_picked":["hierophant:HammerAndAnvil","hierophant:Zeal"],"picked":"hierophant:ThreeLashes","floor":11},{"not_picked":["hierophant:Purify","hierophant:Smite"],"picked":"hierophant:SolarFlare","floor":14},{"not_picked":["hierophant:Cornucopia","hierophant:Kindle"],"picked":"hierophant:Invocation","floor":16},{"not_picked":["hierophant:Sermon","hierophant:WrathOfGod"],"picked":"hierophant:FlamingChariot+1","floor":18},{"not_picked":["hierophant:Dazzle","hierophant:FieryStrike"],"picked":"hierophant:Community+1","floor":22},{"not_picked":["hierophant:BulkyChest","hierophant:Rebuild"],"picked":"hierophant:ConvertCurrency","floor":27},{"not_picked":["hierophant:SealAway+1","hierophant:HolyVerse"],"picked":"hierophant:ArchangelShield","floor":28},{"not_picked":["hierophant:Remorse","hierophant:RecallFunds+1"],"picked":"hierophant:Blessing","floor":30}],"player_experience":69147,"relics_obtained":[{"floor":6,"key":"AntiCross"},{"floor":9,"key":"Mirror"},{"floor":10,"key":"hubris:CuriousFeather"},{"floor":26,"key":"Replay:Baseball"},{"floor":28,"key":"hubris:Potato"}],"event_choices":[{"damage_healed":0,"gold_gain":0,"player_choice":"Donut","damage_taken":0,"max_hp_gain":5,"max_hp_loss":0,"event_name":"Big Fish","floor":2,"gold_loss":0},{"damage_healed":0,"gold_gain":0,"player_choice":"Success","damage_taken":7,"relics_obtained":["Oddly Smooth Stone"],"max_hp_gain":0,"max_hp_loss":0,"event_name":"Scrap Ooze","floor":4,"gold_loss":0},{"damage_healed":0,"gold_gain":175,"player_choice":"AGREE","damage_taken":0,"max_hp_gain":0,"max_hp_loss":0,"event_name":"Liars Game","floor":5,"gold_loss":0,"cards_obtained":["Doubt"]},{"damage_healed":0,"gold_gain":0,"player_choice":"Upgraded","damage_taken":0,"max_hp_gain":0,"max_hp_loss":0,"event_name":"Upgrade Shrine","floor":20,"gold_loss":0,"cards_upgraded":["hierophant:Invocation"]},{"damage_healed":0,"gold_gain":0,"player_choice":"Copied","damage_taken":0,"max_hp_gain":0,"max_hp_loss":0,"event_name":"Duplicator","floor":29,"gold_loss":0,"cards_obtained":["hierophant:Doubloon"]}],"is_beta":false,"boss_relics":[{"not_picked":["Busted Crown","hubris:VirtuousBlindfold"],"picked":"Astrolabe"}],"items_purged_floors":[],"is_endless":false,"potions_floor_spawned":[6,7,22,30],"killed_by":"Shelled Parasite and Fungi","ascension_level":0}}