{"host":"wbohk4batowjmcix","time":1607542406,"event":{"gold_per_floor":[3113,3113,2318,2291,2302,2302,2329,2329],"floor_reached":7,"playtime":360,"items_purged":[],"score":204,"play_id":"7c626b43-35e5-4fd5-8a93-305ca3cfdf6d","local_time":"20201209133326","is_ascension_mode":true,"campfire_choices":[{"floor":6,"key":"RECALL"}],"neow_cost":"NONE","seed_source_timestamp":522048156128100,"circlet_count":0,"master_deck":["TheCursedMod:CleanUpWorkshop","TheCursedMod:CursedAmulet","TheCursedMod:HellfireBreathing","TheCursedMod:SpitefulPlan","TheCursedMod:LuckyCharm","TheCursedMod:CursedSpellbook","TheCursedMod:NeowsMight","TheCursedMod:ParallelWorld","TheCursedMod:CircleOfAmplification","TheCursedMod:HellfireBreathing+1"],"relics":["TheCursedMod:BlackMagicAdvanced","Whetstone","Ice Cream","MerchantsRug","Ornamental Fan","Sundial","TheCursedMod:FourLeafCloverCharm","Prayer Wheel"],"potions_floor_usage":[],"damage_taken":[{"damage":24,"enemies":"2 Louse","floor":1,"turns":3},{"damage":0,"enemies":"Jaw Worm","floor":5,"turns":1},{"damage":0,"enemies":"Lagavulin","floor":7,"turns":1}],"seed_played":"-7689131831130898231","potions_obtained":[],"is_trial":false,"path_per_floor":["M","?","$","?","M","R","E"],"character_chosen":"THE_CURSED","items_purchased":["MerchantsRug","Ornamental Fan","Sundial","Toolbox"],"campfire_rested":0,"item_purchase_floors":[3,3,3,3],"current_hp_per_floor":[44,37,37,37,37,37,37,37],"gold":2329,"neow_bonus":"RANDOM_COMMON_RELIC","is_prod":false,"is_daily":false,"chose_seed":false,"campfire_upgraded":0,"win_rate":0,"timestamp":1607542406,"path_taken":["M","?","$","?","M","R","E"],"build_version":"2020-11-30","purchased_purges":0,"victory":false,"max_hp_per_floor":[75,75,75,75,75,75,75,75],"card_choices":[{"not_picked":["TheCursedMod:RavingStaff","TheCursedMod:HellsGateOpen","TheCursedMod:Stigma"],"picked":"SKIP","floor":1},{"not_picked":["TheCursedMod:Torture","TheCursedMod:TroublousMinions","TheCursedMod:Stretching"],"picked":"SKIP","floor":5},{"not_picked":["TheCursedMod:CursedBlade","TheCursedMod:SpreadPlague","TheCursedMod:Mangle"],"picked":"SKIP","floor":7}],"player_experience":373541,"relics_obtained":[{"floor":7,"key":"Prayer Wheel"}],"event_choices":[{"cards_removed":["TheCursedMod:HellfireBreathing"],"damage_healed":0,"gold_gain":0,"player_choice":"Card Removal","damage_taken":7,"max_hp_gain":0,"max_hp_loss":0,"event_name":"Golden Wing","floor":2,"gold_loss":0},{"damage_healed":0,"gold_gain":0,"player_choice":"Left Gold","damage_taken":0,"max_hp_gain":0,"max_hp_loss":0,"event_name":"World of Goop","floor":4,"gold_loss":27}],"is_beta":false,"boss_relics":[],"items_purged_floors":[],"is_endless":false,"potions_floor_spawned":[],"killed_by":"Lagavulin","ascension_level":6}}