{"host":"ipcfr4ajj2jkxvg7","time":1607518442,"event":{"gold_per_floor":[112,112,112,123,140,140,168,168,168,197,209,209,229,264,264,343,343,354,354,354,51,61,91,104,114,160,194,194,205,235,78,78,155,155,167,117,136,136,148,176,196,208,208,219,254,79,95,95,95,95,95,95,95,14,48,48],"floor_reached":57,"playtime":2531,"items_purged":["Defend_RM","Strike_RM","Strike_RM"],"score":2738,"play_id":"c7236cc7-a6ad-435d-badf-9070cf7e362a","local_time":"20201209205402","is_ascension_mode":true,"campfire_choices":[{"data":"KillingBlow","floor":6.0,"key":"SMITH"},{"data":"DiffusionOfMisfortune","floor":8.0,"key":"SMITH"},{"data":"VampireClaw","floor":12.0,"key":"SMITH"},{"data":"HeartBreak","floor":15.0,"key":"SMITH"},{"data":"Apotheosis","floor":32.0,"key":"SMITH"},{"floor":49.0,"key":"RECALL"},{"data":"EquivalentExchange","floor":53,"key":"SMITH"}],"neow_cost":"PERCENT_DAMAGE","seed_source_timestamp":14876204830300,"circlet_count":0,"master_deck":["AscendersBane","Strike_RM","Defend_RM","ScarletShoot+1","ScarletMeister","KillingBlow+1","VampirishNight+1","DevilSight+1","VampireSweep","DiffusionOfMisfortune+1","VampireClaw+1","BloodyMagicSquare","HeartBreak+1","TricksterDevil","BombardNight","EternalNight","Apotheosis+1","EquivalentExchange+1","TwelveNightmare+1","VampirishNight","NightDance","VampireKiss","CurseOfVladTepes","VampireKiss","VampireKiss","HunterOfTheNight","ScarletDevilSign","SuperhumanBloodyKnife+1","BloodHunter","ChainGang","NightLord"],"special_seed":0,"relics":["ScarletHat","AddBug","SecretRecord","SecretRecord","SecretRecord","SecretRecord","SecretRecord","SecretRecord","SecretRecord"],"potions_floor_usage":[],"damage_taken":[{"damage":0.0,"enemies":"Small Slimes","floor":1.0,"turns":2.0},{"damage":0.0,"enemies":"Cultist","floor":4.0,"turns":3.0},{"damage":1.0,"enemies":"2 Louse","floor":5.0,"turns":3.0},{"damage":12.0,"enemies":"3 Sentries","floor":7.0,"turns":8.0},{"damage":26.0,"enemies":"Gremlin Nob","floor":10.0,"turns":5.0},{"damage":8.0,"enemies":"Red Slaver","floor":11.0,"turns":3.0},{"damage":11.0,"enemies":"Exordium Wildlife","floor":13.0,"turns":5.0},{"damage":12.0,"enemies":"Lagavulin","floor":14.0,"turns":5.0},{"damage":28.0,"enemies":"The Guardian","floor":16.0,"turns":11.0},{"damage":38.0,"enemies":"Chosen","floor":18.0,"turns":5.0},{"damage":33.0,"enemies":"Spheric Guardian","floor":22.0,"turns":4.0},{"damage":14.0,"enemies":"Gremlin Leader","floor":23.0,"turns":6.0},{"damage":15.0,"enemies":"3 Cultists","floor":24.0,"turns":6.0},{"damage":13.0,"enemies":"Snecko","floor":25.0,"turns":1.0},{"damage":18.0,"enemies":"Replay:Snechameleon","floor":27.0,"turns":6.0},{"damage":17.0,"enemies":"Chosen and Byrds","floor":29.0,"turns":4.0},{"damage":13.0,"enemies":"Slavers","floor":30.0,"turns":8.0},{"damage":22.0,"enemies":"Collector","floor":33.0,"turns":5.0},{"damage":61.0,"enemies":"3 Darklings","floor":35.0,"turns":2.0},{"damage":31.0,"enemies":"3 Shapes","floor":37.0,"turns":4.0},{"damage":55.0,"enemies":"Transient","floor":39.0,"turns":6.0},{"damage":49.0,"enemies":"Nemesis","floor":40.0,"turns":3.0},{"damage":26.0,"enemies":"4 Shapes","floor":41.0,"turns":1.0},{"damage":14.0,"enemies":"Maw","floor":42.0,"turns":4.0},{"damage":31.0,"enemies":"Transient","floor":44.0,"turns":5.0},{"damage":40.0,"enemies":"Reptomancer","floor":45.0,"turns":4.0},{"damage":25.0,"enemies":"Writhing Mass","floor":47.0,"turns":3.0},{"damage":51,"enemies":"Replay:Hell Engine","floor":50,"turns":5},{"damage":30,"enemies":"Time Eater","floor":51,"turns":5},{"damage":82,"enemies":"Shield and Spear","floor":55,"turns":2},{"damage":94,"enemies":"The Heart","floor":56,"turns":1}],"seed_played":"5326662277873340903","potions_obtained":[{"floor":1.0,"key":"EssenceOfSteel"},{"floor":10.0,"key":"ColorlessPotion"},{"floor":30.0,"key":"FairyPotion"},{"floor":44.0,"key":"Ancient Potion"},{"floor":45.0,"key":"Strength Potion"}],"is_trial":false,"path_per_floor":["M","?","?","M","M","R","E","R","T","E","M","R","M","E","R","B",null,"M","?","?","$","M","E","M","M","T","E","T","M","E","$","R","B",null,"M","?","M","?","M","E","M","M","T","M","E","$","M","?","R","B","B",null,"R","$","E","B",null],"character_chosen":"REMILIA","items_purchased":["EternalNight","Apotheosis","Adrenaline Potion","BloodHunter","NightLord"],"campfire_rested":0,"item_purchase_floors":[21,21,31,46,54],"current_hp_per_floor":[45,24,24,30,33,33,42,42,42,23,21,21,24,24,24,31,76,59,59,59,59,28,24,26,13,13,24,24,26,42,42,42,65,122,90,90,85,85,80,51,25,34,34,74,77,77,62,62,62,59,70,161,161,161,104,93],"gold":48,"neow_bonus":"TRANSFORM_TWO_CARDS","is_prod":false,"is_daily":false,"chose_seed":false,"campfire_upgraded":6,"win_rate":0,"timestamp":1607518442,"path_taken":["M","?","?","M","M","R","E","R","T","E","M","R","?","E","R","BOSS","M","?","?","$","?","E","M","M","T","E","?","?","E","$","R","BOSS","M","?","?","?","M","E","M","M","T","M","E","$","M","?","R","BOSS","BOSS","R","$","E","BOSS"],"build_version":"2020-11-30","purchased_purges":3,"victory":true,"max_hp_per_floor":[70,70,70,70,70,70,70,70,70,70,70,70,77,84,84,91,91,98,98,98,98,98,98,106,106,106,114,114,123,132,132,132,141,141,150,150,160,160,160,160,160,170,170,170,180,180,180,180,180,191,191,191,191,191,191,202],"card_choices":[{"not_picked":["Stigmanizer","UnstableMagic"],"picked":"VampirishNight","floor":1.0},{"not_picked":["VampirishNight","StarOfDavid"],"picked":"VampireSweep","floor":4.0},{"not_picked":["ScarletImprint","FavorOfDestiny","RedMagic"],"picked":"SKIP","floor":5.0},{"not_picked":["BlasphemousPunishment","MiserableFate"],"picked":"DiffusionOfMisfortune","floor":7.0},{"not_picked":["DiffusionOfMisfortune","FavorOfDestiny"],"picked":"VampireClaw","floor":10.0},{"not_picked":["TwelveNightmare","CharismaGuard"],"picked":"BloodyMagicSquare","floor":11.0},{"not_picked":["FavorOfDestiny","VampirishNight","UnderTheZenith"],"picked":"SKIP","floor":13.0},{"not_picked":["Stigmanizer","ScarletGensokyo"],"picked":"HeartBreak","floor":14.0},{"not_picked":["BloodyCatastrophe","TransientEternity"],"picked":"TricksterDevil","floor":16.0},{"not_picked":["ScarletImprint+1","ScarletDevil"],"picked":"BombardNight","floor":18.0},{"not_picked":["Ultimatum","UnstableMagic","Stigmanizer"],"picked":"SKIP","floor":22.0},{"not_picked":["BadLadyScramble","DiffusionOfMisfortune","Stigmanizer"],"picked":"SKIP","floor":23.0},{"not_picked":["BlasphemousPunishment","AfternoonTea"],"picked":"EquivalentExchange","floor":24.0},{"not_picked":["FavorOfDestiny","CharismaGuard"],"picked":"TwelveNightmare","floor":25.0},{"not_picked":["Maim","StarOfDavid"],"picked":"VampirishNight","floor":27.0},{"not_picked":["ScarletNetherworld","ForbiddenFruit"],"picked":"NightDance","floor":29.0},{"not_picked":["Septette","Stigmanizer"],"picked":"VampireKiss","floor":30.0},{"not_picked":["ScarletCoffin","TransientEternity"],"picked":"CurseOfVladTepes","floor":33.0},{"not_picked":["LeisurelyOfLord","FavorOfDestiny"],"picked":"VampireKiss","floor":35.0},{"not_picked":["ScarletImprint","FitfulNightmare","ReincarnationDial"],"picked":"SKIP","floor":37.0},{"not_picked":["MillenniumVampire","FitfulNightmare","ForbiddenFruit"],"picked":"SKIP","floor":39.0},{"not_picked":["MiserableFate","HeartBreak","NightDance"],"picked":"SKIP","floor":40.0},{"not_picked":["CharismaGuard+1","UnstableMagic+1"],"picked":"VampireKiss","floor":41.0},{"not_picked":["VampireKiss","VampirishNight"],"picked":"HunterOfTheNight","floor":42.0},{"not_picked":["NightDance","BloodyTrap"],"picked":"ScarletDevilSign","floor":44.0},{"not_picked":["VampireClaw+1","BlasphemousPunishment"],"picked":"SuperhumanBloodyKnife+1","floor":45.0},{"not_picked":["RedMagic","EquivalentExchange"],"picked":"ChainGang","floor":47.0},{"not_picked":["RedRainbow","ScarletDevil+1","DiffusionOfMisfortune"],"picked":"SKIP","floor":55}],"player_experience":347890,"relics_obtained":[{"floor":1.0,"key":"AddBug"},{"floor":4.0,"key":"SecretRecord"},{"floor":7.0,"key":"Singing Bowl"},{"floor":10.0,"key":"Omamori"},{"floor":11.0,"key":"SecretRecord"},{"floor":14.0,"key":"Bottled Tornado"},{"floor":23.0,"key":"SecretRecord"},{"floor":23.0,"key":"War Paint"},{"floor":26.0,"key":"Potion Belt"},{"floor":27.0,"key":"SecretRecord"},{"floor":27.0,"key":"Vajra"},{"floor":28.0,"key":"GodSword7"},{"floor":30.0,"key":"ScarletDevilRocket"},{"floor":35.0,"key":"SecretRecord"},{"floor":40.0,"key":"Replay:Rubber Ducky"},{"floor":43.0,"key":"StoneCalendar"},{"floor":45.0,"key":"Mirror"},{"floor":47.0,"key":"SecretRecord"},{"floor":55,"key":"ReplayFunnel"}],"event_choices":[{"damage_healed":0.0,"max_hp_gain":0.0,"max_hp_loss":0.0,"gold_gain":0.0,"event_name":"Shining Light","player_choice":"Entered Light","floor":2.0,"gold_loss":0.0,"damage_taken":21.0,"cards_upgraded":["VampirishNight","ScarletShoot"]},{"damage_healed":0.0,"max_hp_gain":0.0,"max_hp_loss":0.0,"gold_gain":0.0,"cards_transformed":["Strike_RM"],"event_name":"Transmorgrifier","player_choice":"Transformed","floor":3.0,"gold_loss":0.0,"damage_taken":0.0,"cards_obtained":["DevilSight"]},{"damage_healed":0.0,"max_hp_gain":0.0,"max_hp_loss":0.0,"gold_gain":0.0,"event_name":"Drug Dealer","player_choice":"Inject Mutagens","floor":19.0,"gold_loss":0.0,"damage_taken":0.0,"relics_obtained":["MutagenicStrength"]},{"damage_healed":0.0,"max_hp_gain":0.0,"max_hp_loss":0.0,"gold_gain":0.0,"event_name":"FaceTrader","player_choice":"Trade","floor":20.0,"gold_loss":0.0,"damage_taken":0.0,"relics_obtained":["FaceOfCleric"]},{"damage_healed":0.0,"max_hp_gain":0.0,"max_hp_loss":0.0,"gold_gain":0.0,"event_name":"Designer","player_choice":"Upgraded Two","floor":36.0,"gold_loss":50.0,"damage_taken":0.0,"cards_upgraded":["DevilSight","TwelveNightmare"]},{"damage_healed":0.0,"max_hp_gain":0.0,"max_hp_loss":0.0,"gold_gain":0.0,"event_name":"Tomb of Lord Red Mask","player_choice":"Ignored","floor":38.0,"gold_loss":0.0,"damage_taken":0.0},{"cards_removed":["RedMoon"],"damage_healed":0.0,"max_hp_gain":0.0,"max_hp_loss":0.0,"gold_gain":0.0,"event_name":"Falling","player_choice":"Removed Skill","floor":48.0,"gold_loss":0.0,"damage_taken":0.0}],"is_beta":false,"boss_relics":[{"not_picked":["Runic Pyramid","Empty Cage"],"picked":"Kintsugi"},{"not_picked":["Runic Dome","Snecko Eye"],"picked":"Replay:Ancient Bell"}],"items_purged_floors":[21,31,46],"is_endless":false,"potions_floor_spawned":[1,10,11,13,14,24,29,30,33,39,40,44,45],"ascension_level":20}}