{"host":"22v3gqhprfvenc0a","time":1607540066,"event":{"gold_per_floor":[115,128,128,143,156,189,5,5,60,75,102,102,129,140,140,241,241,254,254,214,198,209,209,209],"floor_reached":23,"playtime":1099,"items_purged":["Strike_B"],"score":288,"play_id":"f4845117-6497-44d4-b791-c2bfd44fcbc7","local_time":"20201209215426","is_ascension_mode":true,"campfire_choices":[{"data":"Defragment","floor":8,"key":"SMITH"},{"data":"ReplayTheSpireMod:Fabricate Wheel","floor":15,"key":"SMITH"}],"neow_cost":"NONE","seed_source_timestamp":78880099239300,"circlet_count":0,"master_deck":["Strike_B","Strike_B","Defend_B","Defend_B","Defend_B","Defend_B","Zap","Dualcast","Beam Cell","Steam","BootSequence","Defragment+1","Leap","Coolheaded","Cold Snap","Conserve Battery","Self Repair","Lockon","Creative AI","Amplify","Consume","Defragment+1","Ball Lightning+1","Core Surge"],"relics":["Velvet Choker","Mercury Hourglass","MealTicket","Orichalcum","Anchor","Prayer Wheel","Painkiller Herb"],"potions_floor_usage":[6,13,16,21,22],"damage_taken":[{"damage":0,"enemies":"2 Louse","floor":1,"turns":2},{"damage":1,"enemies":"Cultist","floor":2,"turns":3},{"damage":0,"enemies":"Small Slimes","floor":4,"turns":4},{"damage":7,"enemies":"3 Louse","floor":5,"turns":4},{"damage":5,"enemies":"Replay:BlueRogue","floor":6,"turns":8},{"damage":0,"enemies":"Looter","floor":10,"turns":5},{"damage":11,"enemies":"Lagavulin","floor":11,"turns":7},{"damage":8,"enemies":"3 Sentries","floor":13,"turns":7},{"damage":6,"enemies":"Gremlin Gang","floor":14,"turns":6},{"damage":20,"enemies":"Hexaghost","floor":16,"turns":12},{"damage":25,"enemies":"3 Byrds","floor":18,"turns":6},{"damage":12,"enemies":"2 Thieves","floor":21,"turns":4},{"damage":50,"enemies":"Cultist and Chosen","floor":22,"turns":10},{"damage":31,"enemies":"Slavers","floor":23,"turns":3}],"seed_played":"4847000051428358562","potions_obtained":[{"floor":1,"key":"GamblersBrew"},{"floor":4,"key":"LifebloodPotion"},{"floor":5,"key":"Toxic Potion"},{"floor":11,"key":"Fire Potion"},{"floor":12,"key":"FairyPotion"},{"floor":12,"key":"Regen Potion"},{"floor":13,"key":"DistilledChaos"},{"floor":18,"key":"Adrenaline Potion"}],"is_trial":false,"path_per_floor":["M","M","?","M","M","E","$","R","T","M","E","?","E","M","R","B",null,"?","?","?","?","?","E"],"character_chosen":"DEFECT","items_purchased":["Cold Snap","Conserve Battery","Self Repair"],"campfire_rested":0,"item_purchase_floors":[7,7,7],"current_hp_per_floor":[68,67,67,67,60,55,55,55,55,62,58,58,72,73,73,60,71,53,39,39,34,29,0,0],"gold":209,"neow_bonus":"BOSS_RELIC","is_prod":false,"is_daily":false,"chose_seed":false,"campfire_upgraded":2,"win_rate":0,"timestamp":1607540066,"path_taken":["M","M","?","?","M","E","$","R","T","M","E","?","E","?","R","BOSS","?","?","?","?","?","E"],"build_version":"2020-11-30","purchased_purges":1,"victory":false,"max_hp_per_floor":[75,75,75,75,75,75,75,75,75,75,75,75,75,75,75,75,75,75,80,80,80,80,80,80],"relic_stats":{"counters":[53,282],"MealTicket":0,"Prayer Wheel":5,"Orichalcum":[24],"obtain_stats":[{"Golden Egg":30,"Snecko Heart":17,"Gremlin Horn":3,"Painkiller Herb":17,"Whetstone":40,"Replay:Mystery Machine":7,"Blood Vial":6,"Matryoshka":26,"Prayer Wheel":18,"MealTicket":9,"Replay:Wax Seal":13,"Toxic Egg 2":25,"Cracked Core":0,"Potion Belt":23,"Gremlin Food":39,"Inserter":34,"Golden Idol":14,"ReplayTheSpireMod:CursedCoin":39,"Velvet Choker":0,"Omamori":20,"Orichalcum":11,"MawBank":43,"Akabeko":8,"Mercury Hourglass":6,"Du-Vu Doll":0,"OrangePellets":0,"DataDisk":10,"Anchor":13,"ReplayTheSpireMod:Shallot":48,"Shuriken":45,"Bronze Scales":9,"Molten Egg 2":20,"Grinning Jar":39,"Toy Ornithopter":11},{"Golden Egg":19,"Snecko Heart":36,"Gremlin Horn":31,"Painkiller Herb":11,"Whetstone":24,"Replay:Mystery Machine":32,"Blood Vial":6,"Matryoshka":17,"Prayer Wheel":37,"MealTicket":44,"Replay:Wax Seal":10,"Toxic Egg 2":17,"Cracked Core":0,"Potion Belt":16,"Gremlin Food":23,"Inserter":21,"Golden Idol":10,"ReplayTheSpireMod:CursedCoin":23,"Velvet Choker":39,"Omamori":13,"Orichalcum":46,"MawBank":25,"Akabeko":7,"Mercury Hourglass":44,"Du-Vu Doll":30,"OrangePellets":30,"DataDisk":8,"Anchor":47,"ReplayTheSpireMod:Shallot":29,"Shuriken":27,"Bronze Scales":7,"Molten Egg 2":37,"Grinning Jar":23,"Toy Ornithopter":34},{"Golden Egg":96,"Snecko Heart":192,"Gremlin Horn":158,"Painkiller Herb":56,"Whetstone":122,"Replay:Mystery Machine":167,"Blood Vial":27,"Matryoshka":86,"Prayer Wheel":193,"MealTicket":225,"Replay:Wax Seal":48,"Toxic Egg 2":86,"Cracked Core":0,"Potion Belt":81,"Gremlin Food":116,"Inserter":107,"Golden Idol":48,"ReplayTheSpireMod:CursedCoin":116,"Velvet Choker":204,"Omamori":65,"Orichalcum":236,"MawBank":126,"Akabeko":34,"Mercury Hourglass":225,"Du-Vu Doll":154,"OrangePellets":154,"DataDisk":44,"Anchor":242,"ReplayTheSpireMod:Shallot":148,"Shuriken":136,"Bronze Scales":34,"Molten Egg 2":197,"Grinning Jar":116,"Toy Ornithopter":179}],"Mercury Hourglass":[294]},"card_choices":[{"not_picked":["Scrape","Go for the Eyes"],"picked":"Beam Cell","floor":1},{"not_picked":["Heatsinks","ReplayTheSpireMod:Repulse"],"picked":"Steam","floor":2},{"not_picked":["Consume","Leap"],"picked":"Defragment","floor":4},{"not_picked":["Redo","Beam Cell"],"picked":"Leap","floor":5},{"not_picked":["Heatsinks","Gash"],"picked":"Coolheaded","floor":6},{"not_picked":["Skim","Tempest"],"picked":"Lockon","floor":10},{"not_picked":["Beam Cell","Coolheaded","Leap"],"picked":"SKIP","floor":11},{"not_picked":["Barrage","Gash"],"picked":"ReplayTheSpireMod:Fabricate Wheel","floor":13},{"not_picked":["Coolheaded","Turbo","Aggregate"],"picked":"SKIP","floor":14},{"not_picked":["Multi-Cast","Echo Form"],"picked":"Amplify","floor":16},{"not_picked":["Sweeping Beam+1","Gash+1"],"picked":"Consume","floor":18},{"not_picked":["Ball Lightning","Beam Cell"],"picked":"Defragment","floor":18},{"not_picked":["Barrage","Redo+1","Leap+1"],"picked":"SKIP","floor":21},{"not_picked":["Steam","ReplaySort+1","Coolheaded"],"picked":"SKIP","floor":21},{"not_picked":["Turbo","Hologram"],"picked":"Ball Lightning+1","floor":22},{"not_picked":["Sweeping Beam+1","Cold Snap"],"picked":"Core Surge","floor":22}],"player_experience":304553,"relics_obtained":[{"floor":6,"key":"Mercury Hourglass"},{"floor":9,"key":"MealTicket"},{"floor":11,"key":"Orichalcum"},{"floor":13,"key":"Anchor"}],"event_choices":[{"damage_healed":0,"gold_gain":0,"cards_transformed":["Strike_B"],"player_choice":"Transformed","damage_taken":0,"max_hp_gain":0,"max_hp_loss":0,"event_name":"Transmorgrifier","floor":3,"gold_loss":0,"cards_obtained":["BootSequence"]},{"damage_healed":0,"gold_gain":0,"player_choice":"Got Potions","damage_taken":0,"max_hp_gain":0,"max_hp_loss":0,"event_name":"Lab","floor":12,"gold_loss":0},{"damage_healed":0,"gold_gain":0,"player_choice":"Shed Blood","damage_taken":19,"max_hp_gain":5,"max_hp_loss":0,"event_name":"Forgotten Altar","floor":19,"gold_loss":0},{"damage_healed":0,"gold_gain":0,"player_choice":"Upgrade","damage_taken":0,"max_hp_gain":0,"max_hp_loss":0,"event_name":"Designer","floor":20,"gold_loss":40,"cards_upgraded":["Defragment"]}],"is_beta":false,"boss_relics":[{"not_picked":["Ectoplasm","Empty Cage"],"picked":"Painkiller Herb"}],"items_purged_floors":[7],"is_endless":false,"potions_floor_spawned":[1,4,5,11,13,18],"killed_by":"Slavers","ascension_level":7}}