{"host":"cjhtzh7tp54jdfyv","time":1607547150,"event":{"gold_per_floor":[109,120,138,149,168,200,200,233,258,268,301,318,335,120,120,195,195,205,130,149,165,182,182,132,162,162,162,187,204,204,204,204,282,282,299,39,59,0,20,55,55,85,137,137,137],"floor_reached":44,"playtime":3986,"items_purged":["Strike_P","Defend_P"],"score":1289,"play_id":"27b607e4-8565-4ddf-a430-b063a418e1cc","local_time":"20201209155230","is_ascension_mode":true,"campfire_choices":[{"data":"Conclude","floor":7.0,"key":"SMITH"},{"data":"Eruption","floor":15.0,"key":"SMITH"},{"floor":23.0,"key":"REST"},{"data":"MentalFortress","floor":27.0,"key":"SMITH"},{"data":"Meditate","floor":32.0,"key":"SMITH"},{"floor":41,"key":"REST"}],"neow_cost":"TEN_PERCENT_HP_LOSS","seed_source_timestamp":693895444154500,"circlet_count":0,"master_deck":["AscendersBane","Strike_P","Strike_P","Strike_P","Defend_P","Defend_P","Eruption+1","Vigilance","CutThroughFate","Consecrate","Conclude+1","FlurryOfBlows","FearNoEvil","Wireheading","CutThroughFate","Scrawl","MentalFortress+1","Halt","Vault","Adaptation","WaveOfTheHand","EmptyMind","DeusExMachina","Meditate+1","FlurryOfBlows","RitualDagger","Establishment","FlurryOfBlows+1","Halt+1","MentalFortress","MentalFortress","Adaptation","EmptyMind","EmptyMind","LessonLearned","Normality"],"special_seed":0,"relics":["PureWater","Unceasing Top","Smiling Mask","Du-Vu Doll","Bag of Marbles","Blood Vial","Centennial Puzzle","Cursed Key","Art of War","Mercury Hourglass","MutagenicStrength","SlaversCollar","Orrery","Red Mask","Juzu Bracelet","The Courier"],"potions_floor_usage":[39],"damage_taken":[{"damage":1.0,"enemies":"Cultist","floor":1.0,"turns":5.0},{"damage":9.0,"enemies":"2 Louse","floor":2.0,"turns":3.0},{"damage":0.0,"enemies":"Small Slimes","floor":3.0,"turns":3.0},{"damage":0.0,"enemies":"2 Fungi Beasts","floor":4.0,"turns":3.0},{"damage":0.0,"enemies":"Exordium Wildlife","floor":5.0,"turns":1.0},{"damage":7.0,"enemies":"Lagavulin","floor":6.0,"turns":5.0},{"damage":20.0,"enemies":"3 Sentries","floor":8.0,"turns":3.0},{"damage":0.0,"enemies":"Gremlin Gang","floor":10.0,"turns":1.0},{"damage":8.0,"enemies":"Gremlin Nob","floor":11.0,"turns":3.0},{"damage":0.0,"enemies":"Large Slime","floor":12.0,"turns":2.0},{"damage":0.0,"enemies":"Looter","floor":13.0,"turns":1.0},{"damage":0.0,"enemies":"Slime Boss","floor":16.0,"turns":1.0},{"damage":5.0,"enemies":"2 Thieves","floor":18.0,"turns":4.0},{"damage":15.0,"enemies":"Shell Parasite","floor":20.0,"turns":5.0},{"damage":24.0,"enemies":"Snake Plant","floor":21.0,"turns":4.0},{"damage":0.0,"enemies":"Sentry and Sphere","floor":22.0,"turns":4.0},{"damage":11.0,"enemies":"Slavers","floor":25.0,"turns":5.0},{"damage":1.0,"enemies":"Book of Stabbing","floor":28.0,"turns":5.0},{"damage":0.0,"enemies":"Centurion and Healer","floor":29.0,"turns":3.0},{"damage":4.0,"enemies":"Automaton","floor":33.0,"turns":6.0},{"damage":23.0,"enemies":"3 Darklings","floor":35.0,"turns":5.0},{"damage":12.0,"enemies":"3 Shapes","floor":37.0,"turns":4.0},{"damage":22,"enemies":"Spire Growth","floor":39,"turns":6},{"damage":0,"enemies":"Nemesis","floor":40,"turns":8},{"damage":0,"enemies":"Reptomancer","floor":42,"turns":2},{"damage":67,"enemies":"Nemesis","floor":44,"turns":5}],"seed_played":"-7816589814091475812","potions_obtained":[{"floor":1.0,"key":"Strength Potion"},{"floor":4.0,"key":"LiquidBronze"},{"floor":6.0,"key":"Regen Potion"},{"floor":8.0,"key":"BlessingOfTheForge"},{"floor":13.0,"key":"Swift Potion"},{"floor":16.0,"key":"LiquidBronze"},{"floor":20.0,"key":"GamblersBrew"},{"floor":22.0,"key":"Strength Potion"},{"floor":33.0,"key":"Ancient Potion"},{"floor":37.0,"key":"SpeedPotion"}],"is_trial":false,"path_per_floor":["M","M","M","M","M","E","R","E","T","M","E","M","M","$","R","B",null,"M","?","M","M","M","R","$","E","T","R","E","M","?","?","R","B",null,"M","$","M","?","M","E","R","E","T","E"],"character_chosen":"WATCHER","items_purchased":["Centennial Puzzle","Orrery","Adaptation"],"campfire_rested":2,"item_purchase_floors":[14,36,36],"current_hp_per_floor":[60,51,51,51,51,44,44,24,24,24,16,18,20,20,20,22,52,61,61,47,25,27,45,45,36,36,36,37,39,39,33,33,31,54,33,33,23,23,3,5,23,25,25,0,0],"gold":137,"neow_bonus":"ONE_RARE_RELIC","is_prod":false,"is_daily":false,"chose_seed":false,"campfire_upgraded":4,"win_rate":0,"timestamp":1607547150,"path_taken":["M","M","M","M","M","E","R","E","T","?","E","M","M","$","R","BOSS","M","?","M","M","M","R","$","E","T","R","E","M","?","?","R","BOSS","M","$","M","?","M","E","R","E","T","E"],"build_version":"2020-11-30","purchased_purges":2,"victory":false,"max_hp_per_floor":[62,62,62,62,62,62,62,62,62,62,62,62,62,62,62,62,62,62,62,62,62,62,62,62,62,62,62,62,62,62,62,62,62,62,62,62,62,62,62,62,62,62,62,62,62],"card_choices":[{"not_picked":["WindmillStrike","ClearTheMind"],"picked":"CutThroughFate","floor":1.0},{"not_picked":["Evaluate","Protect"],"picked":"Consecrate","floor":2.0},{"not_picked":["BowlingBash","Pray","Consecrate"],"picked":"SKIP","floor":3.0},{"not_picked":["Vengeance","Establishment"],"picked":"Conclude","floor":4.0},{"not_picked":["Consecrate","Prostrate"],"picked":"FlurryOfBlows","floor":5.0},{"not_picked":["Meditate","InnerPeace"],"picked":"FearNoEvil","floor":6.0},{"not_picked":["BowlingBash","FearNoEvil"],"picked":"Wireheading","floor":8.0},{"not_picked":["FlyingSleeves","PathToVictory"],"picked":"CutThroughFate","floor":10.0},{"not_picked":["Nirvana","FearNoEvil"],"picked":"Scrawl","floor":11.0},{"not_picked":["Sanctity","CutThroughFate"],"picked":"MentalFortress","floor":12.0},{"not_picked":["BowlingBash","Protect"],"picked":"Halt","floor":13.0},{"not_picked":["MasterReality","DeusExMachina"],"picked":"Vault","floor":16.0},{"not_picked":["BowlingBash","FlyingSleeves"],"picked":"Adaptation","floor":18.0},{"not_picked":["ClearTheMind","InnerPeace+1"],"picked":"WaveOfTheHand","floor":20.0},{"not_picked":["CutThroughFate","ReachHeaven+1"],"picked":"EmptyMind","floor":21.0},{"not_picked":["EmptyFist+1","ThirdEye","FollowUp"],"picked":"SKIP","floor":22.0},{"not_picked":["EmptyFist+1","ThirdEye","FollowUp"],"picked":"SKIP","floor":22.0},{"not_picked":["WindmillStrike","Nirvana"],"picked":"DeusExMachina","floor":25.0},{"not_picked":["FollowUp","Pray"],"picked":"Meditate","floor":28.0},{"not_picked":["Consecrate","Study"],"picked":"FlurryOfBlows","floor":29.0},{"not_picked":["Alpha","SpiritShield"],"picked":"Establishment","floor":33.0},{"not_picked":["Consecrate","DeceiveReality"],"picked":"FlurryOfBlows+1","floor":35.0},{"not_picked":["JustLucky","Meditate"],"picked":"Halt+1","floor":36.0},{"not_picked":["FlurryOfBlows","Meditate"],"picked":"MentalFortress","floor":36.0},{"not_picked":["PathToVictory","EmptyBody"],"picked":"MentalFortress","floor":36.0},{"not_picked":["Perseverance","Wireheading"],"picked":"EmptyMind","floor":37.0},{"not_picked":["Consecrate","Prostrate"],"picked":"EmptyMind","floor":39},{"not_picked":["FlyingSleeves","Adaptation","Pray"],"picked":"SKIP","floor":40},{"not_picked":["Consecrate+1","Crescendo+1"],"picked":"LessonLearned","floor":42}],"player_experience":4079172,"relics_obtained":[{"floor":6.0,"key":"Smiling Mask"},{"floor":8.0,"key":"Du-Vu Doll"},{"floor":9.0,"key":"Bag of Marbles"},{"floor":11.0,"key":"Blood Vial"},{"floor":25.0,"key":"Art of War"},{"floor":28.0,"key":"Mercury Hourglass"},{"floor":40,"key":"Juzu Bracelet"},{"floor":42,"key":"The Courier"}],"event_choices":[{"cards_removed":["Defend_P"],"damage_healed":0.0,"max_hp_gain":0.0,"max_hp_loss":0.0,"gold_gain":0.0,"event_name":"Beggar","player_choice":"Gave Gold","floor":19.0,"gold_loss":75.0,"damage_taken":0.0},{"damage_healed":0.0,"max_hp_gain":0.0,"max_hp_loss":0.0,"gold_gain":0.0,"event_name":"Drug Dealer","player_choice":"Inject Mutagens","floor":30.0,"gold_loss":0.0,"damage_taken":0.0,"relics_obtained":["MutagenicStrength"]},{"damage_healed":0.0,"max_hp_gain":0.0,"max_hp_loss":0.0,"gold_gain":0.0,"event_name":"Nest","player_choice":"Joined the Cult","floor":31.0,"gold_loss":0.0,"damage_taken":6.0,"cards_obtained":["RitualDagger"]},{"damage_healed":0.0,"max_hp_gain":0.0,"max_hp_loss":0.0,"gold_gain":0.0,"event_name":"Tomb of Lord Red Mask","player_choice":"Paid","floor":38.0,"gold_loss":59.0,"damage_taken":0.0,"relics_obtained":["Red Mask"]}],"is_beta":false,"boss_relics":[{"not_picked":["Empty Cage","Black Star"],"picked":"Cursed Key"},{"not_picked":["Philosopher\u0027s Stone","Velvet Choker"],"picked":"SlaversCollar"}],"items_purged_floors":[14,24],"is_endless":false,"potions_floor_spawned":[1,4,6,8,13,16,20,22,33,37],"killed_by":"Nemesis","ascension_level":20}}