{"host":"jmj81tjjbuqnwhnf","time":1607539285,"event":{"gold_per_floor":[110,127,3,14,14,14,45,45,68,95,113,132,145,156,156,156,156],"floor_reached":16,"playtime":709,"items_purged":["Strike_B"],"score":104,"play_id":"79673865-03ba-48c5-8628-339991e4d731","local_time":"20201209194125","is_ascension_mode":false,"campfire_choices":[{"data":"Redo","floor":6,"key":"SMITH"},{"floor":15,"key":"REST"}],"neow_cost":"NONE","seed_source_timestamp":279610507671799,"circlet_count":0,"master_deck":["Strike_B","Strike_B","Defend_B","Defend_B","Defend_B","Defend_B","Zap","Dualcast","Undo","Ball Lightning","Redo+1","Leap","Blizzard","FTL","Redo","Consume","Stack"],"relics":["Cracked Core","Boot","Bronze Scales","Oddly Smooth Stone"],"potions_floor_usage":[12,16,16,16],"damage_taken":[{"damage":1,"enemies":"Jaw Worm","floor":1,"turns":4},{"damage":4,"enemies":"Small Slimes","floor":2,"turns":4},{"damage":0,"enemies":"Cultist","floor":4,"turns":2},{"damage":13,"enemies":"Lagavulin","floor":7,"turns":5},{"damage":5,"enemies":"Large Slime","floor":11,"turns":5},{"damage":9,"enemies":"Gremlin Gang","floor":12,"turns":3},{"damage":4,"enemies":"Lots of Slimes","floor":13,"turns":2},{"damage":2,"enemies":"Red Slaver","floor":14,"turns":3},{"damage":64,"enemies":"Hexaghost","floor":16,"turns":11}],"seed_played":"-5560057677514498954","potions_obtained":[{"floor":1,"key":"Explosive Potion"},{"floor":4,"key":"PowerPotion"},{"floor":7,"key":"ColorlessPotion"},{"floor":14,"key":"PowerPotion"}],"is_trial":false,"path_per_floor":["M","M","$","M","?","R","E","$","T","T","M","M","M","M","R","B"],"character_chosen":"DEFECT","items_purchased":["Redo"],"campfire_rested":1,"item_purchase_floors":[3],"current_hp_per_floor":[74,70,70,70,70,70,57,57,57,57,52,43,39,37,59,0,0],"gold":156,"neow_bonus":"REMOVE_CARD","is_prod":false,"is_daily":false,"chose_seed":false,"campfire_upgraded":1,"win_rate":0.0,"timestamp":1607539285,"path_taken":["M","M","$","M","?","R","E","$","T","?","M","M","M","M","R","BOSS"],"build_version":"2020-11-30","purchased_purges":1,"victory":false,"max_hp_per_floor":[75,75,75,75,75,75,75,75,75,75,75,75,75,75,75,75,75],"relic_stats":{"counters":[9,39],"Bronze Scales":[91],"Boot":[0],"obtain_stats":[{"Bronze Scales":9,"Oddly Smooth Stone":10,"Cracked Core":0,"Boot":7},{"Bronze Scales":4,"Oddly Smooth Stone":4,"Cracked Core":0,"Boot":4},{"Bronze Scales":15,"Oddly Smooth Stone":15,"Cracked Core":0,"Boot":15}]},"card_choices":[{"not_picked":["Static Discharge","Compile Driver"],"picked":"Undo","floor":1},{"not_picked":["Streamline","Genetic Algorithm"],"picked":"Ball Lightning","floor":2},{"not_picked":["Darkness","Stack"],"picked":"Leap","floor":4},{"not_picked":["Steam Power","Hologram"],"picked":"Blizzard","floor":7},{"not_picked":["Loop","Hologram"],"picked":"FTL","floor":11},{"not_picked":["White Noise","Chill"],"picked":"Redo","floor":12},{"not_picked":["Steam","Steam Power"],"picked":"Consume","floor":13},{"not_picked":["Compile Driver","Beam Cell"],"picked":"Stack","floor":14}],"player_experience":41273,"relics_obtained":[{"floor":7,"key":"Boot"},{"floor":9,"key":"Bronze Scales"},{"floor":10,"key":"Oddly Smooth Stone"}],"event_choices":[{"damage_healed":0,"gold_gain":0,"player_choice":"Ignored","damage_taken":0,"max_hp_gain":0,"max_hp_loss":0,"event_name":"Liars Game","floor":5,"gold_loss":0}],"is_beta":false,"boss_relics":[],"items_purged_floors":[3],"is_endless":false,"potions_floor_spawned":[1,4,7,14],"killed_by":"Hexaghost","ascension_level":0}}