{"host":"buuozll9zukolitn","time":1607518411,"event":{"gold_per_floor":[117,192,39,39,39,39,66,76,76,111,111,286,303,317,317,412,412,424,60,70,81,81,4,4,18,42,42,67,67,93,192,192,192,192],"floor_reached":33,"playtime":1215,"items_purged":[],"score":422,"play_id":"a3440c7f-3615-4eb7-9d77-fcc183e219cb","local_time":"20201209135331","is_ascension_mode":true,"campfire_choices":[{"floor":6,"key":"REST"},{"data":"Dramatic Entrance","floor":11,"key":"SMITH"},{"data":"Whirlwind","floor":15,"key":"SMITH"},{"floor":24,"key":"REST"},{"floor":27,"key":"REST"},{"floor":29,"key":"REST"},{"floor":32,"key":"REST"}],"neow_cost":"NONE","seed_source_timestamp":359069316680000,"circlet_count":0,"master_deck":["Strike_R","Strike_R","Strike_R+1","Strike_R","Strike_R","Defend_R","Defend_R","Defend_R+1","Defend_R","Bash","Dramatic Entrance+1","Spot Weakness+1","Pain","Uppercut+1","Whirlwind+1","Headbutt","Doubt","Body Slam","Feel No Pain","Barricade","CurseOfTheBell","Ghostly Armor+1","Inflame","Cleave","Iron Wave","Shame","Inflame","Shrug It Off+1","Ghostly Armor","Twin Strike"],"relics":["Burning Blood","Boot","WarpedTongs","Nunchaku","Eternal Feather","Art of War","Calling Bell","Blood Vial","Kunai","Unceasing Top","Lee\u0027s Waffle","Whetstone","Charon\u0027s Ashes","Lantern","War Paint","Toy Ornithopter"],"potions_floor_usage":[7,10,18,21,33],"damage_taken":[{"damage":2,"enemies":"Jaw Worm","floor":1,"turns":3},{"damage":20,"enemies":"Gremlin Nob","floor":7,"turns":4},{"damage":0,"enemies":"2 Louse","floor":8,"turns":2},{"damage":27,"enemies":"Lagavulin","floor":10,"turns":5},{"damage":3,"enemies":"Cultist","floor":13,"turns":2},{"damage":8,"enemies":"Blue Slaver","floor":14,"turns":2},{"damage":59,"enemies":"Hexaghost","floor":16,"turns":9},{"damage":57,"enemies":"Spheric Guardian","floor":18,"turns":6},{"damage":28,"enemies":"Shell Parasite","floor":20,"turns":6},{"damage":33,"enemies":"Sentry and Sphere","floor":21,"turns":5},{"damage":13,"enemies":"3 Cultists","floor":25,"turns":4},{"damage":55,"enemies":"Slavers","floor":28,"turns":4},{"damage":58,"enemies":"Book of Stabbing","floor":30,"turns":7},{"damage":107,"enemies":"Collector","floor":33,"turns":7}],"seed_played":"4652692055024071479","potions_obtained":[{"floor":1,"key":"Explosive Potion"},{"floor":8,"key":"SpeedPotion"},{"floor":16,"key":"Ancient Potion"},{"floor":20,"key":"DistilledChaos"},{"floor":28,"key":"BloodPotion"}],"is_trial":false,"path_per_floor":["M","?","$","?","$","R","E","M","T","E","R","?","M","M","R","B",null,"M","$","M","M","?","$","R","M","T","R","E","R","E","?","R","B"],"character_chosen":"IRONCLAD","items_purchased":["Boot","Lee\u0027s Waffle","Whetstone","Inflame","Inflame"],"campfire_rested":5,"item_purchase_floors":[3,19,19,19,23],"current_hp_per_floor":[76,65,65,65,65,80,66,72,72,51,60,60,63,61,70,17,64,15,87,65,40,40,40,81,76,76,87,38,79,29,29,73,0,0],"gold":192,"neow_bonus":"RANDOM_COLORLESS","is_prod":false,"is_daily":false,"chose_seed":false,"campfire_upgraded":2,"win_rate":0,"timestamp":1607518411,"path_taken":["M","?","$","?","$","R","E","?","T","E","R","?","M","M","R","BOSS","M","$","M","M","?","$","R","M","T","R","E","R","E","?","R","BOSS"],"build_version":"2020-11-30","purchased_purges":0,"victory":false,"max_hp_per_floor":[80,80,80,80,80,80,80,80,80,80,80,80,80,80,80,80,80,80,87,87,87,87,87,87,87,87,87,87,87,87,87,87,87,87],"card_choices":[{"not_picked":["Deep Breath","Impatience"],"picked":"Dramatic Entrance","floor":0},{"not_picked":["Thunderclap","Clash"],"picked":"Spot Weakness","floor":1},{"not_picked":["Flex","Havoc"],"picked":"Uppercut","floor":7},{"not_picked":["Infernal Blade","Iron Wave"],"picked":"Whirlwind","floor":8},{"not_picked":["Flex","Anger"],"picked":"Headbutt","floor":10},{"not_picked":["Flex","Perfected Strike"],"picked":"Body Slam","floor":13},{"not_picked":["Wild Strike","Pommel Strike"],"picked":"Feel No Pain","floor":14},{"not_picked":["Offering","Impervious"],"picked":"Barricade","floor":16},{"not_picked":["Intimidate","Cleave"],"picked":"Ghostly Armor+1","floor":18},{"not_picked":["Sword Boomerang","Brutality"],"picked":"Cleave","floor":20},{"not_picked":["Headbutt","Flex"],"picked":"Iron Wave","floor":21},{"not_picked":["Sword Boomerang+1","Flex"],"picked":"Shrug It Off+1","floor":25},{"not_picked":["Sword Boomerang","Perfected Strike+1"],"picked":"Ghostly Armor","floor":28},{"not_picked":["Corruption","Rampage"],"picked":"Twin Strike","floor":30}],"player_experience":268940,"relics_obtained":[{"floor":7,"key":"Nunchaku"},{"floor":9,"key":"Eternal Feather"},{"floor":10,"key":"Art of War"},{"floor":17,"key":"Blood Vial"},{"floor":17,"key":"Kunai"},{"floor":17,"key":"Unceasing Top"},{"floor":26,"key":"Lantern"},{"floor":28,"key":"War Paint"},{"floor":30,"key":"Toy Ornithopter"}],"event_choices":[{"damage_healed":0,"gold_gain":75,"player_choice":"Gather Gold","damage_taken":11,"max_hp_gain":0,"max_hp_loss":0,"event_name":"World of Goop","floor":2,"gold_loss":0},{"damage_healed":0,"gold_gain":0,"player_choice":"Rummage","damage_taken":0,"relics_obtained":["WarpedTongs"],"max_hp_gain":0,"max_hp_loss":0,"event_name":"Accursed Blacksmith","floor":4,"gold_loss":0,"cards_obtained":["Pain"]},{"damage_healed":0,"gold_gain":175,"player_choice":"AGREE","damage_taken":0,"max_hp_gain":0,"max_hp_loss":0,"event_name":"Liars Game","floor":12,"gold_loss":0,"cards_obtained":["Doubt"]},{"damage_healed":0,"gold_gain":0,"player_choice":"Stole Relic","damage_taken":0,"relics_obtained":["Charon\u0027s Ashes"],"max_hp_gain":0,"max_hp_loss":0,"event_name":"Addict","floor":22,"gold_loss":0,"cards_obtained":["Shame"]},{"damage_healed":0,"gold_gain":99,"player_choice":"Stole From Cult","damage_taken":0,"max_hp_gain":0,"max_hp_loss":0,"event_name":"Nest","floor":31,"gold_loss":0}],"is_beta":false,"boss_relics":[{"not_picked":["Philosopher\u0027s Stone","Coffee Dripper"],"picked":"Calling Bell"}],"items_purged_floors":[],"is_endless":false,"potions_floor_spawned":[1,8,16,20,28],"killed_by":"Collector","ascension_level":9}}