{"host":"p7j7o00jacnw7qzt","time":1607477311,"event":{"gold_per_floor":[119,119,136,136,61,91,109,109,177,177,190,190,224,51,51,128,128,148,165,42,42,53,53,72,72,118,118,18,35,35,52,52,123,123,136,146,21,21,31,61,71,91,114,151,163,175,187,199,211,223,235,235],"floor_reached":51,"playtime":3020,"items_purged":["Strike_G","Strike_G","Defend_G"],"score":1480,"play_id":"c3adc659-2bc3-4a21-8457-4bf6fd47520b","local_time":"20201208202831","is_ascension_mode":true,"campfire_choices":[{"data":"Blade Dance","floor":8.0,"key":"SMITH"},{"data":"Neutralize","floor":10.0,"key":"SMITH"},{"data":"Prepared","floor":15.0,"key":"SMITH"},{"data":"Reflex","floor":23.0,"key":"SMITH"},{"data":"Footwork","floor":25.0,"key":"SMITH"},{"data":"Calculated Gamble","floor":27.0,"key":"SMITH"},{"floor":32.0,"key":"REST"},{"floor":46.0,"key":"RECALL"},{"data":"Madness","floor":49.0,"key":"SMITH"}],"neow_cost":"NONE","seed_source_timestamp":0,"circlet_count":0,"master_deck":["AscendersBane","Defend_G","Defend_G","Defend_G","Defend_G","Neutralize+1","Infinite Blades","Blade Dance+1","Caltrops","Prepared+1","Venomology","Calculated Gamble+1","Reflex+1","Footwork+1","Backflip+1","After Image","Acrobatics+1","Escape Plan","Accuracy","Madness","Madness+1"],"special_seed":0,"relics":["Ring of the Snake","NeowsBlessing","Blood Vial","Calipers","OrangePellets","WristBlade","Vajra","Empty Cage","Mummified Hand","Matryoshka","Ninja Scroll","MawBank","Darkstone Periapt"],"potions_floor_usage":[],"damage_taken":[{"damage":0.0,"enemies":"2 Louse","floor":1.0,"turns":1.0},{"damage":0.0,"enemies":"Cultist","floor":3.0,"turns":1.0},{"damage":0.0,"enemies":"Gremlin Nob","floor":6.0,"turns":1.0},{"damage":4.0,"enemies":"Small Slimes","floor":7.0,"turns":3.0},{"damage":0.0,"enemies":"Looter","floor":11.0,"turns":4.0},{"damage":30.0,"enemies":"Lagavulin","floor":13.0,"turns":9.0},{"damage":21.0,"enemies":"Hexaghost","floor":16.0,"turns":11.0},{"damage":1.0,"enemies":"3 Byrds","floor":18.0,"turns":3.0},{"damage":14.0,"enemies":"Spheric Guardian","floor":19.0,"turns":4.0},{"damage":19.0,"enemies":"Snecko","floor":22.0,"turns":5.0},{"damage":4.0,"enemies":"Snake Plant","floor":24.0,"turns":4.0},{"damage":12.0,"enemies":"Cultist and Chosen","floor":29.0,"turns":5.0},{"damage":0.0,"enemies":"Centurion and Healer","floor":31.0,"turns":5.0},{"damage":33.0,"enemies":"Automaton","floor":33.0,"turns":10.0},{"damage":11.0,"enemies":"3 Shapes","floor":35.0,"turns":6.0},{"damage":1.0,"enemies":"3 Darklings","floor":36.0,"turns":6.0},{"damage":14.0,"enemies":"Writhing Mass","floor":39.0,"turns":7.0},{"damage":0.0,"enemies":"Giant Head","floor":40.0,"turns":6.0},{"damage":0.0,"enemies":"Transient","floor":41.0,"turns":6.0},{"damage":0.0,"enemies":"Sphere and 2 Shapes","floor":42.0,"turns":3.0},{"damage":9.0,"enemies":"Reptomancer","floor":44.0,"turns":4.0},{"damage":5.0,"enemies":"Donu and Deca","floor":50.0,"turns":6.0},{"damage":46,"enemies":"Time Eater","floor":51,"turns":8}],"seed_played":"-7768853758045390173","potions_obtained":[{"floor":1.0,"key":"Regen Potion"},{"floor":6.0,"key":"BlessingOfTheForge"},{"floor":7.0,"key":"LiquidBronze"},{"floor":18.0,"key":"SpeedPotion"},{"floor":24.0,"key":"SpeedPotion"},{"floor":29.0,"key":"SkillPotion"},{"floor":33.0,"key":"SpeedPotion"},{"floor":35.0,"key":"FearPotion"}],"is_trial":false,"path_per_floor":["M","?","M","?","$","E","M","R","T","R","M","?","E","$","R","B",null,"M","M","$","?","M","R","M","R","T","R","$","M","?","M","R","B",null,"M","M","$","?","M","E","M","M","T","E","?","R","?","?","R","B","B"],"character_chosen":"THE_SILENT","items_purchased":["OrangePellets","Reflex","Footwork"],"campfire_rested":1,"item_purchase_floors":[14,20,20],"current_hp_per_floor":[59,59,59,52,52,52,50,50,50,50,52,52,39,39,39,20,55,56,44,44,44,27,27,25,25,25,25,25,15,15,17,36,5,51,42,43,43,43,31,33,35,37,37,30,30,30,18,18,18,15,0,0],"gold":235,"neow_bonus":"THREE_ENEMY_KILL","is_prod":false,"is_daily":false,"chose_seed":false,"campfire_upgraded":7,"win_rate":0,"timestamp":1607477311,"path_taken":["M","?","M","?","$","E","M","R","T","R","M","?","E","$","R","BOSS","BOSS","M","?","$","?","M","R","M","R","T","R","$","M","?","M","R","BOSS","M","?","$","?","M","E","?","M","T","E","?","R","?","?","R","BOSS","BOSS"],"build_version":"2020-11-30","purchased_purges":3,"victory":false,"max_hp_per_floor":[66,66,66,66,66,66,66,66,66,66,66,66,66,66,66,66,66,66,66,66,66,66,66,66,66,66,66,66,66,66,66,66,66,66,66,66,66,66,66,66,66,66,66,66,66,66,66,66,66,66,66,66],"relic_stats":{"Blood Vial":40,"Darkstone Periapt":0,"OrangePellets":[12],"counters":[23,118],"Mummified Hand":[32],"MawBank":96,"obtain_stats":[{"Darkstone Periapt":44,"Calipers":13,"NeowsBlessing":0,"Vajra":26,"Empty Cage":34,"MawBank":43,"Blood Vial":6,"OrangePellets":14,"Matryoshka":40,"WristBlade":17,"Mummified Hand":38,"Ninja Scroll":43,"Ring of the Snake":0},{"Darkstone Periapt":21,"Calipers":6,"NeowsBlessing":0,"Vajra":11,"Empty Cage":14,"MawBank":20,"Blood Vial":3,"OrangePellets":6,"Matryoshka":18,"WristBlade":7,"Mummified Hand":16,"Ninja Scroll":20,"Ring of the Snake":0},{"Darkstone Periapt":104,"Calipers":19,"NeowsBlessing":0,"Vajra":46,"Empty Cage":66,"MawBank":100,"Blood Vial":3,"OrangePellets":19,"Matryoshka":91,"WristBlade":30,"Mummified Hand":78,"Ninja Scroll":100,"Ring of the Snake":0}],"Ring of the Snake":[46]},"card_choices":[{"not_picked":["Blur","Underhanded Strike"],"picked":"Infinite Blades","floor":1.0},{"not_picked":["Flying Knee","Reflex"],"picked":"Blade Dance","floor":3.0},{"not_picked":["Poisoned Stab","Dodge and Roll"],"picked":"Caltrops","floor":6.0},{"not_picked":["All Out Attack","Underhanded Strike","Slice"],"picked":"SKIP","floor":7.0},{"not_picked":["Backstab","Outmaneuver"],"picked":"Prepared","floor":11.0},{"not_picked":["Quick Slash","Dagger Throw","Backstab"],"picked":"SKIP","floor":13.0},{"not_picked":["Quick Slash","Dagger Throw","Backstab"],"picked":"SKIP","floor":13.0},{"not_picked":["Corpse Explosion","Night Terror"],"picked":"Venomology","floor":16.0},{"not_picked":["Cloak And Dagger","Dodge and Roll","Riddle With Holes"],"picked":"SKIP","floor":18.0},{"not_picked":["Escape Plan","Setup"],"picked":"Calculated Gamble","floor":19.0},{"not_picked":["PiercingWail","Dodge and Roll","Deflect"],"picked":"SKIP","floor":22.0},{"not_picked":["Flying Knee","Bane+1","Deflect+1"],"picked":"SKIP","floor":24.0},{"not_picked":["Finisher","Expertise"],"picked":"Backflip+1","floor":29.0},{"not_picked":["Dagger Spray","Blur","Riddle With Holes"],"picked":"SKIP","floor":31.0},{"not_picked":["Storm of Steel","Burst"],"picked":"After Image","floor":33.0},{"not_picked":["Outmaneuver","Finisher+1"],"picked":"Acrobatics+1","floor":35.0},{"not_picked":["Flying Knee+1","Blade Dance+1","Underhanded Strike"],"picked":"SKIP","floor":36.0},{"not_picked":["Flying Knee+1","Blade Dance+1","Underhanded Strike"],"picked":"SKIP","floor":36.0},{"not_picked":["Slice","Underhanded Strike+1"],"picked":"Escape Plan","floor":39.0},{"not_picked":["Backstab","Dodge and Roll"],"picked":"Accuracy","floor":40.0},{"not_picked":["Flechettes+1","Prepared+1","Finisher"],"picked":"SKIP","floor":41.0},{"not_picked":["Blur","Outmaneuver","Backflip"],"picked":"SKIP","floor":42.0},{"not_picked":["Blur","Outmaneuver","Backflip"],"picked":"SKIP","floor":42.0},{"not_picked":["Skewer","Leg Sweep+1","Eviscerate"],"picked":"SKIP","floor":44.0}],"player_experience":682515,"relics_obtained":[{"floor":6.0,"key":"Blood Vial"},{"floor":13.0,"key":"Calipers"},{"floor":26.0,"key":"Vajra"},{"floor":40.0,"key":"Matryoshka"},{"floor":43.0,"key":"Ninja Scroll"},{"floor":43.0,"key":"MawBank"},{"floor":44.0,"key":"Darkstone Periapt"}],"event_choices":[{"damage_healed":0.0,"max_hp_gain":0.0,"max_hp_loss":0.0,"gold_gain":0.0,"event_name":"Shining Light","player_choice":"Ignored","floor":2.0,"gold_loss":0.0,"damage_taken":0.0},{"cards_removed":["Strike_G"],"damage_healed":0.0,"max_hp_gain":0.0,"max_hp_loss":0.0,"gold_gain":0.0,"event_name":"Golden Wing","player_choice":"Card Removal","floor":4.0,"gold_loss":0.0,"damage_taken":7.0},{"cards_removed":["Strike_G"],"damage_healed":0.0,"max_hp_gain":0.0,"max_hp_loss":0.0,"gold_gain":0.0,"event_name":"Bonfire Elementals","player_choice":"Offered Basic","floor":12.0,"gold_loss":0.0,"damage_taken":0.0},{"damage_healed":0.0,"max_hp_gain":0.0,"max_hp_loss":0.0,"gold_gain":0.0,"event_name":"Wheel of Change","player_choice":"Cursed","floor":30.0,"gold_loss":0.0,"damage_taken":0.0,"cards_obtained":["Decay"]},{"damage_healed":0.0,"max_hp_gain":0.0,"max_hp_loss":0.0,"gold_gain":0.0,"event_name":"WeMeetAgain","player_choice":"Gave Potion","floor":38.0,"gold_loss":0.0,"damage_taken":0.0,"relics_obtained":["Mummified Hand"]},{"damage_healed":0.0,"max_hp_gain":0.0,"max_hp_loss":0.0,"gold_gain":0.0,"event_name":"The Moai Head","player_choice":"Ignored","floor":45.0,"gold_loss":0.0,"damage_taken":0.0},{"damage_healed":0.0,"max_hp_gain":0.0,"max_hp_loss":0.0,"gold_gain":0.0,"event_name":"Winding Halls","player_choice":"Embrace Madness","floor":47.0,"gold_loss":0.0,"damage_taken":12.0,"cards_obtained":["Madness","Madness"]},{"cards_removed":["Survivor"],"damage_healed":0.0,"max_hp_gain":0.0,"max_hp_loss":0.0,"gold_gain":0.0,"event_name":"Falling","player_choice":"Removed Skill","floor":48.0,"gold_loss":0.0,"damage_taken":0.0}],"is_beta":false,"boss_relics":[{"not_picked":["Runic Pyramid","Sozu"],"picked":"WristBlade"},{"not_picked":["Runic Dome","Busted Crown"],"picked":"Empty Cage"}],"items_purged_floors":[5,28,37],"is_endless":false,"potions_floor_spawned":[1,6,7,11,18,24,29,33,35,39],"killed_by":"Time Eater","ascension_level":20}}