{"host":"spdo1rkrnctwf3z7","time":1607502921,"event":{"gold_per_floor":[112,112,112,112,123,123,123,147,147,147,147,165,182,195,195,296,296,315,315,333,343,354,354,373,386,413,432,0,0,0,18,18,116,116,131,181,208,223,323,323,323,323],"floor_reached":41,"playtime":1651,"items_purged":[],"score":385,"play_id":"d44d8ee4-1882-4770-83ae-5a824f72eeec","local_time":"20201209173521","is_ascension_mode":false,"campfire_choices":[{"data":"Footwork","floor":6,"key":"SMITH"},{"data":"Footwork","floor":10,"key":"SMITH"},{"data":"Caltrops","floor":15,"key":"SMITH"},{"data":"Caltrops","floor":23,"key":"SMITH"},{"data":"Defend_G","floor":32,"key":"SMITH"},{"data":"1","floor":40,"key":"LIFT"}],"neow_cost":"NONE","seed_source_timestamp":70600965078100,"circlet_count":0,"master_deck":["Strike_G","Strike_G","Strike_G","Strike_G","Strike_G","Defend_G+1","Defend_G","Defend_G","Defend_G","Defend_G","Survivor","Neutralize","Footwork+1","Footwork+1","Caltrops+1","Caltrops+1","Leg Sweep","Venomology","Dodge and Roll+1","Poisoned Stab","Noxious Fumes+1","Clumsy","Enlightenment+1","Corpse Explosion+1","Crippling Poison+1","Distraction"],"relics":["Ring of the Serpent","NeowsBlessing","Odd Mushroom","HornCleat","MealTicket","Potion Belt","Coffee Dripper","Girya","War Paint"],"potions_floor_usage":[16,18,20,20,21,21,22,24,31,31,31,31,33,33,33,36,36,41],"damage_taken":[{"damage":0,"enemies":"Jaw Worm","floor":1,"turns":1},{"damage":0,"enemies":"Cultist","floor":5,"turns":1},{"damage":0,"enemies":"The Mushroom Lair","floor":8,"turns":2},{"damage":0,"enemies":"Small Slimes","floor":12,"turns":6},{"damage":1,"enemies":"Blue Slaver","floor":13,"turns":6},{"damage":0,"enemies":"Exordium Wildlife","floor":14,"turns":10},{"damage":8,"enemies":"Hexaghost","floor":16,"turns":15},{"damage":2,"enemies":"Shell Parasite","floor":18,"turns":6},{"damage":11,"enemies":"Spheric Guardian","floor":20,"turns":9},{"damage":17,"enemies":"Centurion and Healer","floor":21,"turns":27},{"damage":8,"enemies":"Snecko","floor":22,"turns":8},{"damage":0,"enemies":"Shelled Parasite and Fungi","floor":24,"turns":7},{"damage":8,"enemies":"Chosen and Byrds","floor":25,"turns":8},{"damage":1,"enemies":"Snake Plant","floor":27,"turns":5},{"damage":1,"enemies":"Centurion and Healer","floor":31,"turns":8},{"damage":26,"enemies":"Automaton","floor":33,"turns":13},{"damage":9,"enemies":"Orb Walker","floor":35,"turns":5},{"damage":9,"enemies":"Mind Bloom Boss Battle","floor":36,"turns":8},{"damage":0,"enemies":"3 Darklings","floor":38,"turns":4},{"damage":99,"enemies":"Reptomancer","floor":41,"turns":3}],"seed_played":"4107528742086650403","potions_obtained":[{"floor":3,"key":"SmokeBomb"},{"floor":3,"key":"FairyPotion"},{"floor":3,"key":"Energy Potion"},{"floor":16,"key":"Poison Potion"},{"floor":18,"key":"Regen Potion"},{"floor":20,"key":"FearPotion"},{"floor":22,"key":"SpeedPotion"},{"floor":25,"key":"AttackPotion"},{"floor":35,"key":"Swift Potion"}],"is_trial":false,"path_per_floor":["M","$","?","$","M","R","$","?","T","R","$","M","M","M","R","B",null,"M","?","M","M","M","R","M","M","T","M","?","?","$","M","R","B",null,"M","?","T","M","?","R","E"],"character_chosen":"THE_SILENT","items_purchased":[],"campfire_rested":0,"item_purchase_floors":[],"current_hp_per_floor":[70,70,70,70,70,70,70,70,70,70,70,70,69,69,69,61,70,68,68,70,53,45,45,45,37,37,36,36,36,51,50,50,24,70,61,52,52,52,52,52,0,0],"gold":323,"neow_bonus":"THREE_ENEMY_KILL","is_prod":false,"is_daily":false,"chose_seed":false,"campfire_upgraded":5,"win_rate":0,"timestamp":1607502921,"path_taken":["M","$","?","$","M","R","?","?","T","R","?","?","M","M","R","BOSS","M","?","M","M","M","R","?","M","T","M","?","?","$","M","R","BOSS","M","?","?","M","?","R","E"],"build_version":"2020-11-30","purchased_purges":0,"victory":false,"max_hp_per_floor":[70,70,70,70,70,70,70,70,70,70,70,70,70,70,70,70,70,70,70,70,70,70,70,70,70,70,70,70,70,70,70,70,70,70,70,70,70,70,70,70,70,70],"card_choices":[{"not_picked":["PiercingWail","Deflect"],"picked":"Footwork","floor":1},{"not_picked":["Finisher","Dagger Throw"],"picked":"Footwork","floor":5},{"not_picked":["Terror","PiercingWail"],"picked":"Caltrops","floor":8},{"not_picked":["Skewer","Noxious Fumes"],"picked":"Caltrops","floor":12},{"not_picked":["Prepared","Bouncing Flask"],"picked":"Leg Sweep","floor":13},{"not_picked":["Eviscerate","Choke","Underhanded Strike"],"picked":"SKIP","floor":14},{"not_picked":["Malaise","Burst"],"picked":"Venomology","floor":16},{"not_picked":["Poisoned Stab","Sucker Punch"],"picked":"Dodge and Roll+1","floor":18},{"not_picked":["Quick Slash","Finisher","Backflip"],"picked":"SKIP","floor":20},{"not_picked":["Bane+1","Die Die Die"],"picked":"Poisoned Stab","floor":21},{"not_picked":["Dodge and Roll","Blade Dance","Underhanded Strike"],"picked":"SKIP","floor":22},{"not_picked":["Prepared","Deflect","Eviscerate"],"picked":"SKIP","floor":24},{"not_picked":["Acrobatics","Quick Slash"],"picked":"Noxious Fumes+1","floor":25},{"not_picked":["Blade Dance","Underhanded Strike+1","Deadly Poison"],"picked":"SKIP","floor":27},{"not_picked":["Well Laid Plans","Riddle With Holes","Sucker Punch"],"picked":"SKIP","floor":31},{"not_picked":["A Thousand Cuts","Burst"],"picked":"Corpse Explosion","floor":33},{"not_picked":["Distraction","PiercingWail"],"picked":"Crippling Poison+1","floor":35},{"not_picked":["Riddle With Holes+1","Deflect"],"picked":"Distraction","floor":38}],"player_experience":100152,"relics_obtained":[{"floor":8,"key":"Odd Mushroom"},{"floor":9,"key":"HornCleat"},{"floor":26,"key":"Potion Belt"},{"floor":36,"key":"Girya"},{"floor":37,"key":"War Paint"}],"event_choices":[{"damage_healed":0,"gold_gain":0,"player_choice":"Got Potions","damage_taken":0,"max_hp_gain":0,"max_hp_loss":0,"event_name":"Lab","floor":3,"gold_loss":0},{"damage_healed":0,"gold_gain":0,"player_choice":"Fought Mushrooms","damage_taken":0,"max_hp_gain":0,"max_hp_loss":0,"event_name":"Mushrooms","floor":8,"gold_loss":0},{"damage_healed":0,"gold_gain":0,"player_choice":"Gave Potion","damage_taken":0,"relics_obtained":["MealTicket"],"max_hp_gain":0,"max_hp_loss":0,"event_name":"WeMeetAgain","floor":19,"gold_loss":0},{"damage_healed":0,"gold_gain":0,"player_choice":"Paid Fearfully","damage_taken":0,"max_hp_gain":0,"max_hp_loss":0,"event_name":"Masked Bandits","floor":28,"gold_loss":432},{"damage_healed":0,"gold_gain":0,"player_choice":"2 cards matched","damage_taken":0,"max_hp_gain":0,"max_hp_loss":0,"event_name":"Match and Keep!","floor":29,"gold_loss":0,"cards_obtained":["Clumsy","Enlightenment"]},{"damage_healed":0,"gold_gain":0,"player_choice":"Fight","damage_taken":0,"max_hp_gain":0,"max_hp_loss":0,"event_name":"MindBloom","floor":36,"gold_loss":0},{"damage_healed":0,"gold_gain":100,"player_choice":"Pray","damage_taken":0,"max_hp_gain":0,"max_hp_loss":0,"event_name":"Golden Shrine","floor":39,"gold_loss":0}],"is_beta":false,"boss_relics":[{"not_picked":["Ectoplasm","Astrolabe"],"picked":"Ring of the Serpent"},{"not_picked":["Philosopher\u0027s Stone","HoveringKite"],"picked":"Coffee Dripper"}],"items_purged_floors":[],"is_endless":false,"potions_floor_spawned":[12,13,16,18,20,22,25,35],"killed_by":"Reptomancer","ascension_level":0}}