{"host":"lhth1efayex2023z","time":1607546661,"event":{"gold_per_floor":[115,115,115,65,65,65,98,117,140,140,167,15,15,15,15,114,114,127,127,402,402,402],"floor_reached":21,"playtime":565,"items_purged":["Strike_B"],"score":272,"play_id":"6846a173-246e-4be3-95fa-32a1bf5e50c2","local_time":"20201209134421","is_ascension_mode":true,"campfire_choices":[{"data":"Zap","floor":6,"key":"SMITH"},{"floor":10,"key":"REST"},{"floor":13,"key":"REST"},{"floor":15,"key":"REST"}],"neow_cost":"PERCENT_DAMAGE","seed_source_timestamp":1388423686871400,"circlet_count":0,"master_deck":["AscendersBane","Strike_B+1","Strike_B","Strike_B","Defend_B+1","Defend_B","Defend_B","Defend_B","Zap+1","Dualcast","Gash","Defragment","Static Discharge","Gash","Beam Cell","FTL","RitualDagger","Regret"],"relics":["Cracked Core","WingedGreaves","Blue Candle","Strawberry","Kunai","Happy Flower","Pen Nib","Dream Catcher","Nuclear Battery"],"potions_floor_usage":[],"damage_taken":[{"damage":4,"enemies":"Jaw Worm","floor":1,"turns":4},{"damage":33,"enemies":"Lagavulin","floor":7,"turns":9},{"damage":0,"enemies":"Small Slimes","floor":8,"turns":3},{"damage":25,"enemies":"3 Sentries","floor":11,"turns":8},{"damage":35,"enemies":"The Guardian","floor":16,"turns":8},{"damage":28,"enemies":"Shell Parasite","floor":18,"turns":4},{"damage":8,"enemies":"Chosen","floor":21,"turns":4}],"seed_played":"-3854937616903994064","potions_obtained":[{"floor":11,"key":"Energy Potion"}],"is_trial":false,"path_per_floor":["M","?","?","?","?","R","E","M","T","R","E","$","R","?","R","B",null,"M","?","?","M"],"character_chosen":"DEFECT","items_purchased":["Gash","Beam Cell"],"campfire_rested":3,"item_purchase_floors":[12,12],"current_hp_per_floor":[46,46,31,31,38,38,5,5,5,29,4,4,28,28,52,17,66,38,32,32,24,24],"gold":402,"neow_bonus":"ONE_RARE_RELIC","is_prod":false,"is_daily":false,"chose_seed":false,"campfire_upgraded":1,"win_rate":0,"timestamp":1607546661,"path_taken":["M","?","?","?","?","R","E","?","T","R","E","?","R","?","R","BOSS","M","?","?","M"],"build_version":"2020-11-30","purchased_purges":1,"victory":false,"max_hp_per_floor":[75,75,75,75,82,82,82,82,82,82,82,82,82,82,82,82,82,82,82,82,82,82],"card_choices":[{"not_picked":["Hologram","Scrape"],"picked":"Gash","floor":1},{"not_picked":["Self Repair","Static Discharge"],"picked":"Defragment","floor":7},{"not_picked":["Go for the Eyes","Leap","Streamline"],"picked":"SKIP","floor":8},{"not_picked":["Steam","Cold Snap"],"picked":"Static Discharge","floor":11},{"not_picked":["Barrage","Redo"],"picked":"FTL","floor":18}],"player_experience":344866,"relics_obtained":[{"floor":5,"key":"Strawberry"},{"floor":7,"key":"Kunai"},{"floor":9,"key":"Happy Flower"},{"floor":11,"key":"Pen Nib"}],"event_choices":[{"damage_healed":0,"gold_gain":0,"player_choice":"Box","damage_taken":0,"relics_obtained":["Blue Candle"],"max_hp_gain":0,"max_hp_loss":0,"event_name":"Big Fish","floor":2,"gold_loss":0,"cards_obtained":["Regret"]},{"damage_healed":0,"gold_gain":0,"player_choice":"Entered Light","damage_taken":15,"max_hp_gain":0,"max_hp_loss":0,"event_name":"Shining Light","floor":3,"gold_loss":0,"cards_upgraded":["Defend_B","Strike_B"]},{"cards_removed":["Regret"],"damage_healed":0,"gold_gain":0,"player_choice":"Card Removal","damage_taken":0,"max_hp_gain":0,"max_hp_loss":0,"event_name":"The Cleric","floor":4,"gold_loss":50},{"damage_healed":0,"gold_gain":0,"player_choice":"Relic","damage_taken":0,"max_hp_gain":0,"max_hp_loss":0,"event_name":"Wheel of Change","floor":5,"gold_loss":0},{"damage_healed":0,"gold_gain":0,"player_choice":"Gave Potion","damage_taken":0,"relics_obtained":["Dream Catcher"],"max_hp_gain":0,"max_hp_loss":0,"event_name":"WeMeetAgain","floor":14,"gold_loss":0},{"damage_healed":0,"gold_gain":0,"player_choice":"Joined the Cult","damage_taken":6,"max_hp_gain":0,"max_hp_loss":0,"event_name":"Nest","floor":19,"gold_loss":0,"cards_obtained":["RitualDagger"]},{"damage_healed":0,"gold_gain":275,"player_choice":"Desecrate","damage_taken":0,"max_hp_gain":0,"max_hp_loss":0,"event_name":"Golden Shrine","floor":20,"gold_loss":0,"cards_obtained":["Regret"]}],"is_beta":false,"boss_relics":[{"not_picked":["Busted Crown","Astrolabe"],"picked":"Nuclear Battery"}],"items_purged_floors":[12],"is_endless":false,"potions_floor_spawned":[11],"killed_by":"Chosen","ascension_level":10}}