{"host":"yo9wwslrag05lh37","time":1607558287,"event":{"gold_per_floor":[111,121,133,146,146,146,146,46,93,93,129,73,73,109,109,202,202,227,245,170,193,193,229,249,249,249,39,55,90,115,146,158,170,170],"floor_reached":33,"playtime":1100,"items_purged":["Injury","Strike_B"],"score":594,"play_id":"144c3b77-6a5f-4ace-bf1d-e92f596ebf20","local_time":"20201210005807","is_ascension_mode":true,"campfire_choices":[{"data":"Reprogram","floor":6.0,"key":"SMITH"},{"data":"Defragment","floor":10.0,"key":"SMITH"},{"data":"Barrage","floor":13.0,"key":"SMITH"},{"data":"Go for the Eyes","floor":15.0,"key":"SMITH"},{"floor":25.0,"key":"REST"},{"floor":32,"key":"REST"}],"neow_cost":"NONE","seed_source_timestamp":2078021091060400,"circlet_count":0,"master_deck":["AscendersBane","Strike_B","Strike_B","Strike_B","Defend_B","Defend_B","Defend_B","Zap","Dualcast","FTL","Reprogram+1","Defragment+1","Cold Snap","Barrage+1","Cold Snap","Ball Lightning","Go for the Eyes+1","Hyperbeam","Compile Driver","Core Surge","Compile Driver","Genetic Algorithm+1","Reinforced Body+1","Rip and Tear+1"],"special_seed":0,"relics":["Cracked Core","Bag of Marbles","Bird Faced Urn","Golden Idol","Oddly Smooth Stone","Du-Vu Doll","Pear","Velvet Choker","Tiny Chest","Toxic Egg 2","MawBank"],"potions_floor_usage":[31,31],"damage_taken":[{"damage":1.0,"enemies":"Cultist","floor":1.0,"turns":3.0},{"damage":3.0,"enemies":"Small Slimes","floor":2.0,"turns":3.0},{"damage":7.0,"enemies":"Jaw Worm","floor":3.0,"turns":4.0},{"damage":3.0,"enemies":"3 Louse","floor":4.0,"turns":4.0},{"damage":16.0,"enemies":"Gremlin Nob","floor":11.0,"turns":4.0},{"damage":12.0,"enemies":"3 Sentries","floor":14.0,"turns":5.0},{"damage":8.0,"enemies":"The Guardian","floor":16.0,"turns":11.0},{"damage":15.0,"enemies":"Shell Parasite","floor":18.0,"turns":4.0},{"damage":17.0,"enemies":"Spheric Guardian","floor":19.0,"turns":4.0},{"damage":18.0,"enemies":"Snake Plant","floor":21.0,"turns":3.0},{"damage":7.0,"enemies":"Slavers","floor":23.0,"turns":2.0},{"damage":14.0,"enemies":"Centurion and Healer","floor":24.0,"turns":2.0},{"damage":12.0,"enemies":"3 Cultists","floor":28.0,"turns":3.0},{"damage":18.0,"enemies":"Gremlin Leader","floor":29.0,"turns":3.0},{"damage":2.0,"enemies":"Cultist and Chosen","floor":30.0,"turns":5.0},{"damage":6,"enemies":"Centurion and Healer","floor":31,"turns":3},{"damage":31,"enemies":"Collector","floor":33,"turns":3}],"seed_played":"9111740841750883944","potions_obtained":[{"floor":1.0,"key":"Block Potion"},{"floor":11.0,"key":"FocusPotion"},{"floor":16.0,"key":"Weak Potion"},{"floor":19.0,"key":"Ancient Potion"},{"floor":28.0,"key":"DuplicationPotion"},{"floor":29.0,"key":"DuplicationPotion"},{"floor":30.0,"key":"EssenceOfSteel"},{"floor":31,"key":"LiquidBronze"}],"is_trial":false,"path_per_floor":["M","M","M","M","T","R","?","$","T","R","E","$","R","E","R","B",null,"M","M","?","M","?","E","M","R","T","$","M","E","M","M","R","B"],"character_chosen":"DEFECT","items_purchased":["Barrage","Ball Lightning","SteroidPotion","Compile Driver"],"campfire_rested":2,"item_purchase_floors":[8,12,27,27],"current_hp_per_floor":[63,60,53,50,50,50,50,50,50,50,36,36,36,36,36,30,68,55,38,38,20,36,29,15,39,39,39,27,9,7,3,27,0,0],"gold":170,"neow_bonus":"RANDOM_COMMON_RELIC","is_prod":false,"is_daily":false,"chose_seed":false,"campfire_upgraded":4,"win_rate":0,"timestamp":1607558287,"path_taken":["M","M","M","M","?","R","?","$","T","R","E","$","R","E","R","BOSS","M","M","?","M","?","E","M","R","T","$","?","E","M","M","R","BOSS"],"build_version":"2020-11-30","purchased_purges":2,"victory":false,"max_hp_per_floor":[71,71,71,71,71,71,71,71,71,71,71,71,71,81,81,81,81,81,81,81,81,81,81,81,81,81,81,81,81,81,81,81,81,81],"relic_stats":{"counters":[17,66],"Golden Idol":75,"Bird Faced Urn":[10],"Tiny Chest":0,"MawBank":48,"obtain_stats":[{"Du-Vu Doll":11,"Pear":14,"Golden Idol":7,"Bird Faced Urn":5,"Oddly Smooth Stone":9,"Velvet Choker":17,"Tiny Chest":23,"Bag of Marbles":0,"Toxic Egg 2":26,"Cracked Core":0,"MawBank":29},{"Du-Vu Doll":5,"Pear":6,"Golden Idol":4,"Bird Faced Urn":4,"Oddly Smooth Stone":4,"Velvet Choker":7,"Tiny Chest":11,"Bag of Marbles":0,"Toxic Egg 2":12,"Cracked Core":0,"MawBank":14},{"Du-Vu Doll":18,"Pear":23,"Golden Idol":14,"Bird Faced Urn":14,"Oddly Smooth Stone":14,"Velvet Choker":34,"Tiny Chest":47,"Bag of Marbles":0,"Toxic Egg 2":49,"Cracked Core":0,"MawBank":55}]},"card_choices":[{"not_picked":["Blizzard","Coolheaded"],"picked":"FTL","floor":1.0},{"not_picked":["Beam Cell","Tempest"],"picked":"Reprogram","floor":2.0},{"not_picked":["Conserve Battery","Go for the Eyes"],"picked":"Defragment","floor":3.0},{"not_picked":["Go for the Eyes","Reinforced Body"],"picked":"Cold Snap","floor":4.0},{"not_picked":["Streamline","Undo"],"picked":"Cold Snap","floor":11.0},{"not_picked":["Undo","Redo"],"picked":"Go for the Eyes","floor":14.0},{"not_picked":["Amplify","Biased Cognition"],"picked":"Hyperbeam","floor":16.0},{"not_picked":["Beam Cell","Streamline"],"picked":"Compile Driver","floor":18.0},{"not_picked":["Streamline","Go for the Eyes","Steam"],"picked":"SKIP","floor":19.0},{"not_picked":["Stack","Double Energy","Redo"],"picked":"SKIP","floor":21.0},{"not_picked":["Turbo","Sweeping Beam"],"picked":"Core Surge","floor":23.0},{"not_picked":["Turbo","Blizzard+1","Aggregate"],"picked":"SKIP","floor":24.0},{"not_picked":["Cold Snap","Beam Cell"],"picked":"Genetic Algorithm+1","floor":28.0},{"not_picked":["Go for the Eyes","Aggregate+1"],"picked":"Reinforced Body+1","floor":29.0},{"not_picked":["Turbo+1","Compile Driver"],"picked":"Rip and Tear+1","floor":30.0},{"not_picked":["Sweeping Beam","Redo+1","Storm"],"picked":"SKIP","floor":31}],"player_experience":1316398,"relics_obtained":[{"floor":5.0,"key":"Bird Faced Urn"},{"floor":9.0,"key":"Oddly Smooth Stone"},{"floor":11.0,"key":"Du-Vu Doll"},{"floor":14.0,"key":"Pear"},{"floor":23.0,"key":"Tiny Chest"},{"floor":26.0,"key":"Toxic Egg 2"},{"floor":29.0,"key":"MawBank"}],"event_choices":[{"damage_healed":0.0,"max_hp_gain":0.0,"max_hp_loss":0.0,"gold_gain":0.0,"event_name":"Golden Idol","player_choice":"Take Wound","floor":7.0,"gold_loss":0.0,"damage_taken":0.0,"relics_obtained":["Golden Idol"],"cards_obtained":["Injury"]},{"cards_removed":["Defend_B"],"damage_healed":0.0,"max_hp_gain":0.0,"max_hp_loss":0.0,"gold_gain":0.0,"event_name":"Beggar","player_choice":"Gave Gold","floor":20.0,"gold_loss":75.0,"damage_taken":0.0},{"damage_healed":16.0,"max_hp_gain":0.0,"max_hp_loss":0.0,"gold_gain":0.0,"event_name":"The Library","player_choice":"Heal","floor":22.0,"gold_loss":0.0,"damage_taken":0.0}],"is_beta":false,"boss_relics":[{"not_picked":["SacredBark","Empty Cage"],"picked":"Velvet Choker"}],"items_purged_floors":[8,27],"is_endless":false,"potions_floor_spawned":[1,11,16,19,28,29,30,31],"killed_by":"Collector","ascension_level":20}}