{"host":"o5jvvi5yapo90aia","time":1607502360,"event":{"gold_per_floor":[109,109,109,122,122,153,153,186,210,210,224,249,265,665,665,742,742,757,672,708,729,629,662,542,579,660,684,753,753,777,795,795,884,884,912,942,802,828,833,878,1100,1144,1169,1198,1240,1265,1288,1330,1330,1342,1349,1349,1349,1189,1231,1256],"floor_reached":57,"playtime":1781,"items_purged":["Defend_P","Defend_P","Strike_P","Strike_P","Normality","MostiFishMod:UniPurple+1"],"score":4025,"play_id":"48aecb2f-2eca-4438-9cfe-9cbd52bdd311","local_time":"20201209162600","is_ascension_mode":true,"campfire_choices":[{"floor":7,"key":"RECALL"},{"data":"Defend_P","floor":10,"key":"PURGE"},{"data":"Strike_P","floor":15,"key":"PURGE"},{"data":"Defend_P+1","floor":29,"key":"PURGE"},{"data":"Strike_P","floor":32,"key":"PURGE"},{"data":"Vigilance+1","floor":49,"key":"PURGE"},{"data":"Ragnarok+1","floor":53,"key":"PURGE"}],"neow_cost":"NONE","seed_source_timestamp":277472787798899,"circlet_count":0,"master_deck":["AscendersBane","Eruption+1","Worship+1","MostiFishMod:Adaptation+1","DeusExMachina+1","Wallop+1","MostiFishMod:SephirahHod+1","DevaForm+1","Adaptation","MostiFishMod:KamiSmash+1","TalkToTheHand+1"],"relics":["testmod-TestBox","ShadowXiaoBlade","DiscerningMonocle","testmod-ChristmasGift","Question Card","Toxic Egg 2","War Paint","DianDianMeat","Frozen Eye","Cauldron","Molten Egg 2","testmod-OneHitWonder","Lantern","Bronze Scales","BrkXgEgg","Oddly Smooth Stone","testmod-Acrobat","Pantograph","ImportantClient","BirthdayGift-Tetrahedron","Dream Catcher","Red Mask","TheAbacus","Potion Belt","testmod-LifeArmor","Matryoshka","Orichalcum","Toolbox","Meat on the Bone","OrangePellets","Mummified Hand","Blood Vial","Centennial Puzzle","Incense Burner","Ancient Tea Set","HornCleat","testmod-Justice","MostiFishMod:Hod","ImprovedEquipment","Bag of Preparation","Melange","Kunai","Toy Ornithopter","Yang","SentryEyes","Eternal Feather","Anchor","Strawberry","Mercury Hourglass","TimeFreeze","Nunchaku","Blue Candle","Art of War","PrismaticShard","testmod-TheFather","testmod-InjuryResistance"],"potions_floor_usage":[12,16,16,16,16,16,24,27,27,28,28,28,28,31,31,31,39,56,56,56,56],"damage_taken":[{"damage":0,"enemies":"Jaw Worm","floor":1,"turns":3},{"damage":0,"enemies":"Cultist","floor":4,"turns":2},{"damage":9,"enemies":"Gremlin Nob","floor":6,"turns":4},{"damage":0,"enemies":"Lagavulin","floor":8,"turns":4},{"damage":0,"enemies":"Small Slimes","floor":11,"turns":2},{"damage":0,"enemies":"3 Sentries","floor":12,"turns":2},{"damage":0,"enemies":"3 Louse","floor":13,"turns":1},{"damage":21,"enemies":"The Guardian","floor":16,"turns":3},{"damage":2,"enemies":"Chosen","floor":18,"turns":2},{"damage":14,"enemies":"Masked Bandits","floor":20,"turns":3},{"damage":3,"enemies":"3 Byrds","floor":21,"turns":2},{"damage":0,"enemies":"Slavers","floor":23,"turns":1},{"damage":4,"enemies":"Gremlin Leader","floor":25,"turns":3},{"damage":0,"enemies":"Centurion and Healer","floor":27,"turns":1},{"damage":0,"enemies":"Slavers","floor":28,"turns":1},{"damage":0,"enemies":"Snake Plant","floor":30,"turns":1},{"damage":2,"enemies":"Cultist and Chosen","floor":31,"turns":2},{"damage":0,"enemies":"Champ","floor":33,"turns":1},{"damage":0,"enemies":"3 Shapes","floor":35,"turns":1},{"damage":0,"enemies":"Orb Walker","floor":36,"turns":1},{"damage":0,"enemies":"Spire Growth","floor":38,"turns":1},{"damage":0,"enemies":"Transient","floor":39,"turns":1},{"damage":0,"enemies":"Giant Head","floor":40,"turns":1},{"damage":0,"enemies":"Nemesis","floor":42,"turns":1},{"damage":0,"enemies":"Writhing Mass","floor":44,"turns":1},{"damage":0,"enemies":"Giant Head","floor":45,"turns":1},{"damage":0,"enemies":"3 Darklings","floor":46,"turns":1},{"damage":0,"enemies":"Spire Growth","floor":47,"turns":1},{"damage":0,"enemies":"Nemesis","floor":48,"turns":1},{"damage":0,"enemies":"Donu and Deca","floor":50,"turns":1},{"damage":0,"enemies":"Time Eater","floor":51,"turns":1},{"damage":0,"enemies":"Shield and Spear","floor":55,"turns":1},{"damage":0,"enemies":"The Heart","floor":56,"turns":1}],"seed_played":"5240860186028967821","potions_obtained":[{"floor":1,"key":"ColorlessPotion"},{"floor":3,"key":"testmod-TestPotion"},{"floor":3,"key":"testmod-EscapePotion"},{"floor":16,"key":"AttackPotion"},{"floor":21,"key":"SpeedPotion"},{"floor":23,"key":"DistilledChaos"},{"floor":33,"key":"PowerPotion"},{"floor":42,"key":"Regen Potion"},{"floor":45,"key":"SteroidPotion"}],"is_trial":false,"path_per_floor":["M","?","$","M","$","E","R","E","T","R","M","E","M","?","R","B",null,"M","?","?","M","$","E","$","E","T","M","E","R","M","M","R","B",null,"M","M","$","M","M","E","?","E","T","M","E","M","M","E","R","B","B",null,"R","$","E","B",null],"character_chosen":"WATCHER","items_purchased":["Toxic Egg 2","War Paint","DianDianMeat","Frozen Eye","Cauldron","Worship+1","Molten Egg 2","testmod-OneHitWonder","Lantern","Bronze Scales","BrkXgEgg","TheAbacus","Potion Belt","testmod-LifeArmor","Matryoshka","Orichalcum","Toolbox","MostiFishMod:UniPurple+1","OrangePellets","Mummified Hand","Blood Vial","Centennial Puzzle","testmod-SpacePotion","PowerPotion","DistilledChaos","ImprovedEquipment","Bag of Preparation","Melange","Kunai","Toy Ornithopter","TimeFreeze","Nunchaku","Blue Candle","Art of War","PrismaticShard","testmod-TheFather","Strength Potion"],"campfire_rested":0,"item_purchase_floors":[3,3,3,3,3,3,5,5,5,5,5,22,22,22,22,22,22,22,24,24,24,24,24,24,24,37,37,37,37,37,54,54,54,54,54,54,54],"current_hp_per_floor":[64,64,65,66,66,60,60,64,64,64,66,68,69,69,69,50,66,67,67,57,56,59,70,70,76,76,83,83,83,83,82,82,89,96,96,104,113,113,123,134,134,134,134,134,153,153,153,153,153,153,153,153,153,153,153,153],"gold":1256,"neow_bonus":"BOSS_RELIC","is_prod":false,"is_daily":false,"chose_seed":false,"campfire_upgraded":0,"win_rate":0,"timestamp":1607502360,"path_taken":["M","?","$","?","$","E","R","E","T","R","M","E","?","?","R","BOSS","M","?","?","M","$","E","$","E","T","M","E","R","M","M","R","BOSS","M","M","$","M","M","E","?","E","T","M","E","M","M","E","R","BOSS","BOSS","R","$","E","BOSS"],"build_version":"2020-11-30","purchased_purges":6,"victory":true,"max_hp_per_floor":[68,68,69,69,69,69,69,69,69,69,69,69,69,69,69,71,71,71,71,71,71,74,74,74,78,78,83,83,83,83,83,83,89,96,96,104,113,113,123,134,134,134,134,134,153,153,153,153,153,153,153,153,153,153,153,153],"card_choices":[{"not_picked":["ThirdEye","FlyingSleeves","SashWhip"],"picked":"SKIP","floor":1},{"not_picked":["Indignation+1","FollowUp","Sanctity+1","SashWhip"],"picked":"SKIP","floor":4},{"not_picked":["EmptyFist+1","MostiFishMod:Moonprays+1","ThirdEye+1","CutThroughFate+1"],"picked":"SKIP","floor":6},{"not_picked":["Blasphemy+1","SandsOfTime+1","LikeWater","WindmillStrike+1"],"picked":"SKIP","floor":8},{"not_picked":["EmptyBody+1","SandsOfTime+1","Vengeance+1","CutThroughFate+1"],"picked":"SKIP","floor":11},{"not_picked":["Protect+1","Conclude+1","PathToVictory+1","CarveReality+1"],"picked":"SKIP","floor":12},{"not_picked":["ThirdEye+1","JustLucky+1","Evaluate+1","WreathOfFlame+1"],"picked":"SKIP","floor":13},{"not_picked":["MasterReality+1","MostiFishMod:ScryFuture+1","MostiFishMod:StarOceanP+1"],"picked":"MostiFishMod:Adaptation+1","floor":16},{"not_picked":["MostiFishMod:LegendTransform","ThirdEye+1","CrushJoints+1","Prostrate+1"],"picked":"SKIP","floor":18},{"not_picked":["MostiFishMod:Clarity+1","MostiFishMod:LegendTransform","ThirdEye+1","Protect+1"],"picked":"SKIP","floor":21},{"not_picked":["EmptyBody+1","PathToVictory+1","MostiFishMod:PathToVictory+1","Prostrate+1"],"picked":"SKIP","floor":23},{"not_picked":["DeceiveReality+1","Weave+1","CrushJoints+1"],"picked":"DeusExMachina+1","floor":25},{"not_picked":["PathToVictory+1","JustLucky+1","EmptyBody+1"],"picked":"Wallop+1","floor":27},{"not_picked":["Prostrate+1","WreathOfFlame+1","FollowUp+1","MostiFishMod:Dust+1"],"picked":"SKIP","floor":28},{"not_picked":["ReachHeaven+1","BattleHymn","FollowUp+1","FlyingSleeves+1"],"picked":"SKIP","floor":30},{"not_picked":["FollowUp+1","ReachHeaven+1","Indignation+1","Halt+1"],"picked":"SKIP","floor":31},{"not_picked":["MostiFishMod:Pointsdynamics+1","MostiFishMod:UniPurple+1","MostiFishMod:ScryFuture+1"],"picked":"Ragnarok+1","floor":33},{"not_picked":["Consecrate+1","Protect+1","BowlingBash+1","EmptyMind+1"],"picked":"SKIP","floor":35},{"not_picked":["FollowUp+1","PathToVictory+1","Prostrate+1"],"picked":"DevaForm+1","floor":36},{"not_picked":["CutThroughFate+1","CrushJoints+1","Meditate+1","BowlingBash+1"],"picked":"SKIP","floor":38},{"not_picked":["ForeignInfluence+1","Prostrate+1","Protect+1"],"picked":"Adaptation","floor":39},{"not_picked":["FollowUp+1","CarveReality+1","BowlingBash+1"],"picked":"MostiFishMod:KamiSmash+1","floor":40},{"not_picked":["FollowUp+1","ThirdEye+1","DevaForm+1","MostiFishMod:Clarity+1"],"picked":"SKIP","floor":42},{"not_picked":["SashWhip+1","EmptyBody+1","Vengeance+1","BowlingBash+1"],"picked":"SKIP","floor":44},{"not_picked":["CutThroughFate+1","CarveReality+1","ForeignInfluence+1"],"picked":"TalkToTheHand+1","floor":45},{"not_picked":["Sanctity+1","BowlingBash+1","SignatureMove+1","EmptyFist+1"],"picked":"SKIP","floor":46},{"not_picked":["Perseverance+1","CutThroughFate+1","PathToVictory+1","Protect+1"],"picked":"SKIP","floor":47},{"not_picked":["Crescendo+1","Swivel+1","Prostrate+1","Halt+1"],"picked":"SKIP","floor":48},{"not_picked":["PrismaMod:MiyuUncommonAttack+1","PrismaMod:IllyaStunPoison+1","testmod-LimitFlipper+1","WhiteMage+1"],"picked":"SKIP","floor":55}],"player_experience":1242664,"relics_obtained":[{"floor":1,"key":"Question Card"},{"floor":6,"key":"Oddly Smooth Stone"},{"floor":8,"key":"testmod-Acrobat"},{"floor":12,"key":"Pantograph"},{"floor":16,"key":"ImportantClient"},{"floor":20,"key":"Red Mask"},{"floor":23,"key":"Meat on the Bone"},{"floor":25,"key":"Incense Burner"},{"floor":26,"key":"Ancient Tea Set"},{"floor":26,"key":"HornCleat"},{"floor":28,"key":"testmod-Justice"},{"floor":40,"key":"Yang"},{"floor":42,"key":"SentryEyes"},{"floor":43,"key":"Eternal Feather"},{"floor":43,"key":"Anchor"},{"floor":45,"key":"Strawberry"},{"floor":48,"key":"Mercury Hourglass"},{"floor":55,"key":"testmod-InjuryResistance"}],"event_choices":[{"damage_healed":0,"gold_gain":0,"player_choice":"Upgraded","damage_taken":0,"max_hp_gain":0,"max_hp_loss":0,"event_name":"Upgrade Shrine","floor":2,"gold_loss":0,"cards_upgraded":["Eruption"]},{"damage_healed":0,"gold_gain":400,"player_choice":"Sell","damage_taken":0,"max_hp_gain":0,"max_hp_loss":0,"event_name":"¶÷ÂåË¹µÄÅÌ×Ó","floor":14,"relics_lost":["DaveBox"],"gold_loss":0},{"damage_healed":0,"gold_gain":0,"player_choice":"Obtained Relic","damage_taken":0,"relics_obtained":["Dream Catcher"],"max_hp_gain":0,"max_hp_loss":0,"event_name":"Addict","floor":19,"gold_loss":85},{"damage_healed":0,"gold_gain":0,"player_choice":"Fought Bandits","damage_taken":0,"max_hp_gain":0,"max_hp_loss":0,"event_name":"Masked Bandits","floor":20,"gold_loss":0},{"damage_healed":0,"gold_gain":222,"player_choice":"Wore Mask","damage_taken":0,"max_hp_gain":0,"max_hp_loss":0,"event_name":"Tomb of Lord Red Mask","floor":41,"gold_loss":0}],"is_beta":false,"boss_relics":[{"not_picked":["Snecko Eye","Busted Crown"],"picked":"BirthdayGift-Tetrahedron"},{"not_picked":["testmod-DeterminationOfClimber","Pandora\u0027s Box"],"picked":"MostiFishMod:Hod"}],"items_purged_floors":[3,5,22,24,37,54],"is_endless":false,"potions_floor_spawned":[1,11,16,21,23,28,33,42,45,47],"ascension_level":20}}