{"host":"xeqp5qblrc63z4ze","time":1607478030,"event":{"gold_per_floor":[112,126,138,153,169,169,185,29,53,53,128,128,141,160,160,264,264,287,315,315,315],"floor_reached":20,"playtime":765,"items_purged":["Strike_B"],"score":230,"play_id":"fce391f1-9412-44ef-ac02-de2622a8fc73","local_time":"20201208224030","is_ascension_mode":true,"campfire_choices":[{"data":"Amplify","floor":6,"key":"SMITH"},{"data":"Defragment","floor":10,"key":"SMITH"},{"floor":15,"key":"REST"}],"neow_cost":"NONE","seed_source_timestamp":121124978852700,"circlet_count":0,"master_deck":["Strike_B","Strike_B","Strike_B","Defend_B","Defend_B","Defend_B","Defend_B","Zap","Dualcast","Doom and Gloom","Amplify+1","Defragment+1","Echo Form","Defragment","Glacier"],"relics":["Nuclear Battery","CeramicFish","GremlinMask","SlaversCollar"],"potions_floor_usage":[13,14,16,19,19],"damage_taken":[{"damage":0,"enemies":"Cultist","floor":1,"turns":4},{"damage":0,"enemies":"2 Louse","floor":2,"turns":2},{"damage":2,"enemies":"Small Slimes","floor":3,"turns":4},{"damage":9,"enemies":"2 Fungi Beasts","floor":4,"turns":4},{"damage":6,"enemies":"Blue Slaver","floor":5,"turns":3},{"damage":1,"enemies":"Lots of Slimes","floor":7,"turns":2},{"damage":7,"enemies":"Gremlin Gang","floor":13,"turns":3},{"damage":12,"enemies":"Large Slime","floor":14,"turns":6},{"damage":53,"enemies":"Slime Boss","floor":16,"turns":7},{"damage":25,"enemies":"3 Byrds","floor":18,"turns":4},{"damage":28,"enemies":"2 Thieves","floor":19,"turns":4},{"damage":14,"enemies":"Centurion and Healer","floor":20,"turns":1}],"seed_played":"-3631679131350301999","potions_obtained":[{"floor":4,"key":"Regen Potion"},{"floor":5,"key":"SneckoOil"},{"floor":7,"key":"Ancient Potion"},{"floor":13,"key":"FearPotion"},{"floor":16,"key":"SpeedPotion"},{"floor":18,"key":"Weak Potion"}],"is_trial":false,"path_per_floor":["M","M","M","M","M","R","M","$","T","R","?","?","M","M","R","B",null,"M","M","M"],"character_chosen":"DEFECT","items_purchased":["Defragment"],"campfire_rested":1,"item_purchase_floors":[8],"current_hp_per_floor":[68,68,66,57,51,51,50,50,50,50,39,39,32,35,57,4,57,32,4,0,0],"gold":315,"neow_bonus":"BOSS_RELIC","is_prod":false,"is_daily":false,"chose_seed":false,"campfire_upgraded":2,"win_rate":0,"timestamp":1607478030,"path_taken":["M","M","M","M","M","R","?","$","T","R","?","?","M","M","R","BOSS","M","M","M"],"build_version":"2020-11-30","purchased_purges":1,"victory":false,"max_hp_per_floor":[75,75,75,75,75,75,75,75,75,75,75,75,75,75,75,75,75,75,75,75,75],"card_choices":[{"not_picked":["Turbo","Conserve Battery","Stack"],"picked":"SKIP","floor":1},{"not_picked":["Turbo","Force Field","Barrage"],"picked":"SKIP","floor":2},{"not_picked":["Hologram","Beam Cell","Scrape"],"picked":"SKIP","floor":3},{"not_picked":["Steam","Streamline"],"picked":"Doom and Gloom","floor":4},{"not_picked":["Coolheaded","Rip and Tear"],"picked":"Amplify","floor":5},{"not_picked":["Hologram","Compile Driver","Leap"],"picked":"SKIP","floor":7},{"not_picked":["Stack","Go for the Eyes","Beam Cell"],"picked":"SKIP","floor":13},{"not_picked":["Doom and Gloom","Stack","Steam"],"picked":"SKIP","floor":14},{"not_picked":["Multi-Cast","Fission"],"picked":"Echo Form","floor":16},{"not_picked":["Ball Lightning","Coolheaded"],"picked":"Defragment","floor":18},{"not_picked":["Ball Lightning+1","Streamline"],"picked":"Glacier","floor":19}],"player_experience":321294,"relics_obtained":[{"floor":9,"key":"CeramicFish"}],"event_choices":[{"damage_healed":0,"gold_gain":75,"player_choice":"Gather Gold","damage_taken":11,"max_hp_gain":0,"max_hp_loss":0,"event_name":"World of Goop","floor":11,"gold_loss":0},{"damage_healed":0,"gold_gain":0,"player_choice":"Trade","damage_taken":0,"relics_obtained":["GremlinMask"],"max_hp_gain":0,"max_hp_loss":0,"event_name":"FaceTrader","floor":12,"gold_loss":0}],"is_beta":false,"boss_relics":[{"not_picked":["Runic Dome","Philosopher\u0027s Stone"],"picked":"SlaversCollar"}],"items_purged_floors":[8],"is_endless":false,"potions_floor_spawned":[4,5,7,13,16,18],"killed_by":"Centurion and Healer","ascension_level":7}}