{"host":"h0xw20cia6ppa69g","time":1607500927,"event":{"gold_per_floor":[114,114,133,146,146,172,190,217,241,241,316,316,316,350,350,451,451,466,10,280,294,294,32,32,61,86,114,134,146,159,188,188,292,292,310,325,325,394,394,424,435,435,435,435,435],"floor_reached":44,"playtime":2358,"items_purged":[],"score":590,"play_id":"ee4cda13-e84a-4ba3-b7ff-98c936815b3c","local_time":"20201209020207","is_ascension_mode":true,"campfire_choices":[{"data":"Rampage","floor":10.0,"key":"SMITH"},{"data":"Shockwave","floor":15.0,"key":"SMITH"},{"data":"Disarm","floor":24,"key":"SMITH"},{"data":"Rupture","floor":32,"key":"SMITH"},{"floor":42,"key":"RECALL"}],"neow_cost":"NONE","seed_source_timestamp":0,"circlet_count":0,"master_deck":["Strike_R","Defend_R","Defend_R+1","Defend_R","Defend_R+1","Bash+1","Combust","Cleave+1","True Grit","Shockwave+1","Spot Weakness","Rampage+1","Exhume","Barricade","Reaper+1","Warcry+1","Carnage+1","Disarm+1","Body Slam","Dual Wield+1","Armaments+1","Rage+1","True Grit+1","Trip+1","Flex+1","Shrug It Off+1","Rupture+1","Sword Boomerang+1","Juggernaut","Hemokinesis","Feel No Pain+1","Fiend Fire","Evolve+1","Secret Technique+1","Deep Breath+1","Dark Shackles+1","Madness+1","Madness+1","Entrench+1","Havoc+1"],"special_seed":0,"relics":["Burning Blood","Mercury Hourglass","Vajra","War Paint","Art of War","Astrolabe","Toxic Egg 2","Orrery","FossilizedHelix","OrangePellets","Bronze Scales","Orichalcum","Whetstone","InkBottle","Philosopher\u0027s Stone","Bottled Lightning","Toy Ornithopter"],"potions_floor_usage":[18,27,28],"damage_taken":[{"damage":7.0,"enemies":"Small Slimes","floor":1.0,"turns":3.0},{"damage":6.0,"enemies":"Jaw Worm","floor":3.0,"turns":3.0},{"damage":0.0,"enemies":"2 Louse","floor":4.0,"turns":2.0},{"damage":26.0,"enemies":"3 Sentries","floor":6.0,"turns":5.0},{"damage":4.0,"enemies":"2 Fungi Beasts","floor":7.0,"turns":3.0},{"damage":25.0,"enemies":"Lagavulin","floor":8.0,"turns":7.0},{"damage":11.0,"enemies":"3 Sentries","floor":14.0,"turns":5.0},{"damage":19.0,"enemies":"Hexaghost","floor":16.0,"turns":9.0},{"damage":31,"enemies":"Spheric Guardian","floor":18,"turns":8},{"damage":6,"enemies":"3 Byrds","floor":21,"turns":4},{"damage":43,"enemies":"Slavers","floor":25,"turns":7},{"damage":9,"enemies":"Book of Stabbing","floor":27,"turns":7},{"damage":2,"enemies":"3 Cultists","floor":28,"turns":4},{"damage":4,"enemies":"Snecko","floor":29,"turns":5},{"damage":8,"enemies":"Centurion and Healer","floor":30,"turns":9},{"damage":15,"enemies":"Gremlin Leader","floor":31,"turns":7},{"damage":67,"enemies":"Automaton","floor":33,"turns":12},{"damage":1,"enemies":"3 Shapes","floor":35,"turns":3},{"damage":0,"enemies":"Orb Walker","floor":36,"turns":3},{"damage":60,"enemies":"Nemesis","floor":40,"turns":11},{"damage":0,"enemies":"Transient","floor":41,"turns":5},{"damage":55,"enemies":"Reptomancer","floor":44,"turns":6}],"seed_played":"6236818305365108356","potions_obtained":[{"floor":1.0,"key":"Block Potion"},{"floor":7.0,"key":"ColorlessPotion"},{"floor":8.0,"key":"Strength Potion"},{"floor":14.0,"key":"DuplicationPotion"},{"floor":16,"key":"EntropicBrew"},{"floor":21,"key":"BloodPotion"},{"floor":27,"key":"SkillPotion"},{"floor":30,"key":"BlessingOfTheForge"}],"is_trial":false,"path_per_floor":["M","?","M","M","?","E","M","E","T","R","?","?","?","E","R","B",null,"M","$","?","M","T","$","R","E","T","E","M","M","M","E","R","B",null,"M","M","?","T","?","E","M","R","T","E"],"character_chosen":"IRONCLAD","items_purchased":["Toxic Egg 2","Orrery","True Grit+1","OrangePellets","Flex+1","Shrug It Off+1"],"campfire_rested":0,"item_purchase_floors":[19,19,19,23,23,23],"current_hp_per_floor":[79,84,84,85,85,65,67,48,48,48,37,37,30,25,25,12,85,68,68,29,31,31,31,31,43,43,40,74,85,85,76,76,33,85,85,85,75,75,64,16,22,22,22,0,0],"gold":435,"neow_bonus":"UPGRADE_CARD","is_prod":false,"is_daily":false,"chose_seed":false,"campfire_upgraded":4,"win_rate":0,"timestamp":1607500927,"path_taken":["M","?","M","M","?","E","M","E","T","R","?","?","?","E","R","BOSS","BOSS","M","$","?","?","?","?","R","E","T","E","?","?","M","E","R","BOSS","M","M","?","?","?","E","M","R","T","E"],"build_version":"2020-11-30","purchased_purges":0,"victory":false,"max_hp_per_floor":[80,85,85,85,85,85,85,85,85,85,85,85,85,85,85,85,85,85,85,85,85,85,85,85,85,85,85,85,85,85,85,85,85,85,85,85,85,85,85,85,85,85,85,85,85],"relic_stats":{"counters":[22,126],"Astrolabe":["Reaper","Warcry","Carnage"],"Whetstone":["Sword Boomerang","Cleave"],"War Paint":["Defend_R","Defend_R"],"Orichalcum":[84],"Burning Blood":104,"Mercury Hourglass":[475],"OrangePellets":[9],"Bronze Scales":[240],"Art of War":[32],"obtain_stats":[{"Astrolabe":17,"Vajra":8,"Whetstone":27,"War Paint":9,"Orichalcum":26,"Burning Blood":0,"Mercury Hourglass":6,"OrangePellets":23,"Bronze Scales":25,"Orrery":19,"Philosopher\u0027s Stone":34,"Art of War":14,"Bottled Lightning":40,"Toxic Egg 2":19,"FossilizedHelix":22,"InkBottle":31,"Toy Ornithopter":43},{"Astrolabe":8,"Vajra":6,"Whetstone":12,"War Paint":6,"Orichalcum":11,"Burning Blood":0,"Mercury Hourglass":4,"OrangePellets":10,"Bronze Scales":11,"Orrery":9,"Philosopher\u0027s Stone":17,"Art of War":7,"Bottled Lightning":20,"Toxic Egg 2":9,"FossilizedHelix":10,"InkBottle":16,"Toy Ornithopter":21},{"Astrolabe":36,"Vajra":22,"Whetstone":61,"War Paint":22,"Orichalcum":54,"Burning Blood":0,"Mercury Hourglass":13,"OrangePellets":48,"Bronze Scales":54,"Orrery":44,"Philosopher\u0027s Stone":98,"Art of War":27,"Bottled Lightning":115,"Toxic Egg 2":44,"FossilizedHelix":48,"InkBottle":86,"Toy Ornithopter":120}],"InkBottle":[15],"Toy Ornithopter":0},"card_choices":[{"not_picked":["Flame Barrier","Anger"],"picked":"Combust","floor":1.0},{"not_picked":["Pommel Strike","Clash"],"picked":"Cleave","floor":3.0},{"not_picked":["Dark Embrace","Rage"],"picked":"True Grit","floor":4.0},{"not_picked":["Body Slam","Anger"],"picked":"Shockwave","floor":6.0},{"not_picked":["Twin Strike","Body Slam"],"picked":"Spot Weakness","floor":7.0},{"not_picked":["Sever Soul","Dark Embrace"],"picked":"Rampage","floor":8.0},{"not_picked":["Armaments","Headbutt"],"picked":"Exhume","floor":14.0},{"not_picked":["Brutality","Corruption"],"picked":"Barricade","floor":16},{"not_picked":["Clash","Shockwave"],"picked":"Disarm","floor":18},{"not_picked":["Pummel","Warcry+1"],"picked":"Body Slam","floor":19},{"not_picked":["Perfected Strike","Pommel Strike"],"picked":"Dual Wield+1","floor":19},{"not_picked":["Cleave","Perfected Strike+1"],"picked":"Armaments+1","floor":19},{"not_picked":["Dropkick","Pummel"],"picked":"Rage+1","floor":19},{"not_picked":["Body Slam","Twin Strike","Cleave"],"picked":"SKIP","floor":21},{"not_picked":["Sever Soul","Combust+1"],"picked":"Rupture","floor":25},{"not_picked":["Sentinel+1","Shrug It Off+1"],"picked":"Sword Boomerang","floor":27},{"not_picked":["Twin Strike","Seeing Red+1"],"picked":"Juggernaut","floor":28},{"not_picked":["Headbutt","Sword Boomerang"],"picked":"Hemokinesis","floor":29},{"not_picked":["Cleave","Uppercut"],"picked":"Feel No Pain+1","floor":30},{"not_picked":["Sword Boomerang","Havoc+1","Armaments+1"],"picked":"SKIP","floor":31},{"not_picked":["Bludgeon","Juggernaut"],"picked":"Fiend Fire","floor":33},{"not_picked":["Dropkick+1","Clothesline+1","Hemokinesis+1"],"picked":"SKIP","floor":35},{"not_picked":["Warcry+1","Wild Strike+1"],"picked":"Evolve+1","floor":36},{"not_picked":["Sadistic Nature","Finesse+1"],"picked":"Secret Technique+1","floor":37},{"not_picked":["Good Instincts+1","Chrysalis+1"],"picked":"Deep Breath+1","floor":37},{"not_picked":["Finesse+1","Chrysalis+1"],"picked":"Dark Shackles+1","floor":37},{"not_picked":["Flame Barrier+1","Wild Strike"],"picked":"Entrench+1","floor":40},{"not_picked":["Havoc+1","Combust","Infernal Blade+1"],"picked":"SKIP","floor":41},{"not_picked":["Combust","Infernal Blade+1"],"picked":"Havoc+1","floor":41}],"player_experience":3463968,"relics_obtained":[{"floor":6.0,"key":"Mercury Hourglass"},{"floor":8.0,"key":"Vajra"},{"floor":9.0,"key":"War Paint"},{"floor":14.0,"key":"Art of War"},{"floor":22,"key":"FossilizedHelix"},{"floor":25,"key":"Bronze Scales"},{"floor":26,"key":"Orichalcum"},{"floor":27,"key":"Whetstone"},{"floor":31,"key":"InkBottle"},{"floor":40,"key":"Bottled Lightning"},{"floor":43,"key":"Toy Ornithopter"}],"event_choices":[{"damage_healed":0.0,"max_hp_gain":5.0,"max_hp_loss":0.0,"gold_gain":0.0,"event_name":"Big Fish","player_choice":"Donut","floor":2.0,"gold_loss":0.0,"damage_taken":0.0},{"damage_healed":0.0,"max_hp_gain":0.0,"max_hp_loss":0.0,"gold_gain":0.0,"cards_transformed":["Strike_R"],"event_name":"Living Wall","player_choice":"Change","floor":5.0,"gold_loss":0.0,"damage_taken":0.0,"cards_obtained":["Searing Blow"]},{"damage_healed":0.0,"max_hp_gain":0.0,"max_hp_loss":0.0,"gold_gain":75.0,"event_name":"World of Goop","player_choice":"Gather Gold","floor":11.0,"gold_loss":0.0,"damage_taken":11.0},{"damage_healed":0.0,"max_hp_gain":0.0,"max_hp_loss":0.0,"gold_gain":0.0,"event_name":"Liars Game","player_choice":"Ignored","floor":12.0,"gold_loss":0.0,"damage_taken":0.0},{"cards_removed":["Strike_R"],"damage_healed":0.0,"max_hp_gain":0.0,"max_hp_loss":0.0,"gold_gain":0.0,"event_name":"Golden Wing","player_choice":"Card Removal","floor":13.0,"gold_loss":0.0,"damage_taken":7.0},{"damage_healed":0,"gold_gain":270,"player_choice":"GOLD GOLD GOLD CARD POTION ","damage_taken":39,"max_hp_gain":0,"max_hp_loss":0,"event_name":"Knowing Skull","floor":20,"potions_obtained":["Strength Potion"],"gold_loss":0,"cards_obtained":["Trip"]},{"damage_healed":0,"gold_gain":0,"player_choice":"Memory 3","damage_taken":10,"max_hp_gain":0,"max_hp_loss":0,"event_name":"SensoryStone","floor":37,"gold_loss":0},{"damage_healed":0,"gold_gain":0,"player_choice":"Embrace Madness","damage_taken":11,"max_hp_gain":0,"max_hp_loss":0,"event_name":"Winding Halls","floor":39,"gold_loss":0,"cards_obtained":["Madness","Madness"]}],"is_beta":false,"boss_relics":[{"not_picked":["Fusion Hammer","Tiny House"],"picked":"Astrolabe"},{"not_picked":["Mark of Pain","SlaversCollar"],"picked":"Philosopher\u0027s Stone"}],"items_purged_floors":[],"is_endless":false,"potions_floor_spawned":[1,7,8,14,16,21,27,30,31,35,41],"killed_by":"Reptomancer","ascension_level":1}}