{"host":"Ansgar","time":1607539992,"event":{"gold_per_floor":[367,367,517,527,545,545,555,555,555],"floor_reached":8,"playtime":562,"items_purged":[],"score":96,"play_id":"6657481e-d956-4218-af32-8ca8a967c125","local_time":"20201209195312","is_ascension_mode":true,"campfire_choices":[{"data":"Neutralize","floor":6.0,"key":"SMITH"}],"neow_cost":"PERCENT_DAMAGE","seed_source_timestamp":5674801191100,"circlet_count":0,"master_deck":["AscendersBane","Strike_G","Strike_G","Strike_G","Strike_G","Strike_G","Defend_G","Defend_G","Defend_G","Defend_G","Defend_G","Survivor","Neutralize+1","Deflect","Doubt","Terror","Leg Sweep","Flechettes"],"special_seed":0,"relics":["Ring of the Snake","Bronze Scales"],"potions_floor_usage":[7,8],"damage_taken":[{"damage":8.0,"enemies":"Jaw Worm","floor":1.0,"turns":5.0},{"damage":1.0,"enemies":"2 Louse","floor":4.0,"turns":4.0},{"damage":0.0,"enemies":"Cultist","floor":5.0,"turns":4.0},{"damage":17,"enemies":"Exordium Thugs","floor":7,"turns":5},{"damage":21,"enemies":"3 Sentries","floor":8,"turns":5}],"seed_played":"6025009909758767350","potions_obtained":[{"floor":5.0,"key":"Swift Potion"},{"floor":7,"key":"Energy Potion"}],"is_trial":false,"path_per_floor":["M","?","?","M","M","R","M","E"],"character_chosen":"THE_SILENT","items_purchased":[],"campfire_rested":0,"item_purchase_floors":[],"current_hp_per_floor":[36,31,31,30,30,30,13,0,0],"gold":555,"neow_bonus":"TWO_FIFTY_GOLD","is_prod":false,"is_daily":false,"chose_seed":false,"campfire_upgraded":1,"win_rate":0,"timestamp":1607539992,"path_taken":["M","?","?","M","M","R","M","E"],"build_version":"2020-12-07","purchased_purges":0,"victory":false,"max_hp_per_floor":[66,66,66,66,66,66,66,66,66],"card_choices":[{"not_picked":["Sucker Punch","Acrobatics"],"picked":"Deflect","floor":1.0},{"not_picked":["Underhanded Strike","Poisoned Stab"],"picked":"Terror","floor":4.0},{"not_picked":["Eviscerate","Sucker Punch"],"picked":"Leg Sweep","floor":5.0},{"not_picked":["PiercingWail","Caltrops"],"picked":"Flechettes","floor":7}],"player_experience":1180057,"relics_obtained":[],"event_choices":[{"damage_healed":0.0,"max_hp_gain":0.0,"max_hp_loss":0.0,"gold_gain":0.0,"event_name":"Scrap Ooze","player_choice":"Success","floor":2.0,"gold_loss":0.0,"damage_taken":5.0,"relics_obtained":["Bronze Scales"]},{"damage_healed":0.0,"max_hp_gain":0.0,"max_hp_loss":0.0,"gold_gain":150.0,"event_name":"Liars Game","player_choice":"AGREE","floor":3.0,"gold_loss":0.0,"damage_taken":0.0,"cards_obtained":["Doubt"]}],"is_beta":true,"boss_relics":[],"items_purged_floors":[],"is_endless":false,"potions_floor_spawned":[5,7],"killed_by":"3 Sentries","ascension_level":20}}