{"host":"plluk4al3qmxlp2w","time":1607485826,"event":{"gold_per_floor":[16,28,40,50,67,97,97,109,109,129,129,141,91,105,198,302,302,314,314,325,325,344,370,370,396,396,396,336,348,554,564,564,669,669,679,729,729,729,747,747,779,779,779,796,808,837,856,11,11,11,11,11,11,38,38],"floor_reached":56,"playtime":2891,"items_purged":["Voices"],"score":1428,"play_id":"1cfe12bb-6825-4f8e-ab38-8b780246c978","local_time":"20201208195026","is_ascension_mode":false,"campfire_choices":[{"floor":7,"key":"REST"},{"floor":24,"key":"RECALL"},{"floor":27,"key":"REST"},{"floor":32,"key":"REST"},{"floor":40,"key":"REST"},{"floor":42,"key":"REST"},{"floor":52,"key":"REST"}],"neow_cost":"CURSE","seed_source_timestamp":787748987134600,"circlet_count":0,"master_deck":["Bash","Twin Strike","Twin Strike","Twin Strike","Twin Strike","Twin Strike","Iron Wave","Iron Wave","Iron Wave","Iron Wave","Clash","Shrug It Off","Heavy Blade","Thunderclap","Iron Wave","Rampage","Immolate","Flex","Spot Weakness+1","Headbutt","Perfected Strike+1","Clothesline","Feed","ICR:PowerAttack+1","Heavy Blade+1","Iron Wave+1","Feed+1","Demon Form","CurseOfTheBell","Thunderclap+1","Flex","Madness","Madness","Heavy Blade+1","Sword Boomerang+1","Iron Wave+1","Headbutt+1","Cleave+1","Anger+1","Transmutation+1","Sword Boomerang+1"],"relics":["Black Blood","Replay:PocketPolymizer","Divine Protection","Ring of Searing","Ring of Fury","Fusion Hammer","ReplayTheSpireMod:Spearhead","Replay:Rubber Ducky","Durian","Molten Egg 2","Replay:Grab Bag","ReplayTheSpireMod:DimensionalGlitch","Ooze Armor","Calling Bell","Replay:Ringing Soul","Turnip","Art of War","Magic Flower","Toxic Egg 2","Eternal Feather","ClockworkSouvenir","HornCleat","Replay:Bottled Snecko"],"potions_floor_usage":[23,33,33,41,41,45,46,47,50,50,50],"damage_taken":[{"damage":9,"enemies":"Jaw Worm","floor":1,"turns":2},{"damage":1,"enemies":"2 Louse","floor":2,"turns":2},{"damage":3,"enemies":"Small Slimes","floor":3,"turns":3},{"damage":8,"enemies":"2 Fungi Beasts","floor":4,"turns":3},{"damage":6,"enemies":"3 Louse","floor":5,"turns":2},{"damage":17,"enemies":"Gremlin Nob","floor":6,"turns":4},{"damage":10,"enemies":"Large Slime","floor":8,"turns":5},{"damage":4,"enemies":"Looter","floor":10,"turns":2},{"damage":5,"enemies":"Blue Slaver","floor":12,"turns":2},{"damage":2,"enemies":"Large Slime","floor":14,"turns":3},{"damage":7,"enemies":"Slime Boss","floor":16,"turns":4},{"damage":0,"enemies":"Spheric Guardian","floor":18,"turns":2},{"damage":2,"enemies":"Chosen","floor":20,"turns":3},{"damage":17,"enemies":"Snecko","floor":22,"turns":3},{"damage":10,"enemies":"Book of Stabbing","floor":23,"turns":3},{"damage":2,"enemies":"Gremlin Leader","floor":25,"turns":3},{"damage":6,"enemies":"Cultist and Chosen","floor":29,"turns":3},{"damage":27,"enemies":"Shelled Parasite and Fungi","floor":31,"turns":4},{"damage":49,"enemies":"Collector","floor":33,"turns":4},{"damage":0,"enemies":"3 Darklings","floor":35,"turns":3},{"damage":27,"enemies":"Mind Bloom Boss Battle","floor":36,"turns":3},{"damage":0,"enemies":"3 Shapes","floor":39,"turns":3},{"damage":44,"enemies":"Nemesis","floor":41,"turns":4},{"damage":0,"enemies":"Jaw Worm Horde","floor":44,"turns":2},{"damage":16,"enemies":"3 Darklings","floor":45,"turns":4},{"damage":24,"enemies":"R_Hoarder","floor":46,"turns":5},{"damage":12,"enemies":"Spire Growth","floor":47,"turns":3},{"damage":73,"enemies":"Awakened One","floor":50,"turns":10},{"damage":64,"enemies":"Shield and Spear","floor":54,"turns":6},{"damage":67,"enemies":"The Heart","floor":55,"turns":8}],"seed_played":"-1866999377605184467","potions_obtained":[{"floor":2,"key":"PowerPotion"},{"floor":4,"key":"Flashbang"},{"floor":6,"key":"Reflective Coating"},{"floor":23,"key":"FearPotion"},{"floor":36,"key":"DistilledChaos"},{"floor":44,"key":"Adrenaline Potion"},{"floor":45,"key":"PowerPotion"},{"floor":46,"key":"DuplicationPotion"},{"floor":47,"key":"Explosive Potion"}],"is_trial":false,"path_per_floor":["M","M","M","M","M","E","R","M","T","M","?","M","?","M","R_BF","B",null,"M","?","M","?","M","E","R","E","T","R","?","M","?","M","R_BF","B",null,"M","?","?","?","M","R","E","R","T","M","M","E","M","$","R_BF","B",null,"R","$","E","B",null],"character_chosen":"IRONCLAD","items_purchased":["ClockworkSouvenir","HornCleat","Anger+1","AttackPotion","EssenceOfSteel","Transmutation+1"],"campfire_rested":6,"item_purchase_floors":[48,48,48,48,48,48],"current_hp_per_floor":[48,53,56,54,54,43,64,60,60,62,62,63,63,67,67,66,72,72,72,72,72,61,57,57,66,66,77,77,77,58,40,64,21,80,83,67,67,59,74,99,67,97,97,108,104,95,95,98,123,59,123,123,123,74,16],"gold":38,"neow_bonus":"IRONCLAD_BERSERKER","is_prod":false,"is_daily":false,"chose_seed":false,"campfire_upgraded":0,"win_rate":0,"timestamp":1607485826,"path_taken":["M","M","M","M","M","E","R","M","T","M","?","M","?","M","R_BF","BOSS","M","?","M","?","?","E","R","E","T","R","?","M","?","M","R_BF","BOSS","M","?","?","?","M","R","E","R","T","M","M","E","M","$","R_BF","BOSS","R","$","E","BOSS"],"build_version":"2020-11-30","purchased_purges":1,"victory":true,"max_hp_per_floor":[72,72,72,72,72,72,72,72,72,72,72,72,72,72,72,72,72,72,72,72,72,72,72,72,77,77,77,77,77,77,80,80,80,80,83,89,89,92,99,99,102,102,102,108,111,117,120,123,123,123,123,123,123,130,130],"card_choices":[{"not_picked":["Evolve","Havoc"],"picked":"ReplayTheSpireMod:Strike From Hell","floor":1},{"not_picked":["Cleave","Dual Wield"],"picked":"Feel No Pain","floor":2},{"not_picked":["Barricade","Replay:Undeath\u0027s Touch"],"picked":"Clash","floor":3},{"not_picked":["Ghostly Armor","Wild Strike"],"picked":"Rampage","floor":4},{"not_picked":["Flame Barrier","Clothesline"],"picked":"Shrug It Off","floor":5},{"not_picked":["Massacre","Dropkick"],"picked":"Heavy Blade","floor":6},{"not_picked":["Anger","Sentinel"],"picked":"Thunderclap","floor":8},{"not_picked":["ReplayTheSpireMod:Strike From Hell","Brutality","Warcry"],"picked":"SKIP","floor":10},{"not_picked":["Thunderclap","Battle Trance"],"picked":"Iron Wave","floor":12},{"not_picked":["Clothesline","Run Through"],"picked":"Rampage","floor":14},{"not_picked":["Hemogenesis","Barricade"],"picked":"Immolate","floor":16},{"not_picked":["Searing Blow","Clothesline+1","Dark Embrace"],"picked":"SKIP","floor":18},{"not_picked":["Flex","Evolve"],"picked":"Spot Weakness+1","floor":20},{"not_picked":["Pommel Strike","ReplayTheSpireMod:LeadingStrike"],"picked":"Headbutt","floor":22},{"not_picked":["Fire Breathing","Disarm"],"picked":"Perfected Strike","floor":23},{"not_picked":["Twin Strike+1","ReplayTheSpireMod:LeadingStrike"],"picked":"Feed","floor":25},{"not_picked":["Thunderclap+1","ReplayTheSpireMod:Muscle Training"],"picked":"Heavy Blade+1","floor":29},{"not_picked":["Havoc","Shrug It Off"],"picked":"Iron Wave+1","floor":30},{"not_picked":["True Grit","ReplayReversal","Burning Pact"],"picked":"SKIP","floor":31},{"not_picked":["Limit Break","Brutality"],"picked":"Demon Form","floor":33},{"not_picked":["Havoc+1","Armaments+1"],"picked":"Thunderclap+1","floor":35},{"not_picked":["Perfected Strike+1","Replay:Undeath\u0027s Touch+1"],"picked":"Flex","floor":36},{"not_picked":["Metallicize+1","ReplayTheSpireMod:Strike From Hell+1","Abandon"],"picked":"SKIP","floor":39},{"not_picked":["ReplayTheSpireMod:LeadingStrike+1","Wild Strike+1"],"picked":"Heavy Blade+1","floor":41},{"not_picked":["Cleave+1","True Grit+1"],"picked":"Sword Boomerang+1","floor":44},{"not_picked":["Abandon+1","Run Through+1"],"picked":"Iron Wave+1","floor":45},{"not_picked":["Sentinel+1","Run Through+1"],"picked":"Headbutt+1","floor":46},{"not_picked":["Metallicize+1","Juggernaut"],"picked":"Cleave+1","floor":47},{"not_picked":["True Grit+1","Clash+1"],"picked":"Sword Boomerang+1","floor":54}],"player_experience":258019,"relics_obtained":[{"floor":6,"key":"Replay:PocketPolymizer"},{"floor":9,"key":"Divine Protection"},{"floor":11,"key":"Ring of Searing"},{"floor":11,"key":"Ring of Fury"},{"floor":23,"key":"Replay:Rubber Ducky"},{"floor":25,"key":"Durian"},{"floor":26,"key":"Molten Egg 2"},{"floor":34,"key":"Replay:Ringing Soul"},{"floor":34,"key":"Turnip"},{"floor":34,"key":"Art of War"},{"floor":36,"key":"Magic Flower"},{"floor":41,"key":"Toxic Egg 2"},{"floor":46,"key":"Eternal Feather"},{"floor":54,"key":"Replay:Bottled Snecko"}],"event_choices":[{"cards_removed":["Pain"],"damage_healed":0,"gold_gain":0,"player_choice":"Card Removal","damage_taken":0,"max_hp_gain":0,"max_hp_loss":0,"event_name":"The Cleric","floor":13,"gold_loss":50},{"damage_healed":0,"gold_gain":0,"player_choice":"Read","damage_taken":0,"max_hp_gain":0,"max_hp_loss":0,"event_name":"The Library","floor":19,"gold_loss":0,"cards_obtained":["Flex"]},{"damage_healed":0,"gold_gain":0,"player_choice":"Opened","damage_taken":0,"relics_obtained":["ReplayTheSpireMod:Spearhead"],"max_hp_gain":0,"max_hp_loss":0,"event_name":"The Mausoleum","floor":21,"gold_loss":0},{"damage_healed":0,"gold_gain":0,"player_choice":"Fight","damage_taken":0,"max_hp_gain":0,"max_hp_loss":0,"event_name":"MindBloom","floor":36,"gold_loss":0},{"damage_healed":0,"gold_gain":0,"player_choice":"Ignored","damage_taken":0,"max_hp_gain":0,"max_hp_loss":0,"event_name":"Tomb of Lord Red Mask","floor":37,"gold_loss":0},{"damage_healed":0,"gold_gain":0,"player_choice":"Embrace Madness","damage_taken":11,"max_hp_gain":0,"max_hp_loss":0,"event_name":"Winding Halls","floor":38,"gold_loss":0,"cards_obtained":["Madness","Madness"]}],"is_beta":false,"boss_relics":[{"not_picked":["ChewingGum","Electric Blood"],"picked":"Fusion Hammer"},{"not_picked":["Runic Pyramid","SlaversCollar"],"picked":"Replay:Grab Bag"},{"not_picked":["Coffee Dripper","Busted Crown"],"picked":"ReplayTheSpireMod:DimensionalGlitch"},{"not_picked":["Replay:Bronze Core","ReplayTheSpireMod:Onyx Gauntlets"],"picked":"Ooze Armor"},{"not_picked":["Pandora\u0027s Box","Runic Cube"],"picked":"Calling Bell"},{"not_picked":["Empty Cage","Ring of Chaos"],"picked":"Black Blood"}],"items_purged_floors":[48],"is_endless":false,"potions_floor_spawned":[2,4,6,8,10,18,23,25,29,36,44,45,46,47],"ascension_level":0}}