{"host":"y6ogtdgt8z4md30g","time":1607535797,"event":{"gold_per_floor":[363,444,444,444,455,455,487,487,487,503,503,515,515,20,20,117,117,130,130,130,147,147,179,179,179,179],"floor_reached":25,"playtime":1313,"items_purged":[],"score":217,"play_id":"e81ed203-ba21-4e5a-880e-a5fb8588ce88","local_time":"20201209124317","is_ascension_mode":false,"campfire_choices":[{"data":"Neutralize","floor":6,"key":"SMITH"},{"floor":8,"key":"REST"},{"floor":11,"key":"REST"},{"data":"Dash","floor":15,"key":"SMITH"},{"floor":24,"key":"REST"}],"neow_cost":"PERCENT_DAMAGE","seed_source_timestamp":487284796307000,"circlet_count":0,"master_deck":["Strike_G","Strike_G","Strike_G","Strike_G","Strike_G","Defend_G","Defend_G","Defend_G","Defend_G","Defend_G","Survivor","Neutralize+1","Deadly Poison","Backflip","Fluid Movement","Hidden Blade","Corpse Explosion","Dash+1","ReplayRNGCard","Conserve Battery","ReplayTheSpireMod:Chaos Vortex","hexamod:HauntingEcho","ReplayTheSpireMod:Corrosion Curse+1"],"relics":["Slimebound:AbsorbEndCombat","Eternal Feather","hubris:DeckOfHolding","Blood Vial","infinitespire:Cubic Diamond","PrismaticShard","Pear","hubris:TerracottaHorce","infinitespire:CheckeredPen"],"potions_floor_usage":[16,18,23,23],"damage_taken":[{"damage":0,"enemies":"Cultist","floor":1,"turns":4},{"damage":1,"enemies":"Jaw Worm","floor":5,"turns":5},{"damage":53,"enemies":"Gremlin Nob","floor":7,"turns":6},{"damage":3,"enemies":"Small Slimes","floor":10,"turns":3},{"damage":4,"enemies":"2 Fungi Beasts","floor":12,"turns":5},{"damage":30,"enemies":"Hexaghost","floor":16,"turns":11},{"damage":9,"enemies":"2 Thieves","floor":18,"turns":4},{"damage":0,"enemies":"Shell Parasite","floor":21,"turns":5},{"damage":44,"enemies":"Book of Stabbing","floor":23,"turns":7},{"damage":59,"enemies":"Slavers","floor":25,"turns":4}],"seed_played":"-2193608134682581354","potions_obtained":[{"floor":1,"key":"infinitespire:BlackPotion"},{"floor":12,"key":"Fire Potion"},{"floor":18,"key":"SkillPotion"},{"floor":21,"key":"LiquidMemories"},{"floor":23,"key":"FearPotion"}],"is_trial":false,"path_per_floor":["M","T","?","?","M","R","E","R","T","M","R","M","?","$","R","B",null,"M","?","?","M","?","E","R","E"],"character_chosen":"THE_SILENT","items_purchased":["PrismaticShard","Pear","Dash"],"campfire_rested":3,"item_purchase_floors":[14,14,14],"current_hp_per_floor":[49,49,52,73,72,73,20,50,50,49,73,69,69,79,83,53,76,69,48,48,50,50,8,44,0,0],"gold":179,"neow_bonus":"TWO_FIFTY_GOLD","is_prod":false,"is_daily":false,"chose_seed":false,"campfire_upgraded":2,"win_rate":0.0,"timestamp":1607535797,"path_taken":["M","?","?","?","M","R","E","R","T","M","R","M","?","$","R","BOSS","M","?","?","M","?","E","R","E"],"build_version":"2020-11-30","purchased_purges":0,"victory":false,"max_hp_per_floor":[70,70,73,73,73,73,73,73,73,73,73,73,73,83,83,83,83,83,83,83,83,83,83,83,83,83],"card_choices":[{"not_picked":["Infinite Blades","ReplayTheSpireMod:Scrap Shanks"],"picked":"Deadly Poison","floor":1},{"not_picked":["Toxin Wave","Slice"],"picked":"Backflip","floor":5},{"not_picked":["Underhanded Strike","ReplayTheSpireMod:The Works"],"picked":"Fluid Movement","floor":7},{"not_picked":["Underhanded Strike","Prepared"],"picked":"Hidden Blade","floor":10},{"not_picked":["Eviscerate","Deadly Poison"],"picked":"Corpse Explosion","floor":12},{"not_picked":["Slimebound:RallyTheTroops","sneckomod:DangerNoodle"],"picked":"ReplayRNGCard","floor":16},{"not_picked":["Panic Button+1","Barrage"],"picked":"Conserve Battery","floor":18},{"not_picked":["Replay:Fractal Strike","infinitespire:SealOfDarkness+"],"picked":"ReplayTheSpireMod:Chaos Vortex","floor":19},{"not_picked":["hexamod:SwordOfDarkness","Barrage"],"picked":"hexamod:HauntingEcho","floor":21},{"not_picked":["Predator","hexamod:SpectralAdrenaline"],"picked":"ReplayTheSpireMod:Corrosion Curse+1","floor":23}],"player_experience":34024,"relics_obtained":[{"floor":2,"key":"Eternal Feather"},{"floor":7,"key":"hubris:DeckOfHolding"},{"floor":9,"key":"Blood Vial"},{"floor":23,"key":"infinitespire:CheckeredPen"}],"event_choices":[{"damage_healed":24,"gold_gain":0,"player_choice":"Banana","damage_taken":0,"max_hp_gain":0,"max_hp_loss":0,"event_name":"Big Fish","floor":4,"gold_loss":0},{"damage_healed":0,"gold_gain":0,"player_choice":"Ignored","damage_taken":0,"max_hp_gain":0,"max_hp_loss":0,"event_name":"Beggar","floor":20,"gold_loss":0}],"is_beta":false,"boss_relics":[{"not_picked":["ChewingGum","Fusion Hammer"],"picked":"hubris:TerracottaHorce"}],"items_purged_floors":[],"is_endless":false,"potions_floor_spawned":[1,12,18,21,23],"killed_by":"Slavers","ascension_level":0}}