{"host":"newqdrzxfhh2im9e","time":1607478677,"event":{"gold_per_floor":[211,27,39,0,0,0,27,41,41,61,77,107,120,30,30,125,125,143,123,83,97,97,97],"floor_reached":22,"playtime":1285,"items_purged":[],"score":265,"play_id":"a5f2faa4-336c-46d4-973b-4998e997a785","local_time":"20201208175117","is_ascension_mode":true,"campfire_choices":[{"data":"Thunderclap","floor":6,"key":"SMITH"},{"floor":15,"key":"REST"}],"neow_cost":"NONE","seed_source_timestamp":852981997700,"circlet_count":0,"master_deck":["Strike_R","Strike_R","Strike_R","Strike_R","Strike_R","Defend_R","Defend_R","Defend_R","Defend_R","Bash","Disarm","Bandage Up","Thunderclap+1","Fire Breathing","Sever Soul","Berserk","Armaments","Spot Weakness","Seeing Red","Carnage","Finesse","Barricade","Cleave+1","Metallicize","Infernal Blade"],"relics":["Black Blood","White Beast Statue","Red Skull","PreservedInsect"],"potions_floor_usage":[10,12,12,13,16,21,22,22,22],"damage_taken":[{"damage":9,"enemies":"2 Louse","floor":1,"turns":3},{"damage":12,"enemies":"Cultist","floor":3,"turns":4},{"damage":41,"enemies":"3 Sentries","floor":7,"turns":6},{"damage":10,"enemies":"Jaw Worm","floor":8,"turns":3},{"damage":16,"enemies":"Exordium Thugs","floor":10,"turns":3},{"damage":17,"enemies":"Blue Slaver","floor":11,"turns":4},{"damage":16,"enemies":"Gremlin Nob","floor":12,"turns":3},{"damage":41,"enemies":"Gremlin Gang","floor":13,"turns":4},{"damage":42,"enemies":"The Guardian","floor":16,"turns":11},{"damage":45,"enemies":"3 Byrds","floor":18,"turns":5},{"damage":14,"enemies":"2 Thieves","floor":21,"turns":3},{"damage":48,"enemies":"Snecko","floor":22,"turns":5}],"seed_played":"-3505537003523969542","potions_obtained":[{"floor":3,"key":"FairyPotion"},{"floor":8,"key":"SteroidPotion"},{"floor":10,"key":"Fire Potion"},{"floor":11,"key":"Strength Potion"},{"floor":12,"key":"PowerPotion"},{"floor":13,"key":"HeartOfIron"},{"floor":16,"key":"LiquidMemories"},{"floor":18,"key":"FearPotion"},{"floor":19,"key":"AttackPotion"},{"floor":21,"key":"Weak Potion"}],"is_trial":false,"path_per_floor":["M","$","M","?","?","R","E","M","T","M","M","E","M","$","R","B",null,"M","?","$","M","M"],"character_chosen":"IRONCLAD","items_purchased":["Bandage Up","Thunderclap","Fire Breathing","Finesse","Metallicize"],"campfire_rested":1,"item_purchase_floors":[2,2,2,14,20],"current_hp_per_floor":[69,69,67,67,72,72,41,41,41,37,30,20,31,31,56,24,70,41,41,41,43,0,0],"gold":97,"neow_bonus":"HUNDRED_GOLD","is_prod":false,"is_daily":false,"chose_seed":false,"campfire_upgraded":1,"win_rate":0,"timestamp":1607478677,"path_taken":["M","$","M","?","?","R","E","M","T","M","M","E","M","$","R","BOSS","M","?","$","M","M"],"build_version":"2020-11-30","purchased_purges":0,"victory":false,"max_hp_per_floor":[80,80,80,80,85,85,85,85,85,85,85,85,85,85,85,85,85,85,85,85,85,85,85],"card_choices":[{"not_picked":["Heavy Blade","Sentinel"],"picked":"Disarm","floor":1},{"not_picked":["Wild Strike","Iron Wave"],"picked":"Sever Soul","floor":3},{"not_picked":["Shockwave","Burning Pact"],"picked":"Berserk","floor":7},{"not_picked":["Burning Pact","Wild Strike"],"picked":"Armaments","floor":8},{"not_picked":["Headbutt","Cleave"],"picked":"Spot Weakness","floor":10},{"not_picked":["Wild Strike","Flex","Headbutt"],"picked":"SKIP","floor":11},{"not_picked":["Pommel Strike","Reckless Charge"],"picked":"Seeing Red","floor":12},{"not_picked":["Metallicize","Anger"],"picked":"Carnage","floor":13},{"not_picked":["Exhume","Juggernaut"],"picked":"Barricade","floor":16},{"not_picked":["Clothesline","Flex"],"picked":"Cleave+1","floor":18},{"not_picked":["Heavy Blade","Rupture"],"picked":"Infernal Blade","floor":21}],"player_experience":596058,"relics_obtained":[{"floor":7,"key":"White Beast Statue"},{"floor":9,"key":"Red Skull"},{"floor":12,"key":"PreservedInsect"}],"event_choices":[{"damage_healed":0,"gold_gain":0,"player_choice":"Left Gold","damage_taken":0,"max_hp_gain":0,"max_hp_loss":0,"event_name":"World of Goop","floor":4,"gold_loss":39},{"damage_healed":0,"gold_gain":0,"player_choice":"Donut","damage_taken":0,"max_hp_gain":5,"max_hp_loss":0,"event_name":"Big Fish","floor":5,"gold_loss":0},{"damage_healed":0,"gold_gain":0,"player_choice":"Bought 1 Potion","damage_taken":0,"max_hp_gain":0,"max_hp_loss":0,"event_name":"The Woman in Blue","floor":19,"gold_loss":0}],"is_beta":false,"boss_relics":[{"not_picked":["SacredBark","Runic Cube"],"picked":"Black Blood"}],"items_purged_floors":[],"is_endless":false,"potions_floor_spawned":[3,8,10,11,12,13,16,18,21],"killed_by":"Snecko","ascension_level":7}}