{"host":"oumbqh1z6oj8ya5w","time":1607551226,"event":{"gold_per_floor":[113,113,132,152,62,62,91,91,91,91,101,136,136,151,151,246,246,258,268,148,38,38,69,83,101,148,108,108,108,108],"floor_reached":29,"playtime":1367,"items_purged":["Koishi:BasicStrike"],"score":264,"play_id":"4fdbbb8e-2e67-465b-8feb-05134104d5fa","local_time":"20201209220026","is_ascension_mode":true,"campfire_choices":[{"data":"Koishi:HauntingSlash","floor":6,"key":"SMITH"},{"data":"Koishi:Possession","floor":10,"key":"SMITH"},{"data":"Koishi:ImGoingToCallYouNow","floor":13,"key":"SMITH"},{"floor":15,"key":"REST"},{"floor":28,"key":"REST"}],"neow_cost":"NONE","seed_source_timestamp":24082848884800,"circlet_count":0,"master_deck":["Koishi:BasicStrike","Koishi:BasicStrike","Koishi:BasicStrike","Koishi:BasicDefend","Koishi:BasicDefend","Koishi:BasicDefend","Koishi:BasicDefend","Koishi:Provoke","Koishi:HauntingSlash+1","Koishi:UnconsciousUrges","Koishi:CatchAndRose","Koishi:Possession+1","Koishi:FidgetySnatcher","Koishi:ImGoingToCallYouNow+1","Koishi:StingingMind","Koishi:Ego","Koishi:ReleaseOfTheId+1","Koishi:PredatoryInstincts","Koishi:TraumaticStroke","Koishi:FleetingPhantom","Koishi:Untouchable","Koishi:SubconsciousSweep"],"relics":["Koishi:ImaginaryFriend","NeowsBlessing","Happy Flower","theForsaken:Lifeblossom","Gensokyo:NagashiBinaDoll","Omamori","Lantern","aspiration:PoetsPen_weak","Gensokyo:SpiderMask","Bottled Tornado","aspiration:Lifesprig"],"potions_floor_usage":[7,12,12,14,16,23],"damage_taken":[{"damage":0,"enemies":"Gensokyo:3_Fairies","floor":1,"turns":1},{"damage":0,"enemies":"Gensokyo:Python","floor":3,"turns":1},{"damage":0,"enemies":"Gensokyo:Gryphon","floor":4,"turns":1},{"damage":5,"enemies":"Gensokyo:Mamizou","floor":7,"turns":9},{"damage":7,"enemies":"Gensokyo:2_Rabbits","floor":11,"turns":5},{"damage":36,"enemies":"Gensokyo:Cirno","floor":12,"turns":7},{"damage":21,"enemies":"Gensokyo:5_Fairies","floor":14,"turns":5},{"damage":36,"enemies":"Gensokyo:Kokoro","floor":16,"turns":12},{"damage":18,"enemies":"Gensokyo:CosmicMonolith","floor":18,"turns":4},{"damage":26,"enemies":"Gensokyo:Chomper","floor":19,"turns":5},{"damage":66,"enemies":"Gensokyo:Reisen","floor":23,"turns":14},{"damage":28,"enemies":"Gensokyo:Monolith_and_Dog","floor":24,"turns":5},{"damage":45,"enemies":"Gensokyo:Chomper_and_Gloop","floor":25,"turns":6},{"damage":54,"enemies":"Gensokyo:3_Gloops","floor":29,"turns":5}],"seed_played":"8063642435760524261","potions_obtained":[{"floor":1,"key":"Fire Potion"},{"floor":5,"key":"SCP261:SweetSwarmPotion"},{"floor":11,"key":"Energy Potion"},{"floor":12,"key":"Fire Potion"},{"floor":14,"key":"GamblersBrew"},{"floor":19,"key":"BlessingOfTheForge"},{"floor":25,"key":"blueLaboratory:BottleOfRum"}],"is_trial":false,"path_per_floor":["M","?","M","M","?","R","E","?","T","R","M","E","R","M","R","B",null,"M","M","?","$","$","E","M","M","T","?","R","M"],"character_chosen":"KOISHI","items_purchased":["Koishi:TraumaticStroke"],"campfire_rested":2,"item_purchase_floors":[21],"current_hp_per_floor":[60,60,60,60,60,60,60,60,60,60,55,27,27,17,35,56,60,60,60,60,60,60,46,45,16,16,16,34,0,0],"gold":108,"neow_bonus":"THREE_ENEMY_KILL","is_prod":false,"is_daily":false,"chose_seed":false,"campfire_upgraded":3,"win_rate":0,"timestamp":1607551226,"path_taken":["M","?","?","?","?","R","E","?","T","R","M","E","R","M","R","BOSS","M","M","?","?","$","E","?","M","T","?","R","M"],"build_version":"2020-11-30","purchased_purges":1,"victory":false,"max_hp_per_floor":[60,60,60,60,60,60,60,60,60,60,60,60,60,60,60,60,60,60,60,60,60,60,60,60,60,60,60,60,60,60],"card_choices":[{"not_picked":["Koishi:MindNumbingTerror","Koishi:Bloodlust"],"picked":"Koishi:StingingMind","floor":1},{"not_picked":["Koishi:LastRemote","Koishi:RorschachInDanmaku"],"picked":"Koishi:UnconsciousUrges","floor":3},{"not_picked":["Koishi:SpiritedAway","Koishi:Bloodlust"],"picked":"Koishi:CatchAndRose","floor":4},{"not_picked":["Koishi:Prune","Koishi:FourthEye"],"picked":"Koishi:Possession","floor":7},{"not_picked":["Koishi:HeartAttack","Koishi:ReflexRadar"],"picked":"Koishi:FidgetySnatcher","floor":11},{"not_picked":["Koishi:UnansweredLove","Koishi:MindNumbingTerror"],"picked":"Koishi:ImGoingToCallYouNow","floor":12},{"not_picked":["Koishi:ApparitionsStalkTheNight","Koishi:PhantomStrike"],"picked":"Koishi:StingingMind","floor":14},{"not_picked":["Koishi:Heartbroken","Koishi:FormlessExistence"],"picked":"Koishi:Ego","floor":16},{"not_picked":["Koishi:VengefulSpirit","Koishi:PhantomStrike"],"picked":"Koishi:ReleaseOfTheId","floor":18},{"not_picked":["Koishi:CatchAndRose+1","Koishi:MindNumbingTerror"],"picked":"Koishi:PredatoryInstincts","floor":19},{"not_picked":["Koishi:ParalyzingFear+1","Koishi:PerfectMindControl"],"picked":"Koishi:FleetingPhantom","floor":23},{"not_picked":["Koishi:SubterraneanRose+1","Koishi:HeartAttack"],"picked":"Koishi:Untouchable","floor":24},{"not_picked":["Koishi:RacingHeart","Koishi:RorschachInDanmaku"],"picked":"Koishi:SubconsciousSweep","floor":25}],"player_experience":539520,"relics_obtained":[{"floor":7,"key":"theForsaken:Lifeblossom"},{"floor":9,"key":"Omamori"},{"floor":12,"key":"Lantern"},{"floor":23,"key":"Bottled Tornado"},{"floor":26,"key":"aspiration:Lifesprig"}],"event_choices":[],"is_beta":false,"boss_relics":[{"not_picked":["Coffee Dripper","Velvet Choker"],"picked":"aspiration:PoetsPen_weak"}],"items_purged_floors":[21],"is_endless":false,"potions_floor_spawned":[1,11,12,14,19,25],"killed_by":"Gensokyo:3_Gloops","ascension_level":1}}