{"host":"87fdiiwflhrwsj8a","time":1607549740,"event":{"gold_per_floor":[114,189,6,22,22,22,47,64,64,89,89,106,20,20,20],"floor_reached":14,"playtime":233,"items_purged":[],"score":246,"play_id":"56d449e9-dc6e-4fe1-9269-7388d36f57cb","local_time":"20201209163540","is_ascension_mode":true,"campfire_choices":[{"data":"Double Energy","floor":6,"key":"SMITH"},{"data":"Streamline","floor":11,"key":"SMITH"}],"neow_cost":"NONE","seed_source_timestamp":104502936973900,"circlet_count":0,"master_deck":["AscendersBane","Strike_B","Strike_B","Strike_B","Strike_B","Defend_B","Defend_B+1","Defend_B","Defend_B","Zap+1","Dualcast","Double Energy+1","Gash","Gash","Streamline+1","Beam Cell","Beam Cell","White Noise","Streamline"],"special_seed":0,"relics":["Cracked Core","NeowsBlessing","Membership Card","Unceasing Top","infinitespire:Lychee Nut","infinitespire:Bottled Soul","Medical Kit"],"potions_floor_usage":[10],"damage_taken":[{"damage":0.0,"enemies":"Cultist","floor":1.0,"turns":1.0},{"damage":0.0,"enemies":"2 Louse","floor":4.0,"turns":1.0},{"damage":0,"enemies":"Lagavulin","floor":7,"turns":1},{"damage":0,"enemies":"Jaw Worm","floor":8,"turns":3},{"damage":19,"enemies":"3 Sentries","floor":10,"turns":4},{"damage":17,"enemies":"Lots of Slimes","floor":12,"turns":3},{"damage":17,"enemies":"3 Louse","floor":14,"turns":1}],"seed_played":"6451588168691059427","potions_obtained":[{"floor":4.0,"key":"Death Potion"},{"floor":10,"key":"Reflective Coating"}],"is_trial":false,"path_per_floor":["M","?","$","M","?","R","E","M","T","E","R","M","$","M"],"character_chosen":"DEFECT","items_purchased":["Membership Card","Gash","Medical Kit"],"campfire_rested":0,"item_purchase_floors":[3,3,13],"current_hp_per_floor":[64,53,53,53,32,32,32,32,32,19,19,7,7,0,0],"gold":20,"neow_bonus":"THREE_ENEMY_KILL","is_prod":false,"is_daily":false,"chose_seed":false,"campfire_upgraded":2,"win_rate":0,"timestamp":1607549740,"path_taken":["M","?","$","M","?","R","E","M","T","E","R","M","$","M"],"build_version":"2020-11-30","purchased_purges":0,"victory":false,"max_hp_per_floor":[71,71,71,71,71,71,71,71,53,53,53,53,53,53,53],"card_choices":[{"not_picked":["Rebound","Blizzard"],"picked":"Double Energy","floor":1.0},{"not_picked":["Turbo","Ball Lightning"],"picked":"Streamline","floor":4.0},{"not_picked":["Cold Snap","FTL"],"picked":"Beam Cell","floor":7},{"not_picked":["Sweeping Beam","ReplaySolidLightProjector"],"picked":"Beam Cell","floor":8},{"not_picked":["BasicCrystalCard","Hologram"],"picked":"White Noise","floor":10},{"not_picked":["BasicCrystalCard","ReplayTheSpireMod:Repulse"],"picked":"Streamline","floor":12}],"player_experience":2510905,"relics_obtained":[{"floor":7,"key":"Unceasing Top"},{"floor":9,"key":"infinitespire:Lychee Nut"},{"floor":10,"key":"infinitespire:Bottled Soul"}],"event_choices":[{"damage_healed":0.0,"max_hp_gain":0.0,"max_hp_loss":0.0,"gold_gain":75.0,"event_name":"betterThird:BetterGoop","player_choice":"Gold","floor":2.0,"gold_loss":0.0,"damage_taken":11.0},{"damage_healed":53,"gold_gain":0,"player_choice":"Upgrade","damage_taken":21,"max_hp_gain":0,"max_hp_loss":71,"event_name":"betterThird:BetterShining","floor":5,"gold_loss":0,"cards_upgraded":["Zap","Defend_B"]}],"is_beta":false,"boss_relics":[],"items_purged_floors":[],"is_endless":false,"potions_floor_spawned":[4,10],"killed_by":"3 Louse","ascension_level":20}}