{"host":"fq1bpa5mgr3rtgnr","time":1607504201,"event":{"gold_per_floor":[110,110,125,125,200,200,200,200],"floor_reached":7,"playtime":443,"items_purged":[],"score":53,"play_id":"3b1a406a-70c3-41f6-b598-a655a2135ca0","local_time":"20201209035641","is_ascension_mode":true,"campfire_choices":[{"data":"Cleave","floor":6,"key":"SMITH"}],"neow_cost":"PERCENT_DAMAGE","seed_source_timestamp":176112182423300,"circlet_count":0,"master_deck":["Strike_R","Strike_R","Strike_R","Strike_R","Strike_R","Defend_R","Defend_R","Defend_R","Defend_R","Bash","Offering","Cleave+1","Warcry"],"relics":["Burning Blood","Turnip"],"potions_floor_usage":[],"damage_taken":[{"damage":9,"enemies":"2 Louse","floor":1,"turns":3},{"damage":9,"enemies":"Small Slimes","floor":3,"turns":2},{"damage":46,"enemies":"Lagavulin","floor":7,"turns":5}],"seed_played":"-3087383495568165521","potions_obtained":[{"floor":3,"key":"Dexterity Potion"}],"is_trial":false,"path_per_floor":["M","?","M","?","?","R","E"],"character_chosen":"IRONCLAD","items_purchased":[],"campfire_rested":0,"item_purchase_floors":[],"current_hp_per_floor":[48,53,50,38,27,27,0,0],"gold":200,"neow_bonus":"THREE_RARE_CARDS","is_prod":false,"is_daily":false,"chose_seed":false,"campfire_upgraded":1,"win_rate":0,"timestamp":1607504201,"path_taken":["M","?","M","?","?","R","E"],"build_version":"2020-11-30","purchased_purges":0,"victory":false,"max_hp_per_floor":[80,85,85,85,85,85,85,85],"relic_stats":{"counters":[3,10],"Turnip":[0],"obtain_stats":[{"Turnip":4,"Burning Blood":0},{"Turnip":2,"Burning Blood":0},{"Turnip":5,"Burning Blood":0}],"Burning Blood":12},"card_choices":[{"not_picked":["Bludgeon","Barricade"],"picked":"Offering","floor":0},{"not_picked":["Pummel","Dropkick"],"picked":"Cleave","floor":1},{"not_picked":["Cleave","Pommel Strike"],"picked":"Warcry","floor":3}],"player_experience":307642,"relics_obtained":[],"event_choices":[{"damage_healed":0,"gold_gain":0,"player_choice":"Donut","damage_taken":0,"max_hp_gain":5,"max_hp_loss":0,"event_name":"Big Fish","floor":2,"gold_loss":0},{"damage_healed":0,"gold_gain":0,"player_choice":"Success","damage_taken":12,"relics_obtained":["Turnip"],"max_hp_gain":0,"max_hp_loss":0,"event_name":"Scrap Ooze","floor":4,"gold_loss":0},{"damage_healed":0,"gold_gain":75,"player_choice":"Gather Gold","damage_taken":11,"max_hp_gain":0,"max_hp_loss":0,"event_name":"World of Goop","floor":5,"gold_loss":0}],"is_beta":false,"boss_relics":[],"items_purged_floors":[],"is_endless":false,"potions_floor_spawned":[3],"killed_by":"Lagavulin","ascension_level":7}}