{"host":"uzj3qtz06dzkgpll","time":1607503783,"event":{"gold_per_floor":[12,87,103,34,34,67,77,77,77,93,18,32,62,62,62,162,162],"floor_reached":16,"playtime":797,"items_purged":["Strike_R"],"score":143,"play_id":"b54da213-b6d7-4ad1-8e09-49ce5ce562ca","local_time":"20201209004943","is_ascension_mode":true,"campfire_choices":[{"data":"Bash","floor":15,"key":"SMITH"}],"neow_cost":"NO_GOLD","seed_source_timestamp":375088496578600,"circlet_count":0,"master_deck":["Strike_R","Strike_R","Defend_R","Defend_R","Defend_R","Bash+1","Run Through","Sever Soul","Cleave","Disarm","Dropkick","Iron Wave","Combust","Replay:Undeath\u0027s Touch"],"relics":["Burning Blood","ReplayTheSpireMod:Spearhead","hubris:Icosahedron","ReplayTheSpireMod:Ninjato","Kunai","Pantograph"],"potions_floor_usage":[10],"damage_taken":[{"damage":9,"enemies":"Jaw Worm","floor":1,"turns":3},{"damage":1,"enemies":"Cultist","floor":3,"turns":3},{"damage":32,"enemies":"Gremlin Nob","floor":6,"turns":4},{"damage":0,"enemies":"Small Slimes","floor":7,"turns":3},{"damage":0,"enemies":"2 Fungi Beasts","floor":10,"turns":2},{"damage":8,"enemies":"Looter","floor":12,"turns":3},{"damage":19,"enemies":"Replay:BlueRogue","floor":13,"turns":7},{"damage":63,"enemies":"The Guardian","floor":16,"turns":12}],"seed_played":"2589652613104321713","potions_obtained":[{"floor":7,"key":"FearPotion"},{"floor":10,"key":"Explosive Potion"}],"is_trial":false,"path_per_floor":["M","?","M","$","?","E","M","?","T","M","$","M","E","T","R","B"],"character_chosen":"IRONCLAD","items_purchased":["Disarm"],"campfire_rested":0,"item_purchase_floors":[4],"current_hp_per_floor":[69,61,66,66,66,40,46,46,46,52,52,50,37,37,37,0,0],"gold":162,"neow_bonus":"TRANSFORM_TWO_CARDS","is_prod":false,"is_daily":false,"chose_seed":false,"campfire_upgraded":1,"win_rate":0,"timestamp":1607503783,"path_taken":["M","?","M","?","?","E","M","?","T","M","$","M","E","?","R","BOSS"],"build_version":"2020-11-30","purchased_purges":1,"victory":false,"max_hp_per_floor":[80,80,80,80,80,80,80,80,80,80,80,80,80,80,80,80,80],"card_choices":[{"not_picked":["Perfected Strike","Wild Strike","hubris:SharpeningStone"],"picked":"SKIP","floor":1},{"not_picked":["hubris:ReadiedAction","ReplayTheSpireMod:Limb From Limb"],"picked":"Cleave","floor":3},{"not_picked":["Feel No Pain","hubris:CleavingFinish"],"picked":"Dropkick","floor":6},{"not_picked":["Offering","ReplayTheSpireMod:Strike From Hell"],"picked":"Iron Wave","floor":7},{"not_picked":["Perfected Strike","Wild Strike","Pommel Strike"],"picked":"SKIP","floor":10},{"not_picked":["Bloodletting","Run Through"],"picked":"Combust","floor":12},{"not_picked":["Carnage","Juggernaut"],"picked":"Replay:Undeath\u0027s Touch","floor":13}],"player_experience":302090,"relics_obtained":[{"floor":6,"key":"ReplayTheSpireMod:Spearhead"},{"floor":9,"key":"ReplayTheSpireMod:Ninjato"},{"floor":13,"key":"Kunai"},{"floor":14,"key":"Pantograph"}],"event_choices":[{"damage_healed":0,"gold_gain":75,"player_choice":"Touch","damage_taken":8,"max_hp_gain":0,"max_hp_loss":0,"event_name":"FaceTrader","floor":2,"gold_loss":0},{"cards_removed":["Strike_R"],"damage_healed":0,"gold_gain":0,"player_choice":"Forget","damage_taken":0,"max_hp_gain":0,"max_hp_loss":0,"event_name":"Living Wall","floor":5,"gold_loss":0}],"is_beta":false,"boss_relics":[],"items_purged_floors":[11],"is_endless":false,"potions_floor_spawned":[7,10],"killed_by":"The Guardian","ascension_level":6}}