{"host":"qm4rv4rkpk76sbxu","time":1607550486,"event":{"gold_per_floor":[109,20,20,30,47,47,73,73,73,105,170,182,224,247,259,343,355,384,396,408,470,492,504,544,573,585,597,609,721,733,795,807,891,903,928,993,1025,1037,2048,2060,2099,1218,1218,1218,1246,1262,1262,1262,1262,1262,1262,1262],"floor_reached":51,"playtime":8429,"items_purged":["Normality"],"score":1545,"play_id":"a0c4d23c-0130-4cbb-b98b-a79d69fb7bbf","local_time":"20201209224806","is_ascension_mode":true,"campfire_choices":[{"data":"Dagger Spray","floor":6.0,"key":"SMITH"},{"data":"Noxious Fumes","floor":8.0,"key":"SMITH"},{"floor":12.0,"key":"REST"},{"data":"Night Terror","floor":15.0,"key":"SMITH"},{"data":"Ghostly","floor":23.0,"key":"SMITH"},{"data":"Ghostly","floor":27.0,"key":"SMITH"},{"data":"Bouncing Flask","floor":30.0,"key":"SMITH"},{"data":"Ghostly","floor":32.0,"key":"SMITH"},{"data":"Tools of the Trade","floor":40.0,"key":"SMITH"},{"floor":44.0,"key":"RECALL"},{"data":"Neutralize","floor":49.0,"key":"SMITH"}],"neow_cost":"NONE","seed_source_timestamp":292483379116340,"circlet_count":0,"master_deck":["AscendersBane","Strike_G","Strike_G","Strike_G","Strike_G","Defend_G","Defend_G","Defend_G","Defend_G","Defend_G","Survivor","Neutralize+1","Masterful Stab","Noxious Fumes+1","Cloak And Dagger","Dagger Spray+1","Leg Sweep","Night Terror+1","Unload","Die Die Die","Dagger Throw+1","Ghostly+1","Ghostly+1","Ghostly+1","Backflip","Bouncing Flask+1","PiercingWail+1","Decay","Acrobatics","Tools of the Trade+1","Normality","Venomology","Injury","Shame","Madness","Madness"],"special_seed":0,"relics":["Ring of the Snake","NeowsBlessing","Sundial","Vajra","Mummified Hand","MawBank","CaptainsWheel","Cursed Key","Bottled Flame","Bottled Tornado","Bird Faced Urn","StrikeDummy","Runic Pyramid","Unceasing Top","Juzu Bracelet","Ancient Tea Set","Meat on the Bone","TwistedFunnel","Darkstone Periapt","Eternal Feather"],"potions_floor_usage":[51,51,51],"damage_taken":[{"damage":0.0,"enemies":"Jaw Worm","floor":1.0,"turns":1.0},{"damage":0.0,"enemies":"Cultist","floor":4.0,"turns":1.0},{"damage":0.0,"enemies":"Small Slimes","floor":5.0,"turns":1.0},{"damage":8.0,"enemies":"3 Sentries","floor":7.0,"turns":5.0},{"damage":28.0,"enemies":"Gremlin Nob","floor":10.0,"turns":4.0},{"damage":8.0,"enemies":"3 Sentries","floor":11.0,"turns":6.0},{"damage":7.0,"enemies":"Lagavulin","floor":13.0,"turns":5.0},{"damage":0.0,"enemies":"2 Fungi Beasts","floor":14.0,"turns":3.0},{"damage":15.0,"enemies":"The Guardian","floor":16.0,"turns":13.0},{"damage":8.0,"enemies":"Shell Parasite","floor":18.0,"turns":5.0},{"damage":0.0,"enemies":"Chosen","floor":22.0,"turns":5.0},{"damage":7.0,"enemies":"Slavers","floor":24.0,"turns":7.0},{"damage":0.0,"enemies":"Snecko","floor":25.0,"turns":7.0},{"damage":1.0,"enemies":"Colosseum Slavers","floor":29.0,"turns":4.0},{"damage":3.0,"enemies":"Colosseum Nobs","floor":29.0,"turns":5.0},{"damage":4.0,"enemies":"Automaton","floor":33.0,"turns":11.0},{"damage":0.0,"enemies":"Orb Walker","floor":35.0,"turns":4.0},{"damage":20.0,"enemies":"2 Orb Walkers","floor":36.0,"turns":6.0},{"damage":0.0,"enemies":"3 Shapes","floor":37.0,"turns":6.0},{"damage":4.0,"enemies":"Reptomancer","floor":41.0,"turns":9.0},{"damage":3.0,"enemies":"Nemesis","floor":45.0,"turns":9.0},{"damage":13.0,"enemies":"Sphere and 2 Shapes","floor":46.0,"turns":6.0},{"damage":20.0,"enemies":"Donu and Deca","floor":50.0,"turns":11.0},{"damage":35,"enemies":"Time Eater","floor":51,"turns":12}],"seed_played":"5738354429041330257","potions_obtained":[{"floor":1.0,"key":"BlessingOfTheForge"},{"floor":7.0,"key":"Explosive Potion"},{"floor":10.0,"key":"Poison Potion"},{"floor":24.0,"key":"EssenceOfSteel"},{"floor":25.0,"key":"Block Potion"},{"floor":29.0,"key":"GamblersBrew"},{"floor":41.0,"key":"Weak Potion"}],"is_trial":false,"path_per_floor":["M","$","?","M","M","R","E","R","T","E","?","R","E","M","R","B",null,"M","$","?","?","M","R","E","M","T","R","$","?","R","?","R","B",null,"M","?","M","?","?","R","E","$","T","R","E","M","T","?","R","B","B"],"character_chosen":"THE_SILENT","items_purchased":["Noxious Fumes","Ancient Tea Set","Meat on the Bone","TwistedFunnel","Venomology","BlessingOfTheForge"],"campfire_rested":1,"item_purchase_floors":[2,42,42,42,42,42],"current_hp_per_floor":[59,59,59,59,59,59,51,51,51,23,15,34,27,27,27,12,53,45,45,33,33,33,33,26,26,26,26,26,22,22,22,22,20,30,33,13,15,15,15,15,15,15,15,15,28,19,25,18,39,31,0,0],"gold":1262,"neow_bonus":"THREE_ENEMY_KILL","is_prod":false,"is_daily":false,"chose_seed":false,"campfire_upgraded":9,"win_rate":0,"timestamp":1607550486,"path_taken":["M","$","?","M","?","R","E","R","T","E","?","R","E","M","R","BOSS","M","$","?","?","M","R","E","?","T","R","$","?","R","?","R","BOSS","M","?","M","?","?","R","E","$","T","R","E","M","?","?","R","BOSS","BOSS"],"build_version":"2020-11-30","purchased_purges":1,"victory":false,"max_hp_per_floor":[66,66,66,66,66,66,66,66,66,66,66,66,66,66,66,66,66,66,66,33,33,33,33,33,33,33,33,33,33,33,33,33,33,33,33,33,33,33,33,33,33,33,33,33,33,33,39,39,39,39,39,39],"relic_stats":{"Darkstone Periapt":6,"counters":[24,146],"Eternal Feather":21,"Juzu Bracelet":1,"MawBank":372,"Cursed Key":3,"Sundial":[12],"Mummified Hand":[32],"Bird Faced Urn":[23],"obtain_stats":[{"TwistedFunnel":42,"Darkstone Periapt":45,"NeowsBlessing":0,"Vajra":9,"Eternal Feather":47,"Juzu Bracelet":41,"Bottled Tornado":26,"MawBank":11,"Cursed Key":17,"Ancient Tea Set":42,"CaptainsWheel":13,"Bottled Flame":24,"Sundial":7,"Mummified Hand":10,"Bird Faced Urn":29,"StrikeDummy":29,"Unceasing Top":36,"Ring of the Snake":0,"Runic Pyramid":34,"Meat on the Bone":42},{"TwistedFunnel":20,"Darkstone Periapt":21,"NeowsBlessing":0,"Vajra":4,"Eternal Feather":22,"Juzu Bracelet":20,"Bottled Tornado":13,"MawBank":5,"Cursed Key":9,"Ancient Tea Set":20,"CaptainsWheel":7,"Bottled Flame":12,"Sundial":4,"Mummified Hand":5,"Bird Faced Urn":15,"StrikeDummy":15,"Unceasing Top":18,"Ring of the Snake":0,"Runic Pyramid":16,"Meat on the Bone":20},{"TwistedFunnel":108,"Darkstone Periapt":117,"NeowsBlessing":0,"Vajra":8,"Eternal Feather":123,"Juzu Bracelet":108,"Bottled Tornado":63,"MawBank":12,"Cursed Key":39,"Ancient Tea Set":108,"CaptainsWheel":23,"Bottled Flame":56,"Sundial":8,"Mummified Hand":12,"Bird Faced Urn":72,"StrikeDummy":72,"Unceasing Top":93,"Ring of the Snake":0,"Runic Pyramid":83,"Meat on the Bone":108}],"Unceasing Top":[5],"Ring of the Snake":[48],"Meat on the Bone":24},"card_choices":[{"not_picked":["Underhanded Strike","Backflip"],"picked":"Masterful Stab","floor":1.0},{"not_picked":["PiercingWail","Backflip"],"picked":"Cloak And Dagger","floor":4.0},{"not_picked":["Escape Plan","PiercingWail"],"picked":"Dagger Spray","floor":5.0},{"not_picked":["Slice","Blade Dance"],"picked":"Leg Sweep","floor":7.0},{"not_picked":["Cloak And Dagger","Poisoned Stab"],"picked":"Night Terror","floor":10.0},{"not_picked":["Accuracy","Caltrops"],"picked":"Unload","floor":13.0},{"not_picked":["Bane","Cloak And Dagger","Quick Slash"],"picked":"SKIP","floor":14.0},{"not_picked":["Burst","A Thousand Cuts"],"picked":"Die Die Die","floor":16.0},{"not_picked":["Masterful Stab","Flying Knee"],"picked":"Dagger Throw+1","floor":18.0},{"not_picked":["Quick Slash","Phantasmal Killer"],"picked":"Backflip","floor":22.0},{"not_picked":["Acrobatics","Deflect"],"picked":"Bouncing Flask","floor":24.0},{"not_picked":["Predator","Riddle With Holes"],"picked":"PiercingWail+1","floor":25.0},{"not_picked":["Sucker Punch","Leg Sweep+1"],"picked":"Acrobatics","floor":29.0},{"not_picked":["Glass Knife","Unload"],"picked":"Tools of the Trade","floor":33.0},{"not_picked":["Heel Hook","Expertise","Quick Slash"],"picked":"SKIP","floor":35.0},{"not_picked":["Outmaneuver","Accuracy","Quick Slash+1"],"picked":"SKIP","floor":37.0},{"not_picked":["Blade Dance","Terror","Choke"],"picked":"SKIP","floor":41.0},{"not_picked":["Well Laid Plans","Sucker Punch","Deadly Poison+1"],"picked":"SKIP","floor":45.0},{"not_picked":["Deadly Poison+1","Terror","Underhanded Strike"],"picked":"SKIP","floor":46.0}],"player_experience":1007654,"relics_obtained":[{"floor":7.0,"key":"Sundial"},{"floor":9.0,"key":"Vajra"},{"floor":10.0,"key":"Mummified Hand"},{"floor":13.0,"key":"CaptainsWheel"},{"floor":24.0,"key":"Bottled Flame"},{"floor":26.0,"key":"Bottled Tornado"},{"floor":29.0,"key":"Bird Faced Urn"},{"floor":29.0,"key":"StrikeDummy"},{"floor":36.0,"key":"Unceasing Top"},{"floor":41.0,"key":"Juzu Bracelet"},{"floor":45.0,"key":"Darkstone Periapt"},{"floor":47.0,"key":"Eternal Feather"}],"event_choices":[{"cards_removed":["Strike_G"],"damage_healed":0.0,"max_hp_gain":0.0,"max_hp_loss":0.0,"gold_gain":0.0,"event_name":"Bonfire Elementals","player_choice":"Offered Basic","floor":3.0,"gold_loss":0.0,"damage_taken":0.0},{"damage_healed":0.0,"max_hp_gain":0.0,"max_hp_loss":0.0,"gold_gain":0.0,"event_name":"Dead Adventurer","player_choice":"Searched \u00273\u0027 times","floor":11.0,"gold_loss":0.0,"damage_taken":0.0,"relics_obtained":["MawBank"]},{"damage_healed":0.0,"max_hp_gain":0.0,"max_hp_loss":33.0,"gold_gain":0.0,"event_name":"Ghosts","player_choice":"Became a Ghost","floor":20.0,"gold_loss":0.0,"damage_taken":0.0,"cards_obtained":["Ghostly","Ghostly","Ghostly"]},{"damage_healed":0.0,"max_hp_gain":0.0,"max_hp_loss":0.0,"gold_gain":50.0,"event_name":"Golden Shrine","player_choice":"Pray","floor":21.0,"gold_loss":0.0,"damage_taken":0.0},{"damage_healed":0.0,"max_hp_gain":0.0,"max_hp_loss":0.0,"gold_gain":0.0,"event_name":"Colosseum","player_choice":"Fight","floor":29.0,"gold_loss":0.0,"damage_taken":0.0},{"damage_healed":0.0,"max_hp_gain":0.0,"max_hp_loss":0.0,"gold_gain":0.0,"event_name":"Colosseum","player_choice":"Fought Nobs","floor":29.0,"gold_loss":0.0,"damage_taken":0.0},{"damage_healed":0.0,"max_hp_gain":0.0,"max_hp_loss":0.0,"gold_gain":50.0,"event_name":"Nest","player_choice":"Stole From Cult","floor":31.0,"gold_loss":0.0,"damage_taken":0.0},{"damage_healed":0.0,"max_hp_gain":0.0,"max_hp_loss":0.0,"gold_gain":0.0,"event_name":"Mysterious Sphere","player_choice":"Fight","floor":36.0,"gold_loss":0.0,"damage_taken":0.0},{"damage_healed":0.0,"max_hp_gain":0.0,"max_hp_loss":0.0,"gold_gain":0.0,"event_name":"The Moai Head","player_choice":"Ignored","floor":38.0,"gold_loss":0.0,"damage_taken":0.0},{"damage_healed":0.0,"max_hp_gain":0.0,"max_hp_loss":0.0,"gold_gain":999.0,"event_name":"MindBloom","player_choice":"Gold","floor":39.0,"gold_loss":0.0,"damage_taken":0.0,"cards_obtained":["Normality","Normality"]},{"damage_healed":0.0,"max_hp_gain":0.0,"max_hp_loss":0.0,"gold_gain":0.0,"event_name":"Winding Halls","player_choice":"Embrace Madness","floor":48.0,"gold_loss":0.0,"damage_taken":7.0,"cards_obtained":["Madness","Madness"]}],"is_beta":false,"boss_relics":[{"not_picked":["Ectoplasm","SlaversCollar"],"picked":"Cursed Key"},{"not_picked":["Velvet Choker","Ring of the Serpent"],"picked":"Runic Pyramid"}],"items_purged_floors":[42],"is_endless":false,"potions_floor_spawned":[1,7,10,24,25,29,41,46],"killed_by":"Time Eater","ascension_level":20}}