{"host":"v0kr0xkqfgnh389p","time":1607473826,"event":{"gold_per_floor":[109,109,183,197,272,299,299,12,12,12,47,47,47,47],"floor_reached":13,"playtime":379,"items_purged":[],"score":120,"play_id":"dc055d2a-24dc-49f7-83cc-5ce55cb13ed4","local_time":"20201208193026","is_ascension_mode":true,"campfire_choices":[{"floor":7,"key":"RECALL"}],"neow_cost":"NONE","seed_source_timestamp":41189424990200,"circlet_count":0,"master_deck":["Strike_P","Strike_P","Strike_P+1","Strike_P","Defend_P+1","Defend_P","Defend_P","Defend_P","Eruption","Vigilance","Study","TalkToTheHand","Crescendo","MentalFortress","PathToVictory","Replay:BluntJabs+1","Injury","PathToVictory","Decay"],"relics":["PureWater","NeowsBlessing","Dream Catcher","Lantern","Shuriken","Golden Idol","Simple Rune"],"potions_floor_usage":[11],"damage_taken":[{"damage":0,"enemies":"Jaw Worm","floor":1,"turns":1},{"damage":0,"enemies":"2 Louse","floor":4,"turns":1},{"damage":0,"enemies":"Gremlin Nob","floor":6,"turns":1},{"damage":36,"enemies":"3 Sentries","floor":11,"turns":12},{"damage":38,"enemies":"Lagavulin","floor":13,"turns":3}],"seed_played":"-6300633180991652832","potions_obtained":[{"floor":1,"key":"Swift Potion"}],"is_trial":false,"path_per_floor":["M","?","?","M","?","E","R","$","T","?","E","?","E"],"character_chosen":"WATCHER","items_purchased":["Shuriken","Replay:BluntJabs+1"],"campfire_rested":0,"item_purchase_floors":[8,8],"current_hp_per_floor":[72,72,72,72,61,61,61,61,61,61,25,25,0,0],"gold":47,"neow_bonus":"THREE_ENEMY_KILL","is_prod":false,"is_daily":false,"chose_seed":false,"campfire_upgraded":0,"win_rate":0,"timestamp":1607473826,"path_taken":["M","?","?","?","?","E","R","$","T","?","E","?","E"],"build_version":"2020-11-30","purchased_purges":0,"victory":false,"max_hp_per_floor":[72,72,72,72,72,72,72,72,72,72,72,72,72,72],"card_choices":[{"not_picked":["Indignation","EmptyBody"],"picked":"Study","floor":1},{"not_picked":["Meditate","WaveOfTheHand"],"picked":"Crescendo","floor":3},{"not_picked":["CutThroughFate","CrushJoints"],"picked":"MentalFortress","floor":3},{"not_picked":["FlyingSleeves","FlurryOfBlows"],"picked":"PathToVictory","floor":4},{"not_picked":["BowlingBash","Evaluate","FlyingSleeves"],"picked":"SKIP","floor":6},{"not_picked":["FlurryOfBlows","CutThroughFate"],"picked":"PathToVictory","floor":11}],"player_experience":665194,"relics_obtained":[{"floor":3,"key":"Dream Catcher"},{"floor":6,"key":"Lantern"},{"floor":11,"key":"Simple Rune"}],"event_choices":[{"damage_healed":0,"gold_gain":75,"player_choice":"Gather Gold","damage_taken":11,"max_hp_gain":0,"max_hp_loss":0,"event_name":"World of Goop","floor":5,"gold_loss":0},{"damage_healed":0,"gold_gain":0,"player_choice":"Take Wound","damage_taken":0,"relics_obtained":["Golden Idol"],"max_hp_gain":0,"max_hp_loss":0,"event_name":"Golden Idol","floor":10,"gold_loss":0,"cards_obtained":["Injury"]},{"damage_healed":0,"gold_gain":0,"player_choice":"Cursed","damage_taken":0,"max_hp_gain":0,"max_hp_loss":0,"event_name":"Wheel of Change","floor":12,"gold_loss":0,"cards_obtained":["Decay"]}],"is_beta":false,"boss_relics":[],"items_purged_floors":[],"is_endless":false,"potions_floor_spawned":[1],"killed_by":"Lagavulin","ascension_level":1}}