{"host":"Yggdrasil","time":1607536791,"event":{"gold_per_floor":[110,70,70,345,358,391,391,425,425,441,475,514,546,558,558],"floor_reached":14,"playtime":336,"items_purged":[],"score":165,"play_id":"3c5139ad-e94b-4543-a09f-82e2693e551a","local_time":"20201210025951","is_ascension_mode":true,"campfire_choices":[{"data":"Bash","floor":7,"key":"SMITH"}],"neow_cost":"NONE","seed_source_timestamp":52239614506100,"circlet_count":0,"master_deck":["Strike_R","Strike_R","Strike_R","Strike_R","Strike_R","Defend_R","Defend_R","Defend_R","Defend_R","Bash+1","Cleave","Sever Soul","Regret","Rampage","Sever Soul","Immolate","Flame Barrier"],"special_seed":0,"relics":["Burning Blood","Red Skull","Magic Flower","Mango","WingedGreaves","MawBank","Gremlin Horn"],"potions_floor_usage":[6,11],"damage_taken":[{"damage":14,"enemies":"Jaw Worm","floor":1,"turns":3},{"damage":0,"enemies":"Small Slimes","floor":5,"turns":2},{"damage":31,"enemies":"Lagavulin","floor":6,"turns":5},{"damage":8,"enemies":"Gremlin Nob","floor":8,"turns":3},{"damage":1,"enemies":"Cultist","floor":10,"turns":3},{"damage":23,"enemies":"Lagavulin","floor":11,"turns":4},{"damage":35,"enemies":"Gremlin Nob","floor":12,"turns":4},{"damage":0,"enemies":"3 Louse","floor":13,"turns":2},{"damage":40,"enemies":"Lagavulin","floor":14,"turns":3}],"seed_played":"8651942219768817867","potions_obtained":[{"floor":1,"key":"Block Potion"},{"floor":5,"key":"SneckoOil"},{"floor":11,"key":"Dexterity Potion"},{"floor":13,"key":"GamblersBrew"}],"is_trial":false,"path_per_floor":["M","$","?","?","M","E","R","E","T","M","E","E","M","E"],"character_chosen":"IRONCLAD","items_purchased":["Sever Soul"],"campfire_rested":0,"item_purchase_floors":[2],"current_hp_per_floor":[64,64,64,64,70,45,45,60,60,68,54,28,37,0,0],"gold":558,"neow_bonus":"RANDOM_COMMON_RELIC","is_prod":false,"is_daily":false,"chose_seed":false,"campfire_upgraded":1,"win_rate":0.0,"timestamp":1607536791,"path_taken":["M","$","?","?","M","E","R","E","T","M","E","E","?","E"],"build_version":"2020-12-07","purchased_purges":0,"victory":false,"max_hp_per_floor":[80,80,80,80,80,80,80,94,94,94,94,94,94,94,94],"card_choices":[{"not_picked":["Second Wind","Clash"],"picked":"Cleave","floor":1},{"not_picked":["Ghostly Armor","Battle Trance"],"picked":"Rampage","floor":5},{"not_picked":["Cleave","Whirlwind"],"picked":"Sever Soul","floor":6},{"not_picked":["Whirlwind","Uppercut","Body Slam"],"picked":"SKIP","floor":8},{"not_picked":["Wild Strike","Feel No Pain"],"picked":"Immolate","floor":10},{"not_picked":["Body Slam","Dual Wield"],"picked":"Flame Barrier","floor":11},{"not_picked":["Intimidate","Searing Blow","Dual Wield"],"picked":"SKIP","floor":12},{"not_picked":["Metallicize","Warcry","Body Slam"],"picked":"SKIP","floor":13}],"player_experience":679834,"relics_obtained":[{"floor":6,"key":"Magic Flower"},{"floor":8,"key":"Mango"},{"floor":9,"key":"WingedGreaves"},{"floor":11,"key":"MawBank"},{"floor":12,"key":"Gremlin Horn"}],"event_choices":[{"damage_healed":0,"gold_gain":0,"player_choice":"Leave","damage_taken":0,"max_hp_gain":0,"max_hp_loss":0,"event_name":"The Cleric","floor":3,"gold_loss":0},{"damage_healed":0,"gold_gain":275,"player_choice":"Desecrate","damage_taken":0,"max_hp_gain":0,"max_hp_loss":0,"event_name":"Golden Shrine","floor":4,"gold_loss":0,"cards_obtained":["Regret"]}],"is_beta":true,"boss_relics":[],"items_purged_floors":[],"is_endless":false,"potions_floor_spawned":[1,5,11,13],"killed_by":"Lagavulin","ascension_level":8}}