{"host":"jk4s28h3n42rhyp6","time":1607509976,"event":{"gold_per_floor":[113,127,139,155,174,174,208,221,267,267,281,298,298,223,223,323,323,334,334,334],"floor_reached":19,"playtime":562,"items_purged":["Strike_P"],"score":251,"play_id":"10e23d80-5fcc-4d06-9962-dc6fdeb53b9a","local_time":"20201209193256","is_ascension_mode":true,"campfire_choices":[{"data":"Eruption","floor":6.0,"key":"SMITH"},{"floor":10.0,"key":"REST"},{"floor":13.0,"key":"REST"},{"floor":15.0,"key":"RECALL"}],"neow_cost":"NONE","seed_source_timestamp":0,"circlet_count":0,"master_deck":["Strike_P","Strike_P","Strike_P","Defend_P","Defend_P","Defend_P+1","Defend_P","Eruption+1","Vigilance+1"],"special_seed":0,"relics":["PureWater","War Paint","Molten Egg 2","Lantern","Black Star"],"potions_floor_usage":[],"damage_taken":[{"damage":2.0,"enemies":"Jaw Worm","floor":1.0,"turns":4.0},{"damage":0.0,"enemies":"Small Slimes","floor":2.0,"turns":5.0},{"damage":1.0,"enemies":"2 Louse","floor":3.0,"turns":2.0},{"damage":2.0,"enemies":"2 Fungi Beasts","floor":4.0,"turns":3.0},{"damage":2.0,"enemies":"Gremlin Gang","floor":5.0,"turns":8.0},{"damage":34.0,"enemies":"3 Sentries","floor":7.0,"turns":9.0},{"damage":22.0,"enemies":"Exordium Thugs","floor":8.0,"turns":3.0},{"damage":0.0,"enemies":"3 Louse","floor":11.0,"turns":3.0},{"damage":1.0,"enemies":"Blue Slaver","floor":12.0,"turns":3.0},{"damage":30.0,"enemies":"The Guardian","floor":16.0,"turns":16.0},{"damage":37,"enemies":"Chosen","floor":18,"turns":7},{"damage":20,"enemies":"Shell Parasite","floor":19,"turns":1}],"seed_played":"5256319684465925866","potions_obtained":[{"floor":2.0,"key":"LiquidMemories"},{"floor":4.0,"key":"Ambrosia"},{"floor":7.0,"key":"Weak Potion"},{"floor":8.0,"key":"PowerPotion"},{"floor":18,"key":"DuplicationPotion"}],"is_trial":false,"path_per_floor":["M","M","M","M","M","R","E","M","T","R","M","M","R","$","R","B",null,"M","M"],"character_chosen":"WATCHER","items_purchased":[],"campfire_rested":2,"item_purchase_floors":[],"current_hp_per_floor":[63,63,62,60,58,58,24,2,2,23,23,22,43,43,43,13,57,20,0,0],"gold":334,"neow_bonus":"RANDOM_COMMON_RELIC","is_prod":false,"is_daily":false,"chose_seed":false,"campfire_upgraded":1,"win_rate":0,"timestamp":1607509976,"path_taken":["M","M","M","M","M","R","E","M","T","R","M","M","R","$","R","BOSS","M","M"],"build_version":"2020-11-30","purchased_purges":1,"victory":false,"max_hp_per_floor":[72,72,72,72,72,72,72,72,72,72,72,72,72,72,72,72,72,72,72,72],"card_choices":[{"not_picked":["FollowUp","ThirdEye","Crescendo"],"picked":"SKIP","floor":1.0},{"not_picked":["ClearTheMind","WindmillStrike","PathToVictory"],"picked":"SKIP","floor":2.0},{"not_picked":["Fasting2","Protect","Prostrate"],"picked":"SKIP","floor":3.0},{"not_picked":["Study","JustLucky","SandsOfTime"],"picked":"SKIP","floor":4.0},{"not_picked":["Indignation","PathToVictory","JustLucky"],"picked":"SKIP","floor":5.0},{"not_picked":["Weave+1","Study","PathToVictory"],"picked":"SKIP","floor":7.0},{"not_picked":["Wallop+1","FlurryOfBlows+1","Crescendo"],"picked":"SKIP","floor":8.0},{"not_picked":["Wish","ThirdEye","ClearTheMind"],"picked":"SKIP","floor":11.0},{"not_picked":["CutThroughFate+1","EmptyFist+1","DeceiveReality"],"picked":"SKIP","floor":12.0},{"not_picked":["FlyingSleeves+1","CutThroughFate+1","Nirvana"],"picked":"SKIP","floor":18}],"player_experience":333840,"relics_obtained":[{"floor":7.0,"key":"Molten Egg 2"},{"floor":9.0,"key":"Lantern"}],"event_choices":[],"is_beta":false,"boss_relics":[{"not_picked":["SacredBark","Velvet Choker"],"picked":"Black Star"}],"items_purged_floors":[14],"is_endless":false,"potions_floor_spawned":[2,4,7,8,18],"killed_by":"Shell Parasite","ascension_level":9}}