{"host":"6ko66ogg91i6g7xq","time":1607483858,"event":{"gold_per_floor":[118,118,118,128,128,128,157,332,355,388,388,55,55,82,82,182,182,196,196,206,130,141,174,174,194,194,211,211,211,240,253,253,350,350,364,364,364,119,132,166,166,166,166,166,166,176,0,31,31,31,31],"floor_reached":50,"playtime":1925,"items_purged":["Regret","Enlightenment"],"score":661,"play_id":"8bcd85c1-aa00-441d-8112-f9a716005adc","local_time":"20201208221738","is_ascension_mode":true,"campfire_choices":[{"floor":6,"key":"RECALL"},{"data":"Noxious Fumes","floor":13,"key":"SMITH"},{"data":"Catalyst","floor":15,"key":"SMITH"},{"floor":24,"key":"REST"},{"floor":28,"key":"REST"},{"floor":32,"key":"REST"},{"floor":41,"key":"REST"},{"data":"Catalyst","floor":45,"key":"SMITH"},{"floor":49,"key":"REST"}],"neow_cost":"NONE","seed_source_timestamp":111559649065200,"circlet_count":0,"master_deck":["Strike_G","Strike_G","Strike_G","Defend_G","Defend_G","Defend_G","Defend_G","Defend_G","Survivor","Neutralize","Catalyst+1","Deadly Poison","Sucker Punch","Noxious Fumes+1","Blur","Venomology","Backflip+1","Poisoned Stab+1","Bane+1","Noxious Fumes","Caltrops+1","Dash+1","Deflect+1","Terror+1","Catalyst+1","Adrenaline","Catalyst","Madness"],"relics":["Ring of the Serpent","NeowsBlessing","Ginger","Ornamental Fan","Snake Skull","Molten Egg 2","Blue Candle","White Beast Statue","HornCleat","Tough Bandages","Bottled Tornado","Empty Cage","Happy Flower","Orichalcum","The Courier","Red Mask","Pear"],"potions_floor_usage":[10,18,18,18,20,22,23,23,25,25,27,29,30,30,31,33,33,33,39,40,40,40,44,46,48,50,50,50],"damage_taken":[{"damage":0,"enemies":"Small Slimes","floor":1,"turns":1},{"damage":0,"enemies":"Jaw Worm","floor":4,"turns":1},{"damage":0,"enemies":"3 Sentries","floor":7,"turns":2},{"damage":9,"enemies":"Gremlin Nob","floor":10,"turns":4},{"damage":15,"enemies":"Lagavulin","floor":14,"turns":6},{"damage":10,"enemies":"The Guardian","floor":16,"turns":7},{"damage":1,"enemies":"Chosen","floor":18,"turns":5},{"damage":19,"enemies":"2 Thieves","floor":20,"turns":4},{"damage":4,"enemies":"Snake Plant","floor":22,"turns":5},{"damage":35,"enemies":"Slavers","floor":23,"turns":6},{"damage":3,"enemies":"3 Cultists","floor":25,"turns":4},{"damage":0,"enemies":"Snecko","floor":27,"turns":3},{"damage":0,"enemies":"Sentry and Sphere","floor":29,"turns":3},{"damage":21,"enemies":"Gremlin Leader","floor":30,"turns":7},{"damage":2,"enemies":"Cultist and Chosen","floor":31,"turns":4},{"damage":25,"enemies":"Automaton","floor":33,"turns":10},{"damage":14,"enemies":"3 Darklings","floor":35,"turns":5},{"damage":2,"enemies":"Orb Walker","floor":39,"turns":3},{"damage":5,"enemies":"Reptomancer","floor":40,"turns":5},{"damage":0,"enemies":"Maw","floor":44,"turns":3},{"damage":9,"enemies":"Writhing Mass","floor":46,"turns":3},{"damage":3,"enemies":"Nemesis","floor":48,"turns":5},{"damage":90,"enemies":"Awakened One","floor":50,"turns":10}],"seed_played":"-2375359870818535048","potions_obtained":[{"floor":1,"key":"Explosive Potion"},{"floor":4,"key":"Fire Potion"},{"floor":14,"key":"EssenceOfSteel"},{"floor":16,"key":"Strength Potion"},{"floor":18,"key":"Fruit Juice"},{"floor":20,"key":"Dexterity Potion"},{"floor":23,"key":"CunningPotion"},{"floor":25,"key":"Poison Potion"},{"floor":27,"key":"SmokeBomb"},{"floor":30,"key":"Energy Potion"},{"floor":31,"key":"LiquidMemories"},{"floor":33,"key":"BlessingOfTheForge"},{"floor":35,"key":"FearPotion"},{"floor":39,"key":"DistilledChaos"},{"floor":40,"key":"SmokeBomb"},{"floor":46,"key":"EssenceOfSteel"},{"floor":48,"key":"DistilledChaos"}],"is_trial":false,"path_per_floor":["M","?","?","M","$","R","E","?","T","E","?","$","R","E","R","B",null,"M","?","M","$","M","E","R","M","T","M","R","M","E","M","R","B",null,"M","?","?","$","M","E","R","$","T","M","R","M","?","E","R","B"],"character_chosen":"THE_SILENT","items_purchased":["White Beast Statue","Noxious Fumes","Happy Flower"],"campfire_rested":5,"item_purchase_floors":[12,21,38],"current_hp_per_floor":[70,70,67,67,67,67,67,67,67,58,58,58,58,43,43,33,70,74,74,55,55,51,16,38,35,35,35,57,57,36,43,65,40,75,61,52,52,52,50,45,67,67,67,67,67,58,58,65,85,0,0],"gold":31,"neow_bonus":"THREE_ENEMY_KILL","is_prod":false,"is_daily":false,"chose_seed":false,"campfire_upgraded":3,"win_rate":0,"timestamp":1607483858,"path_taken":["M","?","?","M","$","R","E","?","T","E","?","?","R","E","R","BOSS","M","?","M","$","M","E","R","M","T","M","R","?","E","M","R","BOSS","M","?","?","$","?","E","R","?","T","?","R","M","?","E","R","BOSS"],"build_version":"2020-11-30","purchased_purges":2,"victory":false,"max_hp_per_floor":[70,70,70,70,70,70,70,70,70,70,70,70,70,70,70,70,70,75,75,75,75,75,75,75,75,75,75,75,75,75,75,75,75,75,75,75,75,75,75,75,75,75,75,75,75,75,75,85,85,85,85],"relic_stats":{"Tough Bandages":[36],"Happy Flower":[9],"counters":[23,106],"Ornamental Fan":[76],"Blue Candle":[6],"Snake Skull":[179],"Ginger":[23],"Orichalcum":[30],"obtain_stats":[{"Pear":48,"NeowsBlessing":0,"Happy Flower":38,"Blue Candle":11,"Snake Skull":9,"The Courier":43,"Ginger":3,"Bottled Tornado":30,"Orichalcum":40,"Empty Cage":34,"White Beast Statue":12,"Tough Bandages":23,"HornCleat":14,"Ornamental Fan":7,"Molten Egg 2":10,"Red Mask":47,"Ring of the Serpent":17,"Ring of the Snake":0},{"Pear":22,"NeowsBlessing":0,"Happy Flower":17,"Blue Candle":4,"Snake Skull":3,"The Courier":19,"Ginger":1,"Bottled Tornado":14,"Orichalcum":19,"Empty Cage":16,"White Beast Statue":4,"Tough Bandages":10,"HornCleat":5,"Ornamental Fan":3,"Molten Egg 2":4,"Red Mask":21,"Ring of the Serpent":6,"Ring of the Snake":0},{"Pear":96,"NeowsBlessing":0,"Happy Flower":77,"Blue Candle":8,"Snake Skull":4,"The Courier":85,"Ginger":1,"Bottled Tornado":58,"Orichalcum":85,"Empty Cage":72,"White Beast Statue":8,"Tough Bandages":41,"HornCleat":14,"Ornamental Fan":4,"Molten Egg 2":8,"Red Mask":91,"Ring of the Serpent":21,"Ring of the Snake":0}]},"card_choices":[{"not_picked":["Accuracy","Prepared"],"picked":"Catalyst","floor":1},{"not_picked":["Deflect","Prepared"],"picked":"Deadly Poison","floor":4},{"not_picked":["Grand Finale","Infinite Blades"],"picked":"Sucker Punch","floor":7},{"not_picked":["Catalyst","Calculated Gamble"],"picked":"Noxious Fumes","floor":10},{"not_picked":["Predator+1","Footwork"],"picked":"Blur","floor":14},{"not_picked":["Bullet Time","Storm of Steel"],"picked":"Venomology","floor":16},{"not_picked":["Dagger Throw+1","Outmaneuver"],"picked":"Backflip+1","floor":18},{"not_picked":["Prepared","Sucker Punch+1"],"picked":"Bane+1","floor":20},{"not_picked":["Blade Dance","PiercingWail"],"picked":"Caltrops+1","floor":22},{"not_picked":["Bullet Time","Reflex"],"picked":"Dash+1","floor":23},{"not_picked":["Well Laid Plans+1","Quick Slash+1","Deflect"],"picked":"SKIP","floor":25},{"not_picked":["Caltrops","Sucker Punch+1"],"picked":"Deflect+1","floor":27},{"not_picked":["Cloak And Dagger","Dagger Throw+1"],"picked":"Terror+1","floor":30},{"not_picked":["Choke+1","Endless Agony+1"],"picked":"Catalyst","floor":31},{"not_picked":["Glass Knife+1","Doppelganger"],"picked":"Adrenaline","floor":33},{"not_picked":["Caltrops+1","Bane+1"],"picked":"Catalyst","floor":35},{"not_picked":["Sucker Punch+1","Dagger Spray+1","Finisher+1"],"picked":"SKIP","floor":39},{"not_picked":["Acrobatics+1","Prepared+1","Dagger Throw+1"],"picked":"SKIP","floor":40},{"not_picked":["Cloak And Dagger","Slice+1","Blade Dance"],"picked":"SKIP","floor":46},{"not_picked":["Sucker Punch+1","Outmaneuver","Blade Dance+1"],"picked":"SKIP","floor":48}],"player_experience":241981,"relics_obtained":[{"floor":7,"key":"Ornamental Fan"},{"floor":9,"key":"Snake Skull"},{"floor":10,"key":"Molten Egg 2"},{"floor":14,"key":"HornCleat"},{"floor":23,"key":"Tough Bandages"},{"floor":30,"key":"Bottled Tornado"},{"floor":40,"key":"Orichalcum"},{"floor":43,"key":"The Courier"},{"floor":48,"key":"Pear"}],"event_choices":[{"damage_healed":0,"gold_gain":0,"player_choice":"Ignored","damage_taken":0,"max_hp_gain":0,"max_hp_loss":0,"event_name":"Golden Wing","floor":2,"gold_loss":0},{"damage_healed":0,"gold_gain":0,"player_choice":"Success","damage_taken":3,"relics_obtained":["Ginger"],"max_hp_gain":0,"max_hp_loss":0,"event_name":"Scrap Ooze","floor":3,"gold_loss":0},{"damage_healed":0,"gold_gain":175,"player_choice":"AGREE","damage_taken":0,"max_hp_gain":0,"max_hp_loss":0,"event_name":"Liars Game","floor":8,"gold_loss":0,"cards_obtained":["Doubt"]},{"damage_healed":0,"gold_gain":0,"player_choice":"Box","damage_taken":0,"relics_obtained":["Blue Candle"],"max_hp_gain":0,"max_hp_loss":0,"event_name":"Big Fish","floor":11,"gold_loss":0,"cards_obtained":["Regret"]},{"damage_healed":0,"gold_gain":0,"cards_transformed":["Strike_G"],"player_choice":"Transformed","damage_taken":0,"max_hp_gain":0,"max_hp_loss":0,"event_name":"Transmorgrifier","floor":19,"gold_loss":0,"cards_obtained":["Poisoned Stab"]},{"damage_healed":0,"gold_gain":0,"player_choice":"Embrace Madness","damage_taken":9,"max_hp_gain":0,"max_hp_loss":0,"event_name":"Winding Halls","floor":36,"gold_loss":0,"cards_obtained":["Madness","Madness"]},{"damage_healed":0,"gold_gain":0,"cards_transformed":["Madness"],"player_choice":"Transformed","damage_taken":0,"max_hp_gain":0,"max_hp_loss":0,"event_name":"Transmorgrifier","floor":37,"gold_loss":0,"cards_obtained":["Enlightenment"]},{"damage_healed":0,"gold_gain":0,"player_choice":"Paid","damage_taken":0,"relics_obtained":["Red Mask"],"max_hp_gain":0,"max_hp_loss":0,"event_name":"Tomb of Lord Red Mask","floor":47,"gold_loss":176}],"is_beta":false,"boss_relics":[{"not_picked":["Runic Pyramid","Tiny House"],"picked":"Ring of the Serpent"},{"not_picked":["Fusion Hammer","Pandora\u0027s Box"],"picked":"Empty Cage"}],"items_purged_floors":[12,38],"is_endless":false,"potions_floor_spawned":[1,4,14,16,18,20,22,23,25,27,29,30,31,33,35,39,40,44,46,48],"killed_by":"Awakened One","ascension_level":1}}