{"host":"16pupetwkpt1jfy9","time":1607481077,"event":{"gold_per_floor":[113,113,127,48,63,63,77,77,157,173,173,173,173,188,188,311,311,324,1,20,20,44,44,60,79,79,79,94,94,94],"floor_reached":29,"playtime":1337,"items_purged":[],"score":219,"play_id":"9e2a4f27-02ae-4908-9ecb-798ab1fca006","local_time":"20201208213117","is_ascension_mode":false,"campfire_choices":[{"data":"Noxious Fumes","floor":6,"key":"SMITH"},{"data":"Bouncing Flask","floor":8,"key":"SMITH"},{"floor":13,"key":"RECALL"},{"data":"Survivor","floor":15,"key":"SMITH"},{"data":"Wraith Form v2","floor":23,"key":"SMITH"},{"floor":27,"key":"REST"}],"neow_cost":"NONE","seed_source_timestamp":610958064040000,"circlet_count":0,"master_deck":["Strike_G+1","Strike_G+1","Strike_G+1","Strike_G+1","Strike_G+1","Defend_G+1","Defend_G+1","Defend_G+1","Defend_G+1","Defend_G+1","Survivor+1","Neutralize","Noxious Fumes+1","Bouncing Flask+1","Wraith Form v2+1","Deadly Poison+1","Blade Dance+1","Backstab"],"relics":["Ring of the Snake","NeowsBlessing","Singing Bowl","Golden Idol","Toxic Egg 2","Runic Pyramid","TwistedFunnel","Bag of Marbles"],"potions_floor_usage":[7,16,24,24,28],"damage_taken":[{"damage":0,"enemies":"Small Slimes","floor":1,"turns":1},{"damage":0,"enemies":"2 Louse","floor":3,"turns":1},{"damage":0,"enemies":"Jaw Worm","floor":5,"turns":1},{"damage":11,"enemies":"Gremlin Gang","floor":7,"turns":4},{"damage":0,"enemies":"3 Louse","floor":10,"turns":3},{"damage":9,"enemies":"Looter","floor":14,"turns":4},{"damage":32,"enemies":"The Guardian","floor":16,"turns":8},{"damage":3,"enemies":"Spheric Guardian","floor":18,"turns":4},{"damage":13,"enemies":"Chosen","floor":20,"turns":5},{"damage":9,"enemies":"Snecko","floor":22,"turns":5},{"damage":11,"enemies":"Cultist and Chosen","floor":24,"turns":4},{"damage":19,"enemies":"Shelled Parasite and Fungi","floor":25,"turns":4},{"damage":8,"enemies":"Centurion and Healer","floor":28,"turns":4},{"damage":0,"enemies":"Snake Plant","floor":29,"turns":1}],"seed_played":"-3557884595027740488","potions_obtained":[{"floor":1,"key":"Ancient Potion"},{"floor":3,"key":"Explosive Potion"},{"floor":14,"key":"SneckoOil"},{"floor":16,"key":"Fire Potion"},{"floor":18,"key":"sneckomod:MuddlingPotion"},{"floor":24,"key":"Explosive Potion"}],"is_trial":false,"path_per_floor":["M","?","M","$","M","R","M","R","T","M","?","T","R","M","R","B",null,"M","$","M","?","M","R","M","M","T","R","M","M"],"character_chosen":"THE_SILENT","items_purchased":["Noxious Fumes","TwistedFunnel","Blade Dance+1","Bag of Marbles"],"campfire_rested":1,"item_purchase_floors":[4,19,19,19],"current_hp_per_floor":[70,70,70,70,70,70,59,59,59,61,61,61,61,54,54,22,69,66,66,55,55,46,46,37,20,20,42,36,36,36],"gold":94,"neow_bonus":"THREE_ENEMY_KILL","is_prod":false,"is_daily":false,"chose_seed":false,"campfire_upgraded":4,"win_rate":0.0,"timestamp":1607481077,"path_taken":["M","?","M","$","M","R","M","R","T","M","?","?","R","?","R","BOSS","M","$","M","?","M","R","M","M","T","R","M","M"],"build_version":"2020-11-30","purchased_purges":0,"victory":false,"max_hp_per_floor":[70,70,70,70,70,70,70,70,70,72,67,67,67,69,69,69,69,69,69,71,71,71,71,73,75,75,75,77,77,77],"card_choices":[{"not_picked":["Calculated Gamble","Heel Hook","Backflip"],"picked":"SKIP","floor":1},{"not_picked":["Underhanded Strike","Leg Sweep","Acrobatics"],"picked":"SKIP","floor":3},{"not_picked":["Backflip","Bane"],"picked":"Bouncing Flask","floor":5},{"not_picked":["Dodge and Roll","Underhanded Strike","Well Laid Plans"],"picked":"SKIP","floor":7},{"not_picked":["Reflex","Bane","Dagger Throw"],"picked":"Singing Bowl","floor":10},{"not_picked":["Well Laid Plans","Dash","Dodge and Roll+1"],"picked":"Singing Bowl","floor":14},{"not_picked":["Unload","Storm of Steel+1"],"picked":"Wraith Form v2","floor":16},{"not_picked":["Crippling Poison+1","All Out Attack"],"picked":"Deadly Poison+1","floor":18},{"not_picked":["All Out Attack+1","Deflect+1","Acrobatics+1"],"picked":"Singing Bowl","floor":20},{"not_picked":["Distraction+1","Sucker Punch"],"picked":"Backstab","floor":22},{"not_picked":["Quick Slash","Outmaneuver+1","Acrobatics+1"],"picked":"Singing Bowl","floor":24},{"not_picked":["Dagger Spray+1","Cloak And Dagger+1","Deadly Poison+1"],"picked":"Singing Bowl","floor":25},{"not_picked":["Distraction+1","Choke","Deadly Poison+1"],"picked":"Singing Bowl","floor":28}],"player_experience":56399,"relics_obtained":[{"floor":9,"key":"Singing Bowl"},{"floor":12,"key":"Toxic Egg 2"}],"event_choices":[{"damage_healed":0,"gold_gain":0,"player_choice":"Ignored","damage_taken":0,"max_hp_gain":0,"max_hp_loss":0,"event_name":"Shining Light","floor":2,"gold_loss":0},{"damage_healed":0,"gold_gain":0,"player_choice":"Lose Max HP","damage_taken":0,"relics_obtained":["Golden Idol"],"max_hp_gain":0,"max_hp_loss":5,"event_name":"Golden Idol","floor":11,"gold_loss":0},{"damage_healed":0,"gold_gain":0,"player_choice":"Simplicity","damage_taken":0,"max_hp_gain":0,"max_hp_loss":0,"event_name":"Back to Basics","floor":21,"gold_loss":0,"cards_upgraded":["Strike_G","Strike_G","Strike_G","Strike_G","Strike_G","Defend_G","Defend_G","Defend_G","Defend_G","Defend_G"]}],"is_beta":false,"boss_relics":[{"not_picked":["Calling Bell","Coffee Dripper"],"picked":"Runic Pyramid"}],"items_purged_floors":[],"is_endless":false,"potions_floor_spawned":[1,3,14,16,18,24],"killed_by":"Snake Plant","ascension_level":0}}