{"host":"9nd616dgym2ayubq","time":1607473891,"event":{"gold_per_floor":[16,16,28,47,61,61,96,96,119,119,134,147,177,177,177,177,177],"floor_reached":16,"playtime":1306,"items_purged":[],"score":162,"play_id":"341c1d76-a8ee-4120-aac3-eec8ed797acd","local_time":"20201208163131","is_ascension_mode":true,"campfire_choices":[{"data":"Dash","floor":6.0,"key":"SMITH"},{"data":"Storm of Steel","floor":8.0,"key":"SMITH"},{"data":"Dodge and Roll","floor":10.0,"key":"SMITH"},{"floor":15,"key":"REST"}],"neow_cost":"NO_GOLD","seed_source_timestamp":0,"circlet_count":0,"master_deck":["Strike_G","Strike_G","Strike_G","Strike_G+1","Defend_G+1","Defend_G","Defend_G","Defend_G","Survivor","Neutralize","Dodge and Roll+1","Dash+1","Storm of Steel+1"],"special_seed":0,"relics":["Ring of the Snake","Potion Belt","Snake Skull","Regal Pillow"],"potions_floor_usage":[13,13,16,16],"damage_taken":[{"damage":0.0,"enemies":"2 Louse","floor":1.0,"turns":3.0},{"damage":10.0,"enemies":"Cultist","floor":3.0,"turns":7.0},{"damage":0.0,"enemies":"Jaw Worm","floor":4.0,"turns":5.0},{"damage":2.0,"enemies":"2 Fungi Beasts","floor":5.0,"turns":4.0},{"damage":23.0,"enemies":"Gremlin Nob","floor":7.0,"turns":5.0},{"damage":1.0,"enemies":"Looter","floor":11.0,"turns":2.0},{"damage":0.0,"enemies":"Exordium Wildlife","floor":12.0,"turns":6.0},{"damage":7,"enemies":"3 Sentries","floor":13,"turns":10},{"damage":44,"enemies":"The Guardian","floor":16,"turns":22}],"seed_played":"-8650859750436464164","potions_obtained":[{"floor":2.0,"key":"GhostInAJar"},{"floor":2.0,"key":"SmokeBomb"},{"floor":2.0,"key":"Dexterity Potion"},{"floor":4.0,"key":"Poison Potion"},{"floor":7.0,"key":"GhostInAJar"},{"floor":11.0,"key":"Strength Potion"}],"is_trial":false,"path_per_floor":["M","?","M","M","M","R","E","R","T","R","M","M","E","?","R","B"],"character_chosen":"THE_SILENT","items_purchased":[],"campfire_rested":1,"item_purchase_floors":[],"current_hp_per_floor":[63,63,53,53,51,51,28,28,28,28,27,27,20,6,42,0,0],"gold":177,"neow_bonus":"REMOVE_TWO","is_prod":false,"is_daily":false,"chose_seed":false,"campfire_upgraded":3,"win_rate":0,"timestamp":1607473891,"path_taken":["M","?","M","M","M","R","E","R","T","R","?","M","E","?","R","BOSS"],"build_version":"2020-11-30","purchased_purges":0,"victory":false,"max_hp_per_floor":[70,70,70,70,70,70,70,70,70,70,70,70,70,70,70,70,70],"card_choices":[{"not_picked":["Bane","Deadly Poison"],"picked":"Dodge and Roll","floor":1.0},{"not_picked":["Noxious Fumes","Blur"],"picked":"Dash","floor":3.0},{"not_picked":["Reflex","Well Laid Plans","Skewer"],"picked":"SKIP","floor":4.0},{"not_picked":["Dagger Throw","Dodge and Roll","Deflect"],"picked":"SKIP","floor":5.0},{"not_picked":["Backflip","Endless Agony"],"picked":"Storm of Steel","floor":7.0},{"not_picked":["PiercingWail","Endless Agony","Flechettes"],"picked":"SKIP","floor":11.0},{"not_picked":["Flying Knee","Catalyst","Underhanded Strike"],"picked":"SKIP","floor":12.0},{"not_picked":["Bane","Deflect","Dagger Spray"],"picked":"SKIP","floor":13}],"player_experience":1272182,"relics_obtained":[{"floor":7.0,"key":"Potion Belt"},{"floor":9.0,"key":"Snake Skull"},{"floor":13,"key":"Regal Pillow"}],"event_choices":[{"damage_healed":0.0,"max_hp_gain":0.0,"max_hp_loss":0.0,"gold_gain":0.0,"event_name":"Lab","player_choice":"Got Potions","floor":2.0,"gold_loss":0.0,"damage_taken":0.0},{"damage_healed":0,"gold_gain":0,"player_choice":"Entered Light","damage_taken":14,"max_hp_gain":0,"max_hp_loss":0,"event_name":"Shining Light","floor":14,"gold_loss":0,"cards_upgraded":["Defend_G","Strike_G"]}],"is_beta":false,"boss_relics":[],"items_purged_floors":[],"is_endless":false,"potions_floor_spawned":[4,7,11],"killed_by":"The Guardian","ascension_level":9}}