{"host":"nuu0xlk1bpqu5s2n","time":1607518093,"event":{"gold_per_floor":[115,265,265,190,190,190,229,229,229,229,229],"floor_reached":10,"playtime":243,"items_purged":["Doubt"],"score":124,"play_id":"039d5c2c-dff1-489d-9a69-3146b512f52e","local_time":"20201209144813","is_ascension_mode":true,"campfire_choices":[{"data":"Bash","floor":6,"key":"SMITH"},{"floor":8,"key":"REST"}],"neow_cost":"NONE","seed_source_timestamp":1821994913470300,"circlet_count":0,"master_deck":["AscendersBane","Strike_R","Strike_R","Strike_R","Strike_R","Defend_R","Defend_R","Defend_R","Defend_R","Bash+1","Pummel","Shrug It Off"],"relics":["Burning Blood","Juzu Bracelet","Golden Idol","Art of War","Strawberry"],"potions_floor_usage":[],"damage_taken":[{"damage":2,"enemies":"2 Louse","floor":1,"turns":4},{"damage":32,"enemies":"Gremlin Nob","floor":7,"turns":4},{"damage":66,"enemies":"Lagavulin","floor":10,"turns":8}],"seed_played":"1903336228457836023","potions_obtained":[],"is_trial":false,"path_per_floor":["M","?","?","$","?","R","E","R","T","E"],"character_chosen":"IRONCLAD","items_purchased":[],"campfire_rested":1,"item_purchase_floors":[],"current_hp_per_floor":[72,72,46,46,46,46,20,42,49,0,0],"gold":229,"neow_bonus":"RANDOM_COMMON_RELIC","is_prod":false,"is_daily":false,"chose_seed":false,"campfire_upgraded":1,"win_rate":0,"timestamp":1607518093,"path_taken":["M","?","?","$","?","R","E","R","T","E"],"build_version":"2020-11-30","purchased_purges":1,"victory":false,"max_hp_per_floor":[75,75,75,75,75,75,75,75,82,82,82],"card_choices":[{"not_picked":["True Grit","Warcry"],"picked":"Pummel","floor":1},{"not_picked":["Heavy Blade","Clash"],"picked":"Shrug It Off","floor":7}],"player_experience":535105,"relics_obtained":[{"floor":7,"key":"Art of War"},{"floor":9,"key":"Strawberry"}],"event_choices":[{"damage_healed":0,"gold_gain":150,"player_choice":"AGREE","damage_taken":0,"max_hp_gain":0,"max_hp_loss":0,"event_name":"Liars Game","floor":2,"gold_loss":0,"cards_obtained":["Doubt"]},{"damage_healed":0,"gold_gain":0,"player_choice":"Take Damage","damage_taken":26,"relics_obtained":["Golden Idol"],"max_hp_gain":0,"max_hp_loss":0,"event_name":"Golden Idol","floor":3,"gold_loss":0},{"cards_removed":["Strike_R"],"damage_healed":0,"gold_gain":0,"player_choice":"Purged","damage_taken":0,"max_hp_gain":0,"max_hp_loss":0,"event_name":"Purifier","floor":5,"gold_loss":0}],"is_beta":false,"boss_relics":[],"items_purged_floors":[4],"is_endless":false,"potions_floor_spawned":[],"killed_by":"Lagavulin","ascension_level":20}}