{"host":"899crud3100o27sg","time":1607523458,"event":{"gold_per_floor":[110,110,124,141,153,153,187,207,278,48,48,48],"floor_reached":11,"playtime":468,"items_purged":["Strike_G"],"score":146,"play_id":"4c188c67-c01e-4083-9ad0-c988fe126133","local_time":"20201210004738","is_ascension_mode":true,"campfire_choices":[{"data":"Riddle With Holes","floor":6.0,"key":"SMITH"}],"neow_cost":"NONE","seed_source_timestamp":686089791481300,"circlet_count":0,"master_deck":["AscendersBane","Strike_G","Strike_G","Strike_G","Strike_G","Defend_G","Defend_G","Defend_G","Defend_G","Defend_G","Survivor","Neutralize","Riddle With Holes+1","Slice","Catalyst","PiercingWail","Crippling Poison","Footwork"],"special_seed":0,"relics":["Black Star","Bronze Scales","Turnip","Molten Egg 2","Membership Card"],"potions_floor_usage":[11,11],"damage_taken":[{"damage":1.0,"enemies":"Small Slimes","floor":1.0,"turns":6.0},{"damage":2.0,"enemies":"Cultist","floor":3.0,"turns":4.0},{"damage":1.0,"enemies":"2 Louse","floor":4.0,"turns":3.0},{"damage":26.0,"enemies":"Large Slime","floor":5.0,"turns":8.0},{"damage":11.0,"enemies":"Lagavulin","floor":7.0,"turns":8.0},{"damage":1.0,"enemies":"Exordium Thugs","floor":8.0,"turns":5.0},{"damage":34,"enemies":"Gremlin Nob","floor":11,"turns":3}],"seed_played":"-5724249381017909099","potions_obtained":[{"floor":3.0,"key":"SteroidPotion"},{"floor":5.0,"key":"Guardian:BlockOnCardUsePotion"},{"floor":7.0,"key":"Explosive Potion"}],"is_trial":false,"path_per_floor":["M","?","M","M","M","R","E","M","T","$","E"],"character_chosen":"THE_SILENT","items_purchased":["Membership Card","AttackPotion"],"campfire_rested":0,"item_purchase_floors":[10,10],"current_hp_per_floor":[58,49,47,46,20,20,9,8,8,8,0,0],"gold":48,"neow_bonus":"BOSS_RELIC","is_prod":false,"is_daily":false,"chose_seed":false,"campfire_upgraded":1,"win_rate":0,"timestamp":1607523458,"path_taken":["M","?","?","M","M","R","E","M","T","$","E"],"build_version":"2020-11-30","purchased_purges":1,"victory":false,"max_hp_per_floor":[66,66,66,66,66,66,66,66,66,66,66,66],"relic_stats":{"counters":[7,37],"Bronze Scales":[18],"Turnip":[0],"Black Star":1,"obtain_stats":[{"Bronze Scales":7,"Molten Egg 2":9,"Turnip":7,"Black Star":0,"Membership Card":10,"Ring of the Snake":0},{"Bronze Scales":5,"Molten Egg 2":6,"Turnip":5,"Black Star":0,"Membership Card":6,"Ring of the Snake":0},{"Bronze Scales":29,"Molten Egg 2":34,"Turnip":29,"Black Star":0,"Membership Card":34,"Ring of the Snake":0}]},"card_choices":[{"not_picked":["Dagger Spray","Flying Knee"],"picked":"Riddle With Holes","floor":1.0},{"not_picked":["Concentrate","Dagger Spray"],"picked":"Slice","floor":3.0},{"not_picked":["Blade Dance","Outmaneuver"],"picked":"Catalyst","floor":4.0},{"not_picked":["Slice","Dagger Spray"],"picked":"PiercingWail","floor":5.0},{"not_picked":["Backflip","Outmaneuver"],"picked":"Crippling Poison","floor":7.0},{"not_picked":["Flying Knee","All Out Attack"],"picked":"Footwork","floor":8.0}],"player_experience":975096,"relics_obtained":[{"floor":7.0,"key":"Bronze Scales"},{"floor":7.0,"key":"Turnip"},{"floor":9.0,"key":"Molten Egg 2"}],"event_choices":[{"damage_healed":0.0,"max_hp_gain":0.0,"max_hp_loss":0.0,"gold_gain":0.0,"event_name":"Wheel of Change","player_choice":"Damaged","floor":2.0,"gold_loss":0.0,"damage_taken":9.0}],"is_beta":false,"boss_relics":[],"items_purged_floors":[10],"is_endless":false,"potions_floor_spawned":[3,5,7],"killed_by":"Gremlin Nob","ascension_level":19}}