{"host":"futwq5ed5tif697e","time":1607547133,"event":{"gold_per_floor":[11,11,11,11,11,11,11,11,11,11,11,11],"floor_reached":11,"playtime":265,"items_purged":[],"score":88,"play_id":"dca21e49-ea81-455d-92e4-59f1e4dd6c0e","local_time":"20201209215213","is_ascension_mode":true,"campfire_choices":[{"data":"hubris:EnhanceAbility","floor":6,"key":"SMITH"},{"data":"Survivor","floor":8,"key":"SMITH"},{"data":"Neutralize","floor":10,"key":"SMITH"}],"neow_cost":"NO_GOLD","seed_source_timestamp":7959709434400,"circlet_count":0,"master_deck":["AscendersBane","Strike_G","Strike_G","Strike_G","Strike_G","Strike_G","Defend_G","Defend_G","Defend_G","Defend_G+1","Defend_G","Survivor+1","Neutralize+1","hubris:EnhanceAbility+1","StuffTheSpire:Shiver","Injury","StuffTheSpire:Innocence+1"],"relics":["Ring of the Snake","Golden Idol","Tiny Chest","hubris:CrystalStatue"],"potions_floor_usage":[],"damage_taken":[{"damage":0,"enemies":"Small Slimes","floor":1,"turns":5},{"damage":47,"enemies":"Gremlin Nob","floor":11,"turns":6}],"seed_played":"-68937005245863714","potions_obtained":[],"is_trial":false,"path_per_floor":["M","?","?","?","T","R","?","R","T","R","E"],"character_chosen":"THE_SILENT","items_purchased":[],"campfire_rested":0,"item_purchase_floors":[],"current_hp_per_floor":[63,68,68,61,61,61,46,46,46,46,0,0],"gold":11,"neow_bonus":"RANDOM_COLORLESS_2","is_prod":false,"is_daily":false,"chose_seed":false,"campfire_upgraded":3,"win_rate":0,"timestamp":1607547133,"path_taken":["M","?","?","?","?","R","?","R","T","R","E"],"build_version":"2020-11-30","purchased_purges":0,"victory":false,"max_hp_per_floor":[70,75,75,75,75,75,75,75,75,75,75,75],"card_choices":[{"not_picked":["Violence","Secret Technique"],"picked":"hubris:EnhanceAbility","floor":0},{"not_picked":["Crippling Poison","StuffTheSpire:Injection"],"picked":"StuffTheSpire:Shiver","floor":1}],"player_experience":209933,"relics_obtained":[{"floor":5,"key":"Tiny Chest"},{"floor":9,"key":"hubris:CrystalStatue"}],"event_choices":[{"damage_healed":0,"gold_gain":0,"player_choice":"Donut","damage_taken":0,"max_hp_gain":5,"max_hp_loss":0,"event_name":"Big Fish","floor":2,"gold_loss":0},{"damage_healed":0,"gold_gain":0,"player_choice":"Take Wound","damage_taken":0,"relics_obtained":["Golden Idol"],"max_hp_gain":0,"max_hp_loss":0,"event_name":"Golden Idol","floor":3,"gold_loss":0,"cards_obtained":["Injury"]},{"damage_healed":0,"gold_gain":0,"player_choice":"Entered Light","damage_taken":15,"max_hp_gain":0,"max_hp_loss":0,"event_name":"Shining Light","floor":7,"gold_loss":0,"cards_upgraded":["Defend_G","StuffTheSpire:Innocence"]}],"is_beta":false,"boss_relics":[],"items_purged_floors":[],"is_endless":false,"potions_floor_spawned":[],"killed_by":"Gremlin Nob","ascension_level":11}}