{"host":"ktoxvvst1mwxww91","time":1607539102,"event":{"gold_per_floor":[111,111,36,36,36,63,63,78,103,115,142,160,28,54,54,153,203,216,197,197,213,227,227,253,253,253,271,271,271],"floor_reached":28,"playtime":1129,"items_purged":["Strike_W","Strike_W"],"score":382,"play_id":"1c88f4c3-d2f5-42b9-ad45-99b4393d9b82","local_time":"20201209193822","is_ascension_mode":true,"campfire_choices":[{"floor":15.0,"key":"REST"},{"data":"Slay_Living","floor":23.0,"key":"SMITH"},{"floor":25.0,"key":"REST"}],"neow_cost":"NONE","seed_source_timestamp":531784844270700,"circlet_count":0,"master_deck":["Strike_W","Defend_W+1","Defend_W","Defend_W+1","Defend_W","Negative_Energy_Arrows","Bone_Wall","Blood_Curse","Necrotic_Claws","Necrotic_Claws","Corrupt","Blood_Shield","Negative_Energy_Sphere","Bone_Spikes","Spectral_Armor","Negative_Energy_Sphere+1","Grasp_Heart","Toxic_Smoke_Screen","Vampiric_Strike+1","Bone_Armor","Negative_Energy_Arrows","Slay_Living+1","Reap_The_Weak"],"special_seed":0,"relics":["Vampire_Amulet","NlothsMask","War Paint","Potion Belt","Smiling Mask","Ancient Tea Set","Tiny House","PreservedInsect","Kunai"],"potions_floor_usage":[],"damage_taken":[{"damage":0.0,"enemies":"2 Louse","floor":1.0,"turns":3.0},{"damage":16.0,"enemies":"Gremlin Nob","floor":6.0,"turns":4.0},{"damage":0.0,"enemies":"Cultist","floor":8.0,"turns":3.0},{"damage":0.0,"enemies":"Jaw Worm","floor":10.0,"turns":3.0},{"damage":9.0,"enemies":"3 Sentries","floor":11.0,"turns":8.0},{"damage":7.0,"enemies":"Blue Slaver","floor":12.0,"turns":5.0},{"damage":20.0,"enemies":"Lagavulin","floor":14.0,"turns":7.0},{"damage":13.0,"enemies":"The Guardian","floor":16.0,"turns":9.0},{"damage":6.0,"enemies":"Chosen","floor":18.0,"turns":5.0},{"damage":8.0,"enemies":"2 Thieves","floor":19.0,"turns":4.0},{"damage":20.0,"enemies":"Snake Plant","floor":21.0,"turns":6.0},{"damage":7.0,"enemies":"Centurion and Healer","floor":22.0,"turns":12.0},{"damage":52.0,"enemies":"Gremlin Leader","floor":24.0,"turns":8.0},{"damage":39,"enemies":"Cultist and Chosen","floor":27,"turns":8},{"damage":8,"enemies":"Snake Plant","floor":28,"turns":1}],"seed_played":"8937485531794238232","potions_obtained":[{"floor":1.0,"key":"EssenceOfSteel"},{"floor":8.0,"key":"AttackPotion"},{"floor":14.0,"key":"ColorlessPotion"},{"floor":17.0,"key":"Strength Potion"},{"floor":19.0,"key":"DistilledChaos"},{"floor":21.0,"key":"Dexterity Potion"},{"floor":27,"key":"Swift Potion"}],"is_trial":false,"path_per_floor":["M","?","$","$","?","E","T","M","T","M","E","M","$","E","R","B",null,"M","M","?","M","M","R","E","R","T","M","M"],"character_chosen":"NECROMANCER","items_purchased":["Spectral_Armor"],"campfire_rested":2,"item_purchase_floors":[13],"current_hp_per_floor":[72,72,72,72,72,58,58,60,60,62,59,54,54,36,58,47,73,69,65,65,49,52,52,12,36,36,7,0,0],"gold":271,"neow_bonus":"THREE_CARDS","is_prod":false,"is_daily":false,"chose_seed":false,"campfire_upgraded":1,"win_rate":0,"timestamp":1607539102,"path_taken":["M","?","?","$","?","E","?","M","T","M","E","M","?","E","R","BOSS","M","M","?","?","M","R","E","R","T","M","M"],"build_version":"2020-11-30","purchased_purges":2,"victory":false,"max_hp_per_floor":[75,75,75,75,75,75,75,75,75,75,75,75,75,75,75,75,80,80,80,80,80,80,80,80,80,80,80,80,80],"card_choices":[{"not_picked":["Necromantic_Selection","Toxic_Smoke_Screen"],"picked":"Blood_Curse","floor":0.0},{"not_picked":["Pandemic","Death_Coil"],"picked":"Necrotic_Claws","floor":1.0},{"not_picked":["Blood_Is_Power","Violent_Necrosis"],"picked":"Necrotic_Claws","floor":6.0},{"not_picked":["Bone_Spikes","Blood_Curse"],"picked":"Corrupt","floor":8.0},{"not_picked":["Negative_Energy_Burst","Bone_Spikes"],"picked":"Blood_Shield","floor":10.0},{"not_picked":["Corrupt","Bones_to_Steel"],"picked":"Negative_Energy_Sphere","floor":11.0},{"not_picked":["Violent_Necrosis","Chill_Blood"],"picked":"Bone_Spikes","floor":12.0},{"not_picked":["Epidemic","Bones_to_Steel"],"picked":"Negative_Energy_Sphere","floor":14.0},{"not_picked":["Summon_Vampire_Lady","Negative_Energy_Bomb"],"picked":"Grasp_Heart","floor":16.0},{"not_picked":["Vampiric_Strike","Bone_Armory"],"picked":"Toxic_Smoke_Screen","floor":17.0},{"not_picked":["Thousand_Bone_Knives","Shackles_Of_Pain"],"picked":"Vampiric_Strike+1","floor":18.0},{"not_picked":["Death_March_Dance","Vampiric_Strike"],"picked":"Bone_Armor","floor":19.0},{"not_picked":["Bone_Bullets","Strike_from_Beyond","Corrupt"],"picked":"SKIP","floor":21.0},{"not_picked":["Chill_Blood+1","Vampiric_Strike"],"picked":"Slay_Living","floor":22.0},{"not_picked":["Scare","Negative_Energy_Mist+1"],"picked":"Reap_The_Weak","floor":24.0},{"not_picked":["Bone_Bullets","Bone_Spikes","Blood_Whip"],"picked":"SKIP","floor":27}],"player_experience":1004630,"relics_obtained":[{"floor":6.0,"key":"War Paint"},{"floor":9.0,"key":"Potion Belt"},{"floor":11.0,"key":"Smiling Mask"},{"floor":14.0,"key":"Ancient Tea Set"},{"floor":24.0,"key":"PreservedInsect"},{"floor":26.0,"key":"Kunai"}],"event_choices":[{"damage_healed":0.0,"max_hp_gain":0.0,"max_hp_loss":0.0,"gold_gain":0.0,"event_name":"FaceTrader","player_choice":"Trade","floor":2.0,"gold_loss":0.0,"damage_taken":0.0,"relics_obtained":["NlothsMask"]},{"cards_removed":["Strike_W"],"damage_healed":0.0,"max_hp_gain":0.0,"max_hp_loss":0.0,"gold_gain":0.0,"event_name":"Living Wall","player_choice":"Forget","floor":5.0,"gold_loss":0.0,"damage_taken":0.0},{"damage_healed":0.0,"max_hp_gain":0.0,"max_hp_loss":0.0,"gold_gain":0.0,"event_name":"Match and Keep!","player_choice":"1 cards matched","floor":20.0,"gold_loss":0.0,"damage_taken":0.0,"cards_obtained":["Negative_Energy_Arrows"]}],"is_beta":false,"boss_relics":[{"not_picked":["Fusion Hammer","Astrolabe"],"picked":"Tiny House"}],"items_purged_floors":[3,13],"is_endless":false,"potions_floor_spawned":[1,8,14,19,21,27],"killed_by":"Snake Plant","ascension_level":7}}