{"host":"nc3dlacrfhmj2qcx","time":1607518892,"event":{"gold_per_floor":[119,135,154,172,97,97,97,97,97,124,124,124,143,163,163,163,163],"floor_reached":16,"playtime":434,"items_purged":["Strike_G"],"score":204,"play_id":"8202795f-08c1-45e1-9b21-e23ee5ead345","local_time":"20201209220132","is_ascension_mode":true,"campfire_choices":[{"data":"Eviscerate","floor":6.0,"key":"SMITH"},{"data":"Tactician","floor":12,"key":"SMITH"},{"data":"Acrobatics","floor":15,"key":"SMITH"}],"neow_cost":"TEN_PERCENT_HP_LOSS","seed_source_timestamp":2867220123339,"circlet_count":0,"master_deck":["AscendersBane","Strike_G","Strike_G","Strike_G","Defend_G","Defend_G","Defend_G","Defend_G","Survivor","Neutralize","After Image","Setup","Eviscerate+1","Outmaneuver","Quick Slash","Tactician+1","Backflip","Decay","Acrobatics+1"],"special_seed":0,"relics":["Ring of the Snake","InkBottle","Molten Egg 2","Eternal Feather"],"potions_floor_usage":[10,16],"damage_taken":[{"damage":0.0,"enemies":"Jaw Worm","floor":1.0,"turns":6.0},{"damage":0.0,"enemies":"2 Louse","floor":2.0,"turns":4.0},{"damage":0.0,"enemies":"Cultist","floor":3.0,"turns":5.0},{"damage":1.0,"enemies":"Blue Slaver","floor":4.0,"turns":5.0},{"damage":22,"enemies":"Gremlin Nob","floor":10,"turns":4},{"damage":4,"enemies":"Red Slaver","floor":13,"turns":4},{"damage":0,"enemies":"Large Slime","floor":14,"turns":6},{"damage":27,"enemies":"Slime Boss","floor":16,"turns":7}],"seed_played":"4552066001476663707","potions_obtained":[{"floor":1.0,"key":"Strength Potion"},{"floor":13,"key":"CultistPotion"},{"floor":14,"key":"SmokeBomb"}],"is_trial":false,"path_per_floor":["M","M","M","M","$","R","?","?","T","E","?","R","M","M","R","B"],"character_chosen":"THE_SILENT","items_purchased":[],"campfire_rested":0,"item_purchase_floors":[],"current_hp_per_floor":[59,59,59,58,58,58,40,40,40,18,18,27,23,23,32,5,5],"gold":163,"neow_bonus":"TRANSFORM_TWO_CARDS","is_prod":false,"is_daily":false,"chose_seed":false,"campfire_upgraded":3,"win_rate":0,"timestamp":1607518892,"path_taken":["M","M","M","M","$","R","?","?","T","E","?","R","?","M","R","BOSS"],"build_version":"2020-11-30","purchased_purges":1,"victory":false,"max_hp_per_floor":[60,60,60,60,60,60,60,60,60,60,60,60,60,60,60,60,60],"card_choices":[{"not_picked":["Tactician","Bane"],"picked":"Eviscerate","floor":1.0},{"not_picked":["Acrobatics","Footwork"],"picked":"Outmaneuver","floor":2.0},{"not_picked":["Accuracy","Acrobatics"],"picked":"Quick Slash","floor":3.0},{"not_picked":["Terror","Backflip"],"picked":"Tactician","floor":4.0},{"not_picked":["Dodge and Roll","Terror"],"picked":"Backflip","floor":10},{"not_picked":["Masterful Stab+1","Blur"],"picked":"Acrobatics","floor":13},{"not_picked":["Deadly Poison","Quick Slash+1","Distraction"],"picked":"SKIP","floor":14}],"player_experience":1000443,"relics_obtained":[{"floor":9.0,"key":"Molten Egg 2"},{"floor":10,"key":"Eternal Feather"}],"event_choices":[{"damage_healed":0.0,"max_hp_gain":0.0,"max_hp_loss":0.0,"gold_gain":0.0,"event_name":"Scrap Ooze","player_choice":"Success","floor":7.0,"gold_loss":0.0,"damage_taken":18.0,"relics_obtained":["InkBottle"]},{"damage_healed":0.0,"max_hp_gain":0.0,"max_hp_loss":0.0,"gold_gain":0.0,"event_name":"Shining Light","player_choice":"Ignored","floor":8.0,"gold_loss":0.0,"damage_taken":0.0},{"damage_healed":0,"gold_gain":0,"player_choice":"Cursed","damage_taken":0,"max_hp_gain":0,"max_hp_loss":0,"event_name":"Wheel of Change","floor":11,"gold_loss":0,"cards_obtained":["Decay"]}],"is_beta":false,"boss_relics":[],"items_purged_floors":[5],"is_endless":false,"potions_floor_spawned":[1,13,14],"killed_by":"Slime Boss","ascension_level":20}}