{"host":"u2dm6glrpyjr66v9","time":1607505200,"event":{"gold_per_floor":[118,137,137,137,137,167,182,257,333,27,53,63,63,83,83,178,178,195,195],"floor_reached":18,"playtime":502,"items_purged":["Regret"],"score":197,"play_id":"0122d699-d515-4cde-be9f-49a8dd0be72e","local_time":"20201209181320","is_ascension_mode":false,"campfire_choices":[{"floor":15,"key":"REST"}],"neow_cost":"NONE","seed_source_timestamp":1185720653960400,"circlet_count":0,"master_deck":["Strike_B","Strike_B","Strike_B","Strike_B","Defend_B","Defend_B","Defend_B","Defend_B","Zap","Dualcast","Barrage","Conserve Battery","Consume","Ball Lightning","Loop","Buffer","Doom and Gloom","Thunder Strike"],"relics":["FrozenCore","NeowsBlessing","Bag of Marbles","Dream Catcher","Pantograph","ClockworkSouvenir","Shovel"],"potions_floor_usage":[11,16],"damage_taken":[{"damage":0,"enemies":"Jaw Worm","floor":1,"turns":1},{"damage":0,"enemies":"2 Louse","floor":2,"turns":1},{"damage":0,"enemies":"Gremlin Nob","floor":6,"turns":1},{"damage":5,"enemies":"Small Slimes","floor":7,"turns":4},{"damage":28,"enemies":"Lagavulin","floor":11,"turns":7},{"damage":10,"enemies":"Looter","floor":12,"turns":3},{"damage":7,"enemies":"Exordium Thugs","floor":14,"turns":4},{"damage":35,"enemies":"Slime Boss","floor":16,"turns":8},{"damage":39,"enemies":"Shell Parasite","floor":18,"turns":11}],"seed_played":"-1647034997513708559","potions_obtained":[{"floor":2,"key":"Energy Potion"},{"floor":7,"key":"AttackPotion"},{"floor":11,"key":"Strength Potion"},{"floor":12,"key":"FocusPotion"},{"floor":18,"key":"DuplicationPotion"}],"is_trial":false,"path_per_floor":["M","M","?","?","?","E","M","?","T","$","E","M","?","M","R","B",null,"M"],"character_chosen":"DEFECT","items_purchased":["Loop","ClockworkSouvenir"],"campfire_rested":1,"item_purchase_floors":[10,10],"current_hp_per_floor":[75,75,75,75,75,75,70,59,59,59,31,21,21,14,36,26,75,36,36],"gold":195,"neow_bonus":"THREE_ENEMY_KILL","is_prod":false,"is_daily":false,"chose_seed":false,"campfire_upgraded":0,"win_rate":0.0,"timestamp":1607505200,"path_taken":["M","M","?","?","?","E","?","?","T","?","E","M","?","M","R","BOSS","M"],"build_version":"2020-11-30","purchased_purges":1,"victory":false,"max_hp_per_floor":[75,75,75,75,75,75,75,75,75,75,75,75,75,75,75,75,75,75,75],"card_choices":[{"not_picked":["Go for the Eyes","Compile Driver"],"picked":"Barrage","floor":1},{"not_picked":["Gash","Undo"],"picked":"Conserve Battery","floor":2},{"not_picked":["Streamline","Auto Shields"],"picked":"Consume","floor":6},{"not_picked":["Aggregate","Glacier"],"picked":"Ball Lightning","floor":7},{"not_picked":["Barrage","Auto Shields"],"picked":"Buffer","floor":11},{"not_picked":["Reinforced Body","Compile Driver","Reprogram"],"picked":"SKIP","floor":12},{"not_picked":["Barrage","Stack","Leap"],"picked":"SKIP","floor":14},{"not_picked":["Rebound","Coolheaded"],"picked":"Doom and Gloom","floor":15},{"not_picked":["Multi-Cast","Meteor Strike"],"picked":"Thunder Strike","floor":16}],"player_experience":38486,"relics_obtained":[{"floor":6,"key":"Dream Catcher"},{"floor":9,"key":"Pantograph"},{"floor":11,"key":"Shovel"}],"event_choices":[{"damage_healed":0,"gold_gain":0,"player_choice":"Leave","damage_taken":0,"max_hp_gain":0,"max_hp_loss":0,"event_name":"The Cleric","floor":3,"gold_loss":0},{"damage_healed":0,"gold_gain":0,"player_choice":"Box","damage_taken":0,"relics_obtained":["Bag of Marbles"],"max_hp_gain":0,"max_hp_loss":0,"event_name":"Big Fish","floor":4,"gold_loss":0,"cards_obtained":["Regret"]},{"damage_healed":0,"gold_gain":0,"player_choice":"Bought 0 Potions","damage_taken":0,"max_hp_gain":0,"max_hp_loss":0,"event_name":"The Woman in Blue","floor":5,"gold_loss":0},{"damage_healed":0,"gold_gain":75,"player_choice":"Gather Gold","damage_taken":11,"max_hp_gain":0,"max_hp_loss":0,"event_name":"World of Goop","floor":8,"gold_loss":0},{"damage_healed":0,"gold_gain":0,"player_choice":"Ignored","damage_taken":0,"max_hp_gain":0,"max_hp_loss":0,"event_name":"Golden Wing","floor":13,"gold_loss":0}],"is_beta":false,"boss_relics":[{"not_picked":["Ectoplasm","Philosopher\u0027s Stone"],"picked":"FrozenCore"}],"items_purged_floors":[10],"is_endless":false,"potions_floor_spawned":[2,7,11,12,18],"killed_by":"Shell Parasite","ascension_level":0}}