{"host":"wi1dz5t8299iil0b","time":1607554932,"event":{"gold_per_floor":[111,211,186,186,204,78,94,94,420,443,453,483,483,502,502,602,602,622,466,486,486,511,537,537,571,571,571,591,604,617,632,632,737,737,750,764,764,776,786,798,391,402,402,415,428,459,316,316,316,316],"floor_reached":51,"playtime":3753,"items_purged":["MadScienceMod:Strike_MadScience","MadScienceMod:Defend_MadScience","MadScienceMod:Strike_MadScience","MadScienceMod:Defend_MadScience"],"score":598,"play_id":"b891c519-d492-4ea3-ada7-f3873e638c4b","local_time":"20201209180212","is_ascension_mode":false,"campfire_choices":[{"floor":13,"key":"REST"},{"data":"MadScienceMod:Bayonet","floor":13,"key":"SMITH"},{"data":"MadScienceMod:EnergyBarrier","floor":15,"key":"SMITH"},{"floor":32,"key":"REST"},{"floor":49,"key":"REST"},{"data":"MadScienceMod:FumeHood","floor":49,"key":"SMITH"}],"neow_cost":"PUNISHING","seed_source_timestamp":0,"circlet_count":0,"master_deck":["MadScienceMod:Strike_MadScience","MadScienceMod:Strike_MadScience","MadScienceMod:Defend_MadScience+1","MadScienceMod:Defend_MadScience","MadScienceMod:PoweredStrike","MadScienceMod:HideBehindJunk","MadScienceMod:MindControlBeam","MadScienceMod:RadioactiveSword","MadScienceMod:Bayonet+1","MadScienceMod:RadioactiveSword","MadScienceMod:OilDrum+1","MadScienceMod:EnergyBarrier+1","MadScienceMod:ArtilleryShot","MadScienceMod:RadioactiveSword","MadScienceMod:FumeHood+1","MadScienceMod:OilDrum+1","MadScienceMod:GattlingGun","MadScienceMod:ImposingConstruct+1","MadScienceMod:Tinker","MadScienceMod:GattlingGun+1","MadScienceMod:BandageBot+1","MadScienceMod:EnergyBarrier+1","MadScienceMod:OilDrum+1","Parasite","MadScienceMod:Booster"],"special_seed":0,"relics":["MadScienceMod:FuelTank","aspiration:DSix","SnailShell","Old Coin","infinitespire:Golems Mask","infinitespire:Magic Flask","hubris:VirtuousBlindfold","War Paint","DemoMod:PoisonVial","Replay:Bottled Steam","sneckomod:BabySnecko","aspiration:SeaSaltIceCream","aspiration:Nostalgia","hexamod:SpiritBrand","RollingBoulder","StuffTheSpire:Kangaroo","BlackRope","jedi:kaleidoscope","Snack Pack","DemoMod:MeatBun"],"potions_floor_usage":[28,46],"damage_taken":[{"damage":8.0,"enemies":"Jaw Worm","floor":1.0,"turns":4.0},{"damage":1.0,"enemies":"2 Louse","floor":5.0,"turns":3.0},{"damage":0.0,"enemies":"Cultist","floor":7.0,"turns":2.0},{"damage":0.0,"enemies":"Gremlin Gang","floor":11.0,"turns":4.0},{"damage":7.0,"enemies":"3 Sentries","floor":12.0,"turns":7.0},{"damage":0,"enemies":"Exordium Wildlife","floor":14,"turns":3},{"damage":24,"enemies":"The Guardian","floor":16,"turns":9},{"damage":17,"enemies":"3 Byrds","floor":18,"turns":6},{"damage":0,"enemies":"2 Thieves","floor":20,"turns":3},{"damage":17,"enemies":"Replay:Snechameleon","floor":23,"turns":7},{"damage":0,"enemies":"conspire:SneckoGhost","floor":25,"turns":5},{"damage":2,"enemies":"3 Cultists","floor":28,"turns":6},{"damage":3,"enemies":"Chosen and Byrds","floor":29,"turns":5},{"damage":0,"enemies":"Snake Plant","floor":30,"turns":3},{"damage":0,"enemies":"Centurion and Healer","floor":31,"turns":5},{"damage":14,"enemies":"conspire:MysteriousRune","floor":33,"turns":9},{"damage":9,"enemies":"3 Shapes","floor":35,"turns":4},{"damage":0,"enemies":"Orb Walker","floor":36,"turns":3},{"damage":0,"enemies":"Writhing Mass","floor":38,"turns":3},{"damage":0,"enemies":"Sphere and 2 Shapes","floor":39,"turns":6},{"damage":15,"enemies":"4 Shapes","floor":40,"turns":6},{"damage":0,"enemies":"Writhing Mass","floor":42,"turns":5},{"damage":0,"enemies":"Spire Growth","floor":44,"turns":3},{"damage":2,"enemies":"Jaw Worm Horde","floor":45,"turns":5},{"damage":61,"enemies":"R_Hoarder","floor":46,"turns":5},{"damage":0,"enemies":"Replay:Hell Engine","floor":50,"turns":7}],"seed_played":"-7730356224796984049","potions_obtained":[{"floor":5.0,"key":"blueLaboratory:FruitPunch"},{"floor":7.0,"key":"blueLaboratory:HorrorPotion"},{"floor":12,"key":"hexamod:EctoCoolerPotion"},{"floor":16,"key":"Venom Potion"},{"floor":30,"key":"potionbrewer:ToxicPotion"},{"floor":33,"key":"SkillPotion"},{"floor":35,"key":"FairyPotion"},{"floor":46,"key":"blueLaboratory:StoneskinPotion"}],"is_trial":false,"path_per_floor":["M","?","$","T","M","$","M","$","T","T","M","E","R","M","R","B",null,"M","$","M","?","T","E","?","E","T","?","M","M","M","M","R_BF","B",null,"M","M","?","M","M","M","$","M","T","M","M","E","$","?","R","B",null],"character_chosen":"MAD_SCIENTIST","items_purchased":["MadScienceMod:RadioactiveSword","MadScienceMod:RadioactiveSword","SnailShell","War Paint","BlackRope","DemoMod:MeatBun"],"campfire_rested":3,"item_purchase_floors":[3,6,8,19,41,47],"current_hp_per_floor":[67,67,67,67,66,66,66,44,44,44,44,39,62,62,62,38,77,60,60,60,60,60,43,43,43,43,43,41,38,38,38,61,47,77,68,68,76,76,76,61,61,61,61,61,68,7,21,21,44,44],"gold":316,"neow_bonus":"DSIX","is_prod":false,"is_daily":false,"chose_seed":false,"campfire_upgraded":3,"win_rate":0.0,"timestamp":1607554932,"path_taken":["M","?","?","?","?","$","?","?","T","?","M","E","R","M","R","BOSS","M","$","M","?","?","E","?","E","T","?","?","M","M","M","R_BF","BOSS","M","M","?","?","M","M","?","M","T","M","M","E","$","?","R","BOSS"],"build_version":"2020-11-30","purchased_purges":4,"victory":true,"max_hp_per_floor":[75,75,75,75,75,75,75,75,75,75,75,77,77,77,77,77,77,77,77,77,77,77,77,77,77,77,77,77,77,77,77,77,77,77,77,77,77,77,77,77,77,77,77,77,77,77,77,77,77,77],"card_choices":[{"not_picked":["MadScienceMod:EnergyBarrier","MadScienceMod:Bombardment"],"picked":"MadScienceMod:MindControlBeam","floor":1.0},{"not_picked":["MadScienceMod:LightOnFire","MadScienceMod:FragmentationGrenade"],"picked":"MadScienceMod:Bayonet","floor":5.0},{"not_picked":["MadScienceMod:AntimatterBomb","MadScienceMod:Strafe"],"picked":"MadScienceMod:OilDrum","floor":7.0},{"not_picked":["MadScienceMod:BandageBot","MadScienceMod:FlammableWall"],"picked":"MadScienceMod:EnergyBarrier","floor":11.0},{"not_picked":["MadScienceMod:NowOrNever","MadScienceMod:Mechanize"],"picked":"MadScienceMod:ArtilleryShot","floor":12},{"not_picked":["MadScienceMod:Bayonet","MadScienceMod:NowOrNever"],"picked":"MadScienceMod:RadioactiveSword","floor":14},{"not_picked":["MadScienceMod:Liquify","MadScienceMod:CloneVats"],"picked":"MadScienceMod:FumeHood","floor":16},{"not_picked":["MadScienceMod:FlammableWall","MadScienceMod:FragmentationGrenade"],"picked":"MadScienceMod:OilDrum+1","floor":18},{"not_picked":["MadScienceMod:NowOrNever","MadScienceMod:AcidSpray","MadScienceMod:Virus"],"picked":"SKIP","floor":20},{"not_picked":["MadScienceMod:BandageBot+1","MadScienceMod:ShrinkRay"],"picked":"MadScienceMod:GattlingGun","floor":23},{"not_picked":["MadScienceMod:FlammableWall","MadScienceMod:ShrinkRay"],"picked":"MadScienceMod:ImposingConstruct+1","floor":25},{"not_picked":["MadScienceMod:Weaponize","MadScienceMod:FlexibleSpear","MadScienceMod:Detonate"],"picked":"SKIP","floor":28},{"not_picked":["MadScienceMod:FlexibleSpear+1","MadScienceMod:MinatureWeapons+1"],"picked":"MadScienceMod:Tinker","floor":29},{"not_picked":["MadScienceMod:Retarget","MadScienceMod:Redesign"],"picked":"MadScienceMod:GattlingGun+1","floor":30},{"not_picked":["MadScienceMod:Refuel","MadScienceMod:AntimatterBomb+1","MadScienceMod:Refine"],"picked":"SKIP","floor":31},{"not_picked":["MadScienceMod:Tune","MadScienceMod:MindControlBeam"],"picked":"MadScienceMod:BandageBot+1","floor":35},{"not_picked":["MadScienceMod:Detonate+1","MadScienceMod:Inflate+1"],"picked":"MadScienceMod:EnergyBarrier+1","floor":36},{"not_picked":["MadScienceMod:Sprocket+1","MadScienceMod:RadioactiveSword+1","MadScienceMod:CaptureMomentum"],"picked":"SKIP","floor":38},{"not_picked":["MadScienceMod:JunkLaser+1","MadScienceMod:Redesign","MadScienceMod:Postpone"],"picked":"SKIP","floor":39},{"not_picked":["MadScienceMod:MakeOrBreak+1","MadScienceMod:Tune"],"picked":"MadScienceMod:OilDrum+1","floor":40},{"not_picked":["MadScienceMod:FlexibleSpear+1","MadScienceMod:Virus+1","MadScienceMod:OmniHammer"],"picked":"SKIP","floor":42},{"not_picked":["MadScienceMod:Inflate+1","MadScienceMod:BoxOfScraps","MadScienceMod:Weaponize+1"],"picked":"SKIP","floor":44},{"not_picked":["MadScienceMod:FlexibleSpear+1","MadScienceMod:ParticleBeam","MadScienceMod:GattlingGun"],"picked":"SKIP","floor":45},{"not_picked":["MadScienceMod:FlexibleSpear","MadScienceMod:FlameCannon"],"picked":"MadScienceMod:Booster","floor":46}],"player_experience":140192,"relics_obtained":[{"floor":9.0,"key":"Old Coin"},{"floor":10.0,"key":"infinitespire:Golems Mask"},{"floor":12,"key":"infinitespire:Magic Flask"},{"floor":22,"key":"DemoMod:PoisonVial"},{"floor":23,"key":"Replay:Bottled Steam"},{"floor":25,"key":"aspiration:SeaSaltIceCream"},{"floor":26,"key":"RollingBoulder"},{"floor":43,"key":"jedi:kaleidoscope"},{"floor":46,"key":"Snack Pack"}],"event_choices":[{"damage_healed":0.0,"max_hp_gain":0.0,"max_hp_loss":0.0,"gold_gain":100.0,"event_name":"Golden Shrine","player_choice":"Pray","floor":2.0,"gold_loss":0.0,"damage_taken":0.0},{"damage_healed":0,"gold_gain":0,"player_choice":"Ignored","damage_taken":0,"max_hp_gain":0,"max_hp_loss":0,"event_name":"betterNote:BetterNote","floor":21,"gold_loss":0,"cards_obtained":["infinitespire:UltimateForm"]},{"cards_removed":["sneckomod:Bewildered"],"damage_healed":0,"gold_gain":0,"player_choice":"Elegance","damage_taken":0,"max_hp_gain":0,"max_hp_loss":0,"event_name":"betterThird:BetterWriting","floor":27,"gold_loss":0}],"is_beta":false,"boss_relics":[{"not_picked":["trackpad:StolenKidneys","StuffTheSpire:RunicConfusion"],"picked":"hubris:VirtuousBlindfold"},{"not_picked":["aspiration:BeakedSkillbook","hubris:Stopwatch"],"picked":"StuffTheSpire:Kangaroo"}],"items_purged_floors":[6,8,8,41],"is_endless":false,"potions_floor_spawned":[5,7,12,16,20,23,30,33,35,39,42,46],"ascension_level":0}}