{"host":"ueef25wtkg2eer3h","time":1607531947,"event":{"gold_per_floor":[116,15,15,15,34,69,69,81,157,182,182,197,210,224,224,329,329,343,362,29,29,29,29],"floor_reached":22,"playtime":753,"items_purged":[],"score":309,"play_id":"62eab82b-1d13-4a4c-a705-47b9d5e53ece","local_time":"20201209173907","is_ascension_mode":true,"campfire_choices":[{"floor":7,"key":"REST"},{"floor":11,"key":"REST"},{"floor":15,"key":"REST"}],"neow_cost":"NONE","seed_source_timestamp":101982140229500,"circlet_count":0,"master_deck":["Zap","Dualcast","Chaos","Ball Lightning","Sweeping Beam","Streamline","Defragment","Compile Driver","Doom and Gloom","Ball Lightning","Go for the Eyes","Capacitor","Echo Form","Rebound","Recycle","Self Repair","Rebound","Consume","Conserve Battery","Buffer","Echo Form","Hologram","Sweeping Beam+1","Leap","Pain"],"relics":["Cracked Core","NeowsBlessing","MealTicket","Darkstone Periapt","Mercury Hourglass","StrikeDummy","Pandora\u0027s Box","Turnip","WarpedTongs"],"potions_floor_usage":[10,16,16,16],"damage_taken":[{"damage":0,"enemies":"Jaw Worm","floor":1,"turns":1},{"damage":0,"enemies":"Small Slimes","floor":5,"turns":1},{"damage":0,"enemies":"3 Sentries","floor":6,"turns":1},{"damage":0,"enemies":"Cultist","floor":8,"turns":3},{"damage":40,"enemies":"Lagavulin","floor":10,"turns":6},{"damage":9,"enemies":"3 Louse","floor":12,"turns":3},{"damage":14,"enemies":"Red Slaver","floor":13,"turns":2},{"damage":3,"enemies":"Looter","floor":14,"turns":2},{"damage":25,"enemies":"Hexaghost","floor":16,"turns":6},{"damage":23,"enemies":"Chosen","floor":18,"turns":5},{"damage":42,"enemies":"Shell Parasite","floor":19,"turns":7},{"damage":48,"enemies":"3 Cultists","floor":22,"turns":3}],"seed_played":"7807493179978750359","potions_obtained":[{"floor":8,"key":"LiquidMemories"},{"floor":10,"key":"Ancient Potion"},{"floor":12,"key":"FocusPotion"},{"floor":13,"key":"Fire Potion"}],"is_trial":false,"path_per_floor":["M","$","?","?","M","E","R","M","T","E","R","M","M","M","R","B",null,"M","M","$","?","M"],"character_chosen":"DEFECT","items_purchased":["Ball Lightning","Sweeping Beam","Turnip","Leap"],"campfire_rested":3,"item_purchase_floors":[2,2,20,20],"current_hp_per_floor":[68,68,56,41,41,41,63,63,63,23,45,36,22,19,41,16,60,51,23,38,44,0,0],"gold":29,"neow_bonus":"THREE_ENEMY_KILL","is_prod":false,"is_daily":false,"chose_seed":false,"campfire_upgraded":0,"win_rate":0,"timestamp":1607531947,"path_taken":["M","$","?","?","M","E","R","M","T","E","R","M","M","M","R","BOSS","M","M","$","?","M"],"build_version":"2020-11-30","purchased_purges":0,"victory":false,"max_hp_per_floor":[75,75,75,75,75,75,75,75,75,75,75,75,75,75,75,75,75,75,75,75,81,81,81],"card_choices":[{"not_picked":["Barrage","Redo"],"picked":"Chaos","floor":1},{"not_picked":["Auto Shields","Skim"],"picked":"Streamline","floor":5},{"not_picked":["Thunder Strike","Loop"],"picked":"Defragment","floor":6},{"not_picked":["Auto Shields","Barrage"],"picked":"Compile Driver","floor":8},{"not_picked":["Hologram","Stack"],"picked":"Doom and Gloom","floor":10},{"not_picked":["Go for the Eyes","Chaos"],"picked":"Ball Lightning","floor":12},{"not_picked":["Steam","Meteor Strike"],"picked":"Go for the Eyes","floor":13},{"not_picked":["Redo","Conserve Battery"],"picked":"Capacitor","floor":14},{"not_picked":["Fission","Electrodynamics"],"picked":"Echo Form","floor":16},{"not_picked":["Stack","Darkness"],"picked":"Hologram","floor":18},{"not_picked":["Hologram","Go for the Eyes"],"picked":"Sweeping Beam+1","floor":19}],"player_experience":212382,"relics_obtained":[{"floor":6,"key":"Darkstone Periapt"},{"floor":9,"key":"Mercury Hourglass"},{"floor":10,"key":"StrikeDummy"}],"event_choices":[{"damage_healed":0,"gold_gain":0,"player_choice":"Success","damage_taken":12,"relics_obtained":["MealTicket"],"max_hp_gain":0,"max_hp_loss":0,"event_name":"Scrap Ooze","floor":3,"gold_loss":0},{"damage_healed":0,"gold_gain":0,"player_choice":"Entered Light","damage_taken":15,"max_hp_gain":0,"max_hp_loss":0,"event_name":"Shining Light","floor":4,"gold_loss":0,"cards_upgraded":["Defend_B","Strike_B"]},{"damage_healed":0,"gold_gain":0,"player_choice":"Rummage","damage_taken":0,"relics_obtained":["WarpedTongs"],"max_hp_gain":0,"max_hp_loss":0,"event_name":"Accursed Blacksmith","floor":21,"gold_loss":0,"cards_obtained":["Pain"]}],"is_beta":false,"boss_relics":[{"not_picked":["Philosopher\u0027s Stone","Velvet Choker"],"picked":"Pandora\u0027s Box"}],"items_purged_floors":[],"is_endless":false,"potions_floor_spawned":[8,10,12,13],"killed_by":"3 Cultists","ascension_level":8}}