{"host":"ormi09wwzv7sq47a","time":1607522646,"event":{"gold_per_floor":[116,131,143,156,170,170,188,207,207,207,220,239,239,258,258,258,258],"floor_reached":16,"playtime":577,"items_purged":[],"score":170,"play_id":"56950b45-478c-4d3e-a9f1-f6579f3d2f79","local_time":"20201209110406","is_ascension_mode":true,"campfire_choices":[{"data":"Defragment","floor":6.0,"key":"SMITH"},{"floor":10.0,"key":"REST"},{"floor":13.0,"key":"REST"},{"data":"Reinforced Body","floor":15.0,"key":"SMITH"}],"neow_cost":"NONE","seed_source_timestamp":2133446434656900,"circlet_count":0,"master_deck":["AscendersBane","Strike_B","Strike_B","Strike_B","Defend_B","Defend_B","Defend_B","Defend_B","Zap","Dualcast","Gash","Gash","Go for the Eyes","Defragment+1","Hologram","Steam Power","Beam Cell+1","Reinforced Body+1"],"special_seed":0,"relics":["Cracked Core","Molten Egg 2"],"potions_floor_usage":[16,16],"damage_taken":[{"damage":1.0,"enemies":"Cultist","floor":1.0,"turns":3.0},{"damage":7.0,"enemies":"Jaw Worm","floor":2.0,"turns":4.0},{"damage":0.0,"enemies":"2 Louse","floor":3.0,"turns":2.0},{"damage":6.0,"enemies":"Looter","floor":4.0,"turns":3.0},{"damage":9.0,"enemies":"Red Slaver","floor":5.0,"turns":3.0},{"damage":10.0,"enemies":"Exordium Wildlife","floor":7.0,"turns":3.0},{"damage":14.0,"enemies":"Large Slime","floor":8.0,"turns":5.0},{"damage":16.0,"enemies":"3 Louse","floor":11.0,"turns":3.0},{"damage":7.0,"enemies":"Looter","floor":12.0,"turns":3.0},{"damage":16.0,"enemies":"Exordium Wildlife","floor":14.0,"turns":4.0},{"damage":20,"enemies":"The Guardian","floor":16,"turns":7}],"seed_played":"-1299601623280515587","potions_obtained":[{"floor":3.0,"key":"Weak Potion"},{"floor":4.0,"key":"LiquidMemories"},{"floor":5.0,"key":"SteroidPotion"},{"floor":8.0,"key":"FearPotion"},{"floor":11.0,"key":"GamblersBrew"},{"floor":14.0,"key":"ColorlessPotion"}],"is_trial":false,"path_per_floor":["M","M","M","M","M","R","M","M","T","R","M","M","R","M","R","B"],"character_chosen":"DEFECT","items_purchased":[],"campfire_rested":2,"item_purchase_floors":[],"current_hp_per_floor":[63,56,56,50,41,41,31,17,17,38,22,15,36,20,20,0,0],"gold":258,"neow_bonus":"REMOVE_CARD","is_prod":false,"is_daily":false,"chose_seed":false,"campfire_upgraded":2,"win_rate":0,"timestamp":1607522646,"path_taken":["M","?","M","M","M","R","M","M","T","R","M","M","R","M","R","BOSS"],"build_version":"2020-11-30","purchased_purges":0,"victory":false,"max_hp_per_floor":[71,71,71,71,71,71,71,71,71,71,71,71,71,71,71,71,71],"relic_stats":{"counters":[11,40],"obtain_stats":[{"Molten Egg 2":9,"Cracked Core":0},{"Molten Egg 2":7,"Cracked Core":0},{"Molten Egg 2":23,"Cracked Core":0}]},"card_choices":[{"not_picked":["Defragment","Stack"],"picked":"Gash","floor":1.0},{"not_picked":["Fusion","Rebound"],"picked":"Gash","floor":2.0},{"not_picked":["Glacier","Reprogram"],"picked":"Go for the Eyes","floor":3.0},{"not_picked":["Go for the Eyes","Creative AI"],"picked":"Defragment","floor":4.0},{"not_picked":["Ball Lightning","Darkness","Sunder"],"picked":"SKIP","floor":5.0},{"not_picked":["Tempest","Melter","Aggregate"],"picked":"SKIP","floor":7.0},{"not_picked":["Skim","Recycle"],"picked":"Hologram","floor":8.0},{"not_picked":["Recycle","Barrage+1"],"picked":"Steam Power","floor":11.0},{"not_picked":["Streamline+1","Cold Snap+1"],"picked":"Beam Cell+1","floor":12.0},{"not_picked":["Cold Snap+1","Loop"],"picked":"Reinforced Body","floor":14.0}],"player_experience":717023,"relics_obtained":[{"floor":9.0,"key":"Molten Egg 2"}],"event_choices":[],"is_beta":false,"boss_relics":[],"items_purged_floors":[],"is_endless":false,"potions_floor_spawned":[3,4,5,8,11,14],"killed_by":"The Guardian","ascension_level":14}}