{"host":"6zvpb25n18ixfmh8","time":1607475257,"event":{"gold_per_floor":[114,114,114,114,114,143,159,189,215,229,256,272,272,272],"floor_reached":13,"playtime":1461,"items_purged":[],"score":93,"play_id":"1c8d0c81-762f-4bfa-90bd-4b7e410bbfed","local_time":"20201208185417","daily_mods":["Draft"],"is_ascension_mode":false,"campfire_choices":[],"neow_cost":"","seed_source_timestamp":0,"circlet_count":0,"master_deck":["hermit:Headshot","hermit:Quickdraw","hermit:CalledShot","hermit:Coalescence","hermit:Deadeye","hermit:CalledShot","hermit:TakeAim","hermit:DeadMansHand","hermit:GoldenBullet","hermit:CursedWeapon","hermit:ShadowCloak","hermit:Cheat","hermit:CalledShot","hermit:Glare","hermit:Snipe","hermit:Enervate","Injury","hermit:Dive","hermit:GoldenBullet+1","hermit:Misfire+1","hermit:LowProfile"],"relics":["hermit:Momento","hubris:Icosahedron","Molten Egg 2","Potion Belt","Oddly Smooth Stone","Blue Doll","Dream Catcher"],"potions_floor_usage":[6,12],"damage_taken":[{"damage":2,"enemies":"Cultist","floor":1,"turns":2},{"damage":34,"enemies":"Lagavulin","floor":6,"turns":6},{"damage":10,"enemies":"Small Slimes","floor":7,"turns":4},{"damage":26,"enemies":"Gremlin Nob","floor":8,"turns":4},{"damage":3,"enemies":"2 Louse","floor":10,"turns":2},{"damage":0,"enemies":"Looter","floor":12,"turns":1},{"damage":2,"enemies":"HollowMod:MossKnight","floor":13,"turns":1}],"seed_played":"-3775882336842574815","potions_obtained":[{"floor":1,"key":"Block Potion"},{"floor":7,"key":"CultistPotion"}],"is_trial":true,"path_per_floor":["M","?","?","$","?","E","M","E","T","M","T","M","E"],"character_chosen":"HERMIT","items_purchased":[],"campfire_rested":0,"item_purchase_floors":[],"current_hp_per_floor":[73,73,75,75,75,41,31,5,5,2,2,2,0,0],"gold":272,"neow_bonus":"","is_prod":false,"is_daily":false,"chose_seed":false,"campfire_upgraded":0,"win_rate":0.0,"timestamp":1607475257,"path_taken":["M","?","?","$","?","E","M","E","T","M","?","M","E"],"build_version":"2020-11-30","purchased_purges":0,"victory":false,"max_hp_per_floor":[75,75,75,75,75,75,75,75,75,75,75,75,75,75],"card_choices":[{"not_picked":["hermit:SprayPray","hermit:Ricochet"],"picked":"hermit:Headshot","floor":0},{"not_picked":["hermit:SprayPray","hermit:ItchyTrigger"],"picked":"hermit:Quickdraw","floor":0},{"not_picked":["hermit:Headshot","hermit:LowProfile"],"picked":"hermit:CalledShot","floor":0},{"not_picked":["hermit:ItchyTrigger","hermit:Brawl"],"picked":"hermit:Coalescence","floor":0},{"not_picked":["hermit:Grudge","hermit:Misfire"],"picked":"hermit:Deadeye","floor":0},{"not_picked":["hermit:SprayPray","hermit:Desperado"],"picked":"hermit:CalledShot","floor":0},{"not_picked":["hermit:Manifest","hermit:PistolWhip"],"picked":"hermit:TakeAim","floor":0},{"not_picked":["hermit:Combo","hermit:Scavenge"],"picked":"hermit:DeadMansHand","floor":0},{"not_picked":["hermit:Deadeye","hermit:Desperado"],"picked":"hermit:GoldenBullet","floor":0},{"not_picked":["hermit:Vantage","hermit:TakeAim"],"picked":"hermit:CursedWeapon","floor":0},{"not_picked":["hermit:FlashPowder","hermit:Misfire"],"picked":"hermit:ShadowCloak","floor":0},{"not_picked":["hermit:TrackingShot","hermit:WideOpen"],"picked":"hermit:Cheat","floor":0},{"not_picked":["hermit:Glare","hermit:DeadMansHand"],"picked":"hermit:CalledShot","floor":0},{"not_picked":["hermit:Roulette","hermit:BodyArmor"],"picked":"hermit:Glare","floor":0},{"not_picked":["hermit:ItchyTrigger","hermit:Feint"],"picked":"hermit:Snipe","floor":0},{"not_picked":["hermit:LoneWolf","hermit:Manifest"],"picked":"hermit:Enervate","floor":1},{"not_picked":["hermit:Determination","hermit:Desperado+1","hermit:Malice+1"],"picked":"SKIP","floor":6},{"not_picked":["hermit:Roulette+1","hermit:Malice+1"],"picked":"hermit:Dive","floor":7},{"not_picked":["hermit:Brawl","hermit:Showdown+1"],"picked":"hermit:GoldenBullet+1","floor":8},{"not_picked":["hermit:Shortfuse+1","hermit:Cheat"],"picked":"hermit:Misfire+1","floor":10},{"not_picked":["hermit:TrackingShot+1","hermit:Gestalt"],"picked":"hermit:LowProfile","floor":12}],"player_experience":148239,"relics_obtained":[{"floor":6,"key":"Potion Belt"},{"floor":8,"key":"Oddly Smooth Stone"},{"floor":9,"key":"Blue Doll"},{"floor":11,"key":"Dream Catcher"}],"event_choices":[],"is_beta":false,"boss_relics":[],"items_purged_floors":[],"is_endless":false,"potions_floor_spawned":[1,7],"killed_by":"HollowMod:MossKnight","ascension_level":0}}