{"host":"8b6x5jh5dgxmxtlw","time":1607473555,"event":{"gold_per_floor":[115,125,125,125,139,170,170,188,188,188,273,273,161,161,161,260,260,272,308,308,22,38,38,68,88,88,138,138,158,172,250,250,355,355,370,44,62,12,24,24,49,49,49,49,49,109,193,193,193,193,193,193,193],"floor_reached":52,"playtime":5213,"items_purged":[],"score":563,"play_id":"4e85fdbd-7672-4d86-a3d7-df0cdbd12d4b","local_time":"20201208192555","is_ascension_mode":false,"campfire_choices":[{"data":"hermit:Gestalt","floor":7,"key":"SMITH"},{"data":"hermit:Gestalt","floor":10,"key":"SMITH"},{"floor":12,"key":"REST"},{"floor":15,"key":"REST"},{"data":"hermit:Dissolve","floor":23,"key":"SMITH"},{"floor":32,"key":"REST"},{"floor":40,"key":"REST"},{"floor":44,"key":"REST"},{"floor":48,"key":"REST"},{"floor":51,"key":"REST"}],"neow_cost":"NONE","seed_source_timestamp":144786742578000,"circlet_count":0,"master_deck":["hermit:Strike_Hermit","hermit:Strike_Hermit","hermit:Strike_Hermit","hermit:Strike_Hermit","hermit:Defend_Hermit","hermit:Defend_Hermit","hermit:Defend_Hermit","hermit:Defend_Hermit","hermit:Snapshot","hermit:Covet","hermit:Headshot","hermit:ItchyTrigger","Regret","hermit:Snipe","hermit:GhostlyPresence","hermit:Manifest","hermit:RoundhouseKick","hermit:HoleUp","hermit:EyeOfTheStorm","hermit:Dissolve","hermit:Quickdraw","hermit:BodyArmor","hermit:Roughhouse+1","hermit:HeroicBravado","hermit:PistolWhip","hermit:Feint","hermit:GoldenBullet","hermit:BlackWind+1","hermit:Quickdraw+1","Parasite","hermit:Scavenge+1","hermit:Scavenge+1","hermit:Virtue"],"relics":["halation:SimulatedSpire","halation:PurpleSoulGem","ReplayFunnel","infinitespire:BottledMercury","hubris:MobiusCoin","hubris:CrystalStatue","halation:StarCompass","hubris:CuriousFeather","infinitespire:Golems Mask","aspiration:StickyExplosives_weak","Shovel","Shuriken","Black Star","CCEMRelics:FryingPan","Guide Book","conspire:TopHat","PreservedInsect","halation:Trompette","CCEMRelics:FestiveHat","Replay:Mystery Machine"],"potions_floor_usage":[6,16,19,33,33,35,39,46,47],"damage_taken":[{"damage":6,"enemies":"Jaw Worm","floor":1,"turns":3},{"damage":0,"enemies":"Cultist","floor":2,"turns":3},{"damage":3,"enemies":"Small Slimes","floor":5,"turns":4},{"damage":16,"enemies":"3 Sentries","floor":6,"turns":12},{"damage":2,"enemies":"Blue Slaver","floor":8,"turns":4},{"damage":11,"enemies":"Replay:BlueRogue","floor":11,"turns":8},{"damage":13,"enemies":"Fading Forest","floor":16,"turns":11},{"damage":19,"enemies":"3 Byrds","floor":18,"turns":9},{"damage":14,"enemies":"Spheric Guardian","floor":19,"turns":6},{"damage":4,"enemies":"Centurion and Healer","floor":22,"turns":8},{"damage":12,"enemies":"Replay:Snechameleon","floor":24,"turns":6},{"damage":23,"enemies":"3 Cultists","floor":25,"turns":7},{"damage":12,"enemies":"Shelled Parasite and Fungi","floor":29,"turns":6},{"damage":9,"enemies":"Snake Plant","floor":30,"turns":4},{"damage":32,"enemies":"Automaton","floor":33,"turns":13},{"damage":6,"enemies":"3 Darklings","floor":35,"turns":6},{"damage":4,"enemies":"Orb Walker","floor":37,"turns":5},{"damage":16,"enemies":"Writhing Mass","floor":39,"turns":6},{"damage":39,"enemies":"R_Hoarder","floor":41,"turns":11},{"damage":22,"enemies":"3 Darklings","floor":46,"turns":6},{"damage":18,"enemies":"Giant Head","floor":47,"turns":7},{"damage":85,"enemies":"infinitespire:MassOfShapes","floor":52,"turns":16}],"seed_played":"-1353243283789865763","potions_obtained":[{"floor":1,"key":"PowerPotion"},{"floor":8,"key":"ColorlessPotion"},{"floor":11,"key":"LifebloodPotion"},{"floor":16,"key":"FairyPotion"},{"floor":18,"key":"ColorlessPotion"},{"floor":30,"key":"LiquidMemories"},{"floor":33,"key":"Fire Potion"},{"floor":37,"key":"Death Potion"},{"floor":39,"key":"PowerPotion"},{"floor":46,"key":"Elixir"}],"is_trial":false,"path_per_floor":["M","M","?","?","M","E","R","M","T","R","E","R","$","?","R","B",null,"M","M","?","$","M","R","E","M","T","AVR","$","M","M","T","R","B",null,"M","$","M","$","M","R","E","PTL","PTL","R","T","M","E","R","?","?","R","B"],"character_chosen":"HERMIT","items_purchased":["hermit:HoleUp","hermit:EyeOfTheStorm","hubris:CuriousFeather","CCEMRelics:FryingPan","Guide Book","Block Potion"],"campfire_rested":7,"item_purchase_floors":[13,13,21,36,36,38],"current_hp_per_floor":[69,69,69,69,66,50,50,48,48,48,37,59,59,59,75,70,75,56,42,75,75,71,71,59,36,36,36,36,24,15,15,37,5,75,69,69,65,65,49,71,32,32,32,54,54,32,14,36,36,36,58,0,0],"gold":193,"neow_bonus":"SIMULATED_SPIRE","is_prod":false,"is_daily":false,"chose_seed":false,"campfire_upgraded":3,"win_rate":0.0,"timestamp":1607473555,"path_taken":["M","M","?","?","?","E","R","M","T","R","E","R","$","?","R","BOSS","M","M","?","$","M","R","E","M","T","AVR","?","M","M","?","R","BOSS","M","$","M","$","M","R","E","PTL","PTL","R","T","M","E","R","?","?","R","BOSS"],"build_version":"2020-11-30","purchased_purges":0,"victory":false,"max_hp_per_floor":[75,75,75,75,75,75,75,75,75,75,75,75,75,75,75,75,75,75,75,75,75,75,75,75,75,75,75,75,75,75,75,75,75,75,75,75,75,75,75,75,75,75,75,75,75,75,75,75,75,75,75,75,75],"card_choices":[{"not_picked":["hermit:Misfire","hermit:Ricochet"],"picked":"hermit:Headshot","floor":1},{"not_picked":["hermit:Showdown","hermit:DeadMansHand"],"picked":"hermit:ItchyTrigger","floor":2},{"not_picked":["hermit:HighCaliber","hermit:Misfire"],"picked":"hermit:Snipe","floor":5},{"not_picked":["hermit:DeadOrAlive","hermit:Dive"],"picked":"hermit:GhostlyPresence","floor":6},{"not_picked":["hermit:Desperado","hermit:TakeCover"],"picked":"hermit:Manifest","floor":8},{"not_picked":["hermit:Misfire","hermit:CalledShot"],"picked":"hermit:RoundhouseKick","floor":11},{"not_picked":["hermit:Adapt","hermit:HeroicBravado"],"picked":"hermit:Dissolve","floor":16},{"not_picked":["hermit:SprayPray","hermit:ItchyTrigger"],"picked":"hermit:Quickdraw","floor":18},{"not_picked":["hermit:ItchyTrigger","hermit:Gestalt"],"picked":"hermit:BodyArmor","floor":19},{"not_picked":["hermit:Cheat","hermit:Vantage"],"picked":"hermit:Roughhouse","floor":22},{"not_picked":["hermit:TakeCover","hermit:Grudge"],"picked":"hermit:HeroicBravado","floor":24},{"not_picked":["hermit:Manifest","hermit:TakeCover"],"picked":"hermit:PistolWhip","floor":25},{"not_picked":["hermit:WideOpen","hermit:FatalDesire"],"picked":"hermit:Feint","floor":29},{"not_picked":["hermit:Desperado","hermit:Roulette"],"picked":"hermit:GoldenBullet","floor":30},{"not_picked":["hermit:Roughhouse","hermit:RoundhouseKick"],"picked":"hermit:BlackWind","floor":33},{"not_picked":["hermit:Shortfuse","hermit:Enervate","hermit:Roulette"],"picked":"SKIP","floor":35},{"not_picked":["hermit:Vantage","hermit:Showdown+1"],"picked":"hermit:Quickdraw+1","floor":37},{"not_picked":["hermit:Combo","hermit:FlashPowder+1"],"picked":"hermit:Feint+1","floor":39},{"not_picked":["hermit:Manifest","hermit:TrackingShot+1","hermit:Brawl"],"picked":"SKIP","floor":39},{"not_picked":["hermit:Cheat","hermit:PistolWhip+1"],"picked":"hermit:Scavenge+1","floor":41},{"not_picked":["hermit:HighCaliber","hermit:BodyArmor+1"],"picked":"hermit:Scavenge+1","floor":46},{"not_picked":["hermit:LowProfile+1","hermit:Feint"],"picked":"hermit:Virtue","floor":47}],"player_experience":62855,"relics_obtained":[{"floor":6,"key":"infinitespire:BottledMercury"},{"floor":9,"key":"hubris:MobiusCoin"},{"floor":11,"key":"hubris:CrystalStatue"},{"floor":24,"key":"infinitespire:Golems Mask"},{"floor":26,"key":"aspiration:StickyExplosives_weak"},{"floor":31,"key":"Shuriken"},{"floor":41,"key":"conspire:TopHat"},{"floor":41,"key":"PreservedInsect"},{"floor":45,"key":"halation:Trompette"},{"floor":47,"key":"CCEMRelics:FestiveHat"},{"floor":47,"key":"Replay:Mystery Machine"}],"event_choices":[{"damage_healed":0,"gold_gain":0,"player_choice":"Box","damage_taken":0,"relics_obtained":["ReplayFunnel"],"max_hp_gain":0,"max_hp_loss":0,"event_name":"Big Fish","floor":4,"gold_loss":0,"cards_obtained":["Regret"]},{"damage_healed":33,"gold_gain":0,"player_choice":"Full Heal","damage_taken":0,"max_hp_gain":0,"max_hp_loss":0,"event_name":"Wheel of Change","floor":20,"gold_loss":0},{"cards_removed":["hermit:Feint"],"damage_healed":0,"gold_gain":0,"player_choice":"Removed Skill","damage_taken":0,"max_hp_gain":0,"max_hp_loss":0,"event_name":"Falling","floor":49,"gold_loss":0}],"is_beta":false,"boss_relics":[{"not_picked":["Velvet Choker","Snecko Eye","hubris:GrandSneckoEye"]},{"not_picked":["aspiration:PoetsPen_weak","hubris:VirtuousBlindfold"],"picked":"Black Star"}],"items_purged_floors":[],"is_endless":false,"potions_floor_spawned":[1,8,11,16,18,30,33,37,39,46],"killed_by":"infinitespire:MassOfShapes","ascension_level":0}}