{"host":"v0kr0xkqfgnh389p","time":1607534701,"event":{"gold_per_floor":[118,118,118,129,145,145,173,173,243,274,274,274,274,288,288,388,388,407,417,44,61,61,86,100,100,124,124,139,139,139],"floor_reached":29,"playtime":1702,"items_purged":["Strike_P"],"score":266,"play_id":"aa13f832-04cb-4633-90dd-1d30fdc87fb4","local_time":"20201209122501","is_ascension_mode":true,"campfire_choices":[{"floor":6,"key":"RECALL"},{"floor":8,"key":"REST"},{"data":"Alpha","floor":25,"key":"SMITH"},{"data":"Devotion","floor":27,"key":"SMITH"}],"neow_cost":"NONE","seed_source_timestamp":9192014398400,"circlet_count":0,"master_deck":["Strike_P","Strike_P","Defend_P","Defend_P","Defend_P","Eruption+1","Vigilance","Vengeance","Tantrum+1","Perseverance","PathToVictory","FearNoEvil","Devotion+1","FlurryOfBlows+1","Alpha+1","TalkToTheHand","Blur+1","Wild Strike+1"],"relics":["Velvet Choker","Kunai","Replay:Rubber Ducky","hubris:GlazedTorus","ReplayTheSpireMod:DimensionalGlitch","Gremlin Food","Bag of Marbles","Vajra","hubris:Backtick","PrismaticShard","Gremlin Horn","Bag of Preparation"],"potions_floor_usage":[7,23,23],"damage_taken":[{"damage":1,"enemies":"Jaw Worm","floor":1,"turns":4},{"damage":1,"enemies":"2 Louse","floor":4,"turns":3},{"damage":0,"enemies":"Small Slimes","floor":5,"turns":3},{"damage":46,"enemies":"Gremlin Nob","floor":7,"turns":5},{"damage":31,"enemies":"3 Sentries","floor":10,"turns":6},{"damage":1,"enemies":"2 Fungi Beasts","floor":14,"turns":3},{"damage":31,"enemies":"The Guardian","floor":16,"turns":7},{"damage":14,"enemies":"2 Thieves","floor":18,"turns":3},{"damage":0,"enemies":"Chosen","floor":19,"turns":3},{"damage":5,"enemies":"Centurion and Healer","floor":21,"turns":4},{"damage":6,"enemies":"Slavers","floor":23,"turns":4},{"damage":14,"enemies":"Shelled Parasite and Fungi","floor":24,"turns":4},{"damage":0,"enemies":"3 Cultists","floor":28,"turns":3},{"damage":33,"enemies":"Snake Plant","floor":29,"turns":2}],"seed_played":"-5170853120196019873","potions_obtained":[{"floor":5,"key":"Weak Potion"},{"floor":14,"key":"FearPotion"},{"floor":16,"key":"infinitespire:BlackPotion"},{"floor":21,"key":"LiquidMemories"},{"floor":23,"key":"Doom Potion"},{"floor":24,"key":"Explosive Potion"},{"floor":28,"key":"CultistPotion"}],"is_trial":false,"path_per_floor":["M","?","?","M","M","R","E","R","T","E","?","?","?","M","R_BF","B",null,"M","M","$","M","AVR","E","M","R","T","R","M","M"],"character_chosen":"WATCHER","items_purchased":["Gremlin Food","Bag of Marbles"],"campfire_rested":1,"item_purchase_floors":[20,20],"current_hp_per_floor":[71,71,59,58,58,58,12,33,33,2,26,26,26,25,46,15,72,58,58,58,53,53,47,33,33,33,33,33,0,0],"gold":139,"neow_bonus":"BOSS_RELIC","is_prod":false,"is_daily":false,"chose_seed":false,"campfire_upgraded":2,"win_rate":0,"timestamp":1607534701,"path_taken":["M","?","?","M","M","R","E","R","T","E","?","?","?","M","R_BF","BOSS","M","?","?","?","AVR","E","M","R","T","R","M","M"],"build_version":"2020-11-30","purchased_purges":1,"victory":false,"max_hp_per_floor":[72,72,72,72,72,72,72,72,72,72,72,72,72,72,72,72,72,72,72,72,72,72,72,72,72,72,72,72,72,72],"card_choices":[{"not_picked":["Replay:DivineShield","Adaptation"],"picked":"Vengeance","floor":1},{"not_picked":["Replay:ManipulateFuture","Adaptation"],"picked":"Tantrum","floor":4},{"not_picked":["CutThroughFate","Replay:ManipulateFuture","CarveReality"],"picked":"SKIP","floor":5},{"not_picked":["EmptyFist","FlurryOfBlows"],"picked":"Perseverance","floor":7},{"not_picked":["Prostrate","FlyingSleeves"],"picked":"PathToVictory","floor":10},{"not_picked":["Consecrate","FollowUp","JustLucky"],"picked":"SKIP","floor":14},{"not_picked":["SpiritShield","MasterReality"],"picked":"Devotion","floor":16},{"not_picked":["PathToVictory","EmptyFist+1"],"picked":"FlurryOfBlows+1","floor":18},{"not_picked":["SandsOfTime","Protect"],"picked":"Alpha","floor":19},{"not_picked":["Study","ThirdEye"],"picked":"TalkToTheHand","floor":21},{"not_picked":["Conclude","Headbutt","Sword Boomerang"],"picked":"SKIP","floor":23},{"not_picked":["Body Slam","Prostrate"],"picked":"Blur+1","floor":24},{"not_picked":["Clothesline","Poisoned Stab+1"],"picked":"Wild Strike+1","floor":28}],"player_experience":676142,"relics_obtained":[{"floor":7,"key":"Replay:Rubber Ducky"},{"floor":10,"key":"hubris:GlazedTorus"},{"floor":23,"key":"Gremlin Horn"},{"floor":26,"key":"Bag of Preparation"}],"event_choices":[{"damage_healed":0,"gold_gain":0,"player_choice":"Grow","damage_taken":0,"max_hp_gain":0,"max_hp_loss":0,"event_name":"Living Wall","floor":2,"gold_loss":0,"cards_upgraded":["Eruption"]},{"damage_healed":0,"gold_gain":0,"player_choice":"Success","damage_taken":12,"relics_obtained":["Kunai"],"max_hp_gain":0,"max_hp_loss":0,"event_name":"Scrap Ooze","floor":3,"gold_loss":0},{"damage_healed":24,"gold_gain":0,"player_choice":"Banana","damage_taken":0,"max_hp_gain":0,"max_hp_loss":0,"event_name":"Big Fish","floor":11,"gold_loss":0},{"damage_healed":0,"gold_gain":0,"cards_transformed":["Strike_P"],"player_choice":"Transformed","damage_taken":0,"max_hp_gain":0,"max_hp_loss":0,"event_name":"Transmorgrifier","floor":13,"gold_loss":0,"cards_obtained":["FearNoEvil"]}],"is_beta":false,"boss_relics":[{"not_picked":["Honey Jar","hubris:BlackHole"],"picked":"ReplayTheSpireMod:DimensionalGlitch"}],"items_purged_floors":[20],"is_endless":false,"potions_floor_spawned":[5,14,16,21,23,24,28],"killed_by":"Snake Plant","ascension_level":1}}