{"host":"v0kr0xkqfgnh389p","time":1607543620,"event":{"gold_per_floor":[14,89,89,105,105,139,139,178,178,209,209,225,225,240,240,359,459,482,507,507,532,532,532,532],"floor_reached":23,"playtime":911,"items_purged":["CommonCold"],"score":272,"play_id":"bb2b7c35-74ee-4f52-b9ca-1821987a5a94","local_time":"20201209145340","is_ascension_mode":true,"campfire_choices":[{"data":"Alpha","floor":7,"key":"SMITH"},{"floor":15,"key":"DIG"}],"neow_cost":"NO_GOLD","seed_source_timestamp":18903790620300,"circlet_count":0,"master_deck":["Strike_P","Strike_P+1","Strike_P","Strike_P","Defend_P","Defend_P","Defend_P","Defend_P","Eruption+1","Vigilance","Alpha+1","Injury","LikeWater","Mirror Shield+1","WindmillStrike","Inflame","Genetic Algorithm","Alpha","Sickly","Wireheading+1","Swift Strike"],"relics":["Iron Core","ReplayTheSpireMod:CursedCoin","Golden Idol","infinitespire:Cubic Diamond","Garlic","Blood Vial","Ornamental Fan","Nunchaku","Whetstone","Replay:Wanted Poster","ReplayTheSpireMod:Ring of Exchange","ReplayTheSpireMod:Ring of Challenge"],"potions_floor_usage":[6,8,16,23],"damage_taken":[{"damage":0,"enemies":"Cultist","floor":1,"turns":4},{"damage":12,"enemies":"Small Slimes","floor":4,"turns":5},{"damage":5,"enemies":"3 Sentries","floor":6,"turns":4},{"damage":23,"enemies":"Gremlin Nob","floor":8,"turns":4},{"damage":4,"enemies":"3 Sentries","floor":10,"turns":4},{"damage":0,"enemies":"2 Louse","floor":12,"turns":4},{"damage":9,"enemies":"2 Fungi Beasts","floor":14,"turns":4},{"damage":0,"enemies":"Fading Forest","floor":16,"turns":11},{"damage":15,"enemies":"Spheric Guardian","floor":18,"turns":5},{"damage":18,"enemies":"3 Byrds","floor":19,"turns":5},{"damage":32,"enemies":"Sentry and Sphere","floor":21,"turns":5},{"damage":16,"enemies":"Book of Stabbing","floor":23,"turns":5}],"seed_played":"5248173277031421363","potions_obtained":[{"floor":1,"key":"infinitespire:BlackPotion"},{"floor":6,"key":"BlessingOfTheForge"},{"floor":8,"key":"Flashbang"},{"floor":12,"key":"SteroidPotion"},{"floor":21,"key":"Block Potion"}],"is_trial":false,"path_per_floor":["M","$","?","M","?","E","R","E","T","E","?","M","?","M","R_BF","B",null,"M","M","?","M","?","E"],"character_chosen":"WATCHER","items_purchased":["ReplayTheSpireMod:CursedCoin"],"campfire_rested":0,"item_purchase_floors":[2],"current_hp_per_floor":[72,72,72,60,60,55,55,32,32,30,30,32,32,25,25,27,72,57,41,41,11,11,0,0],"gold":532,"neow_bonus":"THREE_RARE_CARDS","is_prod":false,"is_daily":false,"chose_seed":false,"campfire_upgraded":1,"win_rate":0,"timestamp":1607543620,"path_taken":["M","$","?","M","?","E","R","E","T","E","?","M","?","M","R_BF","BOSS","M","M","?","M","?","E"],"build_version":"2020-11-30","purchased_purges":1,"victory":false,"max_hp_per_floor":[72,72,72,72,72,72,72,72,72,72,72,72,72,72,72,72,72,72,72,72,72,72,72,72],"card_choices":[{"not_picked":["Replay:LoomingThreat","Establishment"],"picked":"Alpha","floor":0},{"not_picked":["ForeignInfluence","Fasting2","ClearTheMind"],"picked":"SKIP","floor":1},{"not_picked":["Halt","ReachHeaven"],"picked":"LikeWater","floor":4},{"not_picked":["Rip and Tear","CutThroughFate"],"picked":"Mirror Shield","floor":6},{"not_picked":["ThirdEye","FlyingSleeves","Hologram"],"picked":"SKIP","floor":8},{"not_picked":["Anger","Seeing Red"],"picked":"WindmillStrike","floor":10},{"not_picked":["Wallop","Heavy Blade"],"picked":"Inflame","floor":12},{"not_picked":["EmptyFist","EmptyBody"],"picked":"Genetic Algorithm","floor":14},{"not_picked":["Double Tap","Replay:LoomingThreat"],"picked":"Alpha","floor":16},{"not_picked":["Replay:ManipulateFuture","BowlingBash","FlurryOfBlows"],"picked":"SKIP","floor":18},{"not_picked":["SashWhip","BowlingBash+1","EmptyBody"],"picked":"SKIP","floor":19},{"not_picked":["Crescendo","Collect+1"],"picked":"Wireheading+1","floor":21}],"player_experience":676142,"relics_obtained":[{"floor":6,"key":"Garlic"},{"floor":8,"key":"Blood Vial"},{"floor":10,"key":"Ornamental Fan"},{"floor":13,"key":"Nunchaku"},{"floor":15,"key":"Whetstone"},{"floor":20,"key":"ReplayTheSpireMod:Ring of Exchange"},{"floor":20,"key":"ReplayTheSpireMod:Ring of Challenge"}],"event_choices":[{"damage_healed":0,"gold_gain":0,"player_choice":"Take Wound","damage_taken":0,"relics_obtained":["Golden Idol"],"max_hp_gain":0,"max_hp_loss":0,"event_name":"Golden Idol","floor":3,"gold_loss":0,"cards_obtained":["Injury"]},{"damage_healed":0,"gold_gain":0,"player_choice":"1 cards matched","damage_taken":0,"max_hp_gain":0,"max_hp_loss":0,"event_name":"Match and Keep!","floor":22,"gold_loss":0,"cards_obtained":["Swift Strike"]}],"is_beta":false,"boss_relics":[{"not_picked":["hubris:GrandSneckoEye","Fusion Hammer"],"picked":"Replay:Wanted Poster"}],"items_purged_floors":[2],"is_endless":false,"potions_floor_spawned":[1,6,8,12,21],"killed_by":"Book of Stabbing","ascension_level":1}}