{"host":"8yg5xi2a6w9qkgsw","time":1607531301,"event":{"gold_per_floor":[15,34,34,54,72,72,72],"floor_reached":6,"playtime":678,"items_purged":[],"score":88,"play_id":"f0bb0f1f-0408-41d9-947d-11236c387674","local_time":"20201209172821","is_ascension_mode":true,"campfire_choices":[],"neow_cost":"NO_GOLD","seed_source_timestamp":1399320917573000,"circlet_count":0,"master_deck":["AscendersBane","Strike_R","Strike_R","Strike_R","Strike_R","Strike_R","Defend_R","Defend_R","Defend_R","Defend_R","Bash","Hemokinesis","Shockwave","Flame Barrier","Battle Trance"],"relics":["Burning Blood","Golden Idol"],"potions_floor_usage":[5,6],"damage_taken":[{"damage":10,"enemies":"Jaw Worm","floor":1,"turns":5},{"damage":9,"enemies":"2 Louse","floor":2,"turns":3},{"damage":2,"enemies":"Cultist","floor":4,"turns":2},{"damage":30,"enemies":"Exordium Thugs","floor":5,"turns":9},{"damage":37,"enemies":"3 Sentries","floor":6,"turns":6}],"seed_played":"2766134816801202729","potions_obtained":[{"floor":1,"key":"SpeedPotion"},{"floor":4,"key":"ColorlessPotion"}],"is_trial":false,"path_per_floor":["M","M","?","M","M","E"],"character_chosen":"IRONCLAD","items_purchased":[],"campfire_rested":0,"item_purchase_floors":[],"current_hp_per_floor":[84,81,57,61,37,0,0],"gold":72,"neow_bonus":"TWENTY_PERCENT_HP_BONUS","is_prod":false,"is_daily":false,"chose_seed":false,"campfire_upgraded":0,"win_rate":0,"timestamp":1607531301,"path_taken":["M","M","?","M","M","E"],"build_version":"2020-11-30","purchased_purges":0,"victory":false,"max_hp_per_floor":[96,96,96,96,96,96,96],"relic_stats":{"counters":[5,25],"Golden Idol":8,"obtain_stats":[{"Golden Idol":3,"Burning Blood":0},{"Golden Idol":2,"Burning Blood":0},{"Golden Idol":8,"Burning Blood":0}],"Burning Blood":24},"card_choices":[{"not_picked":["Sword Boomerang","Reckless Charge"],"picked":"Hemokinesis","floor":1},{"not_picked":["Ghostly Armor","Cleave"],"picked":"Shockwave","floor":2},{"not_picked":["Thunderclap","Searing Blow"],"picked":"Flame Barrier","floor":4},{"not_picked":["Iron Wave","Perfected Strike"],"picked":"Battle Trance","floor":5}],"player_experience":1395317,"relics_obtained":[],"event_choices":[{"damage_healed":0,"gold_gain":0,"player_choice":"Take Damage","damage_taken":24,"relics_obtained":["Golden Idol"],"max_hp_gain":0,"max_hp_loss":0,"event_name":"Golden Idol","floor":3,"gold_loss":0}],"is_beta":false,"boss_relics":[],"items_purged_floors":[],"is_endless":false,"potions_floor_spawned":[1,4],"killed_by":"3 Sentries","ascension_level":13}}