{"host":"tfkz8stxzb1up54p","time":1607484851,"event":{"gold_per_floor":[397,397,412,16,31,61,161,191,191,221,236,266,281,311,311,411,411,426,426,426,426,441,471,486,516,516,546,546,557,587,602,602,702,702,717,717,732,747,497,527,527,557,557,587,612,642,681,711,711,711],"floor_reached":51,"playtime":7182,"items_purged":[],"score":1034,"play_id":"e9e2bafe-7317-4e9e-9d23-6cecf7642387","local_time":"20201209033411","daily_mods":["SealedDeck","Purple Cards","Elite Swarm"],"is_ascension_mode":false,"campfire_choices":[{"data":"Echo Form","floor":15,"key":"SMITH"},{"data":"DevaForm","floor":28,"key":"SMITH"},{"data":"Omniscience","floor":32,"key":"SMITH"},{"floor":41,"key":"REST"},{"floor":49,"key":"REST"}],"neow_cost":"","seed_source_timestamp":142841173635400,"circlet_count":0,"master_deck":["Rebound","Rebound","FearNoEvil","EmptyFist","Go for the Eyes","EmptyFist","BowlingBash","Cold Snap","Steam","Sunder","Evaluate","Melter","Echo Form+1","Auto Shields","Flash of Steel","Loop","Ragnarok","Electrodynamics","Creative AI","FearNoEvil","DevaForm+1","Turbo","Omniscience+1","Seek","CurseOfTheBell","Stack","Apotheosis","Madness","BootSequence","Conserve Battery+1","Multi-Cast","Buffer"],"special_seed":18605,"relics":["Cracked Core","Mango","WingedGreaves","Dream Catcher","Orichalcum","Bottled Flame","Centennial Puzzle","Ginger","SlaversCollar","MutagenicStrength","InkBottle","Dead Branch","Meat on the Bone","Pantograph","Red Mask","Singing Bowl","Calling Bell","Nunchaku","White Beast Statue","StoneCalendar","Mummified Hand","Boot","MealTicket","Unceasing Top","Darkstone Periapt","Bronze Scales","Smiling Mask","Torii","Molten Egg 2"],"potions_floor_usage":[6,8,10,13,18,24,25,27,31,33,38,40,46,47,47,50,50,50],"damage_taken":[{"damage":0,"enemies":"2 Louse","floor":1,"turns":1},{"damage":0,"enemies":"Cultist","floor":3,"turns":2},{"damage":6,"enemies":"Jaw Worm","floor":5,"turns":2},{"damage":0,"enemies":"Lagavulin","floor":6,"turns":4},{"damage":10,"enemies":"Gremlin Nob","floor":8,"turns":3},{"damage":6,"enemies":"Lagavulin","floor":10,"turns":4},{"damage":2,"enemies":"Lots of Slimes","floor":11,"turns":2},{"damage":0,"enemies":"Gremlin Nob","floor":12,"turns":3},{"damage":7,"enemies":"Exordium Thugs","floor":13,"turns":4},{"damage":7,"enemies":"Lagavulin","floor":14,"turns":6},{"damage":28,"enemies":"Hexaghost","floor":16,"turns":7},{"damage":4,"enemies":"3 Byrds","floor":18,"turns":3},{"damage":0,"enemies":"Spheric Guardian","floor":22,"turns":3},{"damage":7,"enemies":"Gremlin Leader","floor":23,"turns":5},{"damage":15,"enemies":"Snake Plant","floor":24,"turns":5},{"damage":14,"enemies":"Slavers","floor":25,"turns":4},{"damage":15,"enemies":"Gremlin Leader","floor":27,"turns":6},{"damage":6,"enemies":"Masked Bandits","floor":29,"turns":3},{"damage":10,"enemies":"Book of Stabbing","floor":30,"turns":4},{"damage":9,"enemies":"Centurion and Healer","floor":31,"turns":7},{"damage":31,"enemies":"Automaton","floor":33,"turns":9},{"damage":10,"enemies":"Orb Walker","floor":35,"turns":4},{"damage":6,"enemies":"3 Darklings","floor":37,"turns":5},{"damage":13,"enemies":"Spire Growth","floor":38,"turns":5},{"damage":8,"enemies":"Reptomancer","floor":40,"turns":3},{"damage":35,"enemies":"Nemesis","floor":42,"turns":5},{"damage":0,"enemies":"Giant Head","floor":44,"turns":5},{"damage":8,"enemies":"Nemesis","floor":46,"turns":5},{"damage":14,"enemies":"2 Orb Walkers","floor":47,"turns":4},{"damage":7,"enemies":"Giant Head","floor":48,"turns":7},{"damage":17,"enemies":"Awakened One","floor":50,"turns":8}],"seed_played":"4494449258677458329","potions_obtained":[{"floor":1,"key":"Energy Potion"},{"floor":6,"key":"Strength Potion"},{"floor":8,"key":"FearPotion"},{"floor":12,"key":"ColorlessPotion"},{"floor":16,"key":"LiquidBronze"},{"floor":22,"key":"Block Potion"},{"floor":24,"key":"Regen Potion"},{"floor":25,"key":"SteroidPotion"},{"floor":27,"key":"FairyPotion"},{"floor":30,"key":"Regen Potion"},{"floor":31,"key":"LiquidBronze"},{"floor":35,"key":"SteroidPotion"},{"floor":37,"key":"SteroidPotion"},{"floor":38,"key":"PowerPotion"},{"floor":40,"key":"EssenceOfDarkness"},{"floor":42,"key":"GamblersBrew"},{"floor":44,"key":"BlessingOfTheForge"},{"floor":46,"key":"Weak Potion"},{"floor":47,"key":"FocusPotion"},{"floor":48,"key":"Strength Potion"}],"is_trial":false,"path_per_floor":["M","?","M","$","M","E","?","E","T","E","M","E","M","E","R","B",null,"M","?","?","?","M","E","M","E","T","E","R","?","E","M","R","B",null,"M","?","M","M","$","E","R","E","T","E","T","E","?","E","R","B",null],"character_chosen":"DEFECT","items_purchased":["Mango","Flash of Steel","Mummified Hand"],"campfire_rested":2,"item_purchase_floors":[4,4,39],"current_hp_per_floor":[75,75,75,89,83,83,83,73,73,67,65,65,58,51,51,23,89,85,68,68,68,68,61,46,44,44,41,41,47,51,59,59,55,100,90,82,76,63,63,55,87,66,66,68,68,60,60,67,102,97],"gold":711,"neow_bonus":"","is_prod":false,"is_daily":true,"chose_seed":false,"campfire_upgraded":3,"win_rate":0,"timestamp":1607484851,"path_taken":["M","?","M","$","?","E","?","E","T","E","?","E","M","E","R","BOSS","M","?","?","?","M","E","M","E","T","E","R","?","E","?","R","BOSS","M","?","M","M","?","E","R","E","T","E","?","E","?","E","R","BOSS"],"build_version":"2020-11-30","purchased_purges":0,"victory":true,"max_hp_per_floor":[75,75,75,89,89,89,89,89,89,89,89,89,89,89,89,89,89,89,94,94,94,94,94,94,94,94,94,94,94,96,98,98,100,100,100,102,102,102,102,102,104,106,106,108,108,108,110,112,114,114],"card_choices":[{"not_picked":["ThirdEye","CrushJoints"],"picked":"Evaluate","floor":1},{"not_picked":["Consume","DeceiveReality"],"picked":"Auto Shields","floor":3},{"not_picked":["Gash","Undo"],"picked":"Loop","floor":5},{"not_picked":["Biased Cognition","ConjureBlade"],"picked":"Ragnarok","floor":6},{"not_picked":["Blasphemy","Echo Form"],"picked":"Electrodynamics","floor":8},{"not_picked":["Amplify","DevaForm"],"picked":"Creative AI","floor":10},{"not_picked":["Compile Driver","Consecrate"],"picked":"FearNoEvil","floor":11},{"not_picked":["DevaForm","Electrodynamics"],"picked":"Creative AI","floor":12},{"not_picked":["Skim","SignatureMove","Double Energy"],"picked":"SKIP","floor":13},{"not_picked":["Alpha","Creative AI","Machine Learning"],"picked":"SKIP","floor":14},{"not_picked":["Alpha","ConjureBlade"],"picked":"DevaForm","floor":16},{"not_picked":["BattleHymn","Sanctity"],"picked":"Turbo","floor":18},{"not_picked":["ReachHeaven","SashWhip","DeceiveReality"],"picked":"SKIP","floor":22},{"not_picked":["Seek","Brilliance"],"picked":"Omniscience","floor":23},{"not_picked":["Consecrate","Prostrate","Stack+1"],"picked":"SKIP","floor":24},{"not_picked":["DeusExMachina","Rainbow"],"picked":"Seek","floor":25},{"not_picked":["Rainbow","Meteor Strike","DeusExMachina"],"picked":"SKIP","floor":27},{"not_picked":["DevaForm","Blasphemy","Scrawl"],"picked":"Singing Bowl","floor":30},{"not_picked":["Gash+1","ThirdEye","Vengeance"],"picked":"Singing Bowl","floor":31},{"not_picked":["Rainbow","Establishment","Vault"],"picked":"Singing Bowl","floor":33},{"not_picked":["FollowUp+1","Streamline"],"picked":"Stack","floor":35},{"not_picked":["Forethought","Enlightenment"],"picked":"Apotheosis","floor":36},{"not_picked":["Swift Strike","Impatience"],"picked":"Madness","floor":36},{"not_picked":["Master of Strategy","Thinking Ahead","Secret Technique"],"picked":"Singing Bowl","floor":36},{"not_picked":["Aggregate","FlurryOfBlows"],"picked":"BootSequence","floor":37},{"not_picked":["WaveOfTheHand+1","Sunder+1"],"picked":"Conserve Battery+1","floor":38},{"not_picked":["Devotion","Core Surge"],"picked":"Multi-Cast","floor":40},{"not_picked":["Gash+1","FlyingSleeves","SashWhip+1"],"picked":"Singing Bowl","floor":41},{"not_picked":["Wish","Ragnarok","ConjureBlade"],"picked":"Singing Bowl","floor":42},{"not_picked":["Rainbow","Machine Learning","SpiritShield"],"picked":"Singing Bowl","floor":44},{"not_picked":["Judgement","All For One"],"picked":"Buffer","floor":46},{"not_picked":["Halt","Go for the Eyes","SashWhip+1"],"picked":"Singing Bowl","floor":47},{"not_picked":["Omniscience","DevaForm","Ragnarok+1"],"picked":"Singing Bowl","floor":48},{"not_picked":["Rebound+1","Protect","Indignation+1"],"picked":"Singing Bowl","floor":49}],"player_experience":1183822,"relics_obtained":[{"floor":6,"key":"WingedGreaves"},{"floor":8,"key":"Dream Catcher"},{"floor":9,"key":"Orichalcum"},{"floor":10,"key":"Bottled Flame"},{"floor":12,"key":"Centennial Puzzle"},{"floor":14,"key":"Ginger"},{"floor":23,"key":"InkBottle"},{"floor":25,"key":"Dead Branch"},{"floor":26,"key":"Meat on the Bone"},{"floor":27,"key":"Pantograph"},{"floor":29,"key":"Red Mask"},{"floor":30,"key":"Singing Bowl"},{"floor":34,"key":"Nunchaku"},{"floor":34,"key":"White Beast Statue"},{"floor":34,"key":"StoneCalendar"},{"floor":40,"key":"Boot"},{"floor":42,"key":"MealTicket"},{"floor":43,"key":"Unceasing Top"},{"floor":44,"key":"Darkstone Periapt"},{"floor":45,"key":"Bronze Scales"},{"floor":46,"key":"Smiling Mask"},{"floor":47,"key":"Torii"},{"floor":48,"key":"Molten Egg 2"}],"event_choices":[{"damage_healed":0,"gold_gain":0,"player_choice":"2 cards matched","damage_taken":0,"max_hp_gain":0,"max_hp_loss":0,"event_name":"Match and Keep!","floor":2,"gold_loss":0,"cards_obtained":["Melter","Echo Form"]},{"damage_healed":0,"gold_gain":100,"player_choice":"Gold","damage_taken":0,"max_hp_gain":0,"max_hp_loss":0,"event_name":"Wheel of Change","floor":7,"gold_loss":0},{"damage_healed":0,"gold_gain":0,"player_choice":"Shed Blood","damage_taken":22,"max_hp_gain":5,"max_hp_loss":0,"event_name":"Forgotten Altar","floor":19,"gold_loss":0},{"cards_removed":["Creative AI"],"damage_healed":0,"gold_gain":0,"player_choice":"Elegance","damage_taken":0,"max_hp_gain":0,"max_hp_loss":0,"event_name":"Back to Basics","floor":20,"gold_loss":0},{"damage_healed":0,"gold_gain":0,"player_choice":"Inject Mutagens","damage_taken":0,"relics_obtained":["MutagenicStrength"],"max_hp_gain":0,"max_hp_loss":0,"event_name":"Drug Dealer","floor":21,"gold_loss":0},{"damage_healed":0,"gold_gain":0,"player_choice":"Fought Bandits","damage_taken":0,"max_hp_gain":0,"max_hp_loss":0,"event_name":"Masked Bandits","floor":29,"gold_loss":0},{"damage_healed":0,"gold_gain":0,"player_choice":"Memory 3","damage_taken":10,"max_hp_gain":0,"max_hp_loss":0,"event_name":"SensoryStone","floor":36,"gold_loss":0},{"damage_healed":0,"gold_gain":0,"player_choice":"Fight","damage_taken":0,"max_hp_gain":0,"max_hp_loss":0,"event_name":"Mysterious Sphere","floor":47,"gold_loss":0}],"is_beta":false,"boss_relics":[{"not_picked":["FrozenCore","Empty Cage"],"picked":"SlaversCollar"},{"not_picked":["Runic Dome","Coffee Dripper"],"picked":"Calling Bell"}],"items_purged_floors":[],"is_endless":false,"potions_floor_spawned":[1,6,8,12,16,22,24,25,27,30,31,35,37,38,40,42,44,46,47,48],"ascension_level":0}}