{"host":"911u4hh7ls61a7px","time":1607542811,"event":{"gold_per_floor":[115,115,125,125,143,143,176,176,176,176,207,238,238,51,51,151,151,166,182,182,182,200,52,70,87,87,87,87],"floor_reached":27,"playtime":2440,"items_purged":["Strike_G","Strike_G"],"score":321,"play_id":"331bdda4-df42-4b7a-9854-9e3a53b9e78d","local_time":"20201209194011","is_ascension_mode":false,"campfire_choices":[{"data":"Phantasmal Killer","floor":6.0,"key":"SMITH"},{"floor":8.0,"key":"REST"},{"floor":13.0,"key":"REST"},{"floor":15.0,"key":"REST"}],"neow_cost":"NONE","seed_source_timestamp":195663172847600,"circlet_count":0,"master_deck":["Strike_G","Strike_G","Strike_G","Defend_G+1","Defend_G+1","Defend_G+1","Defend_G+1","Defend_G+1","Survivor","Neutralize","Dodge and Roll","Infinite Blades","infinitespire:UltimateForm","Phantasmal Killer+1","Deflect","hubris:Sniper","Dagger Throw","Fluid Movement","Flying Knee+1","A Thousand Cuts","Leg Sweep","Dagger Spray","Dagger Throw","Dagger Throw","Backflip","Dodge and Roll+1"],"special_seed":0,"relics":["Ring of the Snake","Replay:Bottled Eggs","infinitespire:Lucky Rock","StoneCalendar","infinitespire:Cupcake","hubris:BottledHeart","MutagenicStrength","Chameleon Ring"],"potions_floor_usage":[22,27],"damage_taken":[{"damage":0.0,"enemies":"2 Louse","floor":1.0,"turns":3.0},{"damage":0.0,"enemies":"Small Slimes","floor":3.0,"turns":5.0},{"damage":1.0,"enemies":"Jaw Worm","floor":5.0,"turns":5.0},{"damage":35.0,"enemies":"Lagavulin","floor":7.0,"turns":14.0},{"damage":8.0,"enemies":"3 Sentries","floor":11.0,"turns":11.0},{"damage":36.0,"enemies":"Hexaghost","floor":16.0,"turns":10.0},{"damage":11,"enemies":"Chosen","floor":18,"turns":7},{"damage":28,"enemies":"Spheric Guardian","floor":19,"turns":6},{"damage":0,"enemies":"Centurion and Healer","floor":22,"turns":7},{"damage":0,"enemies":"Shelled Parasite and Fungi","floor":24,"turns":6},{"damage":0,"enemies":"Chosen and Byrds","floor":25,"turns":8},{"damage":13,"enemies":"Nightmare","floor":27,"turns":7}],"seed_played":"-2272301446829949571","potions_obtained":[{"floor":3.0,"key":"Fire Potion"},{"floor":5.0,"key":"Weak Potion"},{"floor":7.0,"key":"FairyPotion"},{"floor":12.0,"key":"SpeedPotion"},{"floor":12.0,"key":"Block Potion"},{"floor":19,"key":"EssenceOfSteel"},{"floor":22,"key":"Fire Potion"}],"is_trial":false,"path_per_floor":["M","?","M","?","M","R","E","R","T","?","E","?","R","$","R","B",null,"M","M","?","?","M","$","M","M","T","NM"],"character_chosen":"THE_SILENT","items_purchased":["Fluid Movement","Flying Knee+1","Dagger Throw"],"campfire_rested":3,"item_purchase_floors":[14,14,23],"current_hp_per_floor":[70,70,70,54,53,53,18,39,39,39,31,31,52,52,70,34,70,59,31,1,1,1,1,1,1,1,0,0],"gold":87,"neow_bonus":"RANDOM_COLORLESS","is_prod":false,"is_daily":false,"chose_seed":false,"campfire_upgraded":1,"win_rate":0.0,"timestamp":1607542811,"path_taken":["M","?","M","?","M","R","E","R","T","?","E","?","R","$","R","BOSS","M","M","?","?","M","?","M","M","T","NM"],"build_version":"2020-11-30","purchased_purges":2,"victory":false,"max_hp_per_floor":[70,70,70,70,70,70,70,70,70,70,70,70,70,70,70,70,70,70,70,1,1,1,1,1,1,1,1,1],"card_choices":[{"not_picked":["Swift Strike","Replay:Sssssssssstrike"],"picked":"hubris:Insight","floor":0.0},{"not_picked":["ReplayTheSpireMod:Scrap Shanks","Blade Dance"],"picked":"Dodge and Roll","floor":1.0},{"not_picked":["ReplayTheSpireMod:Exploit Weakness","ReplayTheSpireMod:Tripwire"],"picked":"Infinite Blades","floor":3.0},{"not_picked":["ReplayTheSpireMod:Echoes of Time","infinitespire:Oblivion"],"picked":"infinitespire:UltimateForm","floor":4.0},{"not_picked":["Outmaneuver","Slice"],"picked":"Phantasmal Killer","floor":5.0},{"not_picked":["Masterful Stab","Prepared"],"picked":"Deflect","floor":7.0},{"not_picked":["hubris:SlightOfHand","Crippling Poison"],"picked":"hubris:Sniper","floor":11.0},{"not_picked":["Underhanded Strike","Outmaneuver"],"picked":"Dagger Throw","floor":12.0},{"not_picked":["Night Terror","Wraith Form v2"],"picked":"A Thousand Cuts","floor":16.0},{"not_picked":["Outmaneuver","Bane"],"picked":"Leg Sweep","floor":18},{"not_picked":["Endless Agony","Heel Hook"],"picked":"Dagger Spray","floor":19},{"not_picked":["hubris:Sniper","Finisher"],"picked":"Dagger Throw","floor":22},{"not_picked":["Bane+1","Dagger Throw"],"picked":"Backflip","floor":24},{"not_picked":["Flechettes","Endless Agony"],"picked":"Dodge and Roll+1","floor":25}],"player_experience":237592,"relics_obtained":[{"floor":7.0,"key":"Replay:Bottled Eggs"},{"floor":9.0,"key":"infinitespire:Lucky Rock"},{"floor":11.0,"key":"StoneCalendar"},{"floor":26,"key":"Chameleon Ring"}],"event_choices":[{"damage_healed":0.0,"max_hp_gain":0.0,"max_hp_loss":0.0,"gold_gain":0.0,"event_name":"Shining Light","player_choice":"Ignored","floor":10.0,"gold_loss":0.0,"damage_taken":0.0},{"damage_healed":0,"gold_gain":0,"player_choice":"Inject Mutagens","damage_taken":0,"relics_obtained":["MutagenicStrength"],"max_hp_gain":0,"max_hp_loss":0,"event_name":"Drug Dealer","floor":21,"gold_loss":0}],"is_beta":false,"boss_relics":[{"not_picked":["Calling Bell","hubris:HollowSoul"],"picked":"infinitespire:Cupcake"}],"items_purged_floors":[14,23],"is_endless":false,"potions_floor_spawned":[3,5,7,19,22,24,25],"killed_by":"Nightmare","ascension_level":0}}