{"host":"y3h3n3f7seyagppx","time":1607532920,"event":{"gold_per_floor":[115,130,141,141,158,158,191,191,191,226,226,238,238,252,252,252,252],"floor_reached":16,"playtime":1221,"items_purged":[],"score":224,"play_id":"5a709da3-6c9c-4501-b072-b3401d4920e5","local_time":"20201209115520","is_ascension_mode":true,"campfire_choices":[{"data":"Combust","floor":6,"key":"SMITH"},{"floor":8,"key":"REST"},{"data":"Bash","floor":11,"key":"SMITH"},{"data":"Uppercut","floor":15,"key":"SMITH"}],"neow_cost":"TEN_PERCENT_HP_LOSS","seed_source_timestamp":1214993913624600,"circlet_count":0,"master_deck":["AscendersBane","Strike_R","Strike_R","Defend_R","Defend_R","Defend_R","Defend_R","Bash+1","Twin Strike","Pommel Strike","Combust+1","Flame Barrier","Metallicize","Uppercut+1"],"special_seed":0,"relics":["Burning Blood","Ancient Tea Set","Gremlin Horn","Peace Pipe","Matryoshka"],"potions_floor_usage":[16,16],"damage_taken":[{"damage":12,"enemies":"Cultist","floor":1,"turns":4},{"damage":3,"enemies":"2 Louse","floor":2,"turns":3},{"damage":7,"enemies":"Jaw Worm","floor":3,"turns":4},{"damage":23,"enemies":"3 Louse","floor":5,"turns":3},{"damage":24,"enemies":"Lagavulin","floor":7,"turns":7},{"damage":19,"enemies":"3 Sentries","floor":10,"turns":5},{"damage":6,"enemies":"Blue Slaver","floor":12,"turns":2},{"damage":9,"enemies":"Gremlin Gang","floor":14,"turns":3},{"damage":28,"enemies":"Hexaghost","floor":16,"turns":9}],"seed_played":"7574604297368752038","potions_obtained":[{"floor":1,"key":"ElixirPotion"},{"floor":5,"key":"SmokeBomb"},{"floor":12,"key":"ElixirPotion"}],"is_trial":false,"path_per_floor":["M","M","M","?","M","R","E","R","T","E","R","M","?","M","R","B"],"character_chosen":"IRONCLAD","items_purchased":[],"campfire_rested":1,"item_purchase_floors":[],"current_hp_per_floor":[62,65,64,64,47,47,29,49,49,36,36,36,31,28,28,0,0],"gold":252,"neow_bonus":"REMOVE_TWO","is_prod":false,"is_daily":false,"chose_seed":false,"campfire_upgraded":3,"win_rate":0,"timestamp":1607532920,"path_taken":["M","?","M","?","M","R","E","R","T","E","R","?","?","M","R","BOSS"],"build_version":"2020-11-30","purchased_purges":0,"victory":false,"max_hp_per_floor":[68,68,68,68,68,68,68,68,68,68,68,68,68,68,68,68,68],"relic_stats":{"Peace Pipe":0,"Gremlin Horn":[5,5],"counters":[9,40],"obtain_stats":[{"Peace Pipe":10,"Matryoshka":13,"Gremlin Horn":9,"Ancient Tea Set":7,"Burning Blood":0},{"Peace Pipe":6,"Matryoshka":7,"Gremlin Horn":5,"Ancient Tea Set":5,"Burning Blood":0},{"Peace Pipe":26,"Matryoshka":28,"Gremlin Horn":21,"Ancient Tea Set":21,"Burning Blood":0}],"Burning Blood":48},"card_choices":[{"not_picked":["Sentinel","Flex"],"picked":"Twin Strike","floor":1},{"not_picked":["Heavy Blade","Pummel"],"picked":"Pommel Strike","floor":2},{"not_picked":["Sword Boomerang","Warcry"],"picked":"Combust","floor":3},{"not_picked":["Twin Strike","Shrug It Off"],"picked":"Flame Barrier","floor":5},{"not_picked":["Dark Embrace","Warcry"],"picked":"Metallicize","floor":7},{"not_picked":["Body Slam","Wild Strike","Clothesline"],"picked":"SKIP","floor":10},{"not_picked":["Iron Wave","Searing Blow"],"picked":"Uppercut","floor":12},{"not_picked":["Double Tap","Burning Pact","Pommel Strike"],"picked":"SKIP","floor":14}],"player_experience":19839438,"relics_obtained":[{"floor":7,"key":"Ancient Tea Set"},{"floor":9,"key":"Gremlin Horn"},{"floor":10,"key":"Peace Pipe"}],"event_choices":[{"cards_removed":["Strike_R"],"damage_healed":0,"gold_gain":0,"player_choice":"Offered Basic","damage_taken":0,"max_hp_gain":0,"max_hp_loss":0,"event_name":"Bonfire Elementals","floor":4,"gold_loss":0},{"damage_healed":0,"gold_gain":0,"player_choice":"Success","damage_taken":5,"relics_obtained":["Matryoshka"],"max_hp_gain":0,"max_hp_loss":0,"event_name":"Scrap Ooze","floor":13,"gold_loss":0}],"is_beta":false,"boss_relics":[],"items_purged_floors":[],"is_endless":false,"potions_floor_spawned":[1,5,12,14],"killed_by":"Hexaghost","ascension_level":20}}