{"host":"nptej036rrbiurf5","time":1607489368,"event":{"gold_per_floor":[111,128,48,48,48,48,62,62,132,182,202,202,182,182,182],"floor_reached":14,"playtime":151,"items_purged":[],"score":156,"play_id":"b275ad94-a31e-4709-b012-53b228361316","local_time":"20201209134928","is_ascension_mode":true,"campfire_choices":[{"floor":6,"key":"DIG"},{"floor":8,"key":"DIG"},{"floor":12,"key":"DIG"}],"neow_cost":"NONE","seed_source_timestamp":1211554093718900,"circlet_count":0,"master_deck":["AscendersBane","Strike_P","Strike_P","Strike_P","Strike_P","Defend_P","Defend_P","Defend_P+1","Defend_P","Eruption","Vigilance+1","InnerPeace","ForeignInfluence","MentalFortress","CrushJoints","FlurryOfBlows"],"relics":["PureWater","NeowsBlessing","Shovel","Blood Vial","Bottled Tornado","Pantograph","StoneCalendar"],"potions_floor_usage":[],"damage_taken":[{"damage":0,"enemies":"Jaw Worm","floor":1,"turns":1},{"damage":0,"enemies":"2 Louse","floor":2,"turns":1},{"damage":0,"enemies":"Cultist","floor":7,"turns":1},{"damage":6,"enemies":"Blue Slaver","floor":11,"turns":4},{"damage":53,"enemies":"Gremlin Nob","floor":14,"turns":3}],"seed_played":"6934191172075558638","potions_obtained":[{"floor":1,"key":"EssenceOfSteel"},{"floor":2,"key":"LiquidBronze"}],"is_trial":false,"path_per_floor":["M","M","$","?","?","R","M","R","T","?","M","R","?","E"],"character_chosen":"WATCHER","items_purchased":["MentalFortress"],"campfire_rested":0,"item_purchase_floors":[3],"current_hp_per_floor":[61,61,61,35,15,15,17,17,17,17,13,13,13,0,0],"gold":182,"neow_bonus":"THREE_ENEMY_KILL","is_prod":false,"is_daily":false,"chose_seed":false,"campfire_upgraded":0,"win_rate":0,"timestamp":1607489368,"path_taken":["M","M","$","?","?","R","M","R","T","?","?","R","?","E"],"build_version":"2020-11-30","purchased_purges":0,"victory":false,"max_hp_per_floor":[68,68,68,68,68,68,68,68,68,68,68,68,68,68,68],"card_choices":[{"not_picked":["PathToVictory","Fasting2"],"picked":"InnerPeace","floor":1},{"not_picked":["Halt","PathToVictory"],"picked":"ForeignInfluence","floor":2},{"not_picked":["Halt","BowlingBash"],"picked":"CrushJoints","floor":7},{"not_picked":["CarveReality","Nirvana"],"picked":"FlurryOfBlows","floor":11}],"player_experience":812261,"relics_obtained":[{"floor":6,"key":"Blood Vial"},{"floor":8,"key":"Bottled Tornado"},{"floor":9,"key":"Pantograph"},{"floor":12,"key":"StoneCalendar"}],"event_choices":[{"damage_healed":0,"gold_gain":0,"player_choice":"Success","damage_taken":26,"relics_obtained":["Shovel"],"max_hp_gain":0,"max_hp_loss":0,"event_name":"Scrap Ooze","floor":4,"gold_loss":0},{"damage_healed":0,"gold_gain":0,"player_choice":"Entered Light","damage_taken":20,"max_hp_gain":0,"max_hp_loss":0,"event_name":"Shining Light","floor":5,"gold_loss":0,"cards_upgraded":["Vigilance","Defend_P"]},{"damage_healed":0,"gold_gain":50,"player_choice":"Pray","damage_taken":0,"max_hp_gain":0,"max_hp_loss":0,"event_name":"Golden Shrine","floor":10,"gold_loss":0},{"damage_healed":0,"gold_gain":0,"player_choice":"Bought 1 Potion","damage_taken":0,"max_hp_gain":0,"max_hp_loss":0,"event_name":"The Woman in Blue","floor":13,"gold_loss":0}],"is_beta":false,"boss_relics":[],"items_purged_floors":[],"is_endless":false,"potions_floor_spawned":[1,2,11],"killed_by":"Gremlin Nob","ascension_level":20}}