{"host":"zerj8jnfx7q70f00","time":1607508075,"event":{"gold_per_floor":[117,136,155,255,270,303,303,13,13,347,347,362,382,397,397,495,495,495,135,135,135,35,35,35,35,35,35,35,35,35,35,35,35,35,35,35,35,35,35,35,35,35,35,35,35,35,35,35,35,35],"floor_reached":51,"playtime":2322,"items_purged":["Defend_B","Strike_B"],"score":714,"play_id":"583fce41-5444-4849-a02e-81f81539436e","local_time":"20201209190115","is_ascension_mode":false,"campfire_choices":[{"data":"Zap","floor":7.0,"key":"SMITH"},{"data":"Defend_B","floor":11.0,"key":"PURGE"},{"data":"Defend_B","floor":15.0,"key":"PURGE"},{"data":"Defend_B","floor":25.0,"key":"PURGE"},{"floor":32.0,"key":"DIG"},{"floor":40.0,"key":"DIG"},{"floor":49.0,"key":"REST"}],"neow_cost":"NONE","seed_source_timestamp":2109040581412000,"circlet_count":0,"master_deck":["Zap+1","Dualcast","Static Discharge+1","Seek+1","Glacier+1","Ball Lightning","Biased Cognition","Defragment","Loop","Thunder Strike","Tempest","Capacitor+1","Ball Lightning","Conserve Battery","Capacitor","Steam+1","Biased Cognition","Ball Lightning+1","Glacier+1","Clumsy"],"special_seed":0,"relics":["Astrolabe","Oddly Smooth Stone","Peace Pipe","Bottled Lightning","Old Coin","Ectoplasm","Bottled Tornado","Shovel","Pen Nib","Shuriken","Pear","Cursed Key","Mango","Ornamental Fan"],"potions_floor_usage":[50],"damage_taken":[{"damage":0.0,"enemies":"Jaw Worm","floor":1.0,"turns":5.0},{"damage":0.0,"enemies":"Cultist","floor":2.0,"turns":4.0},{"damage":7.0,"enemies":"2 Louse","floor":3.0,"turns":4.0},{"damage":0.0,"enemies":"Looter","floor":5.0,"turns":3.0},{"damage":7.0,"enemies":"Gremlin Nob","floor":6.0,"turns":4.0},{"damage":12.0,"enemies":"Lagavulin","floor":10.0,"turns":5.0},{"damage":0.0,"enemies":"Exordium Thugs","floor":12.0,"turns":4.0},{"damage":0.0,"enemies":"2 Fungi Beasts","floor":13.0,"turns":3.0},{"damage":0.0,"enemies":"Large Slime","floor":14.0,"turns":3.0},{"damage":34.0,"enemies":"The Guardian","floor":16.0,"turns":8.0},{"damage":0.0,"enemies":"Chosen","floor":18.0,"turns":5.0},{"damage":0.0,"enemies":"3 Byrds","floor":20.0,"turns":4.0},{"damage":5.0,"enemies":"Snake Plant","floor":23.0,"turns":3.0},{"damage":0.0,"enemies":"Chosen and Byrds","floor":27.0,"turns":4.0},{"damage":5.0,"enemies":"Snecko","floor":28.0,"turns":4.0},{"damage":16.0,"enemies":"Slavers","floor":30.0,"turns":3.0},{"damage":15.0,"enemies":"Shelled Parasite and Fungi","floor":31.0,"turns":4.0},{"damage":32.0,"enemies":"Collector","floor":33.0,"turns":6.0},{"damage":0.0,"enemies":"Orb Walker","floor":35.0,"turns":3.0},{"damage":0.0,"enemies":"3 Shapes","floor":36.0,"turns":3.0},{"damage":21.0,"enemies":"3 Darklings","floor":37.0,"turns":4.0},{"damage":0.0,"enemies":"Spire Growth","floor":38.0,"turns":3.0},{"damage":7.0,"enemies":"Jaw Worm Horde","floor":42.0,"turns":4.0},{"damage":0.0,"enemies":"Writhing Mass","floor":45.0,"turns":4.0},{"damage":21.0,"enemies":"Maw","floor":46.0,"turns":4.0},{"damage":26.0,"enemies":"3 Darklings","floor":47.0,"turns":3.0},{"damage":0.0,"enemies":"Transient","floor":48.0,"turns":5.0},{"damage":37,"enemies":"Donu and Deca","floor":50,"turns":7}],"seed_played":"4609405308431472298","potions_obtained":[{"floor":2.0,"key":"Energy Potion"},{"floor":6.0,"key":"Regen Potion"},{"floor":10.0,"key":"Explosive Potion"},{"floor":16.0,"key":"SpeedPotion"},{"floor":18.0,"key":"Swift Potion"},{"floor":24.0,"key":"Energy Potion"},{"floor":27.0,"key":"SkillPotion"},{"floor":28.0,"key":"DuplicationPotion"},{"floor":31.0,"key":"LiquidMemories"},{"floor":38.0,"key":"SteroidPotion"},{"floor":45.0,"key":"GamblersBrew"},{"floor":48.0,"key":"EssenceOfDarkness"}],"is_trial":false,"path_per_floor":["M","M","M","?","M","E","R","$","T","E","R","M","M","M","R","B",null,"M","$","M","?","$","M","?","R","T","M","M","?","E","M","R","B",null,"M","M","M","M","?","R","?","M","T","$","M","M","M","M","R","B",null],"character_chosen":"DEFECT","items_purchased":["Peace Pipe","Capacitor","Bottled Tornado"],"campfire_rested":1,"item_purchase_floors":[8,19,19],"current_hp_per_floor":[75,75,68,68,68,61,61,61,61,63,63,63,63,63,63,29,75,75,75,75,75,75,70,70,70,70,70,65,65,49,34,44,12,85,85,85,64,64,64,78,78,71,71,71,71,50,24,24,52,15],"gold":35,"neow_bonus":"BOSS_RELIC","is_prod":false,"is_daily":false,"chose_seed":false,"campfire_upgraded":1,"win_rate":0.0,"timestamp":1607508075,"path_taken":["M","M","M","?","M","E","R","$","T","E","R","M","M","?","R","BOSS","M","$","M","?","$","M","?","R","T","?","M","?","E","M","R","BOSS","M","M","M","M","?","R","?","M","T","$","M","M","M","M","R","BOSS"],"build_version":"2020-11-30","purchased_purges":2,"victory":true,"max_hp_per_floor":[75,75,75,75,75,75,75,75,75,75,75,75,75,75,75,75,75,75,75,75,75,75,75,75,75,75,75,75,75,75,75,85,85,85,85,85,85,85,81,95,95,95,95,95,95,95,95,95,95,95],"card_choices":[{"not_picked":["Redo","Beam Cell","Steam Power"],"picked":"SKIP","floor":1.0},{"not_picked":["Steam","Barrage"],"picked":"Ball Lightning","floor":2.0},{"not_picked":["Cold Snap","Hologram"],"picked":"Biased Cognition","floor":3.0},{"not_picked":["Gash","Tempest"],"picked":"Defragment","floor":5.0},{"not_picked":["Darkness","Streamline","Glacier"],"picked":"SKIP","floor":6.0},{"not_picked":["Reprogram","Gash","Darkness"],"picked":"SKIP","floor":10.0},{"not_picked":["Doom and Gloom","Sweeping Beam","Fusion"],"picked":"SKIP","floor":12.0},{"not_picked":["Coolheaded","Conserve Battery"],"picked":"Loop","floor":13.0},{"not_picked":["Rip and Tear","Stack","Go for the Eyes"],"picked":"SKIP","floor":14.0},{"not_picked":["Reboot","All For One"],"picked":"Thunder Strike","floor":16.0},{"not_picked":["Fusion","Doom and Gloom"],"picked":"Tempest","floor":18.0},{"not_picked":["Beam Cell","Loop","Stack"],"picked":"SKIP","floor":20.0},{"not_picked":["Sweeping Beam","Gash","Go for the Eyes"],"picked":"SKIP","floor":23.0},{"not_picked":["Coolheaded","Darkness"],"picked":"Ball Lightning","floor":27.0},{"not_picked":["Gash","Hello World+1","Go for the Eyes+1"],"picked":"SKIP","floor":28.0},{"not_picked":["Barrage+1","White Noise"],"picked":"Capacitor","floor":30.0},{"not_picked":["Rainbow","Fusion"],"picked":"Steam+1","floor":31.0},{"not_picked":["Rainbow","Fission"],"picked":"Biased Cognition","floor":33.0},{"not_picked":["Leap","Coolheaded+1"],"picked":"Ball Lightning+1","floor":35.0},{"not_picked":["Go for the Eyes+1","Conserve Battery+1","Sweeping Beam+1"],"picked":"SKIP","floor":36.0},{"not_picked":["Steam Power","Steam+1","Aggregate+1"],"picked":"SKIP","floor":37.0},{"not_picked":["Leap","Redo","Blizzard"],"picked":"SKIP","floor":38.0},{"not_picked":["Ball Lightning+1","Barrage"],"picked":"Glacier+1","floor":42.0},{"not_picked":["Ball Lightning","Conserve Battery","Hologram"],"picked":"SKIP","floor":45.0},{"not_picked":["Reprogram","Conserve Battery+1","Auto Shields+1"],"picked":"SKIP","floor":46.0},{"not_picked":["Coolheaded+1","Gash","Streamline+1"],"picked":"SKIP","floor":47.0},{"not_picked":["Hologram","Cold Snap","Rip and Tear+1"],"picked":"SKIP","floor":48.0}],"player_experience":6666,"relics_obtained":[{"floor":6.0,"key":"Oddly Smooth Stone"},{"floor":9.0,"key":"Bottled Lightning"},{"floor":10.0,"key":"Old Coin"},{"floor":26.0,"key":"Pen Nib"},{"floor":30.0,"key":"Shuriken"},{"floor":32.0,"key":"Pear"},{"floor":40.0,"key":"Mango"},{"floor":43.0,"key":"Ornamental Fan"}],"event_choices":[{"damage_healed":0.0,"max_hp_gain":0.0,"max_hp_loss":0.0,"gold_gain":100.0,"event_name":"Golden Shrine","player_choice":"Pray","floor":4.0,"gold_loss":0.0,"damage_taken":0.0},{"damage_healed":0.0,"max_hp_gain":0.0,"max_hp_loss":0.0,"gold_gain":0.0,"event_name":"The Mausoleum","player_choice":"Opened","floor":21.0,"gold_loss":0.0,"damage_taken":0.0,"relics_obtained":["Shovel"]},{"damage_healed":0.0,"max_hp_gain":0.0,"max_hp_loss":0.0,"gold_gain":0.0,"event_name":"Lab","player_choice":"Got Potions","floor":24.0,"gold_loss":0.0,"damage_taken":0.0},{"damage_healed":0.0,"max_hp_gain":0.0,"max_hp_loss":0.0,"gold_gain":0.0,"event_name":"The Library","player_choice":"Read","floor":29.0,"gold_loss":0.0,"damage_taken":0.0,"cards_obtained":["Conserve Battery"]},{"damage_healed":0.0,"max_hp_gain":0.0,"max_hp_loss":4.0,"gold_gain":0.0,"event_name":"Winding Halls","player_choice":"Max HP","floor":39.0,"gold_loss":0.0,"damage_taken":0.0},{"damage_healed":0.0,"max_hp_gain":0.0,"max_hp_loss":0.0,"gold_gain":0.0,"event_name":"Accursed Blacksmith","player_choice":"Forge","floor":41.0,"gold_loss":0.0,"damage_taken":0.0,"cards_upgraded":["Capacitor"]}],"is_beta":false,"boss_relics":[{"not_picked":["Busted Crown","SacredBark"],"picked":"Ectoplasm"},{"not_picked":["Philosopher\u0027s Stone","Inserter"],"picked":"Cursed Key"}],"items_purged_floors":[19,22],"is_endless":false,"potions_floor_spawned":[2,6,10,16,18,27,28,31,38,45,48],"ascension_level":0}}