{"host":"vmlckwo776x86um0","time":1607549486,"event":{"gold_per_floor":[116,136,148,148,148,148,148,166,166,197,372,392,417,430,430,526,526,544,544,544,391,406,406,423,423,423,443,443,477,496,509,509,509,509],"floor_reached":33,"playtime":1331,"items_purged":[],"score":279,"play_id":"757749f9-040e-481b-9e3b-7932e8593a3b","local_time":"20201210083126","is_ascension_mode":false,"campfire_choices":[{"data":"hermit:Headshot","floor":6,"key":"SMITH"},{"data":"hermit:TakeAim","floor":23,"key":"SMITH"},{"floor":25,"key":"REST"},{"floor":28,"key":"REST"},{"floor":32,"key":"REST"}],"neow_cost":"BASIC_CARDS","seed_source_timestamp":2065990528533200,"circlet_count":0,"master_deck":["hermit:Defend_Hermit","hermit:Defend_Hermit","hermit:Defend_Hermit","hermit:Snapshot","hermit:Covet","Defend_B","Defend_R","hermit:Malice","hermit:Headshot+1","hermit:TrackingShot","hubris:Despair","hermit:TakeAim+1","hermit:Ricochet+1","Doubt","hermit:Misfire","hermit:GhostlyPresence","hermit:ItchyTrigger","hermit:SprayPray","relicPack:TruthCard","Buffer","jedi:darknesscall","sagemod:Riches","sneckomod:Bewildered","hermit:LowProfile","hermit:Dive+1","hermit:FlashPowder","hermit:LowProfile","hermit:Combo"],"relics":["hermit:Momento","FossilizedHelix","hermit:RedScarf","trackpad:Mousetrap","Replay:Cursed D8","relicPack:EdsArm","sneckomod:BabySnecko","relicPack:WeightedSword","qcfpunch:Red_Gi","Onion Ring"],"potions_floor_usage":[10,13,29],"damage_taken":[{"damage":0,"enemies":"Cultist","floor":1,"turns":4},{"damage":0,"enemies":"Jaw Worm","floor":2,"turns":3},{"damage":0,"enemies":"2 Louse","floor":3,"turns":1},{"damage":0,"enemies":"Looter","floor":8,"turns":3},{"damage":8,"enemies":"Lagavulin","floor":10,"turns":6},{"damage":7,"enemies":"3 Louse","floor":12,"turns":3},{"damage":8,"enemies":"Gremlin Nob","floor":13,"turns":4},{"damage":0,"enemies":"Blue Slaver","floor":14,"turns":2},{"damage":61,"enemies":"The Guardian","floor":16,"turns":11},{"damage":10,"enemies":"2 Thieves","floor":18,"turns":2},{"damage":7,"enemies":"conspire:FuzzyDice","floor":22,"turns":5},{"damage":15,"enemies":"Snake Plant","floor":24,"turns":3},{"damage":21,"enemies":"Centurion and Healer","floor":27,"turns":5},{"damage":40,"enemies":"conspire:Head Lice","floor":29,"turns":10},{"damage":8,"enemies":"3 Cultists","floor":30,"turns":4},{"damage":0,"enemies":"Shelled Parasite and Fungi","floor":31,"turns":1},{"damage":38,"enemies":"Pondfish","floor":33,"turns":5}],"seed_played":"-6463580147427998180","potions_obtained":[{"floor":1,"key":"PowerPotion"},{"floor":2,"key":"jedi:tentaclejuice"},{"floor":16,"key":"Explosive Potion"},{"floor":22,"key":"sagemod:Wine"},{"floor":27,"key":"Venom Potion"},{"floor":30,"key":"SteroidPotion"}],"is_trial":false,"path_per_floor":["M","M","M","$","?","R","$","M","T","E","?","M","E","M","R_BF","B",null,"M","?","?","$","M","R","M","R","T","M","R","E","M","M","R","B"],"character_chosen":"HERMIT","items_purchased":["relicPack:WeightedSword"],"campfire_rested":3,"item_purchase_floors":[21],"current_hp_per_floor":[75,75,75,75,75,75,75,75,75,67,67,60,52,52,74,13,75,65,65,65,65,58,58,43,64,64,43,64,24,16,16,37,0,0],"gold":509,"neow_bonus":"ONE_RARE_RELIC","is_prod":false,"is_daily":false,"chose_seed":false,"campfire_upgraded":2,"win_rate":0.0,"timestamp":1607549486,"path_taken":["M","M","?","$","?","R","$","M","T","E","?","M","E","M","R_BF","BOSS","M","?","?","?","M","R","M","R","T","M","R","E","M","?","R","BOSS"],"build_version":"2020-11-30","purchased_purges":0,"victory":false,"max_hp_per_floor":[75,75,75,75,75,75,75,75,75,75,75,75,75,75,75,75,75,75,70,70,70,70,70,70,70,70,70,70,70,70,70,70,70,70],"card_choices":[{"not_picked":["hermit:Shortfuse","hermit:Glare"],"picked":"hermit:Malice","floor":1},{"not_picked":["hermit:CursedWeapon","hermit:Horror"],"picked":"hermit:Headshot","floor":2},{"not_picked":["hermit:Maintenance","hermit:Manifest"],"picked":"hermit:TrackingShot","floor":3},{"not_picked":["hermit:Spite","hermit:LoneWolf"],"picked":"hermit:TakeAim","floor":8},{"not_picked":["hermit:ShadowCloak","hermit:Brawl"],"picked":"hermit:Ricochet","floor":10},{"not_picked":["hermit:Cheat","hermit:Horror"],"picked":"hermit:Misfire","floor":12},{"not_picked":["hermit:TakeCover","hermit:Purgatory"],"picked":"hermit:GhostlyPresence","floor":13},{"not_picked":["hermit:NoHoldsBarred","hermit:FlashPowder"],"picked":"hermit:ItchyTrigger","floor":14},{"not_picked":["hermit:FatalDesire","hermit:Purgatory"],"picked":"hermit:RoundhouseKick","floor":16},{"not_picked":["hermit:TrackingShot","hermit:Dive"],"picked":"hermit:SprayPray","floor":18},{"not_picked":["hermit:Brawl+1","hermit:TakeAim","hermit:WideOpen+1"],"picked":"SKIP","floor":22},{"not_picked":["hermit:TakeCover","hermit:Dive"],"picked":"hermit:LowProfile","floor":24},{"not_picked":["hermit:BodyArmor","hermit:TakeCover"],"picked":"hermit:Dive+1","floor":27},{"not_picked":["hermit:Misfire","hermit:GhostlyPresence"],"picked":"hermit:FlashPowder","floor":29},{"not_picked":["hermit:Roughhouse","hermit:Snipe"],"picked":"hermit:LowProfile","floor":30},{"not_picked":["hermit:Horror","hermit:LuckOfTheDraw"],"picked":"hermit:Combo","floor":31}],"player_experience":76790,"relics_obtained":[{"floor":10,"key":"hermit:RedScarf"},{"floor":13,"key":"trackpad:Mousetrap"},{"floor":26,"key":"qcfpunch:Red_Gi"},{"floor":29,"key":"Onion Ring"}],"event_choices":[{"damage_healed":0,"gold_gain":175,"player_choice":"AGREE","damage_taken":0,"max_hp_gain":0,"max_hp_loss":0,"event_name":"Liars Game","floor":11,"gold_loss":0,"cards_obtained":["Doubt"]}],"is_beta":false,"boss_relics":[{"not_picked":["qcfpunch:Dark_Gi","Empty Cage"],"picked":"Replay:Cursed D8"}],"items_purged_floors":[],"is_endless":false,"potions_floor_spawned":[1,2,16,22,27,30,31],"killed_by":"Pondfish","ascension_level":0}}