{"host":"wi1dz5t8299iil0b","time":1607532324,"event":{"gold_per_floor":[111,111,111,111,129,129,149,149,197,210,210,220,220,220,220,220,220],"floor_reached":16,"playtime":641,"items_purged":[],"score":90,"play_id":"08c1021d-c83d-426d-a29a-5b7139c8d724","local_time":"20201209114524","is_ascension_mode":false,"campfire_choices":[{"data":"Regret","floor":6,"key":"PURGE"},{"data":"Guardian:CurlUp","floor":8,"key":"SMITH"},{"data":"Guardian:TwinSlam","floor":11,"key":"SMITH"},{"data":"Guardian:SpikerProtocol","floor":15,"key":"SMITH"}],"neow_cost":"NONE","seed_source_timestamp":2082467240998100,"circlet_count":0,"master_deck":["Guardian:Strike_Guardian","Guardian:Strike_Guardian","Guardian:Strike_Guardian","Guardian:Strike_Guardian","Guardian:Defend_Guardian","Guardian:Defend_Guardian","Guardian:Defend_Guardian","Guardian:Defend_Guardian","Guardian:CurlUp+1","Guardian:TwinSlam+1","Guardian:DonusPower","Guardian:SpikerProtocol+1","Guardian:Harden"],"relics":["Guardian:ModeShifter","aspiration:Nostalgia","Shade:YorickSkull","Peace Pipe","Replay:Wax Seal"],"potions_floor_usage":[],"damage_taken":[{"damage":10,"enemies":"Small Slimes","floor":1,"turns":4},{"damage":3,"enemies":"Cultist","floor":5,"turns":4},{"damage":0,"enemies":"2 Louse","floor":7,"turns":2},{"damage":16,"enemies":"Large Slime","floor":10,"turns":4},{"damage":0,"enemies":"Blue Slaver","floor":12,"turns":3},{"damage":53,"enemies":"Slime Boss","floor":16,"turns":10}],"seed_played":"1801637426210603751","potions_obtained":[{"floor":5,"key":"blueLaboratory:ExaltedPotion"},{"floor":12,"key":"sagemod:Wine"}],"is_trial":false,"path_per_floor":["M","?","$","?","M","R","M","R","T","M","R","M","?","?","R","B"],"character_chosen":"GUARDIAN","items_purchased":[],"campfire_rested":0,"item_purchase_floors":[],"current_hp_per_floor":[70,70,70,70,67,67,67,67,67,51,51,51,51,51,51,0,0],"gold":220,"neow_bonus":"NOSTALGIA","is_prod":false,"is_daily":false,"chose_seed":false,"campfire_upgraded":3,"win_rate":0.0,"timestamp":1607532324,"path_taken":["M","?","$","?","?","R","M","R","T","M","R","M","?","?","R","BOSS"],"build_version":"2020-11-30","purchased_purges":0,"victory":false,"max_hp_per_floor":[80,80,80,80,80,80,80,80,80,80,80,80,80,80,80,80,80],"card_choices":[{"not_picked":["Guardian:MultiBeam","Guardian:PrimingBeam"],"picked":"Guardian:Gem_Fragmented","floor":1},{"not_picked":["Guardian:Suspension","Guardian:Gem_Fragmented"],"picked":"Guardian:DonusPower","floor":5},{"not_picked":["Guardian:Gem_Fragmented","Guardian:TimeBomb"],"picked":"Guardian:SpikerProtocol","floor":7},{"not_picked":["Guardian:Gem_Blue","Guardian:EvasiveProtocol"],"picked":"Guardian:Gem_Orange","floor":10},{"not_picked":["Guardian:Suspension","Guardian:ChargeUp"],"picked":"Guardian:Harden","floor":12}],"player_experience":139551,"relics_obtained":[{"floor":9,"key":"Replay:Wax Seal"}],"event_choices":[{"damage_healed":0,"gold_gain":0,"player_choice":"Box","damage_taken":0,"relics_obtained":["Peace Pipe"],"max_hp_gain":0,"max_hp_loss":0,"event_name":"Big Fish","floor":2,"gold_loss":0,"cards_obtained":["Regret"]},{"damage_healed":0,"gold_gain":0,"player_choice":"Disagree","damage_taken":0,"max_hp_gain":0,"max_hp_loss":0,"event_name":"conspire:LoneGhost","floor":14,"gold_loss":0}],"is_beta":false,"boss_relics":[],"items_purged_floors":[],"is_endless":false,"potions_floor_spawned":[5,12],"killed_by":"Slime Boss","ascension_level":0}}