{"host":"av29givzkpzpqtbm","time":1607497864,"event":{"gold_per_floor":[118,138,17,33,51,51,78,33,33,33,0,25,42,42,42,114,114,127,147,147,3,403,436,436,461,461,495,519,545,545,545,545,622,622,641,641,607,607,618,650,650,683,736,234,247,247,259,220,161,161,161,161,130,130,160,160],"floor_reached":57,"playtime":1286,"items_purged":["Strike_R","Defend_R","Strike_R","Defend_R","Flame Barrier+1","Strike_R","Strike_R","Shame","Languid","testmod-CardIndex"],"score":3659,"play_id":"4480e75d-1012-416f-95fd-94b88ae0cd0a","local_time":"20201209151104","is_ascension_mode":true,"campfire_choices":[{"floor":6.0,"key":"RECALL"},{"data":"Flex","floor":15,"key":"SMITH"},{"data":"Whirlwind","floor":30,"key":"SMITH"},{"data":"Flex","floor":32,"key":"SMITH"},{"data":"Flex","floor":41,"key":"SMITH"}],"neow_cost":"NONE","seed_source_timestamp":129492825526900,"circlet_count":0,"master_deck":["AscendersBane","Defend_R+1","Bash+1","Whirlwind+1","Sword Boomerang+1","MostiFishMod:#F4004+1","Flex+1","MostiFishMod:ButterFly+1","Heavy Blade+1"],"special_seed":0,"relics":["Burning Blood","testmod-TestBox","Civilization","testmod-CardMagician","aspiration:Nostalgia","Iron Core","Question Card","testmod-Faith","Centennial Puzzle","Garlic","Snack Pack","aspiration:HummingbirdHeart","The Courier","Iron Hammer","Replay:Wax Seal","ImportantClient","Astrolabe","Singing Bowl","Molten Egg 2","Juzu Bracelet","Gremlin Food","Blood Vial","testmod-IndustrialRevolution","Gremlin Horn","Mummified Hand","Busted Crown","BargainBundle","Replay:Mystery Machine","Akabeko","aspiration:SeaSaltIceCream","aspiration:Nostalgia","Replay:M_SmolderingBlood","SynthV:C4","War Paint","Sundial","Shuriken","Chemical X","Lantern","Pear","ReplayTheSpireMod:CursedCoin","Replay:Baseball","Omamori","testmod-BlackFramedGlasses","Sling","Mirror","Bag of Preparation"],"potions_floor_usage":[45,56],"damage_taken":[{"damage":1.0,"enemies":"2 Louse","floor":1.0,"turns":3.0},{"damage":0.0,"enemies":"Jaw Worm","floor":2.0,"turns":2.0},{"damage":0.0,"enemies":"Cultist","floor":4.0,"turns":2.0},{"damage":0.0,"enemies":"2 Fungi Beasts","floor":5.0,"turns":3.0},{"damage":0.0,"enemies":"Gremlin Nob","floor":7.0,"turns":3.0},{"damage":0.0,"enemies":"Lagavulin","floor":12.0,"turns":3.0},{"damage":4.0,"enemies":"Exordium Wildlife","floor":13.0,"turns":2.0},{"damage":1,"enemies":"Fading Forest","floor":16,"turns":13},{"damage":0,"enemies":"Chosen","floor":18,"turns":1},{"damage":0,"enemies":"Spheric Guardian","floor":19,"turns":1},{"damage":0,"enemies":"Slavers","floor":23,"turns":1},{"damage":0,"enemies":"Gremlin Leader","floor":25,"turns":2},{"damage":0,"enemies":"Slavers","floor":27,"turns":1},{"damage":0,"enemies":"Replay:Snechameleon","floor":29,"turns":1},{"damage":0,"enemies":"Champ","floor":33,"turns":2},{"damage":0,"enemies":"3 Shapes","floor":35,"turns":2},{"damage":0,"enemies":"3 Darklings","floor":39,"turns":1},{"damage":0,"enemies":"Reptomancer","floor":40,"turns":1},{"damage":0,"enemies":"R_Hoarder","floor":42,"turns":1},{"damage":0,"enemies":"Writhing Mass","floor":45,"turns":1},{"damage":0,"enemies":"Spire Growth","floor":47,"turns":1},{"damage":0,"enemies":"Donu and Deca","floor":50,"turns":1},{"damage":14,"enemies":"Time Eater","floor":51,"turns":3},{"damage":0,"enemies":"Shield and Spear","floor":55,"turns":1},{"damage":71,"enemies":"The Heart","floor":56,"turns":5}],"seed_played":"8132404703148483786","potions_obtained":[{"floor":1.0,"key":"FairyPotion"},{"floor":2.0,"key":"testmod-SpacePotion"},{"floor":2.0,"key":"SteroidPotion"},{"floor":5.0,"key":"Venom Potion"},{"floor":7.0,"key":"ColorlessPotion"},{"floor":7.0,"key":"Weak Potion"},{"floor":7.0,"key":"testmod-SpacePotion"},{"floor":13.0,"key":"Flashbang"},{"floor":19,"key":"PowerPotion"},{"floor":23,"key":"SpeedPotion"},{"floor":35,"key":"Elixir"},{"floor":45,"key":"testmod-SpacePotion"},{"floor":45,"key":"LiquidMemories"}],"is_trial":false,"path_per_floor":["M","M","$","M","M","R","E","$","T","?","$","E","M","?","R","B",null,"M","M","?","$","?","E","?","E","T","E","T","E","R","?","R","B",null,"M","?","$","?","M","E","R","E","T","R","M","R","M","$","R","B","B",null,"R","$","E","B",null],"character_chosen":"IRONCLAD","items_purchased":["testmod-Faith","Centennial Puzzle","Garlic","aspiration:HummingbirdHeart","Flex","Iron Hammer","Singing Bowl","Molten Egg 2","Flex","Juzu Bracelet","Flex","BargainBundle","Replay:Mystery Machine","Akabeko","Sundial","Shuriken","Chemical X","Lantern","MostiFishMod:ButterFly+1","Pear","ReplayTheSpireMod:CursedCoin","Replay:Baseball","Omamori","testmod-CardIndex","testmod-BlackFramedGlasses","Sling","Mirror"],"campfire_rested":0,"item_purchase_floors":[3,3,3,8,8,11,21,21,21,21,37,37,37,37,44,44,44,44,44,44,48,48,48,49,49,53,54],"current_hp_per_floor":[75,80,80,84,90,90,97,97,97,68,51,67,81,81,81,124,129,148,166,166,166,166,189,189,213,213,242,242,272,272,272,272,301,301,335,335,335,331,379,424,424,468,468,478,521,521,567,567,567,613,654,659,659,659,711,704],"gold":160,"neow_bonus":"NOSTALGIA","is_prod":false,"is_daily":false,"chose_seed":false,"campfire_upgraded":4,"win_rate":0,"timestamp":1607497864,"path_taken":["M","M","$","M","M","R","E","$","T","?","$","E","M","?","R","BOSS","M","M","?","$","?","E","?","E","T","E","?","E","R","?","R","BOSS","M","?","$","?","M","E","R","E","T","R","M","R","M","$","R","BOSS","BOSS","R","$","E","BOSS"],"build_version":"2020-11-30","purchased_purges":10,"victory":true,"max_hp_per_floor":[77,80,80,84,90,90,97,97,97,97,97,105,115,115,115,131,131,148,166,166,166,166,189,189,213,213,242,242,272,272,272,272,301,301,335,335,335,341,381,424,424,468,468,478,521,521,567,567,567,613,660,660,660,660,711,761],"card_choices":[{"not_picked":["ReplayTheSpireMod:GoodbyeWorld","Body Slam","ReplayTheSpireMod:Strike From Hell"],"picked":"SKIP","floor":1.0},{"not_picked":["True Grit","Armaments","Intimidate","Havoc"],"picked":"SKIP","floor":2.0},{"not_picked":["Cleave","Iron Wave","Battle Trance","Rupture"],"picked":"SKIP","floor":4.0},{"not_picked":["ReplayTheSpireMod:Strike From Hell","Gash","Evolve","True Grit"],"picked":"SKIP","floor":5.0},{"not_picked":["ReplayTheSpireMod:Corrosion Curse","Dark Embrace","Defy Death","Eclipse"],"picked":"SKIP","floor":7.0},{"not_picked":["MostiFishMod:PerfectStrikeMKII","Clash","Life Link","Havoc"],"picked":"SKIP","floor":12.0},{"not_picked":["ReplayTheSpireMod:System Scan","Hologram","ReplayTheSpireMod:GoodbyeWorld","Battle Trance"],"picked":"SKIP","floor":13.0},{"not_picked":["Replay:Undeath\u0027s Touch","Perfected Strike","Anger"],"picked":"Whirlwind","floor":18},{"not_picked":["Feel No Pain","Iron Wave","Entrench","ReplayTheSpireMod:LeadingStrike"],"picked":"SKIP","floor":19},{"not_picked":["Combust","Blood for Blood+1","Rage","MostiFishMod:BrandingRite"],"picked":"Singing Bowl","floor":23},{"not_picked":["Clothesline+1","Eclipse","True Grit"],"picked":"Sword Boomerang+1","floor":25},{"not_picked":["True Grit","Life Link","Pommel Strike+1","Evolve"],"picked":"Singing Bowl","floor":27},{"not_picked":["Shrug It Off","Combust","Perfected Strike+1","ReplayTheSpireMod:Muscle Training"],"picked":"Singing Bowl","floor":29},{"not_picked":["Impervious","MostiFishMod:FlyOverUtopia","Exhume"],"picked":"MostiFishMod:#F4004","floor":33},{"not_picked":["Iron Wave+1","Sever Soul+1"],"picked":"Singing Bowl","floor":35},{"not_picked":["Metamorphosis","Replay:Sssssssssstrike+1"],"picked":"Singing Bowl","floor":38},{"not_picked":["testmod-ConditionedReflex","Replay:BasicMightCard"],"picked":"Singing Bowl","floor":38},{"not_picked":["ReplayTheSpireMod:Private Reserves","Forethought"],"picked":"Singing Bowl","floor":38},{"not_picked":["Carnage+1","Defy Death+1"],"picked":"Singing Bowl","floor":39},{"not_picked":["Shockwave","True Grit+1"],"picked":"Singing Bowl","floor":40},{"not_picked":["Combust","Run Through+1"],"picked":"Singing Bowl","floor":42},{"not_picked":["Pummel+1"],"picked":"Heavy Blade+1","floor":45},{"not_picked":["Body Slam+1","ReplayReversal"],"picked":"Singing Bowl","floor":47},{"not_picked":["Shrug It Off","ReplayReversal"],"picked":"Singing Bowl","floor":55}],"player_experience":341526,"relics_obtained":[{"floor":1.0,"key":"Question Card"},{"floor":7.0,"key":"Snack Pack"},{"floor":9.0,"key":"The Courier"},{"floor":12.0,"key":"Replay:Wax Seal"},{"floor":16,"key":"ImportantClient"},{"floor":23,"key":"Gremlin Food"},{"floor":25,"key":"Blood Vial"},{"floor":26,"key":"testmod-IndustrialRevolution"},{"floor":27,"key":"Gremlin Horn"},{"floor":29,"key":"Mummified Hand"},{"floor":40,"key":"aspiration:SeaSaltIceCream"},{"floor":42,"key":"SynthV:C4"},{"floor":43,"key":"War Paint"},{"floor":55,"key":"Bag of Preparation"}],"event_choices":[{"damage_healed":0.0,"max_hp_gain":0.0,"max_hp_loss":0.0,"gold_gain":0.0,"event_name":"Shining Light","player_choice":"Entered Light","floor":10.0,"gold_loss":0.0,"damage_taken":29.0,"cards_upgraded":["Bash","Defend_R"]},{"cards_removed":["Battle Trance"],"damage_healed":0,"gold_gain":0,"player_choice":"Card Removal","damage_taken":0,"max_hp_gain":0,"max_hp_loss":0,"event_name":"Wheel of Change","floor":20,"gold_loss":0},{"damage_healed":0,"gold_gain":400,"player_choice":"Sell","damage_taken":0,"max_hp_gain":0,"max_hp_loss":0,"event_name":"¶÷ÂåË¹µÄÅÌ×Ó","floor":22,"relics_lost":["DaveBox"],"gold_loss":0},{"cards_removed":["Sever Soul"],"damage_healed":0,"gold_gain":0,"player_choice":"Elegance","damage_taken":0,"max_hp_gain":0,"max_hp_loss":0,"event_name":"Back to Basics","floor":24,"gold_loss":0},{"damage_healed":0,"gold_gain":0,"player_choice":"Ignored","damage_taken":0,"max_hp_gain":0,"max_hp_loss":0,"event_name":"Vampires","floor":31,"gold_loss":0},{"cards_removed":["Flex"],"damage_healed":0,"gold_gain":0,"player_choice":"Removed Skill","damage_taken":0,"max_hp_gain":0,"max_hp_loss":0,"event_name":"Falling","floor":36,"gold_loss":0},{"damage_healed":0,"gold_gain":0,"player_choice":"Memory 3","damage_taken":10,"max_hp_gain":0,"max_hp_loss":0,"event_name":"SensoryStone","floor":38,"gold_loss":0}],"is_beta":false,"boss_relics":[{"not_picked":["ReplayTheSpireMod:DimensionalGlitch","Calling Bell"],"picked":"Astrolabe"},{"not_picked":["NightmareShop","testmod-IncinerationGenerator"],"picked":"Busted Crown"}],"items_purged_floors":[3,3,8,8,21,21,21,37,48,53],"is_endless":false,"potions_floor_spawned":[1,2,2,5,7,7,7,13,19,23,29,29,33,35,35,39,40,42,45,45,55],"ascension_level":20}}