{"host":"9d9dhukr2jywmy0f","time":1607542449,"event":{"gold_per_floor":[114,134,22,41,52,52,71,85,140,140,140,168,168,178,178,276,276,296,296,314,329,348,348,365,365,389,405,433,433,633,648,648,648,648],"floor_reached":33,"playtime":3161,"items_purged":["Strike_Witch"],"score":253,"play_id":"12c767eb-19ad-4044-ad4a-5776b89ac2f5","local_time":"20201210033409","is_ascension_mode":false,"campfire_choices":[{"data":"CrystalResonance","floor":6.0,"key":"SMITH"},{"data":"ZombieSpit","floor":10.0,"key":"SMITH"},{"floor":13.0,"key":"REST"},{"data":"SummonOwlFamiliar","floor":15.0,"key":"SMITH"},{"data":"Demonfyre","floor":23.0,"key":"SMITH"},{"data":"RiteOfAutumn","floor":25.0,"key":"SMITH"},{"data":"MysticUnburial","floor":29.0,"key":"SMITH"},{"data":"CrystalResonance","floor":32,"key":"SMITH"}],"neow_cost":"NONE","seed_source_timestamp":0,"circlet_count":0,"master_deck":["Strike_Witch","Strike_Witch","Strike_Witch","Defend_Witch","Defend_Witch","Defend_Witch","Defend_Witch","Hexguard","ZombieSpit+1","CrystalResonance+1","SummonOwlFamiliar+1","CrystalResonance+1","Demonfyre+1","RiteOfAutumn+1","MysticUnburial+1"],"special_seed":0,"relics":["BlackCat","NeowsBlessing","Toy Ornithopter","Bag of Marbles","keyreminder:keyreminder","Coffee Dripper","Oddly Smooth Stone","Red Mask"],"potions_floor_usage":[33],"damage_taken":[{"damage":0.0,"enemies":"2 Louse","floor":1.0,"turns":1.0},{"damage":0.0,"enemies":"Jaw Worm","floor":2.0,"turns":2.0},{"damage":0.0,"enemies":"Small Slimes","floor":4.0,"turns":1.0},{"damage":10.0,"enemies":"2 Fungi Beasts","floor":5.0,"turns":6.0},{"damage":4.0,"enemies":"Blue Slaver","floor":7.0,"turns":6.0},{"damage":5.0,"enemies":"3 Louse","floor":8.0,"turns":6.0},{"damage":52.0,"enemies":"3 Sentries","floor":12.0,"turns":30.0},{"damage":0.0,"enemies":"2 Fungi Beasts","floor":14.0,"turns":3.0},{"damage":19.0,"enemies":"Slime Boss","floor":16.0,"turns":11.0},{"damage":0.0,"enemies":"Shell Parasite","floor":18.0,"turns":7.0},{"damage":7.0,"enemies":"Spheric Guardian","floor":20.0,"turns":8.0},{"damage":2.0,"enemies":"Snecko","floor":21.0,"turns":7.0},{"damage":0.0,"enemies":"Cultist and Chosen","floor":22.0,"turns":8.0},{"damage":15.0,"enemies":"Centurion and Healer","floor":24.0,"turns":8.0},{"damage":3.0,"enemies":"Snake Plant","floor":27.0,"turns":6.0},{"damage":12.0,"enemies":"Masked Bandits","floor":28.0,"turns":5.0},{"damage":14,"enemies":"Chosen and Byrds","floor":31,"turns":9},{"damage":38,"enemies":"Champ","floor":33,"turns":12}],"seed_played":"-2112073158004048429","potions_obtained":[{"floor":1.0,"key":"GamblersBrew"},{"floor":5.0,"key":"FearPotion"},{"floor":8.0,"key":"Ancient Potion"},{"floor":12.0,"key":"Strength Potion"},{"floor":14.0,"key":"FearPotion"},{"floor":20.0,"key":"FearPotion"},{"floor":24.0,"key":"BlessingOfTheForge"}],"is_trial":false,"path_per_floor":["M","M","$","M","M","R","M","M","T","R","?","E","R","M","R","B",null,"M","?","M","M","M","R","M","R","T","M","?","R","?","M","R","B"],"character_chosen":"WITCH","items_purchased":["CrystalResonance"],"campfire_rested":1,"item_purchase_floors":[3],"current_hp_per_floor":[67,67,67,67,57,57,53,48,48,48,48,6,26,26,26,17,67,67,55,48,51,56,56,41,41,41,38,26,26,26,12,12,0,0],"gold":648,"neow_bonus":"THREE_ENEMY_KILL","is_prod":false,"is_daily":false,"chose_seed":false,"campfire_upgraded":7,"win_rate":0.0,"timestamp":1607542449,"path_taken":["M","M","$","?","M","R","M","M","T","R","?","E","R","M","R","BOSS","M","?","?","M","M","R","M","R","T","M","?","R","?","?","R","BOSS"],"build_version":"2020-11-30","purchased_purges":1,"victory":false,"max_hp_per_floor":[67,67,67,67,67,67,67,67,67,67,67,67,67,67,67,67,67,67,72,72,72,72,72,72,72,72,72,72,72,72,72,72,72,72],"relic_stats":{"counters":[18,136],"obtain_stats":[{"keyreminder:keyreminder":12,"NeowsBlessing":0,"Oddly Smooth Stone":26,"Bag of Marbles":12,"Coffee Dripper":17,"Red Mask":28,"BlackCat":0,"Toy Ornithopter":9},{"keyreminder:keyreminder":7,"NeowsBlessing":0,"Oddly Smooth Stone":14,"Bag of Marbles":7,"Coffee Dripper":9,"Red Mask":16,"BlackCat":0,"Toy Ornithopter":6},{"keyreminder:keyreminder":52,"NeowsBlessing":0,"Oddly Smooth Stone":104,"Bag of Marbles":52,"Coffee Dripper":66,"Red Mask":115,"BlackCat":0,"Toy Ornithopter":22}],"Toy Ornithopter":35},"card_choices":[{"not_picked":["KarmaDrain","WretchedNails","MercuryWand"],"picked":"SKIP","floor":1.0},{"not_picked":["Atonement","SoulBarrier","Bewitch"],"picked":"SKIP","floor":2.0},{"not_picked":["GhoulTouch","MercuryWand","SoulBarrier"],"picked":"SKIP","floor":4.0},{"not_picked":["MagicFang","Decrepify","MortusClaw"],"picked":"SKIP","floor":5.0},{"not_picked":["RiteOfWinter","Schadenfreude","RoilingBarrier"],"picked":"SKIP","floor":7.0},{"not_picked":["NighInvulnerability","MercuryWand","BalefulWard"],"picked":"SKIP","floor":8.0},{"not_picked":["SaltCircle","TwistedMind","UnluckySeven"],"picked":"SKIP","floor":12.0},{"not_picked":["Decrepify","MementoMori"],"picked":"SummonOwlFamiliar","floor":14.0},{"not_picked":["MercuryWand","SummonCatFamiliar","Decrepify+1"],"picked":"SKIP","floor":18.0},{"not_picked":["MercuryWand+1","WickedThoughts","MagicFang"],"picked":"SKIP","floor":20.0},{"not_picked":["BlackShield","WickedThoughts+1"],"picked":"CrystalResonance","floor":21.0},{"not_picked":["MementoMori","KarmaDrain"],"picked":"Demonfyre","floor":22.0},{"not_picked":["RiteOfSummer","BoneCarving"],"picked":"RiteOfAutumn","floor":24.0},{"not_picked":["Broomstick+1","SkullFlask","WretchedNails"],"picked":"SKIP","floor":27.0},{"not_picked":["SoulBarrier","WretchedNails"],"picked":"MysticUnburial","floor":28.0},{"not_picked":["BleedOut","GnarledBody+1","BlackShield"],"picked":"SKIP","floor":31}],"player_experience":671778,"relics_obtained":[{"floor":9.0,"key":"Toy Ornithopter"},{"floor":12.0,"key":"Bag of Marbles"},{"floor":26.0,"key":"Oddly Smooth Stone"},{"floor":28.0,"key":"Red Mask"}],"event_choices":[{"damage_healed":0.0,"max_hp_gain":0.0,"max_hp_loss":0.0,"gold_gain":0.0,"event_name":"Liars Game","player_choice":"Ignored","floor":11.0,"gold_loss":0.0,"damage_taken":0.0},{"damage_healed":0.0,"max_hp_gain":5.0,"max_hp_loss":0.0,"gold_gain":0.0,"event_name":"Forgotten Altar","player_choice":"Shed Blood","floor":19.0,"gold_loss":0.0,"damage_taken":17.0},{"damage_healed":0.0,"max_hp_gain":0.0,"max_hp_loss":0.0,"gold_gain":0.0,"event_name":"Masked Bandits","player_choice":"Fought Bandits","floor":28.0,"gold_loss":0.0,"damage_taken":0.0},{"damage_healed":0,"gold_gain":250,"player_choice":"Bet on Owner","damage_taken":0,"max_hp_gain":0,"max_hp_loss":0,"event_name":"The Joust","floor":30,"gold_loss":50}],"is_beta":false,"boss_relics":[{"not_picked":["Sozu","Cursed Key"],"picked":"Coffee Dripper"}],"items_purged_floors":[3],"is_endless":false,"potions_floor_spawned":[1,5,8,12,14,20,24],"killed_by":"Champ","ascension_level":0}}