{"host":"911u4hh7ls61a7px","time":1607549122,"event":{"gold_per_floor":[111,17,17,33,33,66,66,81,104,134,134,146,146,158,158,255,255,180,194,210,220,220,220],"floor_reached":22,"playtime":1629,"items_purged":[],"score":206,"play_id":"4251a673-eba7-40b2-a034-4588f7297791","local_time":"20201209212522","is_ascension_mode":true,"campfire_choices":[{"data":"Havoc","floor":7.0,"key":"SMITH"},{"floor":11.0,"key":"REST"},{"data":"True Grit","floor":13.0,"key":"SMITH"},{"data":"Intimidate","floor":15.0,"key":"SMITH"}],"neow_cost":"","seed_source_timestamp":202851034660200,"circlet_count":0,"master_deck":["Strike_R","Strike_R","Strike_R","Strike_R","Strike_R","Defend_R","Defend_R","Defend_R","Defend_R","Bash","Dark Embrace+1","Armaments","Havoc+1","Intimidate+1","Thunderclap","Warcry","True Grit+1","Eclipse","Havoc","Shockwave","Flex"],"special_seed":0,"relics":["Black Blood","Strange Spoon","infinitespire:Lucky Rock","Blue Doll","Orichalcum"],"potions_floor_usage":[22,22],"damage_taken":[{"damage":7.0,"enemies":"2 Louse","floor":1.0,"turns":2.0},{"damage":4.0,"enemies":"Cultist","floor":4.0,"turns":7.0},{"damage":30.0,"enemies":"Lagavulin","floor":6.0,"turns":9.0},{"damage":11.0,"enemies":"Jaw Worm","floor":8.0,"turns":6.0},{"damage":17.0,"enemies":"3 Sentries","floor":10.0,"turns":10.0},{"damage":4.0,"enemies":"Gremlin Gang","floor":12.0,"turns":5.0},{"damage":3.0,"enemies":"Red Slaver","floor":14.0,"turns":5.0},{"damage":35.0,"enemies":"Slime Boss","floor":16.0,"turns":12.0},{"damage":7,"enemies":"2 Thieves","floor":18,"turns":5},{"damage":9,"enemies":"Chosen","floor":19,"turns":5},{"damage":26,"enemies":"3 Cultists","floor":20,"turns":9},{"damage":15,"enemies":"Snake Plant","floor":21,"turns":4},{"damage":69,"enemies":"Shelled Parasite and Fungi","floor":22,"turns":17}],"seed_played":"2695865048278227556","potions_obtained":[{"floor":1.0,"key":"Death Potion"},{"floor":8.0,"key":"SteroidPotion"},{"floor":10.0,"key":"SkillPotion"},{"floor":12.0,"key":"BlessingOfTheForge"},{"floor":14.0,"key":"Adrenaline Potion"},{"floor":20,"key":"Energy Potion"},{"floor":21,"key":"Block Potion"}],"is_trial":false,"path_per_floor":["M","$","?","M","$","E","R","M","T","E","R","M","R","M","R","B",null,"M","M","M","M","M"],"character_chosen":"IRONCLAD","items_purchased":["Strange Spoon","Dark Embrace","Havoc","Intimidate"],"campfire_rested":1,"item_purchase_floors":[0,0,2,2],"current_hp_per_floor":[79,79,79,80,80,56,56,51,51,40,64,66,66,69,69,40,80,80,80,66,63,0,0],"gold":220,"neow_bonus":"","is_prod":false,"is_daily":false,"chose_seed":false,"campfire_upgraded":3,"win_rate":0,"timestamp":1607549122,"path_taken":["M","$","?","?","?","E","R","M","T","E","R","?","R","M","R","BOSS","M","?","M","M","M"],"build_version":"2020-11-30","purchased_purges":0,"victory":false,"max_hp_per_floor":[80,80,80,80,80,80,80,80,80,80,80,80,80,80,80,80,80,80,80,80,80,80,80],"card_choices":[{"not_picked":["Flex","Pummel"],"picked":"Armaments","floor":1.0},{"not_picked":["Sword Boomerang","Cleave"],"picked":"Thunderclap","floor":4.0},{"not_picked":["hubris:CleavingFinish","Pummel","Barricade"],"picked":"SKIP","floor":6.0},{"not_picked":["Iron Wave","Whirlwind","hubris:CleavingFinish"],"picked":"SKIP","floor":8.0},{"not_picked":["Flex","Sword Boomerang"],"picked":"Warcry","floor":10.0},{"not_picked":["Body Slam","ReplayTheSpireMod:Muscle Training"],"picked":"True Grit","floor":12.0},{"not_picked":["Heavy Blade","Abandon","Clothesline"],"picked":"SKIP","floor":14.0},{"not_picked":["Replay:Many Hands","Immolate"],"picked":"Eclipse","floor":16.0},{"not_picked":["Perfected Strike","Reckless Charge"],"picked":"Havoc","floor":18},{"not_picked":["Clash","Perfected Strike"],"picked":"Shockwave","floor":19},{"not_picked":["Headbutt","Metallicize"],"picked":"Flex","floor":20},{"not_picked":["Clothesline","Armaments","hubris:ReadiedAction"],"picked":"SKIP","floor":21}],"player_experience":244184,"relics_obtained":[{"floor":6.0,"key":"infinitespire:Lucky Rock"},{"floor":9.0,"key":"Blue Doll"},{"floor":10.0,"key":"Orichalcum"}],"event_choices":[{"damage_healed":0.0,"max_hp_gain":0.0,"max_hp_loss":0.0,"gold_gain":0.0,"event_name":"Upgrade Shrine","player_choice":"Upgraded","floor":3.0,"gold_loss":0.0,"damage_taken":0.0,"cards_upgraded":["Dark Embrace"]}],"is_beta":false,"boss_relics":[{"not_picked":["hubris:Backtick","hubris:GrandSneckoEye"],"picked":"Black Blood"}],"items_purged_floors":[],"is_endless":false,"potions_floor_spawned":[1,8,10,12,14,20,21],"killed_by":"Shelled Parasite and Fungi","ascension_level":1}}