{"host":"x5anfo2w8aotfuta","time":1607481531,"event":{"gold_per_floor":[110,124,141,141,159,159,85,116,116,129,129,129,172,197,197,318,318,332,347,365,79,103,147,165,201,201,241,255,275,325,338,338,338,338],"floor_reached":33,"playtime":3078,"items_purged":["Second Wind"],"score":371,"play_id":"439d0042-9aaf-4232-8bd7-3eb35c7257b0","local_time":"20201208183851","is_ascension_mode":true,"campfire_choices":[{"data":"Bash","floor":6,"key":"SMITH"},{"data":"Whirlwind","floor":15,"key":"SMITH"},{"floor":32,"key":"DIG"}],"neow_cost":"NONE","seed_source_timestamp":583454556480600,"circlet_count":0,"master_deck":["Strike_R","Strike_R","Strike_R","Strike_R","Defend_R","Defend_R","Defend_R","Defend_R","Bash+1","Thunderclap","True Grit","Anger","Pommel Strike","Whirlwind+1","Perfected Strike","Shockwave","Twin Strike","Offering","Perfected Strike","Headbutt","True Grit","Twin Strike+1","Shockwave","True Grit+1","Feed","Disarm+1","Dropkick"],"relics":["Burning Blood","Golden Idol","StoneCalendar","HornCleat","Mercury Hourglass","Pen Nib","Velvet Choker","Sling","Turnip","Shovel","Torii","The Courier","Darkstone Periapt"],"potions_floor_usage":[10,23,24,29,33,33],"damage_taken":[{"damage":2,"enemies":"2 Louse","floor":1,"turns":3},{"damage":3,"enemies":"Jaw Worm","floor":2,"turns":5},{"damage":3,"enemies":"Small Slimes","floor":3,"turns":4},{"damage":6,"enemies":"Exordium Wildlife","floor":5,"turns":3},{"damage":20,"enemies":"Gremlin Nob","floor":8,"turns":4},{"damage":5,"enemies":"Gremlin Gang","floor":10,"turns":3},{"damage":14,"enemies":"3 Sentries","floor":13,"turns":6},{"damage":7,"enemies":"Large Slime","floor":14,"turns":3},{"damage":12,"enemies":"Hexaghost","floor":16,"turns":7},{"damage":13,"enemies":"Chosen","floor":18,"turns":3},{"damage":2,"enemies":"Shell Parasite","floor":19,"turns":3},{"damage":8,"enemies":"Chosen and Byrds","floor":20,"turns":3},{"damage":0,"enemies":"Snake Plant","floor":22,"turns":3},{"damage":33,"enemies":"Slavers","floor":23,"turns":3},{"damage":2,"enemies":"Centurion and Healer","floor":24,"turns":4},{"damage":8,"enemies":"Book of Stabbing","floor":25,"turns":3},{"damage":9,"enemies":"Gremlin Leader","floor":27,"turns":3},{"damage":6,"enemies":"Sentry and Sphere","floor":28,"turns":3},{"damage":0,"enemies":"Cultist and Chosen","floor":29,"turns":3},{"damage":2,"enemies":"Centurion and Healer","floor":31,"turns":5},{"damage":61,"enemies":"Automaton","floor":33,"turns":8}],"seed_played":"-1436747797303520479","potions_obtained":[{"floor":2,"key":"Fire Potion"},{"floor":5,"key":"ElixirPotion"},{"floor":13,"key":"Explosive Potion"},{"floor":23,"key":"DuplicationPotion"},{"floor":25,"key":"Fire Potion"},{"floor":27,"key":"Block Potion"},{"floor":28,"key":"DistilledChaos"}],"is_trial":false,"path_per_floor":["M","M","M","?","M","R","$","E","T","M","?","?","E","M","R","B",null,"M","M","M","$","M","E","M","E","T","E","M","M","?","M","R","B"],"character_chosen":"IRONCLAD","items_purchased":["Whirlwind","Sling","True Grit"],"campfire_rested":0,"item_purchase_floors":[7,21,21],"current_hp_per_floor":[80,80,80,74,74,74,74,60,60,61,61,36,28,27,27,21,74,67,71,69,69,74,47,51,49,49,46,46,55,55,59,59,0,0],"gold":338,"neow_bonus":"TRANSFORM_CARD","is_prod":false,"is_daily":false,"chose_seed":false,"campfire_upgraded":2,"win_rate":0,"timestamp":1607481531,"path_taken":["M","M","M","?","M","R","$","E","T","M","?","?","E","M","R","BOSS","M","M","M","$","M","E","M","E","T","E","M","M","?","?","R","BOSS"],"build_version":"2020-11-30","purchased_purges":1,"victory":false,"max_hp_per_floor":[80,80,80,74,74,74,74,74,74,74,74,74,74,74,74,74,74,74,74,74,74,74,74,74,74,74,74,74,77,77,77,77,77,77],"relic_stats":{"Darkstone Periapt":0,"Shovel":1,"Torii":13,"counters":[21,80],"Golden Idol":104,"StoneCalendar":[89],"Pen Nib":[11],"Turnip":[9],"obtain_stats":[{"Darkstone Periapt":32,"Torii":26,"Golden Idol":4,"Velvet Choker":17,"StoneCalendar":8,"Pen Nib":13,"The Courier":27,"Sling":21,"Burning Blood":0,"Mercury Hourglass":12,"HornCleat":9,"Shovel":25,"Turnip":23},{"Darkstone Periapt":20,"Torii":16,"Golden Idol":3,"Velvet Choker":9,"StoneCalendar":5,"Pen Nib":7,"The Courier":17,"Sling":12,"Burning Blood":0,"Mercury Hourglass":6,"HornCleat":5,"Shovel":16,"Turnip":14},{"Darkstone Periapt":72,"Torii":59,"Golden Idol":12,"Velvet Choker":37,"StoneCalendar":19,"Pen Nib":27,"The Courier":62,"Sling":46,"Burning Blood":0,"Mercury Hourglass":22,"HornCleat":19,"Shovel":59,"Turnip":52}],"Burning Blood":109,"Mercury Hourglass":[247]},"card_choices":[{"not_picked":["Burning Pact","Rupture"],"picked":"Thunderclap","floor":1},{"not_picked":["Sword Boomerang","Dual Wield"],"picked":"True Grit","floor":2},{"not_picked":["Shrug It Off","Armaments"],"picked":"Anger","floor":3},{"not_picked":["Shockwave","Body Slam"],"picked":"Pommel Strike","floor":5},{"not_picked":["Wild Strike","Infernal Blade","Havoc"],"picked":"SKIP","floor":8},{"not_picked":["Dual Wield","Anger"],"picked":"Perfected Strike","floor":10},{"not_picked":["Barricade","Clothesline"],"picked":"Shockwave","floor":13},{"not_picked":["Headbutt","Combust"],"picked":"Twin Strike","floor":14},{"not_picked":["Juggernaut","Double Tap"],"picked":"Offering","floor":16},{"not_picked":["Heavy Blade","Thunderclap"],"picked":"Perfected Strike","floor":18},{"not_picked":["Cleave","Body Slam","Rupture"],"picked":"SKIP","floor":19},{"not_picked":["Armaments","Thunderclap"],"picked":"Headbutt","floor":20},{"not_picked":["Hemokinesis","Anger"],"picked":"Twin Strike+1","floor":22},{"not_picked":["Thunderclap","Anger"],"picked":"Shockwave","floor":23},{"not_picked":["Evolve","Second Wind","Combust"],"picked":"SKIP","floor":24},{"not_picked":["Body Slam+1","Iron Wave+1"],"picked":"True Grit+1","floor":25},{"not_picked":["Bloodletting","Disarm"],"picked":"Feed","floor":27},{"not_picked":["Warcry","Sword Boomerang"],"picked":"Disarm+1","floor":28},{"not_picked":["Sword Boomerang","Warcry","Anger"],"picked":"SKIP","floor":29},{"not_picked":["Iron Wave","Searing Blow"],"picked":"Dropkick","floor":31}],"player_experience":280797,"relics_obtained":[{"floor":8,"key":"StoneCalendar"},{"floor":9,"key":"HornCleat"},{"floor":13,"key":"Pen Nib"},{"floor":23,"key":"Turnip"},{"floor":25,"key":"Shovel"},{"floor":26,"key":"Torii"},{"floor":27,"key":"The Courier"},{"floor":32,"key":"Darkstone Periapt"}],"event_choices":[{"damage_healed":0,"gold_gain":0,"player_choice":"Lose Max HP","damage_taken":0,"relics_obtained":["Golden Idol"],"max_hp_gain":0,"max_hp_loss":6,"event_name":"Golden Idol","floor":4,"gold_loss":0},{"damage_healed":0,"gold_gain":0,"player_choice":"Leave","damage_taken":0,"max_hp_gain":0,"max_hp_loss":0,"event_name":"The Cleric","floor":11,"gold_loss":0},{"damage_healed":0,"gold_gain":0,"player_choice":"Success","damage_taken":25,"relics_obtained":["Mercury Hourglass"],"max_hp_gain":0,"max_hp_loss":0,"event_name":"Scrap Ooze","floor":12,"gold_loss":0},{"damage_healed":0,"gold_gain":100,"player_choice":"Bet on Murderer","damage_taken":0,"max_hp_gain":0,"max_hp_loss":0,"event_name":"The Joust","floor":30,"gold_loss":50}],"is_beta":false,"boss_relics":[{"not_picked":["Runic Pyramid","Fusion Hammer"],"picked":"Velvet Choker"}],"items_purged_floors":[21],"is_endless":false,"potions_floor_spawned":[2,5,13,23,25,27,28],"killed_by":"Automaton","ascension_level":3}}