{"host":"6z6y4ky8uzsz1dpj","time":1607543491,"event":{"gold_per_floor":[109,109,121,121,139,146,210,210,210],"floor_reached":8,"playtime":324,"items_purged":[],"score":58,"play_id":"ee78ab0a-257d-41ac-9d2f-090ac349633f","local_time":"20201209145131","is_ascension_mode":false,"campfire_choices":[],"neow_cost":"NONE","seed_source_timestamp":279214395212400,"circlet_count":0,"master_deck":["hierophant:Strike_Hierophant","hierophant:Strike_Hierophant","hierophant:Strike_Hierophant","hierophant:Strike_Hierophant","hierophant:Punish","hierophant:Defend_Hierophant","hierophant:Defend_Hierophant","hierophant:Defend_Hierophant","hierophant:Defend_Hierophant","hierophant:ChurchCoffers","hierophant:FaithHealing","Clumsy","hierophant:Doomsaying","hierophant:Zeal","hierophant:Zeal"],"relics":["hierophant:PropheticMaskRelic","SsserpentHead","hubris:MysteriousPyramids"],"potions_floor_usage":[8],"damage_taken":[{"damage":1,"enemies":"2 Louse","floor":1,"turns":3},{"damage":0,"enemies":"Small Slimes","floor":3,"turns":2},{"damage":10,"enemies":"Cultist","floor":5,"turns":4},{"damage":44,"enemies":"Gremlin Nob","floor":6,"turns":5},{"damage":0,"enemies":"3 Louse","floor":7,"turns":2},{"damage":26,"enemies":"3 Sentries","floor":8,"turns":5}],"seed_played":"-4302145043495593802","potions_obtained":[{"floor":1,"key":"Weak Potion"},{"floor":7,"key":"BlessingOfTheForge"}],"is_trial":false,"path_per_floor":["M","?","M","?","M","E","M","E"],"character_chosen":"HIEROPHANT","items_purchased":[],"campfire_rested":0,"item_purchase_floors":[],"current_hp_per_floor":[81,81,81,81,71,27,27,1,1],"gold":210,"neow_bonus":"TEN_PERCENT_HP_BONUS","is_prod":false,"is_daily":false,"chose_seed":false,"campfire_upgraded":0,"win_rate":0.0,"timestamp":1607543491,"path_taken":["M","?","M","?","M","E","?","E"],"build_version":"2020-11-30","purchased_purges":0,"victory":false,"max_hp_per_floor":[82,82,82,82,82,82,82,82,82],"card_choices":[{"not_picked":["hierophant:Mercenaries","hierophant:Alms"],"picked":"hierophant:FaithHealing","floor":1},{"not_picked":["hierophant:Embezzle","hierophant:CoinFling","hierophant:SealAway"],"picked":"SKIP","floor":3},{"not_picked":["hierophant:FieryStrike","hierophant:DisplayOfPower"],"picked":"hierophant:Doomsaying","floor":5},{"not_picked":["hierophant:AuricShield","hierophant:CursedGold"],"picked":"hierophant:Zeal","floor":6},{"not_picked":["hierophant:Prophecy","hierophant:Upheaval"],"picked":"hierophant:Zeal","floor":7}],"player_experience":157637,"relics_obtained":[{"floor":6,"key":"hubris:MysteriousPyramids"}],"event_choices":[{"damage_healed":0,"gold_gain":0,"player_choice":"Trade","damage_taken":0,"relics_obtained":["SsserpentHead"],"max_hp_gain":0,"max_hp_loss":0,"event_name":"FaceTrader","floor":4,"gold_loss":0}],"is_beta":false,"boss_relics":[],"items_purged_floors":[],"is_endless":false,"potions_floor_spawned":[1,7],"killed_by":"3 Sentries","ascension_level":0}}