{"host":"l4zsyynf3knc4g5z","time":1607549603,"event":{"gold_per_floor":[115,40,60,79,90,119,130,130,130,41,41,41,59,59,59,183,183,198,198,198,198,9,9,9],"floor_reached":23,"playtime":435,"items_purged":["Corruption","Headbutt"],"score":214,"play_id":"bd37dae6-5dc6-4247-a095-9fe345939c77","local_time":"20201209133323","is_ascension_mode":false,"campfire_choices":[{"data":"Reaper","floor":8,"key":"SMITH"},{"data":"Flex","floor":11,"key":"SMITH"},{"data":"Flex","floor":12,"key":"SMITH"},{"floor":15,"key":"REST"}],"neow_cost":"NONE","seed_source_timestamp":1594066820713100,"circlet_count":0,"master_deck":["Strike_R","Strike_R","Strike_R","Strike_R","Strike_R","Defend_R","Defend_R","Defend_R","Defend_R","Bash","Flex+1","Sword Boomerang","Reaper+1","Anger","Flex+1","Metallicize","Limit Break","Heavy Blade","Flex","Flex","Heavy Blade"],"relics":["Burning Blood","WingedGreaves","hubris:OldNail","Golden Idol","SacredBark","Enchiridion","hubris:Towel"],"potions_floor_usage":[5,6,16,23],"damage_taken":[{"damage":12,"enemies":"2 Louse","floor":1,"turns":3},{"damage":0,"enemies":"Small Slimes","floor":3,"turns":3},{"damage":11,"enemies":"Jaw Worm","floor":4,"turns":2},{"damage":26,"enemies":"Exordium Wildlife","floor":5,"turns":5},{"damage":36,"enemies":"Lagavulin","floor":6,"turns":4},{"damage":0,"enemies":"Large Slime","floor":7,"turns":4},{"damage":0,"enemies":"Looter","floor":13,"turns":2},{"damage":13,"enemies":"Slime Boss","floor":16,"turns":6},{"damage":10,"enemies":"Spheric Guardian","floor":18,"turns":3},{"damage":60,"enemies":"Gremlin Leader","floor":23,"turns":3}],"seed_played":"7081987992752758335","potions_obtained":[{"floor":4,"key":"Energy Potion"},{"floor":5,"key":"Toxic Potion"},{"floor":7,"key":"LiquidMemories"},{"floor":13,"key":"ColorlessPotion"},{"floor":18,"key":"Milkshake"}],"is_trial":false,"path_per_floor":["M","$","M","M","M","E","M","R","T","$","R","R","M","?","R","B",null,"M","?","?","?","$","E"],"character_chosen":"IRONCLAD","items_purchased":["Flex","Metallicize","Flex","Heavy Blade"],"campfire_rested":1,"item_purchase_floors":[10,10,22,22],"current_hp_per_floor":[74,74,80,75,55,25,43,43,43,43,43,43,49,49,71,67,74,70,54,54,54,54,0,0],"gold":9,"neow_bonus":"ONE_RANDOM_RARE_CARD","is_prod":false,"is_daily":false,"chose_seed":false,"campfire_upgraded":3,"win_rate":0.0,"timestamp":1607549603,"path_taken":["M","$","M","M","M","E","M","R","T","$","R","R","M","?","R","BOSS","M","?","?","?","$","E"],"build_version":"2020-11-30","purchased_purges":2,"victory":false,"max_hp_per_floor":[80,80,80,80,80,80,80,80,80,80,80,80,80,74,74,74,74,74,74,74,74,74,74,74],"card_choices":[{"not_picked":["Rupture","True Grit"],"picked":"Headbutt","floor":1},{"not_picked":["Carnage","Clothesline"],"picked":"Flex","floor":3},{"not_picked":["Evolve","Headbutt"],"picked":"Sword Boomerang","floor":4},{"not_picked":["Power Through","Clash","hubris:CleavingFinish"],"picked":"SKIP","floor":5},{"not_picked":["Pommel Strike","Shrug It Off"],"picked":"Reaper","floor":6},{"not_picked":["Iron Wave","Clash"],"picked":"Anger","floor":7},{"not_picked":["Cleave","Combust","ReplayTheSpireMod:Strike From Hell"],"picked":"SKIP","floor":13},{"not_picked":["Exhume","Immolate"],"picked":"Limit Break","floor":16},{"not_picked":["ReplayTheSpireMod:Strike From Hell+1","BarbarianYell+1"],"picked":"Heavy Blade","floor":18}],"player_experience":95575,"relics_obtained":[{"floor":6,"key":"WingedGreaves"},{"floor":9,"key":"hubris:OldNail"},{"floor":19,"key":"Enchiridion"}],"event_choices":[{"damage_healed":0,"gold_gain":0,"player_choice":"Lose Max HP","damage_taken":0,"relics_obtained":["Golden Idol"],"max_hp_gain":0,"max_hp_loss":6,"event_name":"Golden Idol","floor":14,"gold_loss":0},{"damage_healed":0,"gold_gain":0,"player_choice":"Obtained Book","damage_taken":16,"max_hp_gain":0,"max_hp_loss":0,"event_name":"Cursed Tome","floor":19,"gold_loss":0},{"damage_healed":0,"gold_gain":0,"player_choice":"Ignored","damage_taken":0,"max_hp_gain":0,"max_hp_loss":0,"event_name":"Ghosts","floor":20,"gold_loss":0}],"is_beta":false,"boss_relics":[{"not_picked":["Honey Jar","Replay:Grab Bag"],"picked":"SacredBark"}],"items_purged_floors":[2,22],"is_endless":false,"potions_floor_spawned":[4,5,7,13,18],"killed_by":"Gremlin Leader","ascension_level":0}}