{"host":"htpechobqgpaugnv","time":1607490226,"event":{"gold_per_floor":[113,38,188,24,34,34,68,84,84,94,94,94],"floor_reached":11,"playtime":254,"items_purged":["Normality"],"score":146,"play_id":"07fb7abb-0131-47a4-8ed2-1fff9af15bb9","local_time":"20201208230346","is_ascension_mode":true,"campfire_choices":[{"data":"TalkToTheHand","floor":6.0,"key":"SMITH"}],"neow_cost":"CURSE","seed_source_timestamp":70183764338299,"circlet_count":0,"master_deck":["AscendersBane","Strike_P","Strike_P","Strike_P","Strike_P","Defend_P","Defend_P","Defend_P","Defend_P","Eruption","Vigilance","Master of Strategy","PathToVictory","Doubt","TalkToTheHand+1","Omniscience","WaveOfTheHand+1"],"special_seed":0,"relics":["PureWater","OrangePellets","Mercury Hourglass","Toxic Egg 2"],"potions_floor_usage":[],"damage_taken":[{"damage":7.0,"enemies":"Cultist","floor":1.0,"turns":3.0},{"damage":2.0,"enemies":"Small Slimes","floor":5.0,"turns":2.0},{"damage":49.0,"enemies":"Lagavulin","floor":7.0,"turns":9.0},{"damage":0.0,"enemies":"2 Louse","floor":8.0,"turns":3.0},{"damage":0.0,"enemies":"Blue Slaver","floor":10.0,"turns":2.0},{"damage":20,"enemies":"Gremlin Nob","floor":11,"turns":3}],"seed_played":"-2824603851062151585","potions_obtained":[{"floor":1.0,"key":"Explosive Potion"},{"floor":7.0,"key":"AttackPotion"}],"is_trial":false,"path_per_floor":["M","$","?","$","M","R","E","M","T","M","E"],"character_chosen":"WATCHER","items_purchased":["OrangePellets"],"campfire_rested":0,"item_purchase_floors":[4],"current_hp_per_floor":[54,54,54,54,52,52,3,3,3,3,0,0],"gold":94,"neow_bonus":"RANDOM_COLORLESS_2","is_prod":false,"is_daily":false,"chose_seed":false,"campfire_upgraded":1,"win_rate":0,"timestamp":1607490226,"path_taken":["M","$","?","$","M","R","E","M","T","M","E"],"build_version":"2020-11-30","purchased_purges":1,"victory":false,"max_hp_per_floor":[68,68,68,68,68,68,68,68,68,68,68,68],"relic_stats":{"OrangePellets":[0],"counters":[6,22],"obtain_stats":[{"OrangePellets":4,"PureWater":0,"Toxic Egg 2":9,"Mercury Hourglass":7},{"OrangePellets":1,"PureWater":0,"Toxic Egg 2":4,"Mercury Hourglass":3},{"OrangePellets":3,"PureWater":0,"Toxic Egg 2":17,"Mercury Hourglass":14}],"Mercury Hourglass":[27]},"card_choices":[{"not_picked":["Metamorphosis","Sadistic Nature"],"picked":"Master of Strategy","floor":0.0},{"not_picked":["BowlingBash","CrushJoints"],"picked":"PathToVictory","floor":1.0},{"not_picked":["Consecrate","CrushJoints"],"picked":"TalkToTheHand","floor":5.0},{"not_picked":["Adaptation","Perseverance","InnerPeace"],"picked":"SKIP","floor":7.0},{"not_picked":["Perseverance","Protect"],"picked":"Omniscience","floor":8.0},{"not_picked":["CarveReality","EmptyBody+1"],"picked":"WaveOfTheHand+1","floor":10.0}],"player_experience":1251596,"relics_obtained":[{"floor":7.0,"key":"Mercury Hourglass"},{"floor":9.0,"key":"Toxic Egg 2"}],"event_choices":[{"damage_healed":0.0,"max_hp_gain":0.0,"max_hp_loss":0.0,"gold_gain":150.0,"event_name":"Liars Game","player_choice":"AGREE","floor":3.0,"gold_loss":0.0,"damage_taken":0.0,"cards_obtained":["Doubt"]}],"is_beta":false,"boss_relics":[],"items_purged_floors":[2],"is_endless":false,"potions_floor_spawned":[1,7,8],"killed_by":"Gremlin Nob","ascension_level":20}}