{"host":"cjhtzh7tp54jdfyv","time":1607532280,"event":{"gold_per_floor":[109,79,354,370,7,7,7,23,23,43,68,88,115,139,151,237,249,275,287,299,11,11,41,41,41,41,72,84,84,103,114,114,114,114],"floor_reached":33,"playtime":2239,"items_purged":["Regret"],"score":665,"play_id":"066d340e-d7c9-4e1a-a2a7-57493c020618","local_time":"20201209114440","is_ascension_mode":true,"campfire_choices":[{"data":"Deadly Poison","floor":6.0,"key":"SMITH"},{"data":"Skewer","floor":15.0,"key":"SMITH"},{"data":"Well Laid Plans","floor":29,"key":"SMITH"},{"data":"Neutralize","floor":32,"key":"SMITH"}],"neow_cost":"NONE","seed_source_timestamp":680999548713400,"circlet_count":0,"master_deck":["AscendersBane","Defend_G","Defend_G","Defend_G","Defend_G","Defend_G","Survivor","Neutralize+1","Dagger Spray+1","Deadly Poison+1","Bouncing Flask+1","Backflip+1","Cloak And Dagger+1","Skewer+1","Adrenaline+1","Well Laid Plans+1","Bite","Bite","Bite","Bite+1","Bite","RitualDagger","Crippling Poison+1"],"special_seed":0,"relics":["Busted Crown","Toxic Egg 2","Ninja Scroll","Darkstone Periapt","MawBank","Black Star","ClockworkSouvenir","White Beast Statue","Whetstone","Bag of Preparation","InkBottle","PreservedInsect","MealTicket"],"potions_floor_usage":[33,33],"damage_taken":[{"damage":0.0,"enemies":"Small Slimes","floor":1.0,"turns":4.0},{"damage":2.0,"enemies":"Cultist","floor":4.0,"turns":4.0},{"damage":2.0,"enemies":"Jaw Worm","floor":8.0,"turns":3.0},{"damage":0.0,"enemies":"3 Louse","floor":10.0,"turns":2.0},{"damage":2.0,"enemies":"3 Sentries","floor":11.0,"turns":5.0},{"damage":3.0,"enemies":"Exordium Wildlife","floor":12.0,"turns":3.0},{"damage":11.0,"enemies":"Gremlin Nob","floor":13.0,"turns":3.0},{"damage":3.0,"enemies":"2 Fungi Beasts","floor":14.0,"turns":2.0},{"damage":26.0,"enemies":"Hexaghost","floor":16.0,"turns":9.0},{"damage":8.0,"enemies":"2 Thieves","floor":18.0,"turns":3.0},{"damage":38.0,"enemies":"Slavers","floor":23.0,"turns":7.0},{"damage":9,"enemies":"Gremlin Leader","floor":27,"turns":7},{"damage":1,"enemies":"3 Byrds","floor":28,"turns":5},{"damage":0,"enemies":"Centurion and Healer","floor":30,"turns":6},{"damage":0,"enemies":"Cultist and Chosen","floor":31,"turns":4},{"damage":80,"enemies":"Collector","floor":33,"turns":9}],"seed_played":"1813129880786665853","potions_obtained":[{"floor":10.0,"key":"SteroidPotion"},{"floor":11.0,"key":"Fire Potion"},{"floor":13.0,"key":"SkillPotion"},{"floor":16.0,"key":"EssenceOfSteel"},{"floor":27,"key":"Regen Potion"},{"floor":28,"key":"BlessingOfTheForge"},{"floor":31,"key":"GamblersBrew"}],"is_trial":false,"path_per_floor":["M","$","?","M","$","R","$","M","T","M","E","M","E","M","R","B",null,"M","?","?","$","?","E","T","$","T","E","M","R","M","M","R","B"],"character_chosen":"THE_SILENT","items_purchased":["Dagger Spray","Toxic Egg 2","Bouncing Flask+1","ClockworkSouvenir","SteroidPotion"],"campfire_rested":0,"item_purchase_floors":[2,5,5,21,21],"current_hp_per_floor":[59,59,59,57,57,57,57,55,55,55,53,50,39,36,36,10,52,44,44,44,44,38,16,16,16,16,32,44,44,46,46,46,0,0],"gold":114,"neow_bonus":"BOSS_RELIC","is_prod":false,"is_daily":false,"chose_seed":false,"campfire_upgraded":4,"win_rate":0,"timestamp":1607532280,"path_taken":["M","$","?","?","$","R","?","?","T","M","E","M","E","M","R","BOSS","M","?","?","?","?","E","?","?","T","E","M","R","M","?","R","BOSS"],"build_version":"2020-11-30","purchased_purges":1,"victory":false,"max_hp_per_floor":[66,66,66,66,66,66,66,66,66,66,66,66,66,66,66,66,66,66,66,46,46,46,46,46,46,46,46,46,46,46,46,46,46,46],"card_choices":[{"not_picked":["Prepared"],"picked":"SKIP","floor":1.0},{"not_picked":[],"picked":"Deadly Poison","floor":4.0},{"not_picked":[],"picked":"Backflip+1","floor":8.0},{"not_picked":["Reflex+1"],"picked":"SKIP","floor":10.0},{"not_picked":[],"picked":"Cloak And Dagger+1","floor":11.0},{"not_picked":["Eviscerate"],"picked":"SKIP","floor":12.0},{"not_picked":[],"picked":"Skewer","floor":13.0},{"not_picked":["A Thousand Cuts"],"picked":"SKIP","floor":14.0},{"not_picked":[],"picked":"Adrenaline+1","floor":16.0},{"not_picked":["Flechettes"],"picked":"SKIP","floor":18.0},{"not_picked":["Flying Knee"],"picked":"SKIP","floor":23},{"not_picked":[],"picked":"Crippling Poison+1","floor":27},{"not_picked":["Infinite Blades"],"picked":"SKIP","floor":28},{"not_picked":["Well Laid Plans"],"picked":"SKIP","floor":30},{"not_picked":["Poisoned Stab"],"picked":"SKIP","floor":31}],"player_experience":4066690,"relics_obtained":[{"floor":9.0,"key":"Ninja Scroll"},{"floor":11.0,"key":"Darkstone Periapt"},{"floor":13.0,"key":"MawBank"},{"floor":23,"key":"White Beast Statue"},{"floor":23,"key":"Whetstone"},{"floor":24,"key":"Bag of Preparation"},{"floor":26,"key":"InkBottle"},{"floor":27,"key":"PreservedInsect"},{"floor":27,"key":"MealTicket"}],"event_choices":[{"damage_healed":0.0,"max_hp_gain":0.0,"max_hp_loss":0.0,"gold_gain":275.0,"event_name":"Golden Shrine","player_choice":"Desecrate","floor":3.0,"gold_loss":0.0,"damage_taken":0.0,"cards_obtained":["Regret"]},{"damage_healed":0.0,"max_hp_gain":0.0,"max_hp_loss":0.0,"gold_gain":0.0,"event_name":"The Library","player_choice":"Read","floor":19.0,"gold_loss":0.0,"damage_taken":0.0,"cards_obtained":["Well Laid Plans"]},{"damage_healed":0.0,"max_hp_gain":0.0,"max_hp_loss":20.0,"gold_gain":0.0,"event_name":"Vampires","player_choice":"Became a vampire","floor":20.0,"gold_loss":0.0,"damage_taken":0.0,"cards_obtained":["Bite","Bite","Bite","Bite","Bite"]},{"damage_healed":0.0,"max_hp_gain":0.0,"max_hp_loss":0.0,"gold_gain":0.0,"event_name":"Nest","player_choice":"Joined the Cult","floor":22.0,"gold_loss":0.0,"damage_taken":6.0,"cards_obtained":["RitualDagger"]}],"is_beta":false,"boss_relics":[{"not_picked":["Snecko Eye","SacredBark"],"picked":"Black Star"}],"items_purged_floors":[21],"is_endless":false,"potions_floor_spawned":[10,11,13,16,27,28,30,31],"killed_by":"Collector","ascension_level":20}}