{"host":"2uzrezb18q7r18aw","time":1607503947,"event":{"gold_per_floor":[115,150,150,162,181,207,207,207,207,234,234,234,266,191,191,296,296,309,323,323,361,361,416,416,54,136,155,182,182,192,192,192,291,291,306,306,376,2,0,0,43,43,52,52,79,79,79,79,79,79,79],"floor_reached":50,"playtime":1399,"items_purged":["Strike_MRS","Defend_MRS","Defend_MRS"],"score":675,"play_id":"50e06d9e-9495-4710-9bdf-e5fdb664b712","local_time":"20201209175227","daily_mods":["Allstar","Blue Cards","Lethality"],"is_ascension_mode":false,"campfire_choices":[{"data":"Dramatic Entrance","floor":7.0,"key":"SMITH"},{"data":"MilkyWay","floor":12.0,"key":"SMITH"},{"data":"GalacticHalo","floor":15.0,"key":"SMITH"},{"data":"FinalSpark","floor":24.0,"key":"SMITH"},{"floor":32.0,"key":"REST"},{"data":"EnergyFlow","floor":40.0,"key":"SMITH"},{"data":"MachineGunSpark","floor":46.0,"key":"SMITH"},{"floor":49,"key":"REST"}],"neow_cost":"","seed_source_timestamp":0,"circlet_count":0,"master_deck":["Strike_MRS","Strike_MRS","Strike_MRS","Defend_MRS","Defend_MRS+1","MasterSpark","UpSweep","Swift Strike","HandOfGreed","Dramatic Entrance+1","Jack Of All Trades","GalacticHalo+1","PulseMagic","MilkyWay+1","AlicesGift+1","DoubleSpark","Reinforced Body+1","GasGiant","EnergyFlow+1","FinalSpark+1","RefractionSpark+1","MachineGunSpark+1","Clumsy"],"special_seed":0,"relics":["BewitchedHakkero","Strawberry","Ancient Tea Set","Bag of Marbles","Gambling Chip","BreadOfAWashokuLover","Matryoshka","Juzu Bracelet","Blue Candle","War Paint","Mercury Hourglass","Mummified Hand","StrikeDummy","Cursed Key","WingedGreaves","Art of War","Red Mask","CeramicFish","Boot","Bottled Flame","Lizard Tail"],"potions_floor_usage":[49,50,50],"damage_taken":[{"damage":0.0,"enemies":"Gensokyo:3_Fairies","floor":1.0,"turns":2.0},{"damage":0.0,"enemies":"Gensokyo:Gryphon","floor":2.0,"turns":1.0},{"damage":0.0,"enemies":"Gensokyo:2_Kodama","floor":4.0,"turns":1.0},{"damage":0.0,"enemies":"Gensokyo:VengefulSpirit","floor":5.0,"turns":3.0},{"damage":0.0,"enemies":"Gensokyo:Cirno","floor":6.0,"turns":3.0},{"damage":0.0,"enemies":"Gensokyo:Aya","floor":10.0,"turns":2.0},{"damage":0.0,"enemies":"Gensokyo:Mamizou","floor":13.0,"turns":3.0},{"damage":9.0,"enemies":"Gensokyo:Reimu","floor":16.0,"turns":5.0},{"damage":0.0,"enemies":"Gensokyo:2_Gloops","floor":18.0,"turns":2.0},{"damage":18.0,"enemies":"Gensokyo:AngelMirror","floor":19.0,"turns":2.0},{"damage":11.0,"enemies":"Gensokyo:Slime_Group","floor":21.0,"turns":2.0},{"damage":9.0,"enemies":"Gensokyo:Koishi","floor":23.0,"turns":4.0},{"damage":0.0,"enemies":"Gensokyo:Swordslinger","floor":27.0,"turns":1.0},{"damage":20.0,"enemies":"Gensokyo:Tenshi","floor":28.0,"turns":3.0},{"damage":0.0,"enemies":"Gensokyo:Monolith_and_Dog","floor":30.0,"turns":3.0},{"damage":22.0,"enemies":"Gensokyo:Eiki","floor":33.0,"turns":8.0},{"damage":5.0,"enemies":"3 Darklings","floor":35.0,"turns":3.0},{"damage":10.0,"enemies":"Mind Bloom Boss Battle","floor":37.0,"turns":4.0},{"damage":6.0,"enemies":"Reptomancer","floor":41.0,"turns":3.0},{"damage":24.0,"enemies":"Giant Head","floor":45.0,"turns":6.0},{"damage":108,"enemies":"Time Eater","floor":50,"turns":7}],"seed_played":"7592059092835992997","potions_obtained":[{"floor":1.0,"key":"SteroidPotion"},{"floor":4.0,"key":"Energy Potion"},{"floor":13.0,"key":"Weak Potion"},{"floor":16.0,"key":"AttackPotion"},{"floor":23.0,"key":"SpeedPotion"},{"floor":28.0,"key":"DuplicationPotion"},{"floor":35.0,"key":"Dexterity Potion"},{"floor":45.0,"key":"GamblersBrew"}],"is_trial":true,"path_per_floor":["M","M","?","M","M","E","R","?","T","E","T","R","?","$","R","B",null,"M","M","?","M","?","E","R","$","T","M","E","?","M","?","R","B",null,"M","?","?","$","?","R","E","$","T","?","E","R","$","?","R","B"],"character_chosen":"MARISA","items_purchased":["Blue Candle","Fruit Juice","Art of War"],"campfire_rested":2,"item_purchase_floors":[25,38,38],"current_hp_per_floor":[75,75,72,72,72,72,72,72,72,72,72,72,72,72,72,63,82,82,64,64,53,53,45,45,45,45,45,25,25,25,25,47,25,76,71,71,61,61,61,61,55,55,55,55,32,32,32,32,61,0,0],"gold":79,"neow_bonus":"","is_prod":false,"is_daily":false,"chose_seed":false,"campfire_upgraded":6,"win_rate":0,"timestamp":1607503947,"path_taken":["M","M","?","M","M","E","R","?","T","E","?","R","?","$","R","BOSS","BOSS","M","M","?","M","?","E","R","$","T","M","E","?","M","?","R","BOSS","M","?","?","$","?","R","E","?","T","?","E","R","?","?","R","BOSS"],"build_version":"2020-11-30","purchased_purges":3,"victory":false,"max_hp_per_floor":[75,75,82,82,82,82,82,82,82,82,82,82,82,82,82,82,82,82,82,82,82,82,82,82,82,82,82,82,76,76,76,76,76,76,76,76,76,76,76,76,76,76,76,76,76,76,76,76,81,81,81],"card_choices":[{"not_picked":["GrandCross","PulseMagic"],"picked":"GalacticHalo","floor":1.0},{"not_picked":["6A","GrandCross"],"picked":"PulseMagic","floor":2.0},{"not_picked":["Occultation","SporeBomb"],"picked":"MilkyWay","floor":4.0},{"not_picked":["MagicChant","OrrerysSun","WitchLeyline"],"picked":"SKIP","floor":5.0},{"not_picked":["RefractionSpark","PulseMagic","LuminesStrike"],"picked":"SKIP","floor":6.0},{"not_picked":["OpenUniverse","NonDirectionalLaser","GrandCross"],"picked":"SKIP","floor":10.0},{"not_picked":["StarlightTyphoon","SatelliteIllusion","RefractionSpark"],"picked":"SKIP","floor":13.0},{"not_picked":["Acceleration","6A+1","PropBag"],"picked":"SKIP","floor":18.0},{"not_picked":["UnstableBomb","SprinkleStarSeal"],"picked":"DoubleSpark","floor":19.0},{"not_picked":["StarBarrage","MilkyWay"],"picked":"GasGiant","floor":21.0},{"not_picked":["WitchOfGreed","SprinkleStarSeal"],"picked":"FinalSpark","floor":23.0},{"not_picked":["MilkyWay","ShootingEcho","GrandCross"],"picked":"SKIP","floor":27.0},{"not_picked":["UnstableBomb","6A"],"picked":"RefractionSpark+1","floor":28.0},{"not_picked":["RefractionSpark+1","MagicAbsorber","EarthLightRay"],"picked":"SKIP","floor":30.0},{"not_picked":["WitchLeyline","EnergyFlow+1","ShootTheMoon"],"picked":"SKIP","floor":35.0},{"not_picked":["StarBarrage+1","MagicChant"],"picked":"MachineGunSpark","floor":41.0},{"not_picked":["WitchLeyline+1","MagicChant+1","Acceleration"],"picked":"SKIP","floor":45.0}],"player_experience":642056,"relics_obtained":[{"floor":6.0,"key":"Ancient Tea Set"},{"floor":9.0,"key":"Bag of Marbles"},{"floor":10.0,"key":"Gambling Chip"},{"floor":11.0,"key":"BreadOfAWashokuLover"},{"floor":13.0,"key":"Matryoshka"},{"floor":23.0,"key":"Juzu Bracelet"},{"floor":26.0,"key":"War Paint"},{"floor":26.0,"key":"Mercury Hourglass"},{"floor":28.0,"key":"Mummified Hand"},{"floor":37.0,"key":"WingedGreaves"},{"floor":41.0,"key":"CeramicFish"},{"floor":43.0,"key":"Boot"},{"floor":43.0,"key":"Bottled Flame"},{"floor":45.0,"key":"Lizard Tail"}],"event_choices":[{"damage_healed":0.0,"max_hp_gain":0.0,"max_hp_loss":0.0,"gold_gain":0.0,"event_name":"SensoryStone","player_choice":"Memory 1","floor":36.0,"gold_loss":0.0,"damage_taken":0.0},{"damage_healed":0.0,"max_hp_gain":0.0,"max_hp_loss":0.0,"gold_gain":0.0,"event_name":"MindBloom","player_choice":"Fight","floor":37.0,"gold_loss":0.0,"damage_taken":0.0},{"damage_healed":0.0,"max_hp_gain":0.0,"max_hp_loss":0.0,"gold_gain":0.0,"event_name":"Tomb of Lord Red Mask","player_choice":"Paid","floor":39.0,"gold_loss":2.0,"damage_taken":0.0,"relics_obtained":["Red Mask"]},{"cards_removed":["Mayhem"],"damage_healed":0.0,"max_hp_gain":0.0,"max_hp_loss":0.0,"gold_gain":0.0,"event_name":"Falling","player_choice":"Removed Power","floor":44.0,"gold_loss":0.0,"damage_taken":0.0},{"damage_healed":0,"gold_gain":0,"player_choice":"Ignored","damage_taken":0,"max_hp_gain":0,"max_hp_loss":0,"event_name":"Transmorgrifier","floor":48,"gold_loss":0}],"is_beta":false,"boss_relics":[{"not_picked":["Snecko Eye","Velvet Choker"],"picked":"BewitchedHakkero"},{"not_picked":["Sozu","Calling Bell"],"picked":"Cursed Key"}],"items_purged_floors":[14,25,38],"is_endless":false,"potions_floor_spawned":[1,4,13,16,19,23,27,28,35,45],"killed_by":"Time Eater","ascension_level":0}}