{"host":"kos1s9q8ffr8fqos","time":1607480452,"event":{"gold_per_floor":[15,15,15,26,38,38,38],"floor_reached":6,"playtime":423,"items_purged":[],"score":38,"play_id":"dffc17af-ffe9-455a-ae95-3771794f00cc","local_time":"20201208202052","is_ascension_mode":true,"campfire_choices":[],"neow_cost":"NO_GOLD","seed_source_timestamp":533605995195300,"circlet_count":0,"master_deck":["TheSimpletonMod:Strike_TheSimpleton","TheSimpletonMod:Strike_TheSimpleton","TheSimpletonMod:Strike_TheSimpleton","TheSimpletonMod:Defend_TheSimpleton","TheSimpletonMod:Defend_TheSimpleton","TheSimpletonMod:Defend_TheSimpleton","TheSimpletonMod:Defend_TheSimpleton","TheSimpletonMod:Haymaker","TheSimpletonMod:ReapAndSow","TheSimpletonMod:SaltTheEarth","TheSimpletonMod:CropRotation","TheSimpletonMod:SpiceUp","TheSimpletonMod:Ferment"],"relics":["TheSimpletonMod:SpudOfTheInnocent","TheSimpletonMod:NightSoil","TheSimpletonMod:TheHarvester"],"potions_floor_usage":[],"damage_taken":[{"damage":9,"enemies":"Jaw Worm","floor":1,"turns":4},{"damage":5,"enemies":"Cultist","floor":4,"turns":4},{"damage":11,"enemies":"infinitespire:Voidling","floor":5,"turns":4},{"damage":52,"enemies":"3 Sentries","floor":6,"turns":7}],"seed_played":"-8841397969205064292","potions_obtained":[{"floor":1,"key":"blueLaboratory:EnragingPotion"}],"is_trial":false,"path_per_floor":["M","?","$","M","M","E"],"character_chosen":"THE_SIMPLETON","items_purchased":[],"campfire_rested":0,"item_purchase_floors":[],"current_hp_per_floor":[66,66,66,61,50,0,0],"gold":38,"neow_bonus":"THREE_RARE_CARDS","is_prod":false,"is_daily":false,"chose_seed":false,"campfire_upgraded":0,"win_rate":1,"timestamp":1607480452,"path_taken":["M","?","?","?","M","E"],"build_version":"2020-11-30","purchased_purges":0,"victory":false,"max_hp_per_floor":[75,75,75,75,75,75,75],"card_choices":[{"not_picked":["TheSimpletonMod:DesperatePlunge","TheSimpletonMod:FlashPasteurize"],"picked":"TheSimpletonMod:SaltTheEarth","floor":0},{"not_picked":["TheSimpletonMod:SoilSample","TheSimpletonMod:ControlledBurn"],"picked":"TheSimpletonMod:CropRotation","floor":1},{"not_picked":["TheSimpletonMod:VineRipen","TheSimpletonMod:CullingStrike"],"picked":"TheSimpletonMod:SpiceUp","floor":4},{"not_picked":["TheSimpletonMod:DoubleBarrel","TheSimpletonMod:Fertilaser"],"picked":"TheSimpletonMod:Ferment","floor":5}],"player_experience":1185924,"relics_obtained":[],"event_choices":[{"cards_removed":["TheSimpletonMod:Strike_TheSimpleton"],"damage_healed":0,"gold_gain":0,"player_choice":"Purged","damage_taken":0,"max_hp_gain":0,"max_hp_loss":0,"event_name":"Purifier","floor":2,"gold_loss":0}],"is_beta":false,"boss_relics":[],"items_purged_floors":[],"is_endless":false,"potions_floor_spawned":[1],"killed_by":"3 Sentries","ascension_level":1}}