{"host":"st1kg310ms6sytc5","time":1607518298,"event":{"gold_per_floor":[109,59,59,59,71,102,102,131,210,231,247,247,259,288,288,288,288],"floor_reached":16,"playtime":530,"items_purged":[],"score":185,"play_id":"421dc376-24ef-4d4e-bd02-39ad20962e6f","local_time":"20201209205138","is_ascension_mode":true,"campfire_choices":[{"data":"Koishi:MindStellarRelief","floor":7.0,"key":"SMITH"},{"data":"Koishi:HauntingSlash","floor":12.0,"key":"SMITH"},{"data":"Koishi:PhantomBarrier","floor":15.0,"key":"SMITH"}],"neow_cost":"NONE","seed_source_timestamp":1912973857162300,"circlet_count":0,"master_deck":["Koishi:BasicStrike","Koishi:BasicStrike","Koishi:BasicDefend","Koishi:BasicDefend","Koishi:BasicDefend","Koishi:BasicDefend","Koishi:Provoke","Koishi:HauntingSlash+1","Koishi:MindStellarRelief+1","Koishi:ConfinedInnocent","Koishi:Jaunt","Koishi:FourthEye","Koishi:SubconsciousSweep","Koishi:Untouchable","Koishi:Whimsy","Koishi:FreudianInstinct","Koishi:PhantomBarrier+1"],"special_seed":0,"relics":["Koishi:ImaginaryFriend","REME_ComplimentaryCards","NeowsBlessing","Lantern","Juzu Bracelet","Question Card","Odd Mushroom","Tiny Chest","Frozen Eye"],"potions_floor_usage":[16],"damage_taken":[{"damage":0.0,"enemies":"Small Slimes","floor":1.0,"turns":1.0},{"damage":0.0,"enemies":"Jaw Worm","floor":5.0,"turns":1.0},{"damage":0.0,"enemies":"Lagavulin","floor":6.0,"turns":1.0},{"damage":33.0,"enemies":"3 Sentries","floor":8.0,"turns":13.0},{"damage":10.0,"enemies":"The Mushroom Lair","floor":10.0,"turns":4.0},{"damage":0.0,"enemies":"2 Louse","floor":11.0,"turns":2.0},{"damage":8.0,"enemies":"Exordium Wildlife","floor":13.0,"turns":4.0},{"damage":0.0,"enemies":"Gremlin Nob","floor":14.0,"turns":5.0},{"damage":7,"enemies":"Hexaghost","floor":16,"turns":9}],"seed_played":"-3257479205387096783","potions_obtained":[{"floor":5.0,"key":"Fire Potion"},{"floor":8.0,"key":"SkillPotion"},{"floor":11.0,"key":"Energy Potion"},{"floor":13.0,"key":"Weak Potion"},{"floor":14.0,"key":"Swift Potion"}],"is_trial":false,"path_per_floor":["M","?","?","?","M","E","R","E","T","?","M","R","M","E","R","B"],"character_chosen":"KOISHI","items_purchased":[],"campfire_rested":0,"item_purchase_floors":[],"current_hp_per_floor":[60,60,60,60,60,60,60,29,29,21,21,21,15,19,19,12,12],"gold":288,"neow_bonus":"THREE_ENEMY_KILL","is_prod":false,"is_daily":false,"chose_seed":false,"campfire_upgraded":3,"win_rate":0,"timestamp":1607518298,"path_taken":["M","?","?","?","M","E","R","E","T","?","M","R","M","E","R","BOSS"],"build_version":"2020-11-30","purchased_purges":0,"victory":false,"max_hp_per_floor":[60,60,60,60,60,60,60,60,60,60,60,60,60,60,60,60,60],"relic_stats":{"counters":[9,40],"Tiny Chest":0,"Juzu Bracelet":1,"Question Card":4,"obtain_stats":[{"Frozen Eye":8,"Lantern":6,"NeowsBlessing":0,"Tiny Chest":14,"Juzu Bracelet":8,"Odd Mushroom":10,"Question Card":9,"Koishi:ImaginaryFriend":0,"REME_ComplimentaryCards":0},{"Frozen Eye":4,"Lantern":3,"NeowsBlessing":0,"Tiny Chest":8,"Juzu Bracelet":4,"Odd Mushroom":5,"Question Card":4,"Koishi:ImaginaryFriend":0,"REME_ComplimentaryCards":0},{"Frozen Eye":4,"Lantern":3,"NeowsBlessing":0,"Tiny Chest":31,"Juzu Bracelet":16,"Odd Mushroom":20,"Question Card":16,"Koishi:ImaginaryFriend":0,"REME_ComplimentaryCards":0}]},"card_choices":[{"not_picked":["Koishi:TraumaticStroke","Koishi:EmbryosDream","Koishi:GhostParty"],"picked":"SKIP","floor":1.0},{"not_picked":["Koishi:SubterraneanRose","Koishi:BloodcurdlingScream"],"picked":"Koishi:Jaunt","floor":5.0},{"not_picked":["Koishi:UnansweredLove","Koishi:EmbryosDream"],"picked":"Koishi:FourthEye","floor":6.0},{"not_picked":["Koishi:ConditionedTeleport","Koishi:DreadfulBlow"],"picked":"Koishi:SubconsciousSweep","floor":8.0},{"not_picked":["Koishi:SubterraneanRose","Koishi:SubconsciousSweep","Koishi:FleetingPhantom"],"picked":"Koishi:Untouchable","floor":10.0},{"not_picked":["Koishi:SuperEgo","Koishi:UnansweredLove","Koishi:SubterraneanRose"],"picked":"Koishi:Whimsy","floor":11.0},{"not_picked":["Koishi:MindNumbingTerror","Koishi:StingingMind","Koishi:Prune"],"picked":"Koishi:FreudianInstinct","floor":13.0},{"not_picked":["Koishi:HeartAttack","Koishi:Vanish","Koishi:StingingMind"],"picked":"Koishi:PhantomBarrier","floor":14.0}],"player_experience":1335169,"relics_obtained":[{"floor":6.0,"key":"Lantern"},{"floor":8.0,"key":"Juzu Bracelet"},{"floor":9.0,"key":"Question Card"},{"floor":10.0,"key":"Odd Mushroom"},{"floor":14.0,"key":"Tiny Chest"}],"event_choices":[{"cards_removed":["Koishi:BasicStrike"],"damage_healed":0.0,"max_hp_gain":0.0,"max_hp_loss":0.0,"gold_gain":0.0,"event_name":"The Cleric","player_choice":"Card Removal","floor":2.0,"gold_loss":50.0,"damage_taken":0.0},{"damage_healed":0.0,"max_hp_gain":0.0,"max_hp_loss":0.0,"gold_gain":0.0,"cards_transformed":["Koishi:BasicStrike"],"event_name":"Living Wall","player_choice":"Change","floor":3.0,"gold_loss":0.0,"damage_taken":0.0,"cards_obtained":["Koishi:ConfinedInnocent"]},{"damage_healed":0.0,"max_hp_gain":0.0,"max_hp_loss":0.0,"gold_gain":0.0,"event_name":"Liars Game","player_choice":"Ignored","floor":4.0,"gold_loss":0.0,"damage_taken":0.0},{"damage_healed":0.0,"max_hp_gain":0.0,"max_hp_loss":0.0,"gold_gain":0.0,"event_name":"Mushrooms","player_choice":"Fought Mushrooms","floor":10.0,"gold_loss":0.0,"damage_taken":0.0}],"is_beta":false,"boss_relics":[],"items_purged_floors":[],"is_endless":false,"potions_floor_spawned":[5,8,11,13,14],"killed_by":"Hexaghost","ascension_level":2}}