{"host":"og6lam4kt3nibbw0","time":1607474273,"event":{"gold_per_floor":[114,131,146,71,71,97,97,112,112,37,54,54,68,101,101,175,225,240,259,159,172,172,172,172,172],"floor_reached":24,"playtime":983,"items_purged":["Defend_P","Defend_P"],"score":516,"play_id":"20226d96-a591-4049-b850-352d5b3a17c1","local_time":"20201209093753","is_ascension_mode":true,"campfire_choices":[{"data":"Eruption","floor":7.0,"key":"SMITH"},{"data":"Meditate","floor":15.0,"key":"SMITH"},{"floor":23.0,"key":"REST"}],"neow_cost":"TEN_PERCENT_HP_LOSS","seed_source_timestamp":2108931167970399,"circlet_count":0,"master_deck":["AscendersBane","Strike_P","Strike_P","Eruption+1","Vigilance","Halt+1","Meditate+1","CrushJoints","TalkToTheHand","Decay"],"special_seed":0,"relics":["PureWater","StrikeDummy","Pantograph","Blue Candle","Tiny House"],"potions_floor_usage":[],"damage_taken":[{"damage":2.0,"enemies":"2 Louse","floor":1.0,"turns":3.0},{"damage":9.0,"enemies":"Jaw Worm","floor":2.0,"turns":5.0},{"damage":0.0,"enemies":"Cultist","floor":3.0,"turns":3.0},{"damage":0.0,"enemies":"Lagavulin","floor":6.0,"turns":6.0},{"damage":4.0,"enemies":"Red Slaver","floor":8.0,"turns":3.0},{"damage":2.0,"enemies":"Exordium Wildlife","floor":11.0,"turns":3.0},{"damage":10.0,"enemies":"3 Louse","floor":13.0,"turns":3.0},{"damage":0.0,"enemies":"Gremlin Nob","floor":14.0,"turns":3.0},{"damage":21.0,"enemies":"Hexaghost","floor":16.0,"turns":8.0},{"damage":12.0,"enemies":"3 Byrds","floor":18.0,"turns":8.0},{"damage":9.0,"enemies":"2 Thieves","floor":19.0,"turns":4.0},{"damage":9.0,"enemies":"Snecko","floor":21.0,"turns":4.0},{"damage":70,"enemies":"Slavers","floor":24,"turns":3}],"seed_played":"-6392463754932707675","potions_obtained":[{"floor":1.0,"key":"BlessingOfTheForge"},{"floor":2.0,"key":"SteroidPotion"},{"floor":8.0,"key":"Block Potion"},{"floor":12.0,"key":"EntropicBrew"},{"floor":14.0,"key":"Ambrosia"},{"floor":16.0,"key":"LiquidBronze"},{"floor":17.0,"key":"FairyPotion"}],"is_trial":false,"path_per_floor":["M","M","M","$","?","E","R","M","T","?","M","?","M","E","R","B",null,"M","M","$","M","?","R","E"],"character_chosen":"WATCHER","items_purchased":[],"campfire_rested":1,"item_purchase_floors":[],"current_hp_per_floor":[59,50,50,50,43,43,43,39,39,39,37,37,27,27,27,31,59,47,38,38,29,29,49,0,0],"gold":172,"neow_bonus":"REMOVE_TWO","is_prod":false,"is_daily":false,"chose_seed":false,"campfire_upgraded":2,"win_rate":0,"timestamp":1607474273,"path_taken":["M","M","M","$","?","E","R","M","T","?","M","?","?","E","R","BOSS","M","M","$","M","?","R","E"],"build_version":"2020-11-30","purchased_purges":2,"victory":false,"max_hp_per_floor":[62,62,62,62,62,62,62,62,62,62,62,62,62,62,62,62,67,67,67,67,67,67,67,67,67],"card_choices":[{"not_picked":["CutThroughFate","Vengeance"],"picked":"Halt","floor":1.0},{"not_picked":["SashWhip","DeceiveReality"],"picked":"Meditate","floor":2.0},{"not_picked":["WindmillStrike","JustLucky","Prostrate"],"picked":"SKIP","floor":3.0},{"not_picked":["FlyingSleeves","Nirvana","Sanctity"],"picked":"SKIP","floor":6.0},{"not_picked":["Conclude","Collect","Protect"],"picked":"SKIP","floor":8.0},{"not_picked":["SpiritShield","FlyingSleeves"],"picked":"CrushJoints","floor":11.0},{"not_picked":["JustLucky","ThirdEye","Crescendo"],"picked":"SKIP","floor":13.0},{"not_picked":["ReachHeaven","Prostrate","Study"],"picked":"SKIP","floor":14.0},{"not_picked":["JustLucky","EmptyBody","ThirdEye"],"picked":"SKIP","floor":18.0},{"not_picked":["PathToVictory","Protect","FlyingSleeves"],"picked":"SKIP","floor":19.0},{"not_picked":["Fasting2+1","Consecrate"],"picked":"TalkToTheHand","floor":21.0}],"player_experience":749999,"relics_obtained":[{"floor":6.0,"key":"StrikeDummy"},{"floor":9.0,"key":"Pantograph"},{"floor":14.0,"key":"Blue Candle"}],"event_choices":[{"cards_removed":["Strike_P"],"damage_healed":0.0,"max_hp_gain":0.0,"max_hp_loss":0.0,"gold_gain":0.0,"event_name":"Golden Wing","player_choice":"Card Removal","floor":5.0,"gold_loss":0.0,"damage_taken":7.0},{"cards_removed":["Defend_P"],"damage_healed":0.0,"max_hp_gain":0.0,"max_hp_loss":0.0,"gold_gain":0.0,"event_name":"The Cleric","player_choice":"Card Removal","floor":10.0,"gold_loss":75.0,"damage_taken":0.0},{"damage_healed":0.0,"max_hp_gain":0.0,"max_hp_loss":0.0,"gold_gain":0.0,"event_name":"Lab","player_choice":"Got Potions","floor":12.0,"gold_loss":0.0,"damage_taken":0.0},{"damage_healed":0.0,"max_hp_gain":0.0,"max_hp_loss":0.0,"gold_gain":0.0,"event_name":"Forgotten Altar","player_choice":"Smashed Altar","floor":22.0,"gold_loss":0.0,"damage_taken":0.0,"cards_obtained":["Decay"]}],"is_beta":false,"boss_relics":[{"not_picked":["SlaversCollar","Astrolabe"],"picked":"Tiny House"}],"items_purged_floors":[4,20],"is_endless":false,"potions_floor_spawned":[1,2,8,14,16,18,19,21],"killed_by":"Slavers","ascension_level":20}}