{"host":"x0ovlu53kkkog8rv","time":1607512765,"event":{"gold_per_floor":[109,34,60,10,185,185,213,213,213,242,242,261,319,339,339,339,339],"floor_reached":16,"playtime":363,"items_purged":["Strike_G"],"score":179,"play_id":"04a4d191-3141-473e-84be-da292d36f25b","local_time":"20201209201925","is_ascension_mode":true,"campfire_choices":[{"data":"Infinite Blades","floor":6,"key":"SMITH"},{"data":"Dagger Spray","floor":11,"key":"SMITH"},{"data":"PiercingWail","floor":15,"key":"SMITH"}],"neow_cost":"NONE","seed_source_timestamp":81600585803033,"circlet_count":0,"master_deck":["Strike_G","Strike_G","Strike_G","Defend_G","Defend_G","Defend_G","Defend_G","Defend_G","Survivor","Neutralize","Infinite Blades+1","Doubt","Backstab","Dagger Spray+1","Footwork","PiercingWail+1"],"special_seed":0,"relics":["Ring of the Snake","NeowsBlessing","Oddly Smooth Stone","Nunchaku","The Specimen","Pantograph","Juzu Bracelet"],"potions_floor_usage":[16],"damage_taken":[{"damage":0,"enemies":"Cultist","floor":1,"turns":1},{"damage":0,"enemies":"Gremlin Nob","floor":7,"turns":1},{"damage":0,"enemies":"Lagavulin","floor":10,"turns":1},{"damage":0,"enemies":"2 Louse","floor":12,"turns":2},{"damage":12,"enemies":"Jaw Worm","floor":14,"turns":3},{"damage":72,"enemies":"Hexaghost","floor":16,"turns":16}],"seed_played":"2182519837344081397","potions_obtained":[{"floor":1,"key":"Weak Potion"},{"floor":7,"key":"BlessingOfTheForge"},{"floor":14,"key":"BlessingOfTheForge"}],"is_trial":false,"path_per_floor":["M","$","T","?","?","R","E","?","T","E","R","M","?","M","R","B"],"character_chosen":"THE_SILENT","items_purchased":[],"campfire_rested":0,"item_purchase_floors":[],"current_hp_per_floor":[70,70,70,70,70,70,70,58,58,58,58,58,58,46,46,0,0],"gold":339,"neow_bonus":"THREE_ENEMY_KILL","is_prod":false,"is_daily":false,"chose_seed":false,"campfire_upgraded":3,"win_rate":0,"timestamp":1607512765,"path_taken":["M","$","?","?","?","R","E","?","T","E","R","M","?","M","R","BOSS"],"build_version":"2020-11-30","purchased_purges":1,"victory":false,"max_hp_per_floor":[70,70,70,70,70,70,70,70,70,70,70,70,70,70,70,70,70],"card_choices":[{"not_picked":["All Out Attack","Riddle With Holes"],"picked":"Infinite Blades","floor":1},{"not_picked":["Noxious Fumes","Quick Slash"],"picked":"Backstab","floor":7},{"not_picked":["Bouncing Flask","Setup"],"picked":"Dagger Spray","floor":10},{"not_picked":["Terror","Catalyst"],"picked":"Footwork","floor":12},{"not_picked":["Riddle With Holes","Predator"],"picked":"PiercingWail","floor":14}],"player_experience":157188,"relics_obtained":[{"floor":3,"key":"Oddly Smooth Stone"},{"floor":7,"key":"Nunchaku"},{"floor":9,"key":"Pantograph"},{"floor":10,"key":"Juzu Bracelet"}],"event_choices":[{"cards_removed":["Strike_G"],"damage_healed":0,"gold_gain":0,"player_choice":"Card Removal","damage_taken":0,"max_hp_gain":0,"max_hp_loss":0,"event_name":"The Cleric","floor":4,"gold_loss":50},{"damage_healed":0,"gold_gain":175,"player_choice":"AGREE","damage_taken":0,"max_hp_gain":0,"max_hp_loss":0,"event_name":"Liars Game","floor":5,"gold_loss":0,"cards_obtained":["Doubt"]},{"damage_healed":0,"gold_gain":0,"player_choice":"Success","damage_taken":12,"relics_obtained":["The Specimen"],"max_hp_gain":0,"max_hp_loss":0,"event_name":"Scrap Ooze","floor":8,"gold_loss":0},{"damage_healed":0,"gold_gain":58,"player_choice":"Gained Gold","damage_taken":0,"max_hp_gain":0,"max_hp_loss":0,"event_name":"Golden Wing","floor":13,"gold_loss":0}],"is_beta":false,"boss_relics":[],"items_purged_floors":[2],"is_endless":false,"potions_floor_spawned":[1,7,14],"killed_by":"Hexaghost","ascension_level":3}}