{"host":"J","time":1607541191,"event":{"gold_per_floor":[112,122,135,147,127,127,158,83,106,106,106,118,118,118],"floor_reached":13,"playtime":1169,"items_purged":["Strike_G"],"score":170,"play_id":"5baf03bb-b3d4-4da7-9a80-476406fb115b","local_time":"20201209201311","is_ascension_mode":true,"campfire_choices":[{"data":"Catalyst","floor":6.0,"key":"SMITH"},{"data":"Blur","floor":10,"key":"SMITH"}],"neow_cost":"NONE","seed_source_timestamp":0,"circlet_count":0,"master_deck":["AscendersBane","Strike_G","Strike_G","Strike_G","Strike_G","Defend_G","Defend_G","Defend_G","Defend_G+1","Defend_G+1","Survivor","Neutralize","Poisoned Stab","Calculated Gamble","PiercingWail","Catalyst+1","Blur+1","Slice"],"special_seed":0,"relics":["Runic Pyramid","War Paint"],"potions_floor_usage":[7,7],"damage_taken":[{"damage":4.0,"enemies":"Cultist","floor":1.0,"turns":6.0},{"damage":0.0,"enemies":"2 Louse","floor":2.0,"turns":3.0},{"damage":0.0,"enemies":"Small Slimes","floor":3.0,"turns":4.0},{"damage":6.0,"enemies":"Blue Slaver","floor":4.0,"turns":5.0},{"damage":24,"enemies":"Lagavulin","floor":7,"turns":8},{"damage":0,"enemies":"2 Fungi Beasts","floor":12,"turns":4},{"damage":28,"enemies":"3 Sentries","floor":13,"turns":12}],"seed_played":"4061913321517630399","potions_obtained":[{"floor":1.0,"key":"PowerPotion"},{"floor":2.0,"key":"PowerPotion"},{"floor":5.0,"key":"LiquidBronze"}],"is_trial":false,"path_per_floor":["M","M","M","M","?","R","E","$","T","R","?","M","E"],"character_chosen":"THE_SILENT","items_purchased":[],"campfire_rested":0,"item_purchase_floors":[],"current_hp_per_floor":[55,55,55,49,49,49,25,25,25,25,25,25,0,0],"gold":118,"neow_bonus":"BOSS_RELIC","is_prod":false,"is_daily":false,"chose_seed":false,"campfire_upgraded":2,"win_rate":0,"timestamp":1607541191,"path_taken":["M","M","M","M","?","R","E","?","T","R","?","M","E"],"build_version":"2020-12-07","purchased_purges":1,"victory":false,"max_hp_per_floor":[66,66,66,66,66,66,66,66,66,66,66,66,66,66],"relic_stats":{"counters":[7,42],"War Paint":["Defend_G","Defend_G"],"obtain_stats":[{"War Paint":7,"Ring of the Snake":0,"Runic Pyramid":0},{"War Paint":5,"Ring of the Snake":0,"Runic Pyramid":0},{"War Paint":26,"Ring of the Snake":0,"Runic Pyramid":0}]},"card_choices":[{"not_picked":["Skewer","Finisher"],"picked":"Poisoned Stab","floor":1.0},{"not_picked":["Finisher","Blade Dance"],"picked":"Calculated Gamble","floor":2.0},{"not_picked":["Sucker Punch","Dagger Spray"],"picked":"PiercingWail","floor":3.0},{"not_picked":["Riddle With Holes","Reflex"],"picked":"Catalyst","floor":4.0},{"not_picked":["Accuracy","Sucker Punch"],"picked":"Blur","floor":7},{"not_picked":["Blade Dance","Backflip"],"picked":"Slice","floor":12}],"player_experience":212089,"relics_obtained":[{"floor":7,"key":"War Paint"}],"event_choices":[{"damage_healed":0.0,"max_hp_gain":0.0,"max_hp_loss":0.0,"gold_gain":0.0,"event_name":"The Woman in Blue","player_choice":"Bought 1 Potion","floor":5.0,"gold_loss":0.0,"damage_taken":0.0},{"damage_healed":0,"gold_gain":0,"player_choice":"Ignored","damage_taken":0,"max_hp_gain":0,"max_hp_loss":0,"event_name":"Liars Game","floor":11,"gold_loss":0}],"is_beta":true,"boss_relics":[],"items_purged_floors":[8],"is_endless":false,"potions_floor_spawned":[1,2,3,7],"killed_by":"3 Sentries","ascension_level":20}}