{"host":"zx10cf1fsoa3eqiy","time":1607499531,"event":{"gold_per_floor":[118,118,128,203,52,86,86,121,173,173,173],"floor_reached":10,"playtime":453,"items_purged":["FIFO Queue"],"score":85,"play_id":"2af69995-378e-4fbf-9929-4ce0d840dc6e","local_time":"20201209153851","is_ascension_mode":true,"campfire_choices":[{"floor":7,"key":"REST"}],"neow_cost":"NONE","seed_source_timestamp":15916504758900,"circlet_count":0,"master_deck":["Strike_B","Strike_B","Strike_B","Defend_B","Defend_B","Defend_B","Defend_B","Zap","Dualcast","Multi-Cast","Capacitor","Capacitor"],"special_seed":0,"relics":["Cracked Core","Ancient Tea Set","FossilizedHelix","Anchor"],"potions_floor_usage":[6],"damage_taken":[{"damage":7.0,"enemies":"Jaw Worm","floor":1.0,"turns":3.0},{"damage":1.0,"enemies":"Cultist","floor":3.0,"turns":3.0},{"damage":30,"enemies":"Lagavulin","floor":6,"turns":8},{"damage":45,"enemies":"3 Sentries","floor":8,"turns":8},{"damage":0,"enemies":"Lagavulin","floor":10,"turns":5}],"seed_played":"-1924739767552954447","potions_obtained":[{"floor":1.0,"key":"Flashbang"},{"floor":6,"key":"FearPotion"}],"is_trial":false,"path_per_floor":["M","?","M","?","$","E","R","E","T","E"],"character_chosen":"DEFECT","items_purchased":["Capacitor"],"campfire_rested":1,"item_purchase_floors":[5],"current_hp_per_floor":[68,68,67,60,60,30,52,7,7,7,7],"gold":173,"neow_bonus":"TRANSFORM_CARD","is_prod":false,"is_daily":false,"chose_seed":false,"campfire_upgraded":0,"win_rate":0,"timestamp":1607499531,"path_taken":["M","?","?","?","$","E","R","E","T","E"],"build_version":"2020-11-30","purchased_purges":1,"victory":false,"max_hp_per_floor":[75,75,75,75,75,75,75,75,75,75,75],"card_choices":[{"not_picked":["Hello World","Hologram"],"picked":"FIFO Queue","floor":1.0},{"not_picked":["Compile Driver","Heatsinks"],"picked":"Capacitor","floor":3.0},{"not_picked":["Beam Cell","Coolheaded","Hologram"],"picked":"SKIP","floor":6},{"not_picked":["Steam Power","Meteor Strike","Go for the Eyes"],"picked":"SKIP","floor":8}],"player_experience":232323,"relics_obtained":[{"floor":6,"key":"Ancient Tea Set"},{"floor":8,"key":"FossilizedHelix"},{"floor":9,"key":"Anchor"}],"event_choices":[{"damage_healed":0.0,"max_hp_gain":0.0,"max_hp_loss":0.0,"gold_gain":0.0,"event_name":"The Woman in Blue","player_choice":"Bought 0 Potions","floor":2.0,"gold_loss":0.0,"damage_taken":0.0},{"damage_healed":0.0,"max_hp_gain":0.0,"max_hp_loss":0.0,"gold_gain":75.0,"event_name":"FaceTrader","player_choice":"Touch","floor":4.0,"gold_loss":0.0,"damage_taken":7.0}],"is_beta":false,"boss_relics":[],"items_purged_floors":[5],"is_endless":false,"potions_floor_spawned":[1,6],"killed_by":"Lagavulin","ascension_level":3}}