{"host":"ueef25wtkg2eer3h","time":1607550499,"event":{"gold_per_floor":[116,136,211,211,49,49,1,52,64,86,98,145,181,208,220,355,367,402,435,41,66,66,66,66,66,66],"floor_reached":25,"playtime":4936,"items_purged":["Injury"],"score":298,"play_id":"5cca9de5-054d-4d01-8c48-e21dc16b7144","local_time":"20201209224819","is_ascension_mode":true,"campfire_choices":[{"floor":6.0,"key":"REST"},{"floor":15.0,"key":"REST"},{"floor":23,"key":"REST"}],"neow_cost":"PERCENT_DAMAGE","seed_source_timestamp":0,"circlet_count":0,"master_deck":["Strike_B","Strike_B","Strike_B","Defend_B","Defend_B","Defend_B","Defend_B","Zap","Dualcast","Chrysalis","Self Repair","Sunder","Echo Form","Coolheaded","Conserve Battery","Static Discharge","Glacier","Blizzard","Streamline","Undo","Rainbow","Undo+1","Rebound+1","White Noise","Self Repair","Trip","Transmutation","Leap","Chaos"],"special_seed":0,"relics":["Cracked Core","MawBank","Ancient Tea Set","Golden Idol","Pear","Black Star","Membership Card","Gremlin Horn"],"potions_floor_usage":[18,22],"damage_taken":[{"damage":7.0,"enemies":"Jaw Worm","floor":1.0,"turns":3.0},{"damage":9.0,"enemies":"Small Slimes","floor":2.0,"turns":5.0},{"damage":16.0,"enemies":"Gremlin Nob","floor":8.0,"turns":4.0},{"damage":8.0,"enemies":"Cultist","floor":10.0,"turns":4.0},{"damage":8.0,"enemies":"3 Sentries","floor":12.0,"turns":7.0},{"damage":6.0,"enemies":"2 Fungi Beasts","floor":13.0,"turns":4.0},{"damage":22.0,"enemies":"Lots of Slimes","floor":14.0,"turns":5.0},{"damage":54.0,"enemies":"Slime Boss","floor":16.0,"turns":11.0},{"damage":13,"enemies":"Chosen","floor":18,"turns":8},{"damage":24,"enemies":"3 Byrds","floor":19,"turns":7},{"damage":41,"enemies":"Snecko","floor":21,"turns":6},{"damage":11,"enemies":"Snake Plant","floor":22,"turns":3},{"damage":44,"enemies":"Gremlin Leader","floor":25,"turns":8}],"seed_played":"6720230774574845580","potions_obtained":[{"floor":2.0,"key":"ColorlessPotion"},{"floor":8.0,"key":"SneckoOil"},{"floor":12.0,"key":"Block Potion"},{"floor":16,"key":"Block Potion"},{"floor":18,"key":"SmokeBomb"}],"is_trial":false,"path_per_floor":["M","M","?","?","$","R","$","E","T","M","?","E","M","M","R","B",null,"M","M","$","M","M","R","?","E"],"character_chosen":"DEFECT","items_purchased":["Echo Form","Coolheaded","Conserve Battery","Membership Card","White Noise","Self Repair","Trip","Transmutation","Leap"],"campfire_rested":3,"item_purchase_floors":[5,5,7,20,20,20,20,20,20],"current_hp_per_floor":[43,41,30,30,30,52,52,36,36,28,28,37,45,30,55,8,66,60,50,50,16,19,44,44,0,0],"gold":66,"neow_bonus":"RANDOM_COLORLESS_2","is_prod":false,"is_daily":false,"chose_seed":false,"campfire_upgraded":0,"win_rate":0,"timestamp":1607550499,"path_taken":["M","M","?","?","$","R","$","E","T","M","?","E","?","M","R","BOSS","BOSS","M","M","$","?","M","R","?","E"],"build_version":"2020-11-30","purchased_purges":1,"victory":false,"max_hp_per_floor":[75,75,75,75,75,75,75,75,75,75,75,85,85,85,85,85,85,85,85,85,85,85,85,85,85,85],"card_choices":[{"not_picked":["Thinking Ahead","Magnetism"],"picked":"Chrysalis","floor":0.0},{"not_picked":["Sweeping Beam","Rebound"],"picked":"Self Repair","floor":1.0},{"not_picked":["Rebound","Cold Snap"],"picked":"Sunder","floor":2.0},{"not_picked":["Conserve Battery","Go for the Eyes"],"picked":"Static Discharge","floor":8.0},{"not_picked":["Go for the Eyes","FTL"],"picked":"Glacier","floor":10.0},{"not_picked":["Genetic Algorithm","Meteor Strike"],"picked":"Blizzard","floor":12.0},{"not_picked":["Conserve Battery","Compile Driver"],"picked":"Streamline","floor":13.0},{"not_picked":["Leap","Redo"],"picked":"Undo","floor":14.0},{"not_picked":["Reboot","Meteor Strike"],"picked":"Rainbow","floor":16},{"not_picked":["Gash+1","Doom and Gloom"],"picked":"Undo+1","floor":18},{"not_picked":["Leap","Barrage"],"picked":"Rebound+1","floor":19},{"not_picked":["Steam Power","Steam"],"picked":"Chaos","floor":21}],"player_experience":213135,"relics_obtained":[{"floor":8.0,"key":"MawBank"},{"floor":9.0,"key":"Ancient Tea Set"},{"floor":12.0,"key":"Pear"}],"event_choices":[{"damage_healed":0.0,"max_hp_gain":0.0,"max_hp_loss":0.0,"gold_gain":75.0,"event_name":"World of Goop","player_choice":"Gather Gold","floor":3.0,"gold_loss":0.0,"damage_taken":11.0},{"cards_removed":["Strike_B"],"damage_healed":0.0,"max_hp_gain":0.0,"max_hp_loss":0.0,"gold_gain":0.0,"event_name":"Living Wall","player_choice":"Forget","floor":4.0,"gold_loss":0.0,"damage_taken":0.0},{"damage_healed":0.0,"max_hp_gain":0.0,"max_hp_loss":0.0,"gold_gain":0.0,"event_name":"Golden Idol","player_choice":"Take Wound","floor":11.0,"gold_loss":0.0,"damage_taken":0.0,"relics_obtained":["Golden Idol"],"cards_obtained":["Injury"]},{"damage_healed":0,"gold_gain":0,"player_choice":"Opened","damage_taken":0,"relics_obtained":["Gremlin Horn"],"max_hp_gain":0,"max_hp_loss":0,"event_name":"The Mausoleum","floor":24,"gold_loss":0}],"is_beta":false,"boss_relics":[{"not_picked":["Runic Pyramid","Sozu"],"picked":"Black Star"}],"items_purged_floors":[20],"is_endless":false,"potions_floor_spawned":[2,8,12,16,18,22],"killed_by":"Gremlin Leader","ascension_level":8}}