{"host":"n3vqtvx9hbigdfc4","time":1607495093,"event":{"gold_per_floor":[118,137,312,312,332,360,360,386,386,400,429,439,464,475,475,575,575,594,608,140,140,158,158,158],"floor_reached":23,"playtime":1435,"items_purged":["Doubt"],"score":360,"play_id":"967e35a3-5dc4-4b3d-93d9-9302d271f99b","local_time":"20201209002453","is_ascension_mode":true,"campfire_choices":[{"data":"Eruption","floor":7.0,"key":"SMITH"},{"data":"MentalFortress","floor":15,"key":"SMITH"}],"neow_cost":"NONE","seed_source_timestamp":791833674491300,"circlet_count":0,"master_deck":["Strike_P","Strike_P","Strike_P","Defend_P","Defend_P","Eruption+1","Vigilance","FollowUp","FlyingSleeves","SandsOfTime","FlurryOfBlows","EmptyBody","FlurryOfBlows","EmptyFist","WaveOfTheHand","Tantrum","FlurryOfBlows","Consecrate","ClearTheMind","MentalFortress+1","Ragnarok","Replay:AllIn+1","EmptyBody+1","Meditate+1","Crescendo","Replay:AtTheReady","BattleHymn+1","Swivel","ThirdEye","ThirdEye","ForeignInfluence"],"special_seed":0,"relics":["Philosopher\u0027s Stone","Question Card","Prayer Wheel","Meat on the Bone","Astrolabe","MerchantsRug","InkBottle","MutagenicStrength"],"potions_floor_usage":[16,23],"damage_taken":[{"damage":0.0,"enemies":"2 Louse","floor":1.0,"turns":2.0},{"damage":8.0,"enemies":"Jaw Worm","floor":2.0,"turns":2.0},{"damage":1.0,"enemies":"Small Slimes","floor":5.0,"turns":3.0},{"damage":25.0,"enemies":"3 Sentries","floor":6.0,"turns":5.0},{"damage":0.0,"enemies":"Lagavulin","floor":8.0,"turns":4.0},{"damage":5.0,"enemies":"Exordium Wildlife","floor":10.0,"turns":3.0},{"damage":17.0,"enemies":"Replay:BlueRogue","floor":11.0,"turns":6.0},{"damage":4.0,"enemies":"Exordium Thugs","floor":12.0,"turns":3.0},{"damage":9.0,"enemies":"Gremlin Nob","floor":13.0,"turns":3.0},{"damage":6,"enemies":"Blue Slaver","floor":14,"turns":3},{"damage":31,"enemies":"Hexaghost","floor":16,"turns":8},{"damage":6,"enemies":"Shell Parasite","floor":18,"turns":4},{"damage":23,"enemies":"3 Byrds","floor":19,"turns":3},{"damage":16,"enemies":"Shelled Parasite and Fungi","floor":22,"turns":3},{"damage":69,"enemies":"Slavers","floor":23,"turns":3}],"seed_played":"-8498035318937889181","potions_obtained":[{"floor":5.0,"key":"Milkshake"},{"floor":8.0,"key":"Ancient Potion"},{"floor":10.0,"key":"BottledMiracle"},{"floor":11.0,"key":"Reflective Coating"},{"floor":12.0,"key":"SmokeBomb"},{"floor":13.0,"key":"Elixir"}],"is_trial":false,"path_per_floor":["M","M","?","?","M","E","R","E","T","M","E","M","E","M","R","B",null,"M","M","$","?","M","E"],"character_chosen":"WATCHER","items_purchased":["MerchantsRug","ThirdEye","InkBottle"],"campfire_rested":0,"item_purchase_floors":[20,20,20],"current_hp_per_floor":[65,57,57,62,61,36,36,50,50,45,28,36,46,52,52,33,82,76,53,53,53,49,0,0],"gold":158,"neow_bonus":"BOSS_RELIC","is_prod":false,"is_daily":false,"chose_seed":false,"campfire_upgraded":2,"win_rate":0,"timestamp":1607495093,"path_taken":["M","M","?","?","?","E","R","E","T","M","E","M","E","M","R","BOSS","M","M","$","?","M","E"],"build_version":"2020-11-30","purchased_purges":1,"victory":false,"max_hp_per_floor":[72,72,72,77,77,77,77,91,91,91,91,91,98,98,98,98,98,98,98,98,98,98,98,98],"relic_stats":{"counters":[15,55],"Astrolabe":["Replay:AllIn","EmptyBody","Meditate"],"Prayer Wheel":6,"Question Card":16,"obtain_stats":[{"MerchantsRug":20,"Strawberry":13,"Astrolabe":17,"MutagenicStrength":21,"Philosopher\u0027s Stone":0,"Mango":8,"Prayer Wheel":9,"PureWater":0,"Question Card":6,"InkBottle":20,"Meat on the Bone":11},{"MerchantsRug":13,"Strawberry":9,"Astrolabe":11,"MutagenicStrength":13,"Philosopher\u0027s Stone":0,"Mango":5,"Prayer Wheel":5,"PureWater":0,"Question Card":4,"InkBottle":13,"Meat on the Bone":7},{"MerchantsRug":49,"Strawberry":31,"Astrolabe":42,"MutagenicStrength":49,"Philosopher\u0027s Stone":0,"Mango":16,"Prayer Wheel":16,"PureWater":0,"Question Card":12,"InkBottle":49,"Meat on the Bone":25}],"InkBottle":[3],"Meat on the Bone":60},"card_choices":[{"not_picked":["Collect","Prostrate"],"picked":"FollowUp","floor":1.0},{"not_picked":["FollowUp","Weave"],"picked":"FlyingSleeves","floor":2.0},{"not_picked":["JustLucky","Wireheading"],"picked":"SandsOfTime","floor":5.0},{"not_picked":["Omniscience","SignatureMove"],"picked":"FlurryOfBlows","floor":6.0},{"not_picked":["PathToVictory","Protect","Fasting2"],"picked":"EmptyBody","floor":8.0},{"not_picked":["LikeWater","Brilliance","Indignation"],"picked":"FlurryOfBlows","floor":10.0},{"not_picked":["ForeignInfluence","Replay:Vibes","Evaluate"],"picked":"EmptyFist","floor":10.0},{"not_picked":["FollowUp","DeceiveReality","ClearTheMind"],"picked":"WaveOfTheHand","floor":11.0},{"not_picked":["Prostrate","WaveOfTheHand","JustLucky"],"picked":"Tantrum","floor":12.0},{"not_picked":["EmptyBody","Prostrate","Halt"],"picked":"FlurryOfBlows","floor":12.0},{"not_picked":["Devotion","PathToVictory","FollowUp"],"picked":"Consecrate","floor":13.0},{"not_picked":["Replay:ManipulateFuture","FlurryOfBlows","Replay:Anticipation"],"picked":"ClearTheMind","floor":14},{"not_picked":["InnerPeace","FearNoEvil","EmptyMind"],"picked":"MentalFortress","floor":14},{"not_picked":["Replay:AllIn","ConjureBlade","DevaForm"],"picked":"Ragnarok","floor":16},{"not_picked":["BowlingBash","Replay:BluntJabs","ClearTheMind"],"picked":"Crescendo","floor":18},{"not_picked":["Replay:BluntJabs","InnerPeace","Study"],"picked":"Replay:AtTheReady","floor":18},{"not_picked":["Crescendo+1","CarveReality+1","Evaluate"],"picked":"BattleHymn+1","floor":19},{"not_picked":["DeusExMachina","JustLucky","CrushJoints"],"picked":"Swivel","floor":19},{"not_picked":["BowlingBash+1","Indignation","ReachHeaven"],"picked":"ThirdEye","floor":22},{"not_picked":["Crescendo","EmptyFist","CrushJoints"],"picked":"ForeignInfluence","floor":22}],"player_experience":440081,"relics_obtained":[{"floor":6.0,"key":"Question Card"},{"floor":8.0,"key":"Mango"},{"floor":9.0,"key":"Prayer Wheel"},{"floor":11.0,"key":"Meat on the Bone"},{"floor":13.0,"key":"Strawberry"}],"event_choices":[{"damage_healed":0.0,"max_hp_gain":0.0,"max_hp_loss":0.0,"gold_gain":175.0,"event_name":"betterThird:BetterSerpent","player_choice":"AGREE","floor":3.0,"gold_loss":0.0,"damage_taken":137.0},{"damage_healed":0.0,"max_hp_gain":5.0,"max_hp_loss":0.0,"gold_gain":0.0,"event_name":"Big Fish","player_choice":"Donut","floor":4.0,"gold_loss":0.0,"damage_taken":0.0},{"damage_healed":0,"gold_gain":0,"player_choice":"Inject Mutagens","damage_taken":0,"relics_obtained":["MutagenicStrength"],"max_hp_gain":0,"max_hp_loss":0,"event_name":"Drug Dealer","floor":21,"gold_loss":0}],"is_beta":false,"boss_relics":[{"not_picked":["Cursed Key","Replay:Drink Me"],"picked":"Astrolabe"}],"items_purged_floors":[20],"is_endless":false,"potions_floor_spawned":[5,8,10,11,12,13],"killed_by":"Slavers","ascension_level":7}}