{"host":"8eddgt5t5e8es31j","time":1607511296,"event":{"gold_per_floor":[111,28,28,38,54,80,80,90,117,117,147,147,167,198,198,299,299,319,336,348,348,367,367,367],"floor_reached":23,"playtime":910,"items_purged":[],"score":224,"play_id":"398a6822-409b-4b11-b71c-357ada34a32d","local_time":"20201209045456","is_ascension_mode":true,"campfire_choices":[{"data":"Looming Evil","floor":7,"key":"PURGE"},{"floor":10,"key":"REST"}],"neow_cost":"CURSE","seed_source_timestamp":134738488657600,"circlet_count":0,"master_deck":["Strike_R","Strike_R","Strike_R","Strike_R","Strike_R","Defend_R+1","Defend_R+1","Defend_R","Defend_R","Bash","Heavy Blade","Thunderclap","Twin Strike","Cleave+1","Pommel Strike","Seeing Red","Thunderclap","Pommel Strike","Flex","Flex","hubris:Wrath","Shame","infinitespire:Execution"],"relics":["Burning Blood","Peace Pipe","hubris:ToyBattleship","Garlic","ReplayTheSpireMod:Lightbulb","hubris:OldNail","War Paint","hubris:RunicObelisk"],"potions_floor_usage":[5],"damage_taken":[{"damage":15,"enemies":"Jaw Worm","floor":1,"turns":6},{"damage":18,"enemies":"Cultist","floor":4,"turns":5},{"damage":0,"enemies":"Small Slimes","floor":5,"turns":2},{"damage":49,"enemies":"3 Sentries","floor":6,"turns":7},{"damage":6,"enemies":"Gremlin Gang","floor":8,"turns":3},{"damage":25,"enemies":"Gremlin Nob","floor":11,"turns":4},{"damage":2,"enemies":"Lots of Slimes","floor":13,"turns":3},{"damage":23,"enemies":"3 Sentries","floor":14,"turns":5},{"damage":14,"enemies":"Slime Boss","floor":16,"turns":9},{"damage":4,"enemies":"Chosen","floor":18,"turns":3},{"damage":0,"enemies":"3 Byrds","floor":19,"turns":3},{"damage":25,"enemies":"Centurion and Healer","floor":20,"turns":4},{"damage":26,"enemies":"Snecko","floor":22,"turns":5},{"damage":44,"enemies":"Book of Stabbing","floor":23,"turns":4}],"seed_played":"8425268510367564053","potions_obtained":[{"floor":4,"key":"BloodPotion"},{"floor":8,"key":"Elixir"},{"floor":13,"key":"SkillPotion"},{"floor":14,"key":"Toxic Potion"}],"is_trial":false,"path_per_floor":["M","?","$","M","M","E","R","M","T","R","E","?","M","E","R","B",null,"M","M","M","?","M","E"],"character_chosen":"IRONCLAD","items_purchased":[],"campfire_rested":1,"item_purchase_floors":[],"current_hp_per_floor":[71,71,71,59,80,37,37,37,37,61,42,42,46,29,53,45,80,80,80,61,61,41,0,0],"gold":367,"neow_bonus":"ONE_RARE_RELIC","is_prod":false,"is_daily":false,"chose_seed":false,"campfire_upgraded":0,"win_rate":0,"timestamp":1607511296,"path_taken":["M","?","$","?","M","E","R","M","T","R","E","?","?","E","R","BOSS","M","?","M","?","M","E"],"build_version":"2020-11-30","purchased_purges":0,"victory":false,"max_hp_per_floor":[80,80,80,80,80,80,80,80,80,80,80,80,80,80,80,80,80,80,80,80,80,80,80,80],"card_choices":[{"not_picked":["Havoc","ReplayTheSpireMod:Strike From Hell"],"picked":"Heavy Blade","floor":1},{"not_picked":["Clothesline","Perfected Strike"],"picked":"Thunderclap","floor":4},{"not_picked":["Dropkick","Carnage"],"picked":"Twin Strike","floor":5},{"not_picked":["Brutality","Headbutt"],"picked":"Cleave","floor":6},{"not_picked":["Infernal Blade","Burning Pact"],"picked":"Pommel Strike","floor":8},{"not_picked":["Sword Boomerang","ReplayTheSpireMod:Muscle Training"],"picked":"Seeing Red","floor":11},{"not_picked":["ReplayTheSpireMod:Corrosion Curse","Headbutt"],"picked":"Thunderclap","floor":13},{"not_picked":["ReplayTheSpireMod:Limb From Limb","ReplayTheSpireMod:Strike From Hell"],"picked":"Pommel Strike","floor":14},{"not_picked":["Inflame","Combust"],"picked":"Flex","floor":18},{"not_picked":["Thunderclap","Rage"],"picked":"Flex","floor":19},{"not_picked":["Sword Boomerang+1","Iron Wave","Blood for Blood"],"picked":"SKIP","floor":20},{"not_picked":["infinitespire:SevenWalls","infinitespire:UltimateForm"],"picked":"infinitespire:Execution","floor":21},{"not_picked":["Combust","True Grit","Run Through"],"picked":"SKIP","floor":22}],"player_experience":38646,"relics_obtained":[{"floor":6,"key":"Garlic"},{"floor":9,"key":"ReplayTheSpireMod:Lightbulb"},{"floor":11,"key":"hubris:OldNail"},{"floor":14,"key":"War Paint"}],"event_choices":[{"damage_healed":0,"gold_gain":0,"player_choice":"Paid Gold","damage_taken":0,"relics_obtained":["hubris:ToyBattleship"],"max_hp_gain":0,"max_hp_loss":0,"event_name":"WeMeetAgain","floor":2,"gold_loss":83},{"damage_healed":0,"gold_gain":0,"player_choice":"0 cards matched","damage_taken":0,"max_hp_gain":0,"max_hp_loss":0,"event_name":"Match and Keep!","floor":12,"gold_loss":0,"cards_obtained":[]}],"is_beta":false,"boss_relics":[{"not_picked":["SacredBark","Ectoplasm"],"picked":"hubris:RunicObelisk"}],"items_purged_floors":[],"is_endless":false,"potions_floor_spawned":[4,8,13,14,16,19,22],"killed_by":"Book of Stabbing","ascension_level":1}}