{"host":"mi0eibewekhugwl1","time":1607509352,"event":{"gold_per_floor":[109,122,132,57,69,69,82,82,82,102,102,120,100,112,112,112,112],"floor_reached":16,"playtime":249,"items_purged":[],"score":192,"play_id":"8175a517-157f-4c1e-955b-0bc677f4c11e","local_time":"20201209192232","is_ascension_mode":true,"campfire_choices":[{"data":"White Noise","floor":6,"key":"SMITH"},{"data":"Zap","floor":8,"key":"SMITH"},{"data":"Beam Cell","floor":11,"key":"SMITH"},{"floor":15,"key":"REST"}],"neow_cost":"NONE","seed_source_timestamp":937289785753400,"circlet_count":0,"master_deck":["AscendersBane","Strike_B","Strike_B","Strike_B","Defend_B","Defend_B","Defend_B","Defend_B","Zap+1","Dualcast","White Noise+1","Melter","Beam Cell+1","Coolheaded","FTL","Undo","White Noise"],"relics":["Cracked Core","Bottled Lightning"],"potions_floor_usage":[16],"damage_taken":[{"damage":14,"enemies":"Jaw Worm","floor":1,"turns":4},{"damage":8,"enemies":"Small Slimes","floor":2,"turns":3},{"damage":0,"enemies":"Cultist","floor":3,"turns":3},{"damage":1,"enemies":"Looter","floor":5,"turns":3},{"damage":10,"enemies":"2 Fungi Beasts","floor":7,"turns":3},{"damage":7,"enemies":"Red Slaver","floor":10,"turns":2},{"damage":1,"enemies":"Looter","floor":12,"turns":2},{"damage":4,"enemies":"2 Fungi Beasts","floor":14,"turns":3},{"damage":42,"enemies":"Slime Boss","floor":16,"turns":7}],"seed_played":"3069433367798411090","potions_obtained":[{"floor":0,"key":"DistilledChaos"},{"floor":0,"key":"FearPotion"},{"floor":14,"key":"Energy Potion"}],"is_trial":false,"path_per_floor":["M","M","M","?","M","R","M","R","T","M","R","M","?","M","R","B"],"character_chosen":"DEFECT","items_purchased":[],"campfire_rested":1,"item_purchase_floors":[],"current_hp_per_floor":[50,42,42,42,41,41,31,31,31,24,24,23,23,19,40,0,0],"gold":112,"neow_bonus":"THREE_SMALL_POTIONS","is_prod":false,"is_daily":false,"chose_seed":false,"campfire_upgraded":3,"win_rate":0,"timestamp":1607509352,"path_taken":["M","M","M","?","M","R","M","R","T","M","R","M","?","?","R","BOSS"],"build_version":"2020-11-30","purchased_purges":0,"victory":false,"max_hp_per_floor":[71,71,71,71,71,71,71,71,71,71,71,71,71,71,71,71,71],"relic_stats":{"counters":[9,30],"obtain_stats":[{"Bottled Lightning":9,"Cracked Core":0},{"Bottled Lightning":5,"Cracked Core":0},{"Bottled Lightning":16,"Cracked Core":0}]},"card_choices":[{"not_picked":["Force Field","Chaos"],"picked":"White Noise","floor":1},{"not_picked":["Loop","Coolheaded"],"picked":"Melter","floor":2},{"not_picked":["Redo","Compile Driver"],"picked":"Beam Cell","floor":3},{"not_picked":["Hologram","Lockon"],"picked":"Coolheaded","floor":5},{"not_picked":["Aggregate","Rebound","Consume"],"picked":"SKIP","floor":7},{"not_picked":["Barrage","Gash"],"picked":"FTL","floor":10},{"not_picked":["Go for the Eyes","Compile Driver"],"picked":"Undo","floor":12},{"not_picked":["Barrage","Hologram"],"picked":"White Noise","floor":14}],"player_experience":1657135,"relics_obtained":[{"floor":9,"key":"Bottled Lightning"}],"event_choices":[{"cards_removed":["Strike_B"],"damage_healed":0,"gold_gain":0,"player_choice":"Card Removal","damage_taken":0,"max_hp_gain":0,"max_hp_loss":0,"event_name":"The Cleric","floor":4,"gold_loss":75},{"damage_healed":0,"gold_gain":0,"player_choice":"Bought 1 Potion","damage_taken":0,"max_hp_gain":0,"max_hp_loss":0,"event_name":"The Woman in Blue","floor":13,"gold_loss":0}],"is_beta":false,"boss_relics":[],"items_purged_floors":[],"is_endless":false,"potions_floor_spawned":[2,7,12,14],"killed_by":"Slime Boss","ascension_level":20}}