{"host":"cz3p2o9n3b1gdmkz","time":1607527978,"event":{"gold_per_floor":[111,66,66,113,123,136,21,21,21,21,34,34,34,67,67,7,7,104,104,114,161,114,114,203,230,230,240,240,240,254,271,282,300,311,311,311,311,311],"floor_reached":37,"playtime":4573,"items_purged":[],"score":364,"play_id":"49615629-04d2-4a11-bdf1-9126db62ceb1","local_time":"20201210003258","is_ascension_mode":false,"campfire_choices":[{"floor":17,"key":"REST"},{"data":"DemoMod:SpreadAmmo","floor":26,"key":"SMITH"},{"data":"DemoMod:ManualReload","floor":29,"key":"SMITH"},{"floor":35,"key":"RECALL"}],"neow_cost":"","seed_source_timestamp":1705908952500,"circlet_count":0,"master_deck":["DemoMod:Strike_Huntress","DemoMod:Strike_Huntress","DemoMod:Strike_Huntress","DemoMod:Defend_Huntress","DemoMod:Defend_Huntress","DemoMod:Defend_Huntress","DemoMod:Defend_Huntress","DemoMod:Roll","DemoMod:ManualReload+1","DemoMod:RustySidearm","DemoMod:CrossBow","NakedNest","DemoMod:SpreadAmmo+1","DemoMod:BulletBore","DemoMod:TeaPot","Wellcheers","DemoMod:BalloonGun","Bloodbath","DemoMod:BattleInHaste","DemoMod:StickyCrossBow","OldLady","DemoMod:FortunesFavor+1","DemoMod:Desperate","DemoMod:DirectionalPad","CherryBlossoms","DemoMod:JK47+1","DemoMod:TeaPot","DemoMod:PotionOfGunFriendShip+1","DemoMod:DoubleSwitch","VoidDream","DemoMod:MachoBrace+1","ShyLook","DemoMod:HardPowerCard","DemoMod:Elimentaler","PunishingBird","DemoMod:HungryBullets+1","DemoMod:ChanceBullets+1"],"special_seed":0,"relics":["DemoMod:Dog","CogitoBucket","RabbitCall","Juzu Bracelet","FaceOfCleric","Replay:Baseball","ChewingGum","SkinProphecy","Peace Pipe","LuminousBracelet"],"potions_floor_usage":[18,20,31,33,36,36],"damage_taken":[{"damage":0.0,"enemies":"2 Louse","floor":1.0,"turns":3.0},{"damage":14.0,"enemies":"Cultist","floor":4.0,"turns":12.0},{"damage":0.0,"enemies":"Cultist","floor":5.0,"turns":4.0},{"damage":7.0,"enemies":"Small Slimes","floor":6.0,"turns":5.0},{"damage":0.0,"enemies":"Blue Slaver","floor":11.0,"turns":2.0},{"damage":20.0,"enemies":"Replay:BlueRogue","floor":14.0,"turns":6.0},{"damage":28,"enemies":"Fading Forest","floor":18,"turns":11},{"damage":8,"enemies":"3 Byrds","floor":20,"turns":5},{"damage":12,"enemies":"2 Thieves","floor":21,"turns":4},{"damage":8,"enemies":"Gremlin Leader","floor":25,"turns":4},{"damage":10,"enemies":"Snecko","floor":27,"turns":4},{"damage":36,"enemies":"DemoMod:Red_and_blue_shotgun_kin","floor":30,"turns":2},{"damage":41,"enemies":"DemoMod:4_Bullet_Kins","floor":31,"turns":10},{"damage":19,"enemies":"DemoMod:Veteran_shot_gun_kin_and_blue_shotgun_kin_with_gunsinger","floor":32,"turns":5},{"damage":72,"enemies":"DemoMod:Veteran_shot_gun_kin_and_red_shotgun_kin_with_gunsinger","floor":33,"turns":10},{"damage":56,"enemies":"DemoMod:2_Mousers","floor":34,"turns":7},{"damage":69,"enemies":"DemoMod:ResourcefulRat","floor":37,"turns":12}],"seed_played":"-546423987448492000","potions_obtained":[{"floor":1.0,"key":"Explosive Potion"},{"floor":11.0,"key":"AttackPotion"},{"floor":18,"key":"Fire Potion"},{"floor":25,"key":"Dexterity Potion"},{"floor":27,"key":"DemoMod:LeadSkinPotion"},{"floor":32,"key":"Fruit Juice"},{"floor":34,"key":"SpeedPotion"}],"is_trial":false,"path_per_floor":["M","?","?","?","M","M","$","?","T","?","M","PTL","PTL","E","$","$","R","B",null,"M","M","$","?","?","E","R","M","T","R","M","M","M","M","M","R","B","B"],"character_chosen":"HUNTRESS","items_purchased":["DemoMod:GnawedKey","DemoMod:FortunesFavor+1","DemoMod:TeaPot"],"campfire_rested":1,"item_purchase_floors":[7,16,22],"current_hp_per_floor":[70,70,70,56,56,49,49,49,49,49,50,50,50,33,33,33,54,38,73,73,59,59,59,59,52,52,40,83,83,44,19,94,112,120,120,43,0,0],"gold":311,"neow_bonus":"","is_prod":false,"is_daily":false,"chose_seed":false,"campfire_upgraded":2,"win_rate":0.0,"timestamp":1607527978,"path_taken":["M","?","?","?","M","M","$","?","T","?","M","PTL","PTL","E","?","$","R","BOSS","M","M","$","?","?","E","R","M","T","R","M","M","M","M","M","R","BOSS","BOSS"],"build_version":"2020-11-30","purchased_purges":0,"victory":false,"max_hp_per_floor":[70,70,70,70,70,70,70,70,70,70,71,71,71,72,72,72,72,73,73,74,77,77,77,77,80,80,83,83,83,86,106,109,117,120,120,123,125,125],"card_choices":[{"not_picked":["SpiderBud","BeautyBeast","MHz"],"picked":"Singing Bowl","floor":1.0},{"not_picked":["DespairKnight","MeatLantern"],"picked":"NakedNest","floor":1.0},{"not_picked":["DemoMod:DoubleSwitch","DemoMod:Ejector","DemoMod:FortunesFavor"],"picked":"SKIP","floor":1.0},{"not_picked":["MHz","BeautyBeast"],"picked":"Yin","floor":4.0},{"not_picked":["DemoMod:HardPowerCard","DemoMod:PracticeMakesPerfect"],"picked":"DemoMod:BulletBore","floor":4.0},{"not_picked":["DemoMod:BattleInHaste","DemoMod:GunstockTap"],"picked":"DemoMod:TeaPot","floor":5.0},{"not_picked":["CrumblingArmor","HappyTeddy","ShyLook"],"picked":"Singing Bowl","floor":6.0},{"not_picked":["PunishingBird","Laetitia"],"picked":"Wellcheers","floor":6.0},{"not_picked":["DemoMod:DoubleSwitch","DemoMod:JK47"],"picked":"DemoMod:BalloonGun","floor":6.0},{"not_picked":["MHz","HappyTeddy","BeautyBeast"],"picked":"Singing Bowl","floor":11.0},{"not_picked":["MeatLantern","BigBadWolf"],"picked":"Bloodbath","floor":11.0},{"not_picked":["DemoMod:MachoBrace","DemoMod:Unmoved"],"picked":"DemoMod:BattleInHaste","floor":11.0},{"not_picked":["DemoMod:ConditionalReflex","DemoMod:PotionOfGunFriendShip"],"picked":"DemoMod:StickyCrossBow","floor":14.0},{"not_picked":["Murderer","Woodsman"],"picked":"OldLady","floor":14.0},{"not_picked":["DemoMod:DoubleVision","DemoMod:BlackHoleGun"],"picked":"DemoMod:Desperate","floor":18},{"not_picked":["FieryBird","GreedKing","SingingMachine"],"picked":"Singing Bowl","floor":18},{"not_picked":["OSAHOGD","SpiderBud","Rudolta"],"picked":"Singing Bowl","floor":20},{"not_picked":["DemoMod:FeignSurrender","DemoMod:HighKaliber"],"picked":"DemoMod:DirectionalPad","floor":20},{"not_picked":["Alriune","Rudolta","Scorched"],"picked":"Singing Bowl","floor":21},{"not_picked":["SpiderBud","DreamingCurrent"],"picked":"CherryBlossoms","floor":21},{"not_picked":["DemoMod:GunShield","DemoMod:HardPowerCard"],"picked":"DemoMod:JK47+1","floor":21},{"not_picked":["DemoMod:BoxingGlove+1","DemoMod:BattleInHaste"],"picked":"DemoMod:PotionOfGunFriendShip+1","floor":24},{"not_picked":["DemoMod:BattleInHaste+1","DemoMod:Polaris"],"picked":"DemoMod:DoubleSwitch","floor":25},{"not_picked":["Mercenary","PunishingBird","BlackArmy"],"picked":"Singing Bowl","floor":25},{"not_picked":["FairyFestival","RedShoes"],"picked":"VoidDream","floor":27},{"not_picked":["DemoMod:SkilledReload","DemoMod:Unmoved+1","DemoMod:BulletBore"],"picked":"SKIP","floor":27},{"not_picked":["DemoMod:StickyCrossBow+1","DemoMod:JK47"],"picked":"DemoMod:MachoBrace+1","floor":30},{"not_picked":["Mercenary","FieryBird","BlackArmy"],"picked":"Singing Bowl","floor":30},{"not_picked":["DreamingCurrent","Scorched"],"picked":"ShyLook","floor":30},{"not_picked":["SpiderBud","DespairKnight","OSAHOGD"],"picked":"Singing Bowl","floor":31},{"not_picked":["DemoMod:CombinedRifle","DemoMod:SkilledReload"],"picked":"DemoMod:HardPowerCard","floor":31},{"not_picked":["DemoMod:DoubleSwitch","DemoMod:GunstockTap"],"picked":"DemoMod:Elimentaler","floor":32},{"not_picked":["Funeral","FieryBird","MeltingLove"],"picked":"Singing Bowl","floor":32},{"not_picked":["BigBadWolf","BlackArmy","FairyFestival"],"picked":"Singing Bowl","floor":33},{"not_picked":["FieryBird","MeltingLove"],"picked":"PunishingBird","floor":33},{"not_picked":["DemoMod:JK47","DemoMod:HardPowerCard"],"picked":"DemoMod:HungryBullets+1","floor":33},{"not_picked":["DemoMod:ConditionalReflex+1","DemoMod:CursedBullets"],"picked":"DemoMod:ChanceBullets+1","floor":34}],"player_experience":728102,"relics_obtained":[{"floor":4.0,"key":"Juzu Bracelet"},{"floor":14.0,"key":"Replay:Baseball"},{"floor":25,"key":"Peace Pipe"}],"event_choices":[{"damage_healed":0.0,"max_hp_gain":0.0,"max_hp_loss":0.0,"gold_gain":0.0,"event_name":"Liars Game","player_choice":"Ignored","floor":3.0,"gold_loss":0.0,"damage_taken":0.0},{"damage_healed":0.0,"max_hp_gain":0.0,"max_hp_loss":0.0,"gold_gain":0.0,"event_name":"FaceTrader","player_choice":"Trade","floor":8.0,"gold_loss":0.0,"damage_taken":0.0,"relics_obtained":["FaceOfCleric"]},{"damage_healed":0.0,"max_hp_gain":0.0,"max_hp_loss":0.0,"gold_gain":0.0,"event_name":"NoteForYourself","player_choice":"Ignored","floor":10.0,"gold_loss":0.0,"damage_taken":0.0}],"is_beta":false,"boss_relics":[{"not_picked":["DemoMod:ElasticCartridgeClip","Painkiller Herb"],"picked":"ChewingGum"}],"items_purged_floors":[],"is_endless":false,"potions_floor_spawned":[1,11,18,25,27,32,34],"killed_by":"DemoMod:ResourcefulRat","ascension_level":0}}