{"host":"5omx9roetly7rokb","time":1607502229,"event":{"gold_per_floor":[109,126,138,156,176,210,210,210,210,226,239,239,13,13,13,13,13],"floor_reached":16,"playtime":458,"items_purged":["Strike_R"],"score":125,"play_id":"84b4ddb7-bcc8-46aa-ba41-200aca100eed","local_time":"20201209172349","is_ascension_mode":true,"campfire_choices":[{"data":"Hemokinesis","floor":7,"key":"SMITH"},{"floor":15,"key":"REST"}],"neow_cost":"TEN_PERCENT_HP_LOSS","seed_source_timestamp":13281419457900,"circlet_count":0,"master_deck":["Strike_R+1","Strike_R","Strike_R","Strike_R","Defend_R","Defend_R","Defend_R","Defend_R","Bash","Reaper","Hemokinesis+1","Battle Trance+1","Offering+1","Blood for Blood","Flame Barrier"],"relics":["Burning Blood","Girya","FaceOfCleric","Anchor"],"potions_floor_usage":[6],"damage_taken":[{"damage":0,"enemies":"Small Slimes","floor":1,"turns":3},{"damage":3,"enemies":"Cultist","floor":2,"turns":3},{"damage":4,"enemies":"Jaw Worm","floor":3,"turns":3},{"damage":10,"enemies":"Blue Slaver","floor":4,"turns":4},{"damage":22,"enemies":"Red Slaver","floor":5,"turns":3},{"damage":44,"enemies":"3 Sentries","floor":6,"turns":10},{"damage":7,"enemies":"Exordium Wildlife","floor":10,"turns":3},{"damage":17,"enemies":"Gremlin Gang","floor":11,"turns":5},{"damage":10,"enemies":"Slime Boss","floor":16,"turns":5}],"seed_played":"-1693632007191301406","potions_obtained":[{"floor":1,"key":"HeartOfIron"},{"floor":5,"key":"ColorlessPotion"},{"floor":10,"key":"SpeedPotion"},{"floor":11,"key":"ColorlessPotion"}],"is_trial":false,"path_per_floor":["M","M","M","M","M","E","R","?","T","M","M","?","$","?","R","B"],"character_chosen":"IRONCLAD","items_purchased":["Blood for Blood","Flame Barrier"],"campfire_rested":1,"item_purchase_floors":[13,13],"current_hp_per_floor":[72,72,72,68,58,32,32,32,32,38,28,13,13,13,35,37,37],"gold":13,"neow_bonus":"THREE_RARE_CARDS","is_prod":false,"is_daily":false,"chose_seed":false,"campfire_upgraded":1,"win_rate":0,"timestamp":1607502229,"path_taken":["M","M","M","M","M","E","R","?","T","?","M","?","$","?","R","BOSS"],"build_version":"2020-11-30","purchased_purges":1,"victory":false,"max_hp_per_floor":[72,72,72,72,72,72,72,72,72,73,74,74,74,74,74,74,74],"relic_stats":{"FaceOfCleric":2,"counters":[9,39],"obtain_stats":[{"Girya":6,"Anchor":9,"FaceOfCleric":8,"Burning Blood":0},{"Girya":6,"Anchor":6,"FaceOfCleric":6,"Burning Blood":0},{"Girya":26,"Anchor":26,"FaceOfCleric":26,"Burning Blood":0}],"Burning Blood":31},"card_choices":[{"not_picked":["Brutality","Offering"],"picked":"Reaper","floor":0},{"not_picked":["Entrench","Pommel Strike"],"picked":"Hemokinesis","floor":1},{"not_picked":["Thunderclap","Perfected Strike","Dark Embrace"],"picked":"SKIP","floor":2},{"not_picked":["Clash","Carnage","Heavy Blade"],"picked":"SKIP","floor":3},{"not_picked":["True Grit","Evolve","Clothesline"],"picked":"SKIP","floor":4},{"not_picked":["Disarm","Pummel"],"picked":"Battle Trance","floor":5},{"not_picked":["Flame Barrier","Heavy Blade"],"picked":"Offering","floor":6},{"not_picked":["Body Slam","Spot Weakness","Wild Strike"],"picked":"SKIP","floor":10},{"not_picked":["Infernal Blade","Anger","Second Wind"],"picked":"SKIP","floor":11}],"player_experience":178702,"relics_obtained":[{"floor":6,"key":"Girya"},{"floor":9,"key":"Anchor"}],"event_choices":[{"damage_healed":0,"gold_gain":0,"player_choice":"Trade","damage_taken":0,"relics_obtained":["FaceOfCleric"],"max_hp_gain":0,"max_hp_loss":0,"event_name":"FaceTrader","floor":8,"gold_loss":0},{"damage_healed":0,"gold_gain":0,"player_choice":"Entered Light","damage_taken":15,"max_hp_gain":0,"max_hp_loss":0,"event_name":"Shining Light","floor":12,"gold_loss":0,"cards_upgraded":["Offering","Strike_R"]},{"damage_healed":0,"gold_gain":0,"player_choice":"Forge","damage_taken":0,"max_hp_gain":0,"max_hp_loss":0,"event_name":"Accursed Blacksmith","floor":14,"gold_loss":0,"cards_upgraded":["Battle Trance"]}],"is_beta":false,"boss_relics":[],"items_purged_floors":[13],"is_endless":false,"potions_floor_spawned":[1,5,10,11],"killed_by":"Slime Boss","ascension_level":4}}