{"host":"911u4hh7ls61a7px","time":1607547357,"event":{"gold_per_floor":[113,132,142,204,59,59,9,9,88,122,122,122,147,166,198,198,198,294,294,311,327,51,51,51,51,76,93,93,110,110,128,128,162,162,261,261,276,236,52,68,80,80,80],"floor_reached":42,"playtime":2850,"items_purged":["Strike_B","Strike_B","Defend_B","Defend_B"],"score":685,"play_id":"e25d469b-6a56-42b5-9aad-b6828d2c928e","local_time":"20201209205557","is_ascension_mode":true,"campfire_choices":[{"data":"hubris:PowerSurge","floor":6.0,"key":"SMITH"},{"data":"Ball Lightning","floor":8.0,"key":"SMITH"},{"data":"Ball Lightning","floor":17.0,"key":"SMITH"},{"data":"Ball Lightning","floor":25,"key":"SMITH"},{"data":"Lockon","floor":30,"key":"SMITH"},{"data":"Pot Of Greed","floor":34,"key":"SMITH"}],"neow_cost":"","seed_source_timestamp":199808838334600,"circlet_count":0,"master_deck":["Defend_B","Defend_B+1","Zap","Dualcast","Reinforced Body+1","Beam Cell","hubris:PowerSurge+1","Glacier+1","Leap+1","Ball Lightning+1","Conserve Battery","Pot Of Greed+1","Pot Of Greed","Ball Lightning+1","Leap+1","Lockon+1","Steam Power","Electrodynamics+1","Turbo","Ball Lightning+1","BootSequence","Lockon+1","Genetic Algorithm+1","Pot Of Greed","Panic Button","infinitespire:NeuralNetwork","Ball Lightning","Electrodynamics+1","Creative AI","Ball Lightning","Redo+1","hubris:Ukulele"],"special_seed":0,"relics":["Cracked Core","Thread and Needle","hubris:SoftwareUpdate","hubris:PeanutButter","ReplayTheSpireMod:Ninjato","Durian","Grinning Jar","infinitespire:PuzzleCube","SlaversCollar","Guide Book","hubris:BottledHeart","Chameleon Ring","hubris:AstralHammer","War Paint","War Paint","Nuclear Battery"],"potions_floor_usage":[33,35,41],"damage_taken":[{"damage":6.0,"enemies":"Small Slimes","floor":1.0,"turns":3.0},{"damage":0.0,"enemies":"2 Louse","floor":2.0,"turns":3.0},{"damage":0.0,"enemies":"Jaw Worm","floor":3.0,"turns":3.0},{"damage":0.0,"enemies":"Gremlin Nob","floor":10.0,"turns":4.0},{"damage":0.0,"enemies":"3 Sentries","floor":13.0,"turns":8.0},{"damage":0.0,"enemies":"2 Fungi Beasts","floor":14.0,"turns":2.0},{"damage":0.0,"enemies":"Gremlin Nob","floor":15.0,"turns":4.0},{"damage":17,"enemies":"Slime Boss","floor":18,"turns":13},{"damage":0,"enemies":"3 Byrds","floor":20,"turns":3},{"damage":0,"enemies":"Spheric Guardian","floor":21,"turns":3},{"damage":0,"enemies":"Book of Stabbing","floor":26,"turns":3},{"damage":0,"enemies":"Centurion and Healer","floor":27,"turns":3},{"damage":0,"enemies":"Snake Plant","floor":29,"turns":4},{"damage":0,"enemies":"3 Cultists","floor":31,"turns":2},{"damage":0,"enemies":"Nightmare","floor":33,"turns":3},{"damage":0,"enemies":"Champ","floor":35,"turns":15},{"damage":0,"enemies":"3 Shapes","floor":37,"turns":2},{"damage":0,"enemies":"Orb Walker","floor":40,"turns":2},{"damage":0,"enemies":"Transient","floor":41,"turns":5},{"damage":3,"enemies":"Nightmare","floor":42,"turns":7}],"seed_played":"1583698209222705059","potions_obtained":[{"floor":3.0,"key":"Weak Potion"},{"floor":4.0,"key":"SneckoOil"},{"floor":10.0,"key":"Explosive Potion"},{"floor":27,"key":"PowerPotion"},{"floor":33,"key":"Ancient Potion"},{"floor":40,"key":"Swift Potion"}],"is_trial":false,"path_per_floor":["M","M","M","?","$","R","?","R","T","E","PTL","PTL","E","M","E","?","R","B",null,"M","M","$","?","?","R","E","M","T","M","R","M","AVR","NM","R","B",null,"M","?","$","M","M","NM"],"character_chosen":"DEFECT","items_purchased":["Thread and Needle","Reinforced Body","Beam Cell","Ball Lightning","Guide Book","Creative AI","Ball Lightning"],"campfire_rested":0,"item_purchase_floors":[0,0,0,5,22,39,39],"current_hp_per_floor":[69,69,69,69,69,69,69,69,69,74,74,74,74,74,74,74,74,57,80,80,80,80,1,1,1,1,1,1,1,1,1,1,1,1,1,1,1,1,1,1,1,0,0],"gold":80,"neow_bonus":"","is_prod":false,"is_daily":false,"chose_seed":false,"campfire_upgraded":6,"win_rate":0,"timestamp":1607547357,"path_taken":["M","M","M","?","$","R","?","R","T","E","PTL","PTL","E","M","E","?","R","BOSS","M","M","$","?","?","R","E","M","T","M","R","M","AVR","NM","R","BOSS","M","?","$","M","?","NM"],"build_version":"2020-11-30","purchased_purges":4,"victory":false,"max_hp_per_floor":[75,75,75,75,75,75,75,75,75,80,80,80,80,80,80,80,80,80,80,80,80,80,1,1,1,1,1,1,1,1,1,1,1,1,1,1,1,1,1,1,1,1,1],"card_choices":[{"not_picked":["Undo","ReplayTheSpireMod:GoodbyeWorld","Barrage"],"picked":"SKIP","floor":1.0},{"not_picked":["Compile Driver","Consume"],"picked":"hubris:PowerSurge","floor":2.0},{"not_picked":["Rebound","Barrage"],"picked":"Glacier","floor":3.0},{"not_picked":["Gash","Hologram"],"picked":"Leap","floor":4.0},{"not_picked":["Hyperbeam","ReplaySort"],"picked":"Conserve Battery","floor":10.0},{"not_picked":["Darkness","BasicCrystalCard"],"picked":"Ball Lightning","floor":13.0},{"not_picked":["Chaos","Coolheaded"],"picked":"Leap","floor":14.0},{"not_picked":["ReplayTheSpireMod:GoodbyeWorld","Force Field"],"picked":"Lockon","floor":15.0},{"not_picked":["Buffer","Core Surge"],"picked":"Electrodynamics","floor":18},{"not_picked":["Streamline","Self Repair"],"picked":"Turbo","floor":20},{"not_picked":["Streamline","Redo"],"picked":"Ball Lightning","floor":21},{"not_picked":["Compile Driver+1","Consume"],"picked":"BootSequence","floor":26},{"not_picked":["Compile Driver","Rip and Tear+1"],"picked":"Lockon+1","floor":27},{"not_picked":["Capacitor","Redo"],"picked":"Genetic Algorithm+1","floor":29},{"not_picked":["Leap","Gash+1"],"picked":"Panic Button","floor":31},{"not_picked":["Streamline+1","Gash"],"picked":"Ball Lightning","floor":33},{"not_picked":["Reboot","Seek"],"picked":"Electrodynamics","floor":35},{"not_picked":["Gash+1","Hologram+1","Conserve Battery"],"picked":"SKIP","floor":37},{"not_picked":["Auto Shields","Conserve Battery+1"],"picked":"Redo+1","floor":40},{"not_picked":["BasicCrystalCard","Hologram+1"],"picked":"hubris:Ukulele","floor":41}],"player_experience":241334,"relics_obtained":[{"floor":4.0,"key":"hubris:PeanutButter"},{"floor":9.0,"key":"ReplayTheSpireMod:Ninjato"},{"floor":10.0,"key":"Durian"},{"floor":13.0,"key":"Grinning Jar"},{"floor":15.0,"key":"infinitespire:PuzzleCube"},{"floor":26,"key":"Chameleon Ring"},{"floor":28,"key":"hubris:AstralHammer"},{"floor":33,"key":"War Paint"}],"event_choices":[{"cards_removed":["Strike_B"],"damage_healed":0.0,"max_hp_gain":0.0,"max_hp_loss":0.0,"gold_gain":0.0,"event_name":"The Cleric","player_choice":"Card Removal","floor":7.0,"gold_loss":50.0,"damage_taken":0.0},{"damage_healed":0.0,"max_hp_gain":0.0,"max_hp_loss":0.0,"gold_gain":0.0,"cards_transformed":["Strike_B"],"event_name":"Transmorgrifier","player_choice":"Transformed","floor":16.0,"gold_loss":0.0,"damage_taken":0.0,"cards_obtained":["Steam Power"]},{"damage_healed":0,"gold_gain":0,"player_choice":"Bought 0 Potions","damage_taken":0,"max_hp_gain":0,"max_hp_loss":0,"event_name":"The Woman in Blue","floor":24,"gold_loss":0},{"damage_healed":0,"gold_gain":0,"player_choice":"Upgrade","damage_taken":0,"max_hp_gain":0,"max_hp_loss":0,"event_name":"Designer","floor":38,"gold_loss":40,"cards_upgraded":["Electrodynamics"]}],"is_beta":false,"boss_relics":[{"not_picked":["hubris:Stopwatch","Astrolabe"],"picked":"SlaversCollar"},{"not_picked":["Tiny House","Cursed Key"],"picked":"Nuclear Battery"}],"items_purged_floors":[0,5,22,32],"is_endless":true,"potions_floor_spawned":[3,10,14,27,29,31,33,40],"killed_by":"Nightmare","ascension_level":1}}