{"host":"4qkvkh7pd9qr2mca","time":1607527573,"event":{"gold_per_floor":[116,81,94,94,94,120,134,154,154,154,169,169,184,184,184],"floor_reached":14,"playtime":386,"items_purged":[],"score":184,"play_id":"3e837b44-157e-4619-87b4-ef0ef44b2cea","local_time":"20201209162613","is_ascension_mode":true,"campfire_choices":[{"floor":12,"key":"REST"}],"neow_cost":"PERCENT_DAMAGE","seed_source_timestamp":21348042792200,"circlet_count":0,"master_deck":["AscendersBane","Strike_G","Strike_G","Strike_G","Strike_G","Strike_G","Defend_G","Defend_G","Defend_G","Defend_G","Defend_G","Survivor","Neutralize+1","Blur","Underhanded Strike","Tactician","Tools of the Trade","Leg Sweep","Underhanded Strike","Prepared"],"special_seed":0,"relics":["Ring of the Snake","Tingsha","Blue Candle","Shuriken"],"potions_floor_usage":[6,13],"damage_taken":[{"damage":4,"enemies":"Small Slimes","floor":1,"turns":4},{"damage":0,"enemies":"2 Louse","floor":3,"turns":2},{"damage":45,"enemies":"Gremlin Nob","floor":6,"turns":6},{"damage":0,"enemies":"Jaw Worm","floor":7,"turns":4},{"damage":4,"enemies":"Exordium Wildlife","floor":8,"turns":6},{"damage":0,"enemies":"3 Louse","floor":11,"turns":4},{"damage":24,"enemies":"Gremlin Gang","floor":13,"turns":7},{"damage":9,"enemies":"3 Sentries","floor":14,"turns":3}],"seed_played":"-5298695418055898842","potions_obtained":[{"floor":3,"key":"Weak Potion"},{"floor":8,"key":"SteroidPotion"},{"floor":13,"key":"FearPotion"}],"is_trial":false,"path_per_floor":["M","?","M","?","?","E","M","M","T","?","M","R","M","E"],"character_chosen":"THE_SILENT","items_purchased":[],"campfire_rested":1,"item_purchase_floors":[],"current_hp_per_floor":[40,56,56,56,61,16,16,12,12,12,12,33,9,0,0],"gold":184,"neow_bonus":"ONE_RARE_RELIC","is_prod":false,"is_daily":false,"chose_seed":false,"campfire_upgraded":0,"win_rate":0,"timestamp":1607527573,"path_taken":["M","?","M","?","?","E","M","M","T","?","M","R","?","E"],"build_version":"2020-11-30","purchased_purges":0,"victory":false,"max_hp_per_floor":[66,66,66,66,71,71,71,71,71,71,71,71,71,71,71],"card_choices":[{"not_picked":["PiercingWail","Flechettes"],"picked":"Blur","floor":1},{"not_picked":["Backflip","Prepared"],"picked":"Underhanded Strike","floor":3},{"not_picked":["PiercingWail","Slice"],"picked":"Tactician","floor":6},{"not_picked":["Riddle With Holes","Bane"],"picked":"Tools of the Trade","floor":7},{"not_picked":["Escape Plan","Flying Knee"],"picked":"Leg Sweep","floor":8},{"not_picked":["Bane","Sucker Punch"],"picked":"Underhanded Strike","floor":11},{"not_picked":["Riddle With Holes","Bane"],"picked":"Prepared","floor":13}],"player_experience":237352,"relics_obtained":[{"floor":6,"key":"Blue Candle"},{"floor":9,"key":"Shuriken"}],"event_choices":[{"damage_healed":16,"gold_gain":0,"player_choice":"Healed","damage_taken":0,"max_hp_gain":0,"max_hp_loss":0,"event_name":"The Cleric","floor":2,"gold_loss":35},{"damage_healed":0,"gold_gain":0,"player_choice":"Grow","damage_taken":0,"max_hp_gain":0,"max_hp_loss":0,"event_name":"Living Wall","floor":4,"gold_loss":0,"cards_upgraded":["Neutralize"]},{"damage_healed":0,"gold_gain":0,"player_choice":"Donut","damage_taken":0,"max_hp_gain":5,"max_hp_loss":0,"event_name":"Big Fish","floor":5,"gold_loss":0},{"damage_healed":0,"gold_gain":0,"player_choice":"Ignored","damage_taken":0,"max_hp_gain":0,"max_hp_loss":0,"event_name":"Shining Light","floor":10,"gold_loss":0}],"is_beta":false,"boss_relics":[],"items_purged_floors":[],"is_endless":false,"potions_floor_spawned":[3,8,13],"killed_by":"3 Sentries","ascension_level":20}}