{"host":"usn420qyc3tqn20x","time":1607515047,"event":{"gold_per_floor":[115,128,128,148,168,186,215,228,302,302,336,352,352,371,453,549,549,568,568,27,40,40,72,83,112,112,129,0,0,35,52,52,153,153,69,81,81,154,154,154,185,185,239,254,19,29,43,43,43],"floor_reached":48,"playtime":3556,"items_purged":["hubris:Disease","Injury"],"score":886,"play_id":"6c65e1d3-9c11-412a-b9b8-e15fcc9a6e22","local_time":"20201209225727","is_ascension_mode":false,"campfire_choices":[{"data":"Anger","floor":10,"key":"SMITH"},{"floor":32,"key":"REST"},{"floor":40,"key":"RECALL"},{"floor":42,"key":"REST"}],"neow_cost":"","seed_source_timestamp":284084210910500,"circlet_count":0,"master_deck":["Strike_R","Strike_R+1","Strike_R+1","Strike_R","Strike_R","Defend_R","Defend_R+1","Defend_R","Defend_R","Bash","Armaments","Anger+1","Flame Barrier","Armaments","Anger","Seeing Red","Thunderclap","Anger+1","Offering","Pommel Strike+1","Bash+1","conspire:Banana","conspire:Banana","Perfected Strike+1","Anger+1","Limit Break","Flex","Flex","Limit Break","Pummel+1","Offering+1","Carnage+1","Perfected Strike+1","SwitchConfidence","hubris:Wrath","Cleave+1","Perfected Strike+1"],"relics":["Burning Blood","Sling","Whetstone","PreservedInsect","Molten Egg 2","Cursed Key","Vajra","Tiny Chest","HandDrill","SlaversCollar","vexMod:TimeEaterHat","Durian","aspiration:TomeofQuesting","Replay:Wax Seal","Ninja Scroll","infinitespire:CheckeredPen","Bag of Preparation","conspire:Flyswatter","Singing Bowl","Nunchaku","Counterbalance","War Paint"],"potions_floor_usage":[5,5,11,14,16,25,25,30,33,41,46],"damage_taken":[{"damage":10,"enemies":"Cultist","floor":1,"turns":4},{"damage":9,"enemies":"2 Louse","floor":2,"turns":3},{"damage":0,"enemies":"Jaw Worm","floor":4,"turns":5},{"damage":6,"enemies":"Large Slime","floor":5,"turns":6},{"damage":6,"enemies":"Lots of Slimes","floor":6,"turns":6},{"damage":13,"enemies":"3 Sentries","floor":7,"turns":8},{"damage":0,"enemies":"2 Fungi Beasts","floor":8,"turns":4},{"damage":11,"enemies":"Gremlin Nob","floor":11,"turns":4},{"damage":5,"enemies":"Looter","floor":12,"turns":4},{"damage":11,"enemies":"Lots of Slimes","floor":14,"turns":6},{"damage":43,"enemies":"Fading Forest","floor":16,"turns":11},{"damage":6,"enemies":"theJungle:MUSHROOMGANG","floor":18,"turns":5},{"damage":6,"enemies":"Shell Parasite","floor":21,"turns":2},{"damage":6,"enemies":"theJungle:2_Phrogs","floor":23,"turns":5},{"damage":11,"enemies":"theJungle:SlimyTreeVines","floor":24,"turns":3},{"damage":0,"enemies":"theJungle:MamaSnecko","floor":25,"turns":3},{"damage":21,"enemies":"Snake Plant","floor":27,"turns":3},{"damage":50,"enemies":"JungleHuntersEvent","floor":29,"turns":7},{"damage":6,"enemies":"theJungle:Cassacara","floor":30,"turns":2},{"damage":19,"enemies":"theJungle:JungleHuntersEncounter","floor":31,"turns":3},{"damage":23,"enemies":"theJungle:QueenSpyder","floor":33,"turns":7},{"damage":4,"enemies":"3 Shapes","floor":35,"turns":2},{"damage":0,"enemies":"Orb Walker","floor":36,"turns":2},{"damage":27,"enemies":"Giant Head","floor":41,"turns":5},{"damage":40,"enemies":"Transient","floor":44,"turns":5},{"damage":35,"enemies":"3 Darklings","floor":46,"turns":3},{"damage":24,"enemies":"Jaw Worm Horde","floor":47,"turns":3},{"damage":32,"enemies":"Writhing Mass","floor":48,"turns":3}],"seed_played":"2030321572795979348","potions_obtained":[{"floor":1,"key":"Weak Potion"},{"floor":7,"key":"ElixirPotion"},{"floor":8,"key":"AttackPotion"},{"floor":12,"key":"Regen Potion"},{"floor":23,"key":"SteroidPotion"},{"floor":24,"key":"DistilledChaos"},{"floor":29,"key":"AttackPotion"},{"floor":31,"key":"Fire Potion"},{"floor":36,"key":"SkillPotion"},{"floor":41,"key":"SkillPotion"},{"floor":44,"key":"Milkshake"}],"is_trial":false,"path_per_floor":["M","M","?","M","M","M","E","M","T","R","E","M","?","M","R_BF","B",null,"M","?","$","M","AVR","E","M","E","T","M","$","?","E","M","R","B",null,"M","M","?","T","?","R","E","R","T","M","$","M","M","M"],"character_chosen":"IRONCLAD","items_purchased":["Sling","Block Potion","Vajra","Tiny Chest","HandDrill","conspire:Banana","Flex","Counterbalance","War Paint"],"campfire_rested":2,"item_purchase_floors":[0,0,20,20,20,20,28,45,45],"current_hp_per_floor":[67,64,64,70,70,70,63,69,69,69,64,65,65,75,75,48,80,80,80,80,81,81,88,85,92,92,77,77,35,37,25,54,39,99,100,100,100,100,100,100,83,104,104,72,72,44,29,0,0],"gold":43,"neow_bonus":"","is_prod":false,"is_daily":false,"chose_seed":false,"campfire_upgraded":1,"win_rate":0,"timestamp":1607515047,"path_taken":["M","M","?","M","M","M","E","M","T","R","E","M","?","?","R_BF","BOSS","M","?","$","?","AVR","E","M","E","T","M","$","?","E","M","R","BOSS","M","M","?","?","?","R","E","R","T","M","?","?","M","M"],"build_version":"2020-11-30","purchased_purges":2,"victory":false,"max_hp_per_floor":[80,80,80,80,80,80,80,80,80,80,80,80,80,80,80,80,80,80,80,80,81,81,88,90,92,92,92,92,94,96,97,97,99,99,100,100,100,100,100,100,104,104,104,106,106,107,110,112,112],"card_choices":[{"not_picked":["Run Through","Shockwave"],"picked":"Armaments","floor":1},{"not_picked":["Rampage","Clash"],"picked":"Anger","floor":2},{"not_picked":["conspire:Charge","conspire:ExplosiveBarrier","Clothesline"],"picked":"SKIP","floor":4},{"not_picked":["conspire:HitWhereItHurts","Headbutt"],"picked":"Flame Barrier","floor":5},{"not_picked":["ReplayTheSpireMod:LeadingStrike","ReplayTheSpireMod:Limb From Limb","ReplayTheSpireMod:Strike From Hell"],"picked":"SKIP","floor":6},{"not_picked":["Body Slam","Infernal Blade"],"picked":"Armaments","floor":7},{"not_picked":["Sword Boomerang","Havoc"],"picked":"Anger","floor":8},{"not_picked":["Clash","Sword Boomerang"],"picked":"Seeing Red","floor":11},{"not_picked":["Wild Strike","Clothesline"],"picked":"Thunderclap","floor":12},{"not_picked":["Bludgeon+1","Headbutt+1"],"picked":"Anger+1","floor":14},{"not_picked":["Exhume","conspire:HitWhereItHurts+1"],"picked":"Offering","floor":16},{"not_picked":["Sentinel","Warcry+1"],"picked":"Pommel Strike+1","floor":18},{"not_picked":["True Grit+1","Havoc"],"picked":"Perfected Strike+1","floor":21},{"not_picked":["ReplayTheSpireMod:Strike From Hell+1","conspire:ExplosiveBarrier+1","Power Through+1"],"picked":"SKIP","floor":23},{"not_picked":["Flex","Thunderclap+1"],"picked":"Anger+1","floor":24},{"not_picked":["Sword Boomerang+1","hubris:StunningStrike+1"],"picked":"Limit Break","floor":25},{"not_picked":["Clothesline+1","Replay:Undeath\u0027s Touch+1"],"picked":"Rage","floor":27},{"not_picked":["Warcry","Shockwave"],"picked":"Flex","floor":29},{"not_picked":["Thunderclap+1","Fire Breathing"],"picked":"Limit Break","floor":30},{"not_picked":["hubris:SharpeningStone","Armaments"],"picked":"Pummel+1","floor":31},{"not_picked":["Immolate+1","conspire:HitWhereItHurts+1"],"picked":"Offering","floor":33},{"not_picked":["Warcry+1","Body Slam+1"],"picked":"Carnage+1","floor":35},{"not_picked":["Heavy Blade+1","Clothesline+1"],"picked":"Perfected Strike+1","floor":36},{"not_picked":["True Grit+1","Eclipse","Run Through+1"],"picked":"Singing Bowl","floor":41},{"not_picked":["Iron Wave+1","Infernal Blade+1"],"picked":"Cleave+1","floor":44},{"not_picked":["Iron Wave+1","Body Slam+1"],"picked":"Perfected Strike+1","floor":46},{"not_picked":["Bloodletting+1","Rupture+1","Second Wind"],"picked":"Singing Bowl","floor":47}],"player_experience":364491,"relics_obtained":[{"floor":7,"key":"Whetstone"},{"floor":11,"key":"PreservedInsect"},{"floor":23,"key":"Durian"},{"floor":25,"key":"aspiration:TomeofQuesting"},{"floor":26,"key":"Replay:Wax Seal"},{"floor":29,"key":"Ninja Scroll"},{"floor":30,"key":"infinitespire:CheckeredPen"},{"floor":37,"key":"Bag of Preparation"},{"floor":38,"key":"conspire:Flyswatter"},{"floor":41,"key":"Singing Bowl"},{"floor":43,"key":"Nunchaku"}],"event_choices":[{"damage_healed":0,"gold_gain":0,"player_choice":"Ignored","damage_taken":0,"max_hp_gain":0,"max_hp_loss":0,"event_name":"Golden Wing","floor":3,"gold_loss":0},{"damage_healed":0,"gold_gain":0,"player_choice":"2 cards matched","damage_taken":0,"max_hp_gain":0,"max_hp_loss":0,"event_name":"Match and Keep!","floor":19,"gold_loss":0,"cards_obtained":["Bash","conspire:Banana"]},{"damage_healed":0,"gold_gain":0,"player_choice":"Relic","damage_taken":0,"max_hp_gain":0,"max_hp_loss":0,"event_name":"Wheel of Change","floor":37,"gold_loss":0},{"cards_removed":["Rage"],"damage_healed":0,"gold_gain":0,"player_choice":"Removed Skill","damage_taken":0,"max_hp_gain":0,"max_hp_loss":0,"event_name":"Falling","floor":39,"gold_loss":0}],"is_beta":false,"boss_relics":[{"not_picked":["Ectoplasm","Painkiller Herb"],"picked":"Cursed Key"},{"not_picked":["Coffee Dripper","aspiration:ServantSkillbook","Philosopher\u0027s Stone"]}],"items_purged_floors":[28,28],"is_endless":false,"potions_floor_spawned":[1,7,8,12,23,24,29,31,36,41,44],"killed_by":"Writhing Mass","ascension_level":0}}