{"host":"3rixevx6n8b56xaj","time":1607524364,"event":{"gold_per_floor":[219,219,144,155,170,170,504,504,504,520,34,34,34,46,46,46,46],"floor_reached":16,"playtime":313,"items_purged":["Defend_B"],"score":100,"play_id":"50f88a75-aea8-4fba-a545-77cdbd034670","local_time":"20201209233244","is_ascension_mode":false,"campfire_choices":[{"data":"Dualcast","floor":6,"key":"SMITH"},{"data":"Loop","floor":8,"key":"SMITH"},{"floor":13,"key":"REST"},{"data":"Strike_B","floor":15,"key":"PURGE"}],"neow_cost":"NONE","seed_source_timestamp":1131902130290700,"circlet_count":0,"master_deck":["Strike_B","Strike_B","Defend_B","Defend_B","Defend_B","Zap","Dualcast+1","Sweeping Beam","Steam Power","Capacitor","Loop+1","Heatsinks","Lockon"],"relics":["Cracked Core","Old Coin","Peace Pipe","Sundial","Singing Bowl"],"potions_floor_usage":[16],"damage_taken":[{"damage":1,"enemies":"Cultist","floor":1,"turns":3},{"damage":0,"enemies":"2 Louse","floor":4,"turns":2},{"damage":1,"enemies":"Jaw Worm","floor":5,"turns":3},{"damage":43,"enemies":"Gremlin Nob","floor":7,"turns":5},{"damage":27,"enemies":"Large Slime","floor":10,"turns":5},{"damage":11,"enemies":"2 Fungi Beasts","floor":14,"turns":4},{"damage":27,"enemies":"Slime Boss","floor":16,"turns":3}],"seed_played":"-3945862397797645612","potions_obtained":[{"floor":4,"key":"BlessingOfTheForge"},{"floor":10,"key":"LiquidMemories"}],"is_trial":false,"path_per_floor":["M","?","$","M","M","R","E","R","T","M","$","?","R","M","R","B"],"character_chosen":"DEFECT","items_purchased":["Sundial","Singing Bowl"],"campfire_rested":1,"item_purchase_floors":[11,11],"current_hp_per_floor":[74,74,74,74,73,73,30,30,30,3,3,3,25,14,14,0,0],"gold":46,"neow_bonus":"HUNDRED_GOLD","is_prod":false,"is_daily":false,"chose_seed":false,"campfire_upgraded":2,"win_rate":0,"timestamp":1607524364,"path_taken":["M","?","$","M","?","R","E","R","T","M","$","?","R","M","R","BOSS"],"build_version":"2020-11-30","purchased_purges":1,"victory":false,"max_hp_per_floor":[75,75,75,75,75,75,75,75,75,75,75,75,75,75,75,75,75],"card_choices":[{"not_picked":["Cold Snap","Conserve Battery"],"picked":"Sweeping Beam","floor":1},{"not_picked":["Barrage","Force Field","Redo"],"picked":"SKIP","floor":4},{"not_picked":["Force Field","Turbo"],"picked":"Capacitor","floor":5},{"not_picked":["Coolheaded","Gash"],"picked":"Loop","floor":7},{"not_picked":["Leap","Rebound"],"picked":"Heatsinks","floor":10},{"not_picked":["Blizzard","Barrage"],"picked":"Lockon","floor":14}],"player_experience":499560,"relics_obtained":[{"floor":7,"key":"Old Coin"},{"floor":9,"key":"Peace Pipe"}],"event_choices":[{"damage_healed":0,"gold_gain":0,"cards_transformed":["Strike_B"],"player_choice":"Transformed","damage_taken":0,"max_hp_gain":0,"max_hp_loss":0,"event_name":"Transmorgrifier","floor":2,"gold_loss":0,"cards_obtained":["Steam Power"]},{"damage_healed":0,"gold_gain":0,"player_choice":"LEAVE","damage_taken":0,"max_hp_gain":0,"max_hp_loss":0,"event_name":"betterThird:BetterScrap","floor":12,"gold_loss":0,"cards_obtained":["Masterful Stab"]}],"is_beta":false,"boss_relics":[],"items_purged_floors":[3],"is_endless":false,"potions_floor_spawned":[4,10],"killed_by":"Slime Boss","ascension_level":0}}