{"host":"vzugls1u57eppbds","time":1607541243,"event":{"gold_per_floor":[115,134,134,209,209,209,209,241,241,241,241,254,254,297,297,426,426,449,465,480,107,126,161,161,182,182,197,197,221,245,276,288,421,433,469,502,514,551,57,57,98,98,98,14,14,14,14,39,39,39,39,39,26,57,57],"floor_reached":56,"playtime":2719,"items_purged":["Strike_G"],"score":1245,"play_id":"7191f1f4-545d-48bb-a80b-72caa2f2c5fa","local_time":"20201209201403","is_ascension_mode":false,"campfire_choices":[{"data":"Deflect","floor":6,"key":"SMITH"},{"floor":11,"key":"REST"},{"floor":13,"key":"REST"},{"data":"Distraction","floor":15,"key":"SMITH"},{"floor":24,"key":"REST"},{"data":"Apotheosis","floor":32,"key":"SMITH"},{"floor":40,"key":"REST"},{"floor":42,"key":"REST"},{"floor":46,"key":"RECALL"},{"data":"Bullet Time","floor":49,"key":"SMITH"},{"data":"Dramatic Entrance","floor":52,"key":"SMITH"}],"neow_cost":"NONE","seed_source_timestamp":606629314419000,"circlet_count":0,"master_deck":["Strike_G","Strike_G","Strike_G","Defend_G","Defend_G","Defend_G","Defend_G","Defend_G","Survivor","Neutralize","Deflect+1","Footwork+1","Distraction+1","Backflip","Venomology","Blade Dance+1","Predator+1","Apotheosis+1","Venomology","Cloak And Dagger+1","PiercingWail+1","Cloak And Dagger+1","Storm of Steel+1","Burst","Cloak And Dagger+1","Dramatic Entrance+1","Panache+1","Bullet Time+1","Blade Dance","Deflect+1"],"relics":["Ring of the Snake","Toy Ornithopter","SacredBark","MerchantsRug","Regal Pillow","Ornamental Fan","Vajra","Bird Faced Urn","Mummified Hand","Bag of Preparation","Potion Belt","Kunai"],"potions_floor_usage":[8,16,18,19,20,22,23,25,25,27,27,27,27,27,28,28,28,28,29,30,30,31,31,31,33,33,35,36,36,38,38,48,48,50,50,50,50,50,50,50,50,50,54,54,54,55,55,55,55,55,55,55,55,55,55,55,55],"damage_taken":[{"damage":8,"enemies":"2 Louse","floor":1,"turns":3},{"damage":0,"enemies":"Small Slimes","floor":2,"turns":4},{"damage":24,"enemies":"Gremlin Nob","floor":8,"turns":6},{"damage":0,"enemies":"Jaw Worm","floor":12,"turns":4},{"damage":8,"enemies":"Lagavulin","floor":14,"turns":12},{"damage":10,"enemies":"The Guardian","floor":16,"turns":16},{"damage":12,"enemies":"Spheric Guardian","floor":18,"turns":5},{"damage":0,"enemies":"3 Byrds","floor":19,"turns":7},{"damage":5,"enemies":"Centurion and Healer","floor":20,"turns":6},{"damage":0,"enemies":"Chosen and Byrds","floor":22,"turns":6},{"damage":34,"enemies":"Book of Stabbing","floor":23,"turns":7},{"damage":1,"enemies":"Cultist and Chosen","floor":25,"turns":6},{"damage":0,"enemies":"Centurion and Healer","floor":27,"turns":7},{"damage":2,"enemies":"Gremlin Leader","floor":28,"turns":5},{"damage":15,"enemies":"Snake Plant","floor":29,"turns":5},{"damage":6,"enemies":"Cultist and Chosen","floor":30,"turns":8},{"damage":4,"enemies":"Book of Stabbing","floor":31,"turns":7},{"damage":19,"enemies":"Automaton","floor":33,"turns":9},{"damage":0,"enemies":"Orb Walker","floor":35,"turns":4},{"damage":32,"enemies":"3 Darklings","floor":36,"turns":8},{"damage":33,"enemies":"Spire Growth","floor":38,"turns":6},{"damage":70,"enemies":"Reptomancer","floor":41,"turns":7},{"damage":0,"enemies":"Jaw Worm Horde","floor":48,"turns":4},{"damage":60,"enemies":"Awakened One","floor":50,"turns":15},{"damage":26,"enemies":"Shield and Spear","floor":54,"turns":4},{"damage":29,"enemies":"The Heart","floor":55,"turns":11}],"seed_played":"1137086763927142018","potions_obtained":[{"floor":2,"key":"FearPotion"},{"floor":14,"key":"DistilledChaos"},{"floor":19,"key":"CultistPotion"},{"floor":23,"key":"Fire Potion"},{"floor":25,"key":"LiquidMemories"},{"floor":29,"key":"SneckoOil"},{"floor":33,"key":"SpeedPotion"},{"floor":35,"key":"Weak Potion"},{"floor":41,"key":"GamblersBrew"},{"floor":54,"key":"SteroidPotion"}],"is_trial":false,"path_per_floor":["M","M","?","?","?","R","?","E","T","?","R","M","R","E","R","B",null,"M","M","M","$","M","E","R","M","T","M","E","M","M","E","R","B",null,"M","M","?","M","$","R","E","R","T","$","?","R","?","M","R","B",null,"R","$","E","B",null],"character_chosen":"THE_SILENT","items_purchased":["Apotheosis","Swift Potion","MerchantsRug","Vajra","Bird Faced Urn","Panache+1","Potion Belt","PowerPotion","EntropicBrew","Blade Dance"],"campfire_rested":5,"item_purchase_floors":[21,21,21,39,39,39,44,44,53,53],"current_hp_per_floor":[62,62,55,44,44,44,67,46,46,29,50,50,70,62,62,57,70,63,68,65,65,70,36,70,69,69,70,70,55,59,66,66,51,70,70,48,48,25,25,61,42,70,70,70,70,70,70,70,70,50,70,70,70,44,60],"gold":57,"neow_bonus":"RANDOM_COMMON_RELIC","is_prod":false,"is_daily":false,"chose_seed":false,"campfire_upgraded":5,"win_rate":0,"timestamp":1607541243,"path_taken":["M","M","?","?","?","R","?","E","T","?","R","M","R","E","R","BOSS","M","M","M","$","M","E","R","M","T","M","E","M","M","E","R","BOSS","M","M","?","M","$","R","E","R","T","$","?","R","?","M","R","BOSS","R","$","E","BOSS"],"build_version":"2020-11-30","purchased_purges":1,"victory":true,"max_hp_per_floor":[70,70,70,70,70,70,70,70,70,70,70,70,70,70,70,70,70,70,70,70,70,70,70,70,70,70,70,70,70,70,70,70,70,70,70,70,70,70,70,70,70,70,70,70,70,70,70,70,70,70,70,70,70,70,70],"relic_stats":{"Regal Pillow":35,"counters":[26,182],"Ornamental Fan":[416],"Mummified Hand":[9],"Bird Faced Urn":[10],"Bag of Preparation":[8],"Kunai":[17],"obtain_stats":[{"Potion Belt":44,"MerchantsRug":21,"Regal Pillow":23,"Golden Idol":10,"SacredBark":17,"Vajra":39,"Bag of Preparation":41,"Frozen Egg 2":9,"MawBank":31,"Du-Vu Doll":14,"Ornamental Fan":26,"Mummified Hand":41,"Bird Faced Urn":39,"Black Star":34,"Kunai":54,"Toy Ornithopter":0,"Ring of the Snake":0,"Pocketwatch":8},{"Potion Belt":22,"MerchantsRug":9,"Regal Pillow":11,"Golden Idol":3,"SacredBark":6,"Vajra":21,"Bag of Preparation":22,"Frozen Egg 2":3,"MawBank":17,"Du-Vu Doll":5,"Ornamental Fan":12,"Mummified Hand":22,"Bird Faced Urn":21,"Black Star":18,"Kunai":25,"Toy Ornithopter":0,"Ring of the Snake":0,"Pocketwatch":3},{"Potion Belt":148,"MerchantsRug":63,"Regal Pillow":76,"Golden Idol":13,"SacredBark":45,"Vajra":141,"Bag of Preparation":148,"Frozen Egg 2":13,"MawBank":114,"Du-Vu Doll":29,"Ornamental Fan":82,"Mummified Hand":148,"Bird Faced Urn":141,"Black Star":123,"Kunai":171,"Toy Ornithopter":0,"Ring of the Snake":0,"Pocketwatch":13}],"Toy Ornithopter":145,"Ring of the Snake":[52]},"card_choices":[{"not_picked":["Deadly Poison","Catalyst"],"picked":"Deflect","floor":1},{"not_picked":["Terror","Riddle With Holes"],"picked":"Footwork","floor":2},{"not_picked":["Dagger Spray","Quick Slash"],"picked":"Distraction","floor":8},{"not_picked":["Quick Slash","Poisoned Stab"],"picked":"Backflip","floor":12},{"not_picked":["Burst","Riddle With Holes"],"picked":"Choke","floor":14},{"not_picked":["Adrenaline","Corpse Explosion"],"picked":"Venomology","floor":16},{"not_picked":["Masterful Stab+1","Distraction"],"picked":"Blade Dance+1","floor":18},{"not_picked":["Poisoned Stab+1","Flying Knee","Deadly Poison+1"],"picked":"SKIP","floor":19},{"not_picked":["Sucker Punch","Endless Agony"],"picked":"Predator+1","floor":20},{"not_picked":["Crippling Poison","Setup","Underhanded Strike"],"picked":"SKIP","floor":22},{"not_picked":["Bane","Backflip+1"],"picked":"Venomology","floor":23},{"not_picked":["Setup","Deflect+1"],"picked":"Cloak And Dagger+1","floor":25},{"not_picked":["Riddle With Holes","Noxious Fumes+1","Underhanded Strike"],"picked":"SKIP","floor":27},{"not_picked":["Prepared+1","Dagger Spray"],"picked":"PiercingWail+1","floor":29},{"not_picked":["Acrobatics","Dagger Spray"],"picked":"Cloak And Dagger+1","floor":30},{"not_picked":["Dagger Spray","Dodge and Roll+1"],"picked":"Storm of Steel","floor":31},{"not_picked":["Die Die Die","After Image+1"],"picked":"Burst","floor":33},{"not_picked":["Prepared+1","Endless Agony"],"picked":"Cloak And Dagger+1","floor":35},{"not_picked":["Dodge and Roll","Expertise","Finisher"],"picked":"SKIP","floor":36},{"not_picked":["Apotheosis","Blind"],"picked":"Dramatic Entrance","floor":37},{"not_picked":["Caltrops+1","Dodge and Roll","Bane+1"],"picked":"SKIP","floor":38},{"not_picked":["Well Laid Plans+1","Terror"],"picked":"Bullet Time","floor":41},{"not_picked":["Infinite Blades+1","Quick Slash","Underhanded Strike"],"picked":"SKIP","floor":48},{"not_picked":["Wraith Form v2","Quick Slash"],"picked":"Deflect+1","floor":54}],"player_experience":194964,"relics_obtained":[{"floor":8,"key":"Pocketwatch"},{"floor":9,"key":"Frozen Egg 2"},{"floor":14,"key":"Du-Vu Doll"},{"floor":23,"key":"Regal Pillow"},{"floor":26,"key":"Ornamental Fan"},{"floor":31,"key":"MawBank"},{"floor":41,"key":"Mummified Hand"},{"floor":41,"key":"Bag of Preparation"},{"floor":54,"key":"Kunai"}],"event_choices":[{"cards_removed":["Strike_G"],"damage_healed":0,"gold_gain":0,"player_choice":"Card Removal","damage_taken":7,"max_hp_gain":0,"max_hp_loss":0,"event_name":"Golden Wing","floor":3,"gold_loss":0},{"damage_healed":0,"gold_gain":75,"player_choice":"Gold","damage_taken":11,"max_hp_gain":0,"max_hp_loss":0,"event_name":"betterThird:BetterGoop","floor":4,"gold_loss":0},{"damage_healed":0,"gold_gain":0,"player_choice":"Grow","damage_taken":0,"max_hp_gain":0,"max_hp_loss":0,"event_name":"Living Wall","floor":5,"gold_loss":0,"cards_upgraded":["Footwork"]},{"damage_healed":23,"gold_gain":0,"player_choice":"Banana","damage_taken":0,"max_hp_gain":0,"max_hp_loss":0,"event_name":"Big Fish","floor":7,"gold_loss":0},{"damage_healed":0,"gold_gain":0,"player_choice":"Take Damage","damage_taken":17,"relics_obtained":["Golden Idol"],"max_hp_gain":0,"max_hp_loss":0,"event_name":"Golden Idol","floor":10,"gold_loss":0},{"damage_healed":0,"gold_gain":0,"player_choice":"Memory 1","damage_taken":0,"max_hp_gain":0,"max_hp_loss":0,"event_name":"SensoryStone","floor":37,"gold_loss":0},{"cards_removed":["Choke"],"damage_healed":0,"gold_gain":0,"player_choice":"Removed Attack","damage_taken":0,"max_hp_gain":0,"max_hp_loss":0,"event_name":"Falling","floor":45,"gold_loss":0},{"damage_healed":0,"gold_gain":0,"player_choice":"Forge","damage_taken":0,"max_hp_gain":0,"max_hp_loss":0,"event_name":"Accursed Blacksmith","floor":47,"gold_loss":0,"cards_upgraded":["Storm of Steel"]}],"is_beta":false,"boss_relics":[{"not_picked":["Busted Crown","Astrolabe"],"picked":"SacredBark"},{"not_picked":["Empty Cage","Pandora\u0027s Box"],"picked":"Black Star"}],"items_purged_floors":[39],"is_endless":false,"potions_floor_spawned":[2,14,19,23,25,29,33,35,41,54],"ascension_level":0}}