{"host":"bxn2em57qlx5u4i0","time":1607484275,"event":{"gold_per_floor":[112,129,15,30,40,72,72,72,72,72,127,160,160,492,492,569,569,580,415,428,291,305,340,340,367,412,412,431,431,443,443,443,514,514,533,552,552,552,570,595,595,595,674,707,707,753,781,791,791,791,791,791,791,35,66,66],"floor_reached":57,"playtime":2870,"items_purged":["Prepared","Dagger Spray"],"score":2992,"play_id":"ef36deab-f6fc-49e8-a3af-550aa828f200","local_time":"20201208222435","daily_mods":["SealedDeck"],"is_ascension_mode":true,"campfire_choices":[{"data":"Noxious Fumes","floor":7.0,"key":"SMITH"},{"data":"Footwork","floor":10.0,"key":"SMITH"},{"data":"Night Terror","floor":13.0,"key":"SMITH"},{"data":"Footwork","floor":15.0,"key":"SMITH"},{"data":"Bouncing Flask","floor":27.0,"key":"SMITH"},{"data":"Leg Sweep","floor":29.0,"key":"SMITH"},{"data":"Backflip","floor":32.0,"key":"SMITH"},{"data":"Wraith Form v2","floor":41.0,"key":"SMITH"},{"floor":45.0,"key":"RECALL"},{"data":"Backflip","floor":49.0,"key":"SMITH"},{"data":"PiercingWail","floor":53.0,"key":"SMITH"}],"neow_cost":"","seed_source_timestamp":0,"circlet_count":0,"master_deck":["AscendersBane","Bane","Deadly Poison","PiercingWail+1","Backflip+1","Deadly Poison","Poisoned Stab","Noxious Fumes+1","Leg Sweep+1","Footwork+1","Dodge and Roll","Night Terror+1","Footwork+1","Adrenaline","PiercingWail+1","Bouncing Flask+1","Adrenaline","Backflip+1","Bullet Time","PiercingWail+1","Wraith Form v2+1","Bullet Time"],"special_seed":0,"relics":["Ring of the Snake","Prayer Wheel","Calipers","Old Coin","Snecko Eye","Membership Card","Art of War","Unceasing Top","MutagenicStrength","Blue Candle","Bag of Preparation","White Beast Statue","Black Star","Vajra","Pantograph","The Courier","Eternal Feather","Oddly Smooth Stone","Regal Pillow","Pear","PreservedInsect","The Specimen","Anchor","DollysMirror","Lizard Tail","Strawberry","Incense Burner","Sundial","Ice Cream","StrikeDummy"],"potions_floor_usage":[56,56],"damage_taken":[{"damage":0.0,"enemies":"Cultist","floor":1.0,"turns":2.0},{"damage":0.0,"enemies":"Small Slimes","floor":2.0,"turns":4.0},{"damage":0.0,"enemies":"Jaw Worm","floor":4.0,"turns":3.0},{"damage":2.0,"enemies":"Exordium Wildlife","floor":5.0,"turns":4.0},{"damage":18.0,"enemies":"3 Sentries","floor":6.0,"turns":6.0},{"damage":29.0,"enemies":"Gremlin Nob","floor":12.0,"turns":5.0},{"damage":10.0,"enemies":"3 Sentries","floor":14.0,"turns":2.0},{"damage":12.0,"enemies":"The Guardian","floor":16.0,"turns":9.0},{"damage":1.0,"enemies":"Shell Parasite","floor":18.0,"turns":5.0},{"damage":0.0,"enemies":"Spheric Guardian","floor":20.0,"turns":5.0},{"damage":0.0,"enemies":"Snake Plant","floor":22.0,"turns":6.0},{"damage":10.0,"enemies":"Gremlin Leader","floor":23.0,"turns":8.0},{"damage":18.0,"enemies":"Book of Stabbing","floor":25.0,"turns":7.0},{"damage":8.0,"enemies":"3 Cultists","floor":28.0,"turns":5.0},{"damage":0.0,"enemies":"Centurion and Healer","floor":30.0,"turns":6.0},{"damage":11.0,"enemies":"Champ","floor":33.0,"turns":14.0},{"damage":0.0,"enemies":"3 Darklings","floor":35.0,"turns":5.0},{"damage":0.0,"enemies":"Orb Walker","floor":36.0,"turns":3.0},{"damage":0.0,"enemies":"3 Darklings","floor":39.0,"turns":4.0},{"damage":0.0,"enemies":"Giant Head","floor":40.0,"turns":8.0},{"damage":0.0,"enemies":"Reptomancer","floor":44.0,"turns":9.0},{"damage":0.0,"enemies":"Giant Head","floor":47.0,"turns":8.0},{"damage":0.0,"enemies":"Writhing Mass","floor":48.0,"turns":5.0},{"damage":11.0,"enemies":"Time Eater","floor":50.0,"turns":13.0},{"damage":55.0,"enemies":"Awakened One","floor":51.0,"turns":18.0},{"damage":7.0,"enemies":"Shield and Spear","floor":55.0,"turns":7.0},{"damage":29,"enemies":"The Heart","floor":56,"turns":12}],"seed_played":"6796365351255156521","potions_obtained":[{"floor":1.0,"key":"DistilledChaos"},{"floor":4.0,"key":"GhostInAJar"},{"floor":12.0,"key":"Strength Potion"},{"floor":14.0,"key":"FairyPotion"},{"floor":18.0,"key":"Regen Potion"},{"floor":22.0,"key":"Dexterity Potion"},{"floor":30.0,"key":"Ancient Potion"},{"floor":39.0,"key":"AttackPotion"},{"floor":40.0,"key":"Ancient Potion"},{"floor":44.0,"key":"GamblersBrew"},{"floor":48.0,"key":"ColorlessPotion"},{"floor":55.0,"key":"SpeedPotion"}],"is_trial":true,"path_per_floor":["M","M","$","M","M","E","R","?","T","R","?","E","R","E","R","B",null,"M","$","M","$","M","E","?","E","T","R","M","R","M","T","R","B",null,"M","M","?","?","M","E","R","?","T","E","R","T","E","M","R","B","B",null,"R","$","E","B",null],"character_chosen":"THE_SILENT","items_purchased":["Footwork","Membership Card","Art of War","GhostInAJar","The Specimen","Anchor","DollysMirror","Lizard Tail","Strawberry","Incense Burner","Sundial","DuplicationPotion"],"campfire_rested":0,"item_purchase_floors":[3,19,21,21,54,54,54,54,54,54,54,54],"current_hp_per_floor":[59,59,59,59,57,39,39,61,61,61,61,32,32,22,22,10,52,51,51,51,51,66,56,56,38,38,38,30,30,30,30,30,19,54,54,54,54,54,54,54,54,54,54,54,63,63,73,73,73,62,18,59,71,78,71,51],"gold":66,"neow_bonus":"","is_prod":false,"is_daily":false,"chose_seed":false,"campfire_upgraded":10,"win_rate":0,"timestamp":1607484275,"path_taken":["M","M","$","?","M","E","R","?","T","R","?","E","R","E","R","BOSS","M","$","M","$","M","E","?","E","T","R","M","R","M","?","R","BOSS","M","?","?","?","?","E","R","?","T","E","R","?","E","M","R","BOSS","BOSS","R","$","E","BOSS"],"build_version":"2020-11-30","purchased_purges":2,"victory":true,"max_hp_per_floor":[66,66,66,66,66,66,66,66,66,66,66,66,66,66,66,66,66,66,66,66,66,66,66,66,66,66,66,66,66,66,66,66,66,66,66,66,63,63,63,63,63,63,63,63,63,63,73,73,73,73,73,73,73,80,80,80],"relic_stats":{"Regal Pillow":0,"counters":[27,183],"Blue Candle":[0],"Eternal Feather":21,"PreservedInsect":77,"Bag of Preparation":[14],"Lizard Tail":0,"Sundial":[6],"Pantograph":20,"Snecko Eye":[327,333,297,291],"Prayer Wheel":9,"Art of War":[92],"Black Star":4,"obtain_stats":[{"Ice Cream":55,"Regal Pillow":46,"Calipers":12,"Vajra":40,"Bag of Preparation":26,"Incense Burner":54,"Old Coin":14,"Lizard Tail":54,"DollysMirror":54,"Sundial":54,"Pantograph":40,"Strawberry":54,"Prayer Wheel":6,"Ring of the Snake":0,"Pear":47,"The Specimen":54,"Blue Candle":25,"Oddly Smooth Stone":44,"Eternal Feather":44,"The Courier":43,"PreservedInsect":47,"White Beast Statue":31,"Anchor":54,"MutagenicStrength":24,"Snecko Eye":17,"Art of War":21,"Black Star":34,"Membership Card":19,"StrikeDummy":55,"Unceasing Top":23},{"Ice Cream":26,"Regal Pillow":21,"Calipers":6,"Vajra":20,"Bag of Preparation":13,"Incense Burner":25,"Old Coin":7,"Lizard Tail":25,"DollysMirror":25,"Sundial":25,"Pantograph":20,"Strawberry":25,"Prayer Wheel":5,"Ring of the Snake":0,"Pear":22,"The Specimen":25,"Blue Candle":13,"Oddly Smooth Stone":21,"Eternal Feather":21,"The Courier":20,"PreservedInsect":22,"White Beast Statue":15,"Anchor":25,"MutagenicStrength":12,"Snecko Eye":8,"Art of War":10,"Black Star":16,"Membership Card":9,"StrikeDummy":26,"Unceasing Top":12},{"Ice Cream":171,"Regal Pillow":120,"Calipers":24,"Vajra":111,"Bag of Preparation":66,"Incense Burner":164,"Old Coin":26,"Lizard Tail":164,"DollysMirror":164,"Sundial":164,"Pantograph":111,"Strawberry":164,"Prayer Wheel":19,"Ring of the Snake":0,"Pear":128,"The Specimen":164,"Blue Candle":66,"Oddly Smooth Stone":120,"Eternal Feather":120,"The Courier":111,"PreservedInsect":128,"White Beast Statue":77,"Anchor":164,"MutagenicStrength":59,"Snecko Eye":35,"Art of War":45,"Black Star":91,"Membership Card":40,"StrikeDummy":171,"Unceasing Top":59}],"Unceasing Top":[0],"Ring of the Snake":[54]},"card_choices":[{"not_picked":["Underhanded Strike","Setup"],"picked":"Leg Sweep","floor":1.0},{"not_picked":["Outmaneuver","All Out Attack","Slice"],"picked":"SKIP","floor":2.0},{"not_picked":["Prepared","Blade Dance","Deadly Poison"],"picked":"SKIP","floor":4.0},{"not_picked":["Prepared","Deadly Poison","Sucker Punch"],"picked":"SKIP","floor":5.0},{"not_picked":["Dash","Outmaneuver"],"picked":"Dodge and Roll","floor":6.0},{"not_picked":["Tools of the Trade","Deadly Poison"],"picked":"Night Terror","floor":12.0},{"not_picked":["Terror","Expertise"],"picked":"Footwork","floor":14.0},{"not_picked":["Grand Finale","Tools of the Trade"],"picked":"Adrenaline","floor":16.0},{"not_picked":["Sucker Punch","Caltrops"],"picked":"PiercingWail+1","floor":18.0},{"not_picked":["Terror","Flying Knee+1","Noxious Fumes+1"],"picked":"SKIP","floor":18.0},{"not_picked":["Slice","Deadly Poison","Infinite Blades"],"picked":"SKIP","floor":20.0},{"not_picked":["Deadly Poison","PiercingWail","Bane"],"picked":"SKIP","floor":20.0},{"not_picked":["Dodge and Roll","Sucker Punch"],"picked":"Bouncing Flask","floor":22.0},{"not_picked":["Calculated Gamble","Bane","Dash"],"picked":"SKIP","floor":22.0},{"not_picked":["Sucker Punch","Well Laid Plans"],"picked":"Adrenaline","floor":23.0},{"not_picked":["Slice","Bouncing Flask","Concentrate"],"picked":"SKIP","floor":25.0},{"not_picked":["Deadly Poison","All Out Attack"],"picked":"Backflip","floor":28.0},{"not_picked":["Outmaneuver","Prepared","Quick Slash"],"picked":"SKIP","floor":28.0},{"not_picked":["Outmaneuver","Prepared","Quick Slash"],"picked":"SKIP","floor":28.0},{"not_picked":["Outmaneuver","Prepared","Quick Slash"],"picked":"SKIP","floor":28.0},{"not_picked":["Blade Dance","Backstab+1","Endless Agony+1"],"picked":"SKIP","floor":30.0},{"not_picked":["Acrobatics","Quick Slash+1","Outmaneuver"],"picked":"SKIP","floor":30.0},{"not_picked":["Corpse Explosion","Malaise"],"picked":"Bullet Time","floor":33.0},{"not_picked":["Deflect","Dagger Spray+1","Tactician"],"picked":"SKIP","floor":35.0},{"not_picked":["PiercingWail+1","Skewer+1","Quick Slash"],"picked":"SKIP","floor":35.0},{"not_picked":["Deflect","Dagger Spray+1","Tactician"],"picked":"SKIP","floor":35.0},{"not_picked":["PiercingWail+1","Skewer+1","Quick Slash"],"picked":"SKIP","floor":35.0},{"not_picked":["Skewer+1","Quick Slash"],"picked":"PiercingWail+1","floor":35.0},{"not_picked":["Deflect","Dagger Spray+1","Tactician"],"picked":"SKIP","floor":35.0},{"not_picked":["Expertise+1","Deflect+1","Dagger Throw"],"picked":"SKIP","floor":36.0},{"not_picked":["PiercingWail","Slice","Dodge and Roll"],"picked":"SKIP","floor":36.0},{"not_picked":["Cloak And Dagger","Escape Plan","Distraction+1"],"picked":"SKIP","floor":39.0},{"not_picked":["Blur","Quick Slash+1","Caltrops+1"],"picked":"SKIP","floor":39.0},{"not_picked":["Caltrops+1","Prepared"],"picked":"Wraith Form v2","floor":40.0},{"not_picked":["Bane+1","Acrobatics+1","Distraction+1"],"picked":"SKIP","floor":44.0},{"not_picked":["Blur","Quick Slash+1","Acrobatics"],"picked":"SKIP","floor":47.0},{"not_picked":["Dagger Spray","Dagger Throw","Dodge and Roll"],"picked":"SKIP","floor":48.0},{"not_picked":["Dash","Crippling Poison","Quick Slash"],"picked":"SKIP","floor":48.0},{"not_picked":["Storm of Steel","Bouncing Flask","Setup"],"picked":"SKIP","floor":55.0}],"player_experience":2762345,"relics_obtained":[{"floor":6.0,"key":"Prayer Wheel"},{"floor":12.0,"key":"Calipers"},{"floor":14.0,"key":"Old Coin"},{"floor":23.0,"key":"Unceasing Top"},{"floor":25.0,"key":"Blue Candle"},{"floor":26.0,"key":"Bag of Preparation"},{"floor":31.0,"key":"White Beast Statue"},{"floor":40.0,"key":"Vajra"},{"floor":40.0,"key":"Pantograph"},{"floor":43.0,"key":"The Courier"},{"floor":44.0,"key":"Eternal Feather"},{"floor":44.0,"key":"Oddly Smooth Stone"},{"floor":46.0,"key":"Regal Pillow"},{"floor":47.0,"key":"Pear"},{"floor":47.0,"key":"PreservedInsect"},{"floor":55.0,"key":"Ice Cream"},{"floor":55.0,"key":"StrikeDummy"}],"event_choices":[{"damage_healed":22.0,"max_hp_gain":0.0,"max_hp_loss":0.0,"gold_gain":0.0,"event_name":"Big Fish","player_choice":"Banana","floor":8.0,"gold_loss":0.0,"damage_taken":0.0},{"damage_healed":0.0,"max_hp_gain":0.0,"max_hp_loss":0.0,"gold_gain":55.0,"event_name":"Golden Wing","player_choice":"Gained Gold","floor":11.0,"gold_loss":0.0,"damage_taken":0.0},{"damage_healed":0.0,"max_hp_gain":0.0,"max_hp_loss":0.0,"gold_gain":0.0,"event_name":"Drug Dealer","player_choice":"Inject Mutagens","floor":24.0,"gold_loss":0.0,"damage_taken":0.0,"relics_obtained":["MutagenicStrength"]},{"damage_healed":0.0,"max_hp_gain":0.0,"max_hp_loss":3.0,"gold_gain":0.0,"event_name":"Winding Halls","player_choice":"Max HP","floor":37.0,"gold_loss":0.0,"damage_taken":0.0},{"cards_removed":["Dash"],"damage_healed":0.0,"max_hp_gain":0.0,"max_hp_loss":0.0,"gold_gain":0.0,"event_name":"Falling","player_choice":"Removed Attack","floor":38.0,"gold_loss":0.0,"damage_taken":0.0},{"damage_healed":0.0,"max_hp_gain":0.0,"max_hp_loss":0.0,"gold_gain":0.0,"event_name":"Tomb of Lord Red Mask","player_choice":"Ignored","floor":42.0,"gold_loss":0.0,"damage_taken":0.0}],"is_beta":false,"boss_relics":[{"not_picked":["SacredBark","Tiny House"],"picked":"Snecko Eye"},{"not_picked":["Fusion Hammer","HoveringKite"],"picked":"Black Star"}],"items_purged_floors":[3,54],"is_endless":false,"potions_floor_spawned":[1,4,12,14,16,18,22,30,33,35,36,39,40,44,47,48,55],"ascension_level":20}}