{"host":"f55lpzc7830gmx23","time":1607523687,"event":{"gold_per_floor":[119,134,434,434,128,160,180,208,277,277,329,348,360,44,44,44,44],"floor_reached":16,"playtime":546,"items_purged":[],"score":155,"play_id":"675ff3bb-9830-463f-8d35-4eec14bd61f6","local_time":"20201209152127","is_ascension_mode":true,"campfire_choices":[{"data":"hermit:Determination","floor":10,"key":"SMITH"},{"floor":15,"key":"REST"}],"neow_cost":"NONE","seed_source_timestamp":43889849080600,"circlet_count":0,"master_deck":["hermit:Strike_Hermit","hermit:Strike_Hermit","hermit:Strike_Hermit","hermit:Strike_Hermit","hermit:Defend_Hermit","hermit:Defend_Hermit","hermit:Defend_Hermit","hermit:Defend_Hermit","hermit:Snapshot","hermit:Covet","hermit:Ricochet","Regret","hermit:Determination+1","hermit:EyeOfTheStorm","hermit:SprayPray","hermit:BigShot"],"relics":["hermit:Momento","NeowsBlessing","Old Coin","hermit:RyeStalk","Bronze Scales","Potion Belt","Eternal Feather","Gremlin Horn","Question Card"],"potions_floor_usage":[8,8,16],"damage_taken":[{"damage":0,"enemies":"Cultist","floor":1,"turns":1},{"damage":0,"enemies":"Jaw Worm","floor":2,"turns":1},{"damage":0,"enemies":"Gremlin Nob","floor":6,"turns":1},{"damage":11,"enemies":"Small Slimes","floor":7,"turns":3},{"damage":20,"enemies":"Lagavulin","floor":8,"turns":7},{"damage":1,"enemies":"2 Fungi Beasts","floor":12,"turns":2},{"damage":16,"enemies":"Blue Slaver","floor":13,"turns":3},{"damage":64,"enemies":"Hexaghost","floor":16,"turns":9}],"seed_played":"-1754933631322130780","potions_obtained":[{"floor":2,"key":"SteroidPotion"},{"floor":6,"key":"PowerPotion"},{"floor":12,"key":"Swift Potion"}],"is_trial":false,"path_per_floor":["M","M","?","?","$","E","M","E","T","R","?","M","M","$","R","B"],"character_chosen":"HERMIT","items_purchased":["hermit:RyeStalk","Bronze Scales","hermit:BigShot","Question Card"],"campfire_rested":1,"item_purchase_floors":[5,5,14,14],"current_hp_per_floor":[75,75,75,75,75,75,64,44,44,50,50,49,33,33,64,0,0],"gold":44,"neow_bonus":"THREE_ENEMY_KILL","is_prod":false,"is_daily":false,"chose_seed":false,"campfire_upgraded":1,"win_rate":0,"timestamp":1607523687,"path_taken":["M","?","?","?","$","E","M","E","T","R","?","M","?","?","R","BOSS"],"build_version":"2020-11-30","purchased_purges":0,"victory":false,"max_hp_per_floor":[75,75,75,75,75,75,75,75,75,75,75,75,75,75,75,75,75],"card_choices":[{"not_picked":["hermit:Roulette","hermit:WideOpen"],"picked":"hermit:Ricochet","floor":1},{"not_picked":["hermit:Feint","hermit:DeadMansHand","hermit:WideOpen"],"picked":"SKIP","floor":2},{"not_picked":["hermit:Misfire","hermit:Roulette"],"picked":"hermit:Determination","floor":6},{"not_picked":["hermit:Vantage","hermit:Ricochet"],"picked":"hermit:EyeOfTheStorm","floor":7},{"not_picked":["hermit:LoneWolf","hermit:TakeCover","hermit:Virtue"],"picked":"SKIP","floor":8},{"not_picked":["hermit:Gambit","hermit:Coalescence","hermit:CalledShot"],"picked":"SKIP","floor":12},{"not_picked":["hermit:Virtue","hermit:Vantage"],"picked":"hermit:SprayPray","floor":13}],"player_experience":368280,"relics_obtained":[{"floor":6,"key":"Potion Belt"},{"floor":8,"key":"Eternal Feather"},{"floor":9,"key":"Gremlin Horn"}],"event_choices":[{"damage_healed":0,"gold_gain":0,"player_choice":"Box","damage_taken":0,"relics_obtained":["Old Coin"],"max_hp_gain":0,"max_hp_loss":0,"event_name":"Big Fish","floor":3,"gold_loss":0,"cards_obtained":["Regret"]},{"damage_healed":0,"gold_gain":0,"player_choice":"Leave","damage_taken":0,"max_hp_gain":0,"max_hp_loss":0,"event_name":"The Cleric","floor":4,"gold_loss":0},{"damage_healed":0,"gold_gain":52,"player_choice":"Gained Gold","damage_taken":0,"max_hp_gain":0,"max_hp_loss":0,"event_name":"Golden Wing","floor":11,"gold_loss":0}],"is_beta":false,"boss_relics":[],"items_purged_floors":[],"is_endless":false,"potions_floor_spawned":[2,6,12],"killed_by":"Hexaghost","ascension_level":3}}