{"host":"k5dhp0bkccqfauyu","time":1607508441,"event":{"gold_per_floor":[115,128,128,145,145,145,165,190,190,203,48,48,123,142,142,213,213,228,254,339,293,29,29,61,81,81,81,81,101,112,112,112,188,188,229,1228,1268,818,867,927,927,1149,1174,1174,1174,1240,1297,1350,1350,1350,1350,1350],"floor_reached":51,"playtime":2618,"items_purged":["Strike_P","Defend_P","Normality"],"score":1554,"play_id":"1b63e451-ee74-4723-bf17-5a0abe2bd79a","local_time":"20201209210721","is_ascension_mode":true,"campfire_choices":[{"data":"Apotheosis","floor":6,"key":"SMITH"},{"data":"Meditate","floor":12,"key":"SMITH"},{"data":"Eruption","floor":15,"key":"SMITH"},{"floor":23,"key":"REST"},{"floor":27,"key":"REST"},{"floor":32,"key":"REST"},{"floor":41,"key":"RECALL"},{"floor":45,"key":"REST"},{"floor":49,"key":"REST"}],"neow_cost":"TEN_PERCENT_HP_LOSS","seed_source_timestamp":981548373800,"circlet_count":0,"master_deck":["AscendersBane","Strike_P","Strike_P","Defend_P","Defend_P","Eruption+1","Vigilance","Apotheosis+1","ThirdEye","EmptyMind","InnerPeace","Fasting2","Halt","JustLucky","LikeWater","Meditate+1","ClearTheMind","DevaForm","Adaptation+1","FearNoEvil","Flash of Steel","DeceiveReality","Adaptation","Wish","CrushJoints+1","MentalFortress","WheelKick","Thinking Ahead","WaveOfTheHand","Tantrum","EmptyFist+1"],"relics":["PureWater","Omamori","Ancient Tea Set","Calling Bell","Bag of Preparation","Kunai","CaptainsWheel","Red Mask","Lantern","Shuriken","Bottled Lightning","Fusion Hammer","Juzu Bracelet","CeramicFish"],"potions_floor_usage":[8,16,19,24,39],"damage_taken":[{"damage":0,"enemies":"Jaw Worm","floor":1,"turns":4},{"damage":0,"enemies":"2 Louse","floor":2,"turns":2},{"damage":14,"enemies":"Cultist","floor":4,"turns":4},{"damage":1,"enemies":"Exordium Wildlife","floor":7,"turns":5},{"damage":5,"enemies":"Lagavulin","floor":8,"turns":6},{"damage":0,"enemies":"Large Slime","floor":10,"turns":4},{"damage":0,"enemies":"Looter","floor":14,"turns":4},{"damage":12,"enemies":"The Guardian","floor":16,"turns":8},{"damage":0,"enemies":"Chosen","floor":18,"turns":6},{"damage":13,"enemies":"Masked Bandits","floor":19,"turns":6},{"damage":0,"enemies":"2 Thieves","floor":21,"turns":5},{"damage":14,"enemies":"Book of Stabbing","floor":24,"turns":4},{"damage":3,"enemies":"Snake Plant","floor":25,"turns":4},{"damage":0,"enemies":"Centurion and Healer","floor":29,"turns":4},{"damage":0,"enemies":"Snecko","floor":30,"turns":5},{"damage":0,"enemies":"Collector","floor":33,"turns":5},{"damage":0,"enemies":"Orb Walker","floor":35,"turns":5},{"damage":8,"enemies":"3 Shapes","floor":37,"turns":5},{"damage":0,"enemies":"Sphere and 2 Shapes","floor":39,"turns":6},{"damage":2,"enemies":"Giant Head","floor":40,"turns":6},{"damage":3,"enemies":"Reptomancer","floor":46,"turns":5},{"damage":1,"enemies":"Transient","floor":47,"turns":6},{"damage":1,"enemies":"3 Darklings","floor":48,"turns":4},{"damage":31,"enemies":"Donu and Deca","floor":50,"turns":8},{"damage":37,"enemies":"Time Eater","floor":51,"turns":7}],"seed_played":"8144388723354304795","potions_obtained":[{"floor":4,"key":"StancePotion"},{"floor":8,"key":"Energy Potion"},{"floor":10,"key":"Weak Potion"},{"floor":14,"key":"Dexterity Potion"},{"floor":18,"key":"Ancient Potion"},{"floor":21,"key":"SteroidPotion"},{"floor":25,"key":"Fire Potion"},{"floor":33,"key":"ColorlessPotion"},{"floor":39,"key":"Ancient Potion"},{"floor":46,"key":"LiquidMemories"},{"floor":48,"key":"GamblersBrew"}],"is_trial":false,"path_per_floor":["M","M","?","M","?","R","M","E","T","M","$","R","?","M","R","B",null,"M","?","?","M","$","R","E","M","T","R","?","M","M","?","R","B",null,"M","?","M","$","M","E","R","?","T","?","R","E","M","M","R","B","B"],"character_chosen":"WATCHER","items_purchased":["Meditate","FearNoEvil","Flash of Steel","MentalFortress","WheelKick","Thinking Ahead"],"campfire_rested":5,"item_purchase_floors":[11,22,22,38,38,38],"current_hp_per_floor":[61,61,54,40,40,40,39,34,34,34,34,34,23,23,23,11,49,49,36,15,15,15,33,19,16,16,34,25,25,25,8,28,28,57,57,57,49,49,49,47,47,47,47,47,67,64,63,62,67,36,0,0],"gold":1350,"neow_bonus":"RANDOM_COLORLESS_2","is_prod":false,"is_daily":false,"chose_seed":false,"campfire_upgraded":3,"win_rate":0,"timestamp":1607508441,"path_taken":["M","M","?","M","?","R","M","E","T","?","$","R","?","M","R","BOSS","M","?","?","M","$","R","E","?","T","R","?","M","?","?","R","BOSS","M","?","M","$","M","E","R","?","T","?","R","E","M","M","R","BOSS","BOSS"],"build_version":"2020-11-30","purchased_purges":3,"victory":false,"max_hp_per_floor":[62,62,62,62,62,62,62,62,62,62,62,62,62,62,62,62,62,62,62,62,62,62,62,62,62,62,62,62,62,62,67,67,67,67,67,67,67,67,67,67,67,67,67,67,67,67,67,67,67,67,67,67],"card_choices":[{"not_picked":["Mayhem","Thinking Ahead"],"picked":"Apotheosis","floor":0},{"not_picked":["CutThroughFate","Halt"],"picked":"ThirdEye","floor":1},{"not_picked":["EmptyFist","Consecrate"],"picked":"EmptyMind","floor":2},{"not_picked":["Study","Wireheading"],"picked":"InnerPeace","floor":4},{"not_picked":["WreathOfFlame","CutThroughFate"],"picked":"Halt","floor":7},{"not_picked":["ThirdEye","SignatureMove"],"picked":"JustLucky","floor":8},{"not_picked":["PathToVictory","FlyingSleeves"],"picked":"LikeWater","floor":10},{"not_picked":["BowlingBash","Meditate"],"picked":"ClearTheMind","floor":14},{"not_picked":["MasterReality","SpiritShield"],"picked":"DevaForm","floor":16},{"not_picked":["PathToVictory+1","Halt","EmptyMind"],"picked":"SKIP","floor":18},{"not_picked":["CarveReality","Swivel"],"picked":"Adaptation+1","floor":19},{"not_picked":["Worship","CarveReality","FollowUp"],"picked":"SKIP","floor":21},{"not_picked":["MasterReality","BowlingBash"],"picked":"DeceiveReality","floor":24},{"not_picked":["Evaluate","SignatureMove","PathToVictory"],"picked":"SKIP","floor":25},{"not_picked":["Evaluate","SashWhip"],"picked":"Adaptation","floor":29},{"not_picked":["Pray","Meditate","BowlingBash"],"picked":"SKIP","floor":30},{"not_picked":["DevaForm","MasterReality"],"picked":"Wish","floor":33},{"not_picked":["Weave","Consecrate+1"],"picked":"CrushJoints+1","floor":35},{"not_picked":["Study","Fasting2","Swivel"],"picked":"SKIP","floor":37},{"not_picked":["EmptyFist+1","BowlingBash","Halt+1"],"picked":"SKIP","floor":39},{"not_picked":["EmptyFist+1","BowlingBash","Halt+1"],"picked":"SKIP","floor":39},{"not_picked":["CutThroughFate","Evaluate","ReachHeaven"],"picked":"SKIP","floor":40},{"not_picked":["JustLucky","Crescendo"],"picked":"WaveOfTheHand","floor":46},{"not_picked":["PathToVictory","DeceiveReality+1"],"picked":"Tantrum","floor":47},{"not_picked":["Fasting2","BowlingBash"],"picked":"EmptyFist+1","floor":48}],"player_experience":1739609,"relics_obtained":[{"floor":8,"key":"Omamori"},{"floor":9,"key":"Ancient Tea Set"},{"floor":17,"key":"Bag of Preparation"},{"floor":17,"key":"Kunai"},{"floor":17,"key":"CaptainsWheel"},{"floor":19,"key":"Red Mask"},{"floor":24,"key":"Shuriken"},{"floor":26,"key":"Bottled Lightning"},{"floor":40,"key":"Juzu Bracelet"},{"floor":46,"key":"CeramicFish"}],"event_choices":[{"cards_removed":["Strike_P"],"damage_healed":0,"gold_gain":0,"player_choice":"Card Removal","damage_taken":7,"max_hp_gain":0,"max_hp_loss":0,"event_name":"Golden Wing","floor":3,"gold_loss":0},{"damage_healed":0,"gold_gain":0,"cards_transformed":["Defend_P"],"player_choice":"Transformed","damage_taken":0,"max_hp_gain":0,"max_hp_loss":0,"event_name":"Transmorgrifier","floor":5,"gold_loss":0,"cards_obtained":["Fasting2"]},{"damage_healed":0,"gold_gain":75,"player_choice":"Gather Gold","damage_taken":11,"max_hp_gain":0,"max_hp_loss":0,"event_name":"World of Goop","floor":13,"gold_loss":0},{"damage_healed":0,"gold_gain":0,"player_choice":"Fought Bandits","damage_taken":0,"max_hp_gain":0,"max_hp_loss":0,"event_name":"Masked Bandits","floor":19,"gold_loss":0},{"damage_healed":0,"gold_gain":85,"player_choice":"GO RE ","damage_taken":24,"relics_obtained":["Lantern"],"max_hp_gain":0,"max_hp_loss":0,"event_name":"betterSkull:BetterSkull","floor":20,"gold_loss":0,"cards_upgraded":[]},{"damage_healed":0,"gold_gain":0,"player_choice":"Damaged","damage_taken":9,"max_hp_gain":0,"max_hp_loss":0,"event_name":"Wheel of Change","floor":28,"gold_loss":0},{"damage_healed":0,"gold_gain":0,"player_choice":"Shed Blood","damage_taken":22,"max_hp_gain":5,"max_hp_loss":0,"event_name":"Forgotten Altar","floor":31,"gold_loss":0},{"damage_healed":0,"gold_gain":999,"player_choice":"Gold","damage_taken":0,"max_hp_gain":0,"max_hp_loss":0,"event_name":"MindBloom","floor":36,"gold_loss":0,"cards_obtained":["Normality","Normality"]},{"damage_healed":0,"gold_gain":222,"player_choice":"Wore Mask","damage_taken":0,"max_hp_gain":0,"max_hp_loss":0,"event_name":"Tomb of Lord Red Mask","floor":42,"gold_loss":0},{"damage_healed":0,"gold_gain":0,"player_choice":"Ignored","damage_taken":0,"max_hp_gain":0,"max_hp_loss":0,"event_name":"SecretPortal","floor":44,"gold_loss":0}],"is_beta":false,"boss_relics":[{"not_picked":["Cursed Key","Busted Crown"],"picked":"Calling Bell"},{"not_picked":["Sozu","Black Star"],"picked":"Fusion Hammer"}],"items_purged_floors":[11,22,38],"is_endless":false,"potions_floor_spawned":[4,8,10,14,18,21,25,33,39,46,47,48],"killed_by":"Time Eater","ascension_level":20}}