{"host":"ih7ofq2zpufcoifs","time":1607497619,"event":{"gold_per_floor":[219,11,21,38,38,65,65,76,76,108,108,108,108,118,118,215,215,233,233,15,26,40,69,69,69,69,99,99,130,149,162,162,260,260,280,280,280,90,103,134,134,150,202,202,202,68,68,78,78,78,78,78,33,66,66],"floor_reached":56,"playtime":4500,"items_purged":["Strike_G","Parasite"],"score":1702,"play_id":"a7382113-5957-4927-9c89-76a27821190c","local_time":"20201209170659","is_ascension_mode":true,"campfire_choices":[{"floor":7.0,"key":"REST"},{"data":"Crippling Poison","floor":11.0,"key":"SMITH"},{"data":"Catalyst","floor":13.0,"key":"SMITH"},{"data":"Well Laid Plans","floor":15.0,"key":"SMITH"},{"data":"Wraith Form v2","floor":24.0,"key":"SMITH"},{"data":"Noxious Fumes","floor":32.0,"key":"SMITH"},{"floor":41.0,"key":"RECALL"},{"floor":45.0,"key":"REST"},{"floor":49.0,"key":"REST"},{"floor":52.0,"key":"REST"}],"neow_cost":"NONE","seed_source_timestamp":586950541208000,"circlet_count":0,"master_deck":["AscendersBane","Strike_G","Defend_G","Defend_G","Defend_G","Defend_G","Defend_G","Survivor","Neutralize","Catalyst+1","Crippling Poison+1","Noxious Fumes+1","Blade Dance","Sucker Punch","Poisoned Stab","Well Laid Plans+1","Wraith Form v2+1","Crippling Poison","Deadly Poison","Die Die Die","Dodge and Roll+1","Flechettes+1","Burst","Calculated Gamble","Sadistic Nature","Crippling Poison","Footwork","Acrobatics","Leg Sweep","Deadly Poison+1","Noxious Fumes","Backflip","Acrobatics","PiercingWail"],"special_seed":0,"relics":["Ring of the Snake","Pantograph","Pocketwatch","CaptainsWheel","Cursed Key","ClockworkSouvenir","Centennial Puzzle","Nilry\u0027s Codex","MealTicket","Fusion Hammer","Happy Flower","Snake Skull"],"potions_floor_usage":[],"damage_taken":[{"damage":1.0,"enemies":"Small Slimes","floor":1.0,"turns":3.0},{"damage":6.0,"enemies":"Jaw Worm","floor":3.0,"turns":4.0},{"damage":0.0,"enemies":"Cultist","floor":4.0,"turns":5.0},{"damage":31.0,"enemies":"Gremlin Nob","floor":6.0,"turns":4.0},{"damage":1.0,"enemies":"Blue Slaver","floor":8.0,"turns":5.0},{"damage":15.0,"enemies":"Lagavulin","floor":10.0,"turns":6.0},{"damage":0.0,"enemies":"Large Slime","floor":14.0,"turns":4.0},{"damage":21.0,"enemies":"The Guardian","floor":16.0,"turns":11.0},{"damage":0.0,"enemies":"Spheric Guardian","floor":18.0,"turns":3.0},{"damage":4.0,"enemies":"Shell Parasite","floor":21.0,"turns":3.0},{"damage":0.0,"enemies":"Snake Plant","floor":22.0,"turns":4.0},{"damage":2.0,"enemies":"Gremlin Leader","floor":23.0,"turns":5.0},{"damage":3.0,"enemies":"Slavers","floor":27.0,"turns":5.0},{"damage":19.0,"enemies":"Book of Stabbing","floor":29.0,"turns":4.0},{"damage":0.0,"enemies":"Snecko","floor":30.0,"turns":4.0},{"damage":0.0,"enemies":"Shelled Parasite and Fungi","floor":31.0,"turns":8.0},{"damage":18.0,"enemies":"Automaton","floor":33.0,"turns":7.0},{"damage":15.0,"enemies":"3 Darklings","floor":35.0,"turns":5.0},{"damage":0.0,"enemies":"Orb Walker","floor":39.0,"turns":4.0},{"damage":0.0,"enemies":"Reptomancer","floor":40.0,"turns":7.0},{"damage":0.0,"enemies":"3 Darklings","floor":42.0,"turns":5.0},{"damage":7.0,"enemies":"Writhing Mass","floor":48.0,"turns":5.0},{"damage":24.0,"enemies":"Donu and Deca","floor":50.0,"turns":7.0},{"damage":32,"enemies":"Shield and Spear","floor":54,"turns":8},{"damage":16,"enemies":"The Heart","floor":55,"turns":6}],"seed_played":"-1812760385902301685","potions_obtained":[{"floor":3.0,"key":"ColorlessPotion"},{"floor":8.0,"key":"CunningPotion"},{"floor":10.0,"key":"Ancient Potion"},{"floor":14.0,"key":"Block Potion"},{"floor":21.0,"key":"Poison Potion"},{"floor":27.0,"key":"SkillPotion"},{"floor":30.0,"key":"Energy Potion"},{"floor":31.0,"key":"FearPotion"},{"floor":35.0,"key":"Swift Potion"},{"floor":40.0,"key":"Energy Potion"}],"is_trial":false,"path_per_floor":["M","$","M","M","?","E","R","M","T","E","R","?","R","M","R","B",null,"M","?","$","M","M","E","R","?","T","E","T","E","M","M","R","B",null,"M","?","?","$","M","E","R","M","T","?","R","$","T","M","R","B",null,"R","$","E","B",null],"character_chosen":"THE_SILENT","items_purchased":["Crippling Poison","Noxious Fumes","Blade Dance","AttackPotion","ClockworkSouvenir","Crippling Poison","Footwork","Acrobatics","Noxious Fumes","Acrobatics"],"campfire_rested":4,"item_purchase_floors":[2,2,2,2,20,38,38,38,46,53],"current_hp_per_floor":[62,62,56,56,61,30,52,51,51,36,36,29,29,29,29,33,65,65,65,65,61,61,59,59,43,43,40,40,21,21,21,21,28,63,48,48,48,63,63,63,63,63,63,63,71,68,68,61,68,44,62,68,68,36,45],"gold":66,"neow_bonus":"HUNDRED_GOLD","is_prod":false,"is_daily":false,"chose_seed":false,"campfire_upgraded":5,"win_rate":0,"timestamp":1607497619,"path_taken":["M","$","M","M","?","E","R","M","T","E","R","?","R","M","R","BOSS","M","?","$","M","?","E","R","?","T","E","?","E","M","M","R","BOSS","M","?","?","?","?","E","R","M","T","?","R","$","?","M","R","BOSS","R","$","E","BOSS"],"build_version":"2020-11-30","purchased_purges":2,"victory":true,"max_hp_per_floor":[70,70,70,70,75,75,75,75,75,75,75,75,75,75,75,75,75,75,75,75,75,75,75,75,75,75,75,75,75,75,75,75,75,75,75,75,75,75,75,75,75,75,75,71,71,68,68,68,68,68,68,68,68,68,68],"card_choices":[{"not_picked":["Slice","Acrobatics"],"picked":"Catalyst","floor":1.0},{"not_picked":["Prepared","Expertise"],"picked":"Sucker Punch","floor":3.0},{"not_picked":["Bane","Outmaneuver","Underhanded Strike"],"picked":"SKIP","floor":4.0},{"not_picked":["Bane","Escape Plan"],"picked":"Poisoned Stab","floor":6.0},{"not_picked":["Bane","Eviscerate","Sucker Punch"],"picked":"SKIP","floor":8.0},{"not_picked":["Outmaneuver","All Out Attack","Deflect"],"picked":"SKIP","floor":10.0},{"not_picked":["Blade Dance","Choke"],"picked":"Well Laid Plans","floor":14.0},{"not_picked":["Corpse Explosion","Storm of Steel"],"picked":"Wraith Form v2","floor":16.0},{"not_picked":["Sucker Punch","Setup"],"picked":"Crippling Poison","floor":18.0},{"not_picked":["Slice","Blade Dance+1","Deadly Poison"],"picked":"SKIP","floor":21.0},{"not_picked":["Deadly Poison","Reflex","Dagger Throw+1"],"picked":"SKIP","floor":22.0},{"not_picked":["Skewer","Deadly Poison","Well Laid Plans"],"picked":"SKIP","floor":23.0},{"not_picked":["Bane","Escape Plan","Quick Slash+1"],"picked":"SKIP","floor":27.0},{"not_picked":["Escape Plan","Deadly Poison"],"picked":"Die Die Die","floor":29.0},{"not_picked":["Tactician","Bane"],"picked":"Dodge and Roll+1","floor":30.0},{"not_picked":["Quick Slash","Poisoned Stab"],"picked":"Flechettes+1","floor":31.0},{"not_picked":["Venomology","Corpse Explosion"],"picked":"Burst","floor":33.0},{"not_picked":["Dagger Spray","Deadly Poison+1"],"picked":"Calculated Gamble","floor":35.0},{"not_picked":["Mind Blast","Dramatic Entrance"],"picked":"Sadistic Nature","floor":37.0},{"not_picked":["Dodge and Roll","Endless Agony","Prepared"],"picked":"SKIP","floor":39.0},{"not_picked":["Sucker Punch","Flying Knee"],"picked":"Leg Sweep","floor":40.0},{"not_picked":["Caltrops","Bane"],"picked":"Deadly Poison+1","floor":42.0},{"not_picked":["Doppelganger","Tactician"],"picked":"Backflip","floor":48.0},{"not_picked":["Endless Agony","Die Die Die"],"picked":"PiercingWail","floor":54}],"player_experience":265528,"relics_obtained":[{"floor":6.0,"key":"Pantograph"},{"floor":9.0,"key":"Pocketwatch"},{"floor":10.0,"key":"CaptainsWheel"},{"floor":23.0,"key":"Centennial Puzzle"},{"floor":25.0,"key":"Nilry\u0027s Codex"},{"floor":27.0,"key":"MealTicket"},{"floor":40.0,"key":"Happy Flower"},{"floor":54,"key":"Snake Skull"}],"event_choices":[{"damage_healed":0.0,"max_hp_gain":5.0,"max_hp_loss":0.0,"gold_gain":0.0,"event_name":"Big Fish","player_choice":"Donut","floor":5.0,"gold_loss":0.0,"damage_taken":0.0},{"cards_removed":["Strike_G"],"damage_healed":0.0,"max_hp_gain":0.0,"max_hp_loss":0.0,"gold_gain":0.0,"event_name":"Golden Wing","player_choice":"Card Removal","floor":12.0,"gold_loss":0.0,"damage_taken":7.0},{"damage_healed":0.0,"max_hp_gain":0.0,"max_hp_loss":0.0,"gold_gain":0.0,"cards_transformed":["Strike_G"],"event_name":"Transmorgrifier","player_choice":"Transformed","floor":19.0,"gold_loss":0.0,"damage_taken":0.0,"cards_obtained":["Deadly Poison"]},{"damage_healed":0.0,"max_hp_gain":0.0,"max_hp_loss":0.0,"gold_gain":0.0,"event_name":"Cursed Tome","player_choice":"Obtained Book","floor":25.0,"gold_loss":0.0,"damage_taken":16.0},{"cards_removed":["Strike_G"],"damage_healed":0.0,"max_hp_gain":0.0,"max_hp_loss":0.0,"gold_gain":0.0,"event_name":"Falling","player_choice":"Removed Attack","floor":36.0,"gold_loss":0.0,"damage_taken":0.0},{"damage_healed":0.0,"max_hp_gain":0.0,"max_hp_loss":0.0,"gold_gain":0.0,"event_name":"SensoryStone","player_choice":"Memory 1","floor":37.0,"gold_loss":0.0,"damage_taken":0.0},{"damage_healed":0.0,"max_hp_gain":0.0,"max_hp_loss":4.0,"gold_gain":0.0,"event_name":"Winding Halls","player_choice":"Max HP","floor":44.0,"gold_loss":0.0,"damage_taken":0.0}],"is_beta":false,"boss_relics":[{"not_picked":["Tiny House","Astrolabe"],"picked":"Cursed Key"},{"not_picked":["Calling Bell","Runic Pyramid"],"picked":"Fusion Hammer"}],"items_purged_floors":[20,46],"is_endless":false,"potions_floor_spawned":[3,8,10,14,21,27,30,31,35,40],"ascension_level":10}}