{"host":"kh6fvhxn285ncg0o","time":1607472066,"event":{"gold_per_floor":[14,26,101,118,129,129,145,178,203,163,163],"floor_reached":10,"playtime":328,"items_purged":[],"score":140,"play_id":"57396382-9229-4102-9264-335a61c69832","local_time":"20201209090106","is_ascension_mode":true,"campfire_choices":[{"data":"Bash","floor":6.0,"key":"SMITH"}],"neow_cost":"NO_GOLD","seed_source_timestamp":272318818590800,"circlet_count":0,"master_deck":["AscendersBane","Strike_R","Strike_R","Strike_R","Defend_R","Defend_R","Defend_R","Defend_R","Bash+1","Dropkick","Shrug It Off","Burning Pact","Power Through","Carnage"],"special_seed":0,"relics":["Burning Blood","Juzu Bracelet","Vajra"],"potions_floor_usage":[],"damage_taken":[{"damage":7.0,"enemies":"Cultist","floor":1.0,"turns":4.0},{"damage":2.0,"enemies":"2 Louse","floor":2.0,"turns":3.0},{"damage":2.0,"enemies":"Jaw Worm","floor":4.0,"turns":6.0},{"damage":14.0,"enemies":"Large Slime","floor":5.0,"turns":10.0},{"damage":7.0,"enemies":"3 Louse","floor":7.0,"turns":4.0},{"damage":51,"enemies":"Lagavulin","floor":8,"turns":10},{"damage":11,"enemies":"Exordium Thugs","floor":10,"turns":2}],"seed_played":"1690913620812882657","potions_obtained":[{"floor":2.0,"key":"SpeedPotion"},{"floor":4.0,"key":"Block Potion"},{"floor":5.0,"key":"LiquidBronze"}],"is_trial":false,"path_per_floor":["M","M","?","M","M","R","M","E","T","M"],"character_chosen":"IRONCLAD","items_purchased":[],"campfire_rested":0,"item_purchase_floors":[],"current_hp_per_floor":[67,71,60,64,56,56,55,10,10,0,0],"gold":163,"neow_bonus":"REMOVE_TWO","is_prod":false,"is_daily":false,"chose_seed":false,"campfire_upgraded":1,"win_rate":0,"timestamp":1607472066,"path_taken":["M","?","?","M","M","R","M","E","T","M"],"build_version":"2020-11-30","purchased_purges":0,"victory":false,"max_hp_per_floor":[75,75,75,75,75,75,75,75,75,75,75],"relic_stats":{"counters":[7,39],"Juzu Bracelet":0,"obtain_stats":[{"Vajra":9,"Juzu Bracelet":8,"Burning Blood":0},{"Vajra":6,"Juzu Bracelet":6,"Burning Blood":0},{"Vajra":37,"Juzu Bracelet":37,"Burning Blood":0}],"Burning Blood":36},"card_choices":[{"not_picked":["Iron Wave","Perfected Strike"],"picked":"Dropkick","floor":1.0},{"not_picked":["Whirlwind","Clothesline"],"picked":"Shrug It Off","floor":2.0},{"not_picked":["True Grit","Perfected Strike"],"picked":"Burning Pact","floor":4.0},{"not_picked":["Havoc","Twin Strike"],"picked":"Power Through","floor":5.0},{"not_picked":["Sentinel","Ghostly Armor"],"picked":"Carnage","floor":7.0},{"not_picked":["Flex","Limit Break","Uppercut"],"picked":"SKIP","floor":8}],"player_experience":3126611,"relics_obtained":[{"floor":8,"key":"Juzu Bracelet"},{"floor":9,"key":"Vajra"}],"event_choices":[{"damage_healed":0.0,"max_hp_gain":0.0,"max_hp_loss":0.0,"gold_gain":75.0,"event_name":"World of Goop","player_choice":"Gather Gold","floor":3.0,"gold_loss":0.0,"damage_taken":11.0}],"is_beta":false,"boss_relics":[],"items_purged_floors":[],"is_endless":false,"potions_floor_spawned":[2,4,5,8],"killed_by":"Exordium Thugs","ascension_level":20}}