{"host":"qqjv58wfhopf6ysa","time":1607508889,"event":{"gold_per_floor":[115,115,176,190,70,104,104,104,104,121,46,59,70,88,88,88,88],"floor_reached":16,"playtime":244,"items_purged":[],"score":127,"play_id":"877a589b-b019-4c44-9509-9c5411fc6466","local_time":"20201209191449","is_ascension_mode":false,"campfire_choices":[{"data":"Magnetism","floor":7,"key":"SMITH"}],"neow_cost":"NONE","seed_source_timestamp":58827036869200,"circlet_count":0,"master_deck":["Strike_B","Strike_B","Strike_B","Defend_B","Defend_B","Zap","Dualcast","Chill","Heel Hook","Hidden Blade","Setup","Capacitor","Cold Snap+1","Magnetism+1","Secret Technique","Replay:SS_forest_6+1","Defragment"],"relics":["Cracked Core","REME_ComplimentaryCards","NeowsBlessing","infinitespire:Broken Mirror","ReplayTheSpireMod:ShopPack","Juzu Bracelet","hubris:Reverence"],"potions_floor_usage":[],"damage_taken":[{"damage":0,"enemies":"Small Slimes","floor":1,"turns":1},{"damage":0,"enemies":"2 Louse","floor":4,"turns":1},{"damage":0,"enemies":"3 Sentries","floor":6,"turns":1},{"damage":5,"enemies":"Cultist","floor":10,"turns":4},{"damage":8,"enemies":"2 Fungi Beasts","floor":12,"turns":4},{"damage":10,"enemies":"Large Slime","floor":13,"turns":6},{"damage":4,"enemies":"Blue Slaver","floor":14,"turns":4},{"damage":0,"enemies":"Fading Forest","floor":16,"turns":1}],"seed_played":"-6709240997833867363","potions_obtained":[{"floor":4,"key":"GamblersBrew"},{"floor":10,"key":"Adrenaline Potion"},{"floor":14,"key":"Adrenaline Potion"}],"is_trial":false,"path_per_floor":["M","?","?","M","$","E","R","?","T","M","$","M","M","M","R","B"],"character_chosen":"DEFECT","items_purchased":["ReplayTheSpireMod:ShopPack","Defragment"],"campfire_rested":0,"item_purchase_floors":[5,11],"current_hp_per_floor":[75,75,75,75,75,75,75,75,75,70,70,67,57,53,75,75,75],"gold":88,"neow_bonus":"THREE_ENEMY_KILL","is_prod":false,"is_daily":false,"chose_seed":false,"campfire_upgraded":1,"win_rate":0,"timestamp":1607508889,"path_taken":["M","?","?","M","$","E","R","?","T","M","$","M","M","M","R","BOSS"],"build_version":"2020-11-30","purchased_purges":0,"victory":false,"max_hp_per_floor":[75,75,75,75,75,75,75,75,75,75,75,75,75,75,75,75,75],"card_choices":[{"not_picked":["Stack","ReplayTheSpireMod:System Scan"],"picked":"Chill","floor":1},{"not_picked":["ReplaySort","Darkness"],"picked":"Capacitor","floor":3},{"not_picked":["Barrage","Streamline"],"picked":"Cold Snap","floor":4},{"not_picked":["expansioncontent:Corrupt","Master of Strategy"],"picked":"Magnetism","floor":5},{"not_picked":["Replay:SS_hec_4","Replay:Sssssssssstrike"],"picked":"Secret Technique","floor":5},{"not_picked":["Replay:SS_forest_5","expansioncontent:Corrupt"],"picked":"Replay:SS_forest_6","floor":5},{"not_picked":["Steam","Crystallizer","Rainbow"],"picked":"SKIP","floor":6},{"not_picked":["Stack","Melter","Leap"],"picked":"SKIP","floor":10},{"not_picked":["Redo","Go for the Eyes","Beam Cell"],"picked":"SKIP","floor":12},{"not_picked":["ReplaySolidLightProjector","Conserve Battery","Time Bomb"],"picked":"SKIP","floor":13},{"not_picked":["Steam","Panic Button","Go for the Eyes"],"picked":"SKIP","floor":14}],"player_experience":415620,"relics_obtained":[{"floor":3,"key":"infinitespire:Broken Mirror"},{"floor":6,"key":"Juzu Bracelet"},{"floor":9,"key":"hubris:Reverence"}],"event_choices":[{"damage_healed":0,"gold_gain":0,"player_choice":"Grow","damage_taken":0,"max_hp_gain":0,"max_hp_loss":0,"event_name":"Living Wall","floor":8,"gold_loss":0,"cards_upgraded":["Replay:SS_forest_6"]}],"is_beta":false,"boss_relics":[],"items_purged_floors":[],"is_endless":false,"potions_floor_spawned":[4,10,14],"killed_by":"Fading Forest","ascension_level":0}}