{"host":"7pe9xwx78c6nlay8","time":1607507469,"event":{"gold_per_floor":[114,114,135,210,223,223,267,267,267,267,291,324,342,373,373,494,494,510,209,224,242,260,260,260],"floor_reached":23,"playtime":937,"items_purged":["Strike_P"],"score":266,"play_id":"4545c468-0102-46a6-91e2-472e9086a4fb","local_time":"20201209175109","is_ascension_mode":true,"campfire_choices":[{"data":"Eruption","floor":6,"key":"SMITH"},{"floor":8,"key":"REST"},{"floor":15,"key":"REST"}],"neow_cost":"PERCENT_DAMAGE","seed_source_timestamp":1176517733180600,"circlet_count":0,"master_deck":["Strike_P","Strike_P","Strike_P","Defend_P","Defend_P","Defend_P","Eruption+1","Vigilance","The Bomb","Halt","Prostrate","CutThroughFate","CutThroughFate","JustLucky","MentalFortress+1","EmptyBody","Judgement","CutThroughFate","Nirvana+1","ThirdEye"],"relics":["PureWater","Golden Idol","Calipers","Frozen Egg 2","Bottled Lightning","Bottled Flame","Sozu","Akabeko"],"potions_floor_usage":[14,14,16],"damage_taken":[{"damage":0,"enemies":"Jaw Worm","floor":1,"turns":6},{"damage":7,"enemies":"Small Slimes","floor":3,"turns":5},{"damage":2,"enemies":"2 Louse","floor":5,"turns":3},{"damage":9,"enemies":"3 Sentries","floor":7,"turns":3},{"damage":2,"enemies":"Looter","floor":11,"turns":3},{"damage":14,"enemies":"Lagavulin","floor":12,"turns":7},{"damage":1,"enemies":"Exordium Wildlife","floor":13,"turns":3},{"damage":15,"enemies":"3 Sentries","floor":14,"turns":3},{"damage":6,"enemies":"Hexaghost","floor":16,"turns":10},{"damage":0,"enemies":"Spheric Guardian","floor":18,"turns":1},{"damage":1,"enemies":"3 Byrds","floor":20,"turns":3},{"damage":1,"enemies":"Cultist and Chosen","floor":21,"turns":4},{"damage":24,"enemies":"Snake Plant","floor":22,"turns":5},{"damage":33,"enemies":"Book of Stabbing","floor":23,"turns":6}],"seed_played":"-1086240694937162636","potions_obtained":[{"floor":1,"key":"LiquidBronze"},{"floor":3,"key":"Ancient Potion"},{"floor":13,"key":"ColorlessPotion"},{"floor":14,"key":"ColorlessPotion"}],"is_trial":false,"path_per_floor":["M","?","M","?","M","R","E","R","T","?","M","E","M","E","R","B",null,"M","$","M","M","M","E"],"character_chosen":"WATCHER","items_purchased":["Nirvana+1","Akabeko"],"campfire_rested":2,"item_purchase_floors":[19,19],"current_hp_per_floor":[51,51,44,33,31,31,22,42,42,35,33,19,18,3,23,17,55,55,55,54,53,29,0,0],"gold":260,"neow_bonus":"RANDOM_COLORLESS_2","is_prod":false,"is_daily":false,"chose_seed":false,"campfire_upgraded":1,"win_rate":0,"timestamp":1607507469,"path_taken":["M","?","M","?","M","R","E","R","T","?","M","E","M","E","R","BOSS","M","$","M","M","M","E"],"build_version":"2020-11-30","purchased_purges":1,"victory":false,"max_hp_per_floor":[72,67,67,67,67,67,67,67,67,67,67,67,67,67,67,67,67,67,67,67,67,67,67,67],"card_choices":[{"not_picked":["Transmutation","Violence"],"picked":"The Bomb","floor":0},{"not_picked":["FollowUp","Prostrate"],"picked":"Halt","floor":1},{"not_picked":["InnerPeace","CarveReality"],"picked":"Prostrate","floor":3},{"not_picked":["BowlingBash","PathToVictory"],"picked":"CutThroughFate","floor":5},{"not_picked":["Protect","BattleHymn","FlyingSleeves"],"picked":"SKIP","floor":7},{"not_picked":["Prostrate","Consecrate"],"picked":"CutThroughFate","floor":11},{"not_picked":["Vengeance","Pray"],"picked":"JustLucky","floor":12},{"not_picked":["Fasting2+1","ClearTheMind"],"picked":"MentalFortress+1","floor":13},{"not_picked":["FollowUp","Blasphemy"],"picked":"EmptyBody","floor":14},{"not_picked":["LessonLearned","Brilliance"],"picked":"Judgement","floor":16},{"not_picked":["DeceiveReality","SignatureMove"],"picked":"CutThroughFate","floor":18},{"not_picked":["Protect","PathToVictory+1","BowlingBash"],"picked":"SKIP","floor":20},{"not_picked":["WreathOfFlame","SandsOfTime"],"picked":"ThirdEye","floor":21},{"not_picked":["Halt","Crescendo+1","BowlingBash"],"picked":"SKIP","floor":22}],"player_experience":1468983,"relics_obtained":[{"floor":7,"key":"Calipers"},{"floor":9,"key":"Frozen Egg 2"},{"floor":12,"key":"Bottled Lightning"},{"floor":14,"key":"Bottled Flame"}],"event_choices":[{"damage_healed":0,"gold_gain":0,"player_choice":"Lose Max HP","damage_taken":0,"relics_obtained":["Golden Idol"],"max_hp_gain":0,"max_hp_loss":5,"event_name":"Golden Idol","floor":2,"gold_loss":0},{"damage_healed":0,"gold_gain":75,"player_choice":"Gather Gold","damage_taken":11,"max_hp_gain":0,"max_hp_loss":0,"event_name":"World of Goop","floor":4,"gold_loss":0},{"cards_removed":["Defend_P"],"damage_healed":0,"gold_gain":0,"player_choice":"Card Removal","damage_taken":7,"max_hp_gain":0,"max_hp_loss":0,"event_name":"Golden Wing","floor":10,"gold_loss":0}],"is_beta":false,"boss_relics":[{"not_picked":["Runic Dome","VioletLotus"],"picked":"Sozu"}],"items_purged_floors":[19],"is_endless":false,"potions_floor_spawned":[1,3,13,14,18,21,22],"killed_by":"Book of Stabbing","ascension_level":5}}