{"host":"abdxwahegzejqccj","time":1607482411,"event":{"gold_per_floor":[119,119,119,136,78,78,110,110,133,143,158,173,186,186,186,186,186],"floor_reached":16,"playtime":484,"items_purged":[],"score":127,"play_id":"5dbdf1d0-280b-4843-97a9-55a69d37320f","local_time":"20201209135331","is_ascension_mode":false,"campfire_choices":[{"data":"hermit:FlashPowder","floor":6,"key":"SMITH"},{"data":"hermit:GoldenBullet","floor":8,"key":"SMITH"},{"floor":15,"key":"DIG"}],"neow_cost":"NONE","seed_source_timestamp":26003562256700,"circlet_count":0,"master_deck":["hermit:Strike_Hermit","hermit:Strike_Hermit","hermit:Strike_Hermit","hermit:Strike_Hermit+1","hermit:Defend_Hermit","hermit:Defend_Hermit","hermit:Defend_Hermit+1","hermit:Defend_Hermit","hermit:Snapshot","hermit:Covet","hermit:Showdown+1","hermit:Quickdraw","hermit:FlashPowder+1","hermit:FlashPowder","hermit:GoldenBullet+1","hermit:GhostlyPresence","hermit:SprayPray","hermit:Horror","hermit:TakeCover"],"relics":["hermit:Momento","NeowsBlessing","Singing Bowl","Ancient Tea Set","Frozen Egg 2","Replay:Bottled Steam"],"potions_floor_usage":[16,16],"damage_taken":[{"damage":0,"enemies":"Jaw Worm","floor":1,"turns":1},{"damage":0,"enemies":"Small Slimes","floor":4,"turns":1},{"damage":0,"enemies":"3 Sentries","floor":7,"turns":2},{"damage":0,"enemies":"Cultist","floor":10,"turns":3},{"damage":7,"enemies":"3 Louse","floor":11,"turns":3},{"damage":11,"enemies":"Lots of Slimes","floor":12,"turns":4},{"damage":0,"enemies":"Exordium Thugs","floor":13,"turns":3},{"damage":42,"enemies":"Hexaghost","floor":16,"turns":16}],"seed_played":"5395793000910255498","potions_obtained":[{"floor":4,"key":"Weak Potion"},{"floor":11,"key":"SteroidPotion"},{"floor":13,"key":"sneckomod:MuddlingPotion"}],"is_trial":false,"path_per_floor":["M","?","?","M","$","R","E","R","T","M","M","M","M","T","R","B"],"character_chosen":"HERMIT","items_purchased":["hermit:FlashPowder"],"campfire_rested":0,"item_purchase_floors":[5],"current_hp_per_floor":[75,75,60,60,60,60,60,60,60,60,53,42,42,42,42,0,0],"gold":186,"neow_bonus":"THREE_ENEMY_KILL","is_prod":false,"is_daily":false,"chose_seed":false,"campfire_upgraded":2,"win_rate":0.0,"timestamp":1607482411,"path_taken":["M","?","?","M","$","R","E","R","T","M","M","M","M","?","R","BOSS"],"build_version":"2020-11-30","purchased_purges":0,"victory":false,"max_hp_per_floor":[75,75,75,75,75,75,75,75,75,75,75,75,75,75,75,75,75],"card_choices":[{"not_picked":["hermit:Dive","hermit:FlashPowder"],"picked":"hermit:Showdown","floor":1},{"not_picked":["hermit:TrackingShot","hermit:Headshot"],"picked":"hermit:Quickdraw","floor":4},{"not_picked":["hermit:Glare","hermit:HighNoon"],"picked":"hermit:GoldenBullet","floor":7},{"not_picked":["hermit:Ricochet","hermit:BodyArmor"],"picked":"hermit:GhostlyPresence","floor":10},{"not_picked":["hermit:EyeOfTheStorm","hermit:Roulette"],"picked":"hermit:SprayPray","floor":11},{"not_picked":["hermit:Glare","hermit:DeadMansHand"],"picked":"hermit:Horror","floor":12},{"not_picked":["hermit:Coalescence","hermit:Desperado"],"picked":"hermit:TakeCover","floor":13}],"player_experience":368108,"relics_obtained":[{"floor":7,"key":"Singing Bowl"},{"floor":9,"key":"Ancient Tea Set"},{"floor":14,"key":"Frozen Egg 2"},{"floor":15,"key":"Replay:Bottled Steam"}],"event_choices":[{"damage_healed":0,"gold_gain":0,"player_choice":"Grow","damage_taken":0,"max_hp_gain":0,"max_hp_loss":0,"event_name":"Living Wall","floor":2,"gold_loss":0,"cards_upgraded":["hermit:Showdown"]},{"damage_healed":0,"gold_gain":0,"player_choice":"Entered Light","damage_taken":15,"max_hp_gain":0,"max_hp_loss":0,"event_name":"Shining Light","floor":3,"gold_loss":0,"cards_upgraded":["hermit:Defend_Hermit","hermit:Strike_Hermit"]}],"is_beta":false,"boss_relics":[],"items_purged_floors":[],"is_endless":false,"potions_floor_spawned":[4,11,13],"killed_by":"Hexaghost","ascension_level":0}}