{"host":"agela5aetnmltfvm","time":1607539768,"event":{"gold_per_floor":[210,48,83,114,39,39,39,81,81,118,68,106,135,191,191,261,261,297,327,44,99,83,83],"floor_reached":22,"playtime":1064,"items_purged":["hierophant:Strike_Hierophant","hierophant:Strike_Hierophant"],"score":230,"play_id":"469fb5fc-be6e-4d4c-b3de-3f0339bdc654","local_time":"20201210024928","is_ascension_mode":false,"campfire_choices":[{"data":"hierophant:Upheaval","floor":6,"key":"SMITH"}],"neow_cost":"NONE","seed_source_timestamp":16028912023300,"circlet_count":0,"master_deck":["hierophant:Strike_Hierophant","hierophant:Defend_Hierophant","hierophant:Defend_Hierophant","hierophant:Defend_Hierophant","hierophant:ChurchCoffers","hierophant:OrnateJavelin","hierophant:Refuge","hierophant:Doubloon","hierophant:Upheaval+1","hierophant:Remorse","hierophant:Doubloon","hierophant:Doubloon","hierophant:RecallFunds","hierophant:HammerAndAnvil+1","hierophant:Batter","CurseOfTheBell","Pot Of Greed","Pot Of Greed","hierophant:Encroach","hierophant:Refuge","hierophant:Doubloon","hierophant:Doubloon","hierophant:ConvertCurrency"],"relics":["hierophant:PropheticMaskRelic","Gremlin Horn","Replay:Grab Bag","Sozu","SlaversCollar","Calling Bell","Empty Cage","Grinning Jar","Replay:Ringing Soul","Replay:Kaleidoscope","Blue Doll"],"potions_floor_usage":[16],"damage_taken":[{"damage":6,"enemies":"Cultist","floor":1,"turns":4},{"damage":0,"enemies":"2 Louse","floor":3,"turns":1},{"damage":0,"enemies":"Small Slimes","floor":4,"turns":3},{"damage":20,"enemies":"Looter","floor":8,"turns":3},{"damage":13,"enemies":"2 Fungi Beasts","floor":10,"turns":4},{"damage":11,"enemies":"Red Slaver","floor":12,"turns":5},{"damage":5,"enemies":"Looter","floor":13,"turns":3},{"damage":29,"enemies":"Fading Forest","floor":16,"turns":11},{"damage":10,"enemies":"Spheric Guardian","floor":18,"turns":3},{"damage":27,"enemies":"3 Byrds","floor":19,"turns":7},{"damage":1,"enemies":"Shelled Parasite and Fungi","floor":21,"turns":4},{"damage":51,"enemies":"Chosen and Byrds","floor":22,"turns":4}],"seed_played":"-6526538239602101902","potions_obtained":[{"floor":8,"key":"Adrenaline Potion"},{"floor":10,"key":"BlessingOfTheForge"},{"floor":13,"key":"Elixir"}],"is_trial":false,"path_per_floor":["M","$","M","M","$","R","?","M","T","M","?","M","M","?","R_BF","B",null,"M","M","$","M","M"],"character_chosen":"HIEROPHANT","items_purchased":["hierophant:Refuge","hierophant:Upheaval","hierophant:Remorse","hierophant:Refuge","Blue Doll"],"campfire_rested":0,"item_purchase_floors":[2,2,2,20,20],"current_hp_per_floor":[69,69,69,69,69,69,69,49,49,36,36,25,20,20,42,13,75,68,41,44,46,0,0],"gold":83,"neow_bonus":"HUNDRED_GOLD","is_prod":false,"is_daily":false,"chose_seed":false,"campfire_upgraded":1,"win_rate":0.0,"timestamp":1607539768,"path_taken":["M","$","M","M","?","R","?","M","T","M","?","M","M","?","R_BF","BOSS","M","M","$","M","M"],"build_version":"2020-11-30","purchased_purges":2,"victory":false,"max_hp_per_floor":[75,75,75,75,75,75,75,75,75,75,75,75,75,75,75,75,75,78,78,81,84,84,84],"card_choices":[{"not_picked":["hierophant:Sermon","hierophant:HammerAndAnvil"],"picked":"hierophant:OrnateJavelin","floor":1},{"not_picked":["hierophant:Sermon","hierophant:Encroach"],"picked":"hierophant:RecallFunds","floor":3},{"not_picked":["hierophant:Purify","hierophant:Mercenaries","hierophant:RustyCrate"],"picked":"SKIP","floor":4},{"not_picked":["hierophant:FieryStrike","hierophant:PristineSoul"],"picked":"hierophant:HammerAndAnvil","floor":8},{"not_picked":["hierophant:MorningPrayer","hierophant:Alms","hierophant:SolarFlare"],"picked":"SKIP","floor":10},{"not_picked":["hierophant:CursedGold","hierophant:EyeForCoin","hierophant:RepressedViolence"],"picked":"SKIP","floor":12},{"not_picked":["hierophant:ThreeLashes","hierophant:RepressedViolence","hierophant:PristineSoul"],"picked":"SKIP","floor":13},{"not_picked":["hierophant:Determination","hierophant:AuricForm"],"picked":"hierophant:Batter","floor":16},{"not_picked":["hierophant:Martyrdom+1","hierophant:OrnateBuckler"],"picked":"hierophant:Encroach","floor":18},{"not_picked":["hierophant:HammerAndAnvil","hierophant:Remorse+1","hierophant:Doomsaying+1"],"picked":"SKIP","floor":19},{"not_picked":["hierophant:Flagellation","hierophant:Remorse+1"],"picked":"hierophant:ConvertCurrency","floor":21}],"player_experience":495876,"relics_obtained":[{"floor":9,"key":"Gremlin Horn"},{"floor":17,"key":"Grinning Jar"},{"floor":17,"key":"Replay:Ringing Soul"},{"floor":17,"key":"Replay:Kaleidoscope"}],"event_choices":[{"damage_healed":0,"gold_gain":0,"player_choice":"Ignored","damage_taken":0,"max_hp_gain":0,"max_hp_loss":0,"event_name":"Shining Light","floor":7,"gold_loss":0},{"cards_removed":["hierophant:Punish"],"damage_healed":0,"gold_gain":0,"player_choice":"Card Removal","damage_taken":0,"max_hp_gain":0,"max_hp_loss":0,"event_name":"The Cleric","floor":11,"gold_loss":50},{"damage_healed":0,"gold_gain":56,"player_choice":"Gained Gold","damage_taken":0,"max_hp_gain":0,"max_hp_loss":0,"event_name":"Golden Wing","floor":14,"gold_loss":0}],"is_beta":false,"boss_relics":[{"not_picked":["Philosopher\u0027s Stone","Replay:Wanted Poster"],"picked":"Replay:Grab Bag"},{"not_picked":["Busted Crown","Coffee Dripper"],"picked":"Sozu"},{"not_picked":["Velvet Choker","Fusion Hammer"],"picked":"SlaversCollar"},{"not_picked":["Honey Jar","Runic Pyramid"],"picked":"Calling Bell"},{"not_picked":["Ring of Chaos","Pandora\u0027s Box"],"picked":"Empty Cage"}],"items_purged_floors":[5,20],"is_endless":false,"potions_floor_spawned":[8,10,13,21],"killed_by":"Chosen and Byrds","ascension_level":0}}