{"host":"imcnvgdpyln3vfnc","time":1607477169,"event":{"gold_per_floor":[211,225,293,63,75,103,103,133,186,186,186,105,116,136,136,232,232,248,113,188,172,198,198,198],"floor_reached":23,"playtime":1651,"items_purged":["Strike_B"],"score":207,"play_id":"385b2650-93df-4077-918e-294d7a91da3f","local_time":"20201208202609","is_ascension_mode":true,"campfire_choices":[{"floor":7.0,"key":"REST"},{"floor":10.0,"key":"REST"},{"floor":15.0,"key":"REST"}],"neow_cost":"NONE","seed_source_timestamp":1740323344247300,"circlet_count":0,"master_deck":["Strike_B","Strike_B","Strike_B","Defend_B","Defend_B","Defend_B","Zap","Dualcast","Gash","Cold Snap","Hologram+1","Redo+1","BootSequence+1","Defragment","Chaos+1","Coolheaded+1","Fission+1","FTL+1","Creative AI","Leap+1","Redo+1"],"special_seed":0,"relics":["FrozenCore","Toxic Egg 2","Medical Kit","Incense Burner","White Beast Statue","Odd Mushroom","Red Mask"],"potions_floor_usage":[21,22,22,23],"damage_taken":[{"damage":1.0,"enemies":"Cultist","floor":1.0,"turns":3.0},{"damage":1.0,"enemies":"Jaw Worm","floor":2.0,"turns":3.0},{"damage":7.0,"enemies":"Small Slimes","floor":5.0,"turns":2.0},{"damage":43.0,"enemies":"Lagavulin","floor":6.0,"turns":10.0},{"damage":14.0,"enemies":"3 Sentries","floor":8.0,"turns":9.0},{"damage":0.0,"enemies":"2 Fungi Beasts","floor":13.0,"turns":3.0},{"damage":8.0,"enemies":"The Mushroom Lair","floor":14.0,"turns":4.0},{"damage":10.0,"enemies":"The Guardian","floor":16.0,"turns":12.0},{"damage":11.0,"enemies":"Spheric Guardian","floor":18.0,"turns":6.0},{"damage":4,"enemies":"2 Thieves","floor":21,"turns":4},{"damage":19,"enemies":"Masked Bandits","floor":22,"turns":4},{"damage":55,"enemies":"Gremlin Leader","floor":23,"turns":8}],"seed_played":"7863503817707884135","potions_obtained":[{"floor":5.0,"key":"SteroidPotion"},{"floor":6.0,"key":"SneckoOil"},{"floor":13.0,"key":"FearPotion"},{"floor":14.0,"key":"Fire Potion"},{"floor":16.0,"key":"Regen Potion"},{"floor":21,"key":"Weak Potion"},{"floor":22,"key":"AttackPotion"}],"is_trial":false,"path_per_floor":["M","M","T","$","M","E","R","E","T","R","?","$","M","?","R","B",null,"M","$","?","M","?","E"],"character_chosen":"DEFECT","items_purchased":["Medical Kit","Defragment","Creative AI"],"campfire_rested":3,"item_purchase_floors":[4,12,19],"current_hp_per_floor":[74,73,73,73,66,23,45,31,31,53,46,46,46,38,60,50,75,64,64,57,67,48,0,0],"gold":198,"neow_bonus":"HUNDRED_GOLD","is_prod":false,"is_daily":false,"chose_seed":false,"campfire_upgraded":0,"win_rate":0,"timestamp":1607477169,"path_taken":["M","M","?","$","M","E","R","E","T","R","?","$","M","?","R","BOSS","M","$","?","?","?","E"],"build_version":"2020-11-30","purchased_purges":1,"victory":false,"max_hp_per_floor":[75,75,75,75,75,75,75,75,75,75,75,75,75,75,75,75,75,75,75,75,75,75,75,75],"card_choices":[{"not_picked":["Redo","Sweeping Beam"],"picked":"Gash","floor":1.0},{"not_picked":["Lockon","Conserve Battery"],"picked":"Cold Snap","floor":2.0},{"not_picked":["Leap+1","Rebound"],"picked":"Hologram+1","floor":5.0},{"not_picked":["Lockon","Hologram+1"],"picked":"Redo+1","floor":6.0},{"not_picked":["Beam Cell","Meteor Strike"],"picked":"BootSequence+1","floor":8.0},{"not_picked":["Recycle+1","Fusion+1"],"picked":"Chaos+1","floor":13.0},{"not_picked":["Recycle+1","Leap+1"],"picked":"Coolheaded+1","floor":14.0},{"not_picked":["Thunder Strike","Hyperbeam"],"picked":"Fission+1","floor":16.0},{"not_picked":["Lockon","Rip and Tear"],"picked":"FTL+1","floor":18.0},{"not_picked":["Stack+1","Barrage"],"picked":"Leap+1","floor":21},{"not_picked":["Turbo+1","Creative AI"],"picked":"Redo+1","floor":22}],"player_experience":204179,"relics_obtained":[{"floor":3.0,"key":"Toxic Egg 2"},{"floor":6.0,"key":"Incense Burner"},{"floor":8.0,"key":"White Beast Statue"},{"floor":14.0,"key":"Odd Mushroom"},{"floor":22,"key":"Red Mask"}],"event_choices":[{"cards_removed":["Defend_B"],"damage_healed":0.0,"max_hp_gain":0.0,"max_hp_loss":0.0,"gold_gain":0.0,"event_name":"Golden Wing","player_choice":"Card Removal","floor":11.0,"gold_loss":0.0,"damage_taken":7.0},{"damage_healed":0.0,"max_hp_gain":0.0,"max_hp_loss":0.0,"gold_gain":0.0,"event_name":"Mushrooms","player_choice":"Fought Mushrooms","floor":14.0,"gold_loss":0.0,"damage_taken":0.0},{"damage_healed":0,"gold_gain":75,"player_choice":"Touch","damage_taken":7,"max_hp_gain":0,"max_hp_loss":0,"event_name":"FaceTrader","floor":20,"gold_loss":0},{"damage_healed":0,"gold_gain":0,"player_choice":"Fought Bandits","damage_taken":0,"max_hp_gain":0,"max_hp_loss":0,"event_name":"Masked Bandits","floor":22,"gold_loss":0}],"is_beta":false,"boss_relics":[{"not_picked":["Coffee Dripper","Calling Bell"],"picked":"FrozenCore"}],"items_purged_floors":[4],"is_endless":false,"potions_floor_spawned":[5,6,13,14,16,18,21,22],"killed_by":"Gremlin Leader","ascension_level":1}}