{"host":"pt6h8oq25r9fy33v","time":1607528944,"event":{"gold_per_floor":[119,44,57,57,232,257,63,63,132,132,156,156,31,67,67,192,192,212,230,249,274,287,318,318,356,356,5,30,30,54,70,70,199,199,215,236,252,270,603,603,603],"floor_reached":40,"playtime":1465,"items_purged":["Strike_R","Strike_R","Doubt"],"score":761,"play_id":"2bc94963-5de8-44b9-ac78-8ff7f1790b3d","local_time":"20201210004904","is_ascension_mode":true,"campfire_choices":[{"data":"Uppercut","floor":10,"key":"SMITH"},{"data":"Clothesline","floor":12,"key":"SMITH"},{"data":"Shrug It Off","floor":15,"key":"SMITH"},{"floor":29,"key":"REST"},{"floor":32,"key":"REST"}],"neow_cost":"NONE","seed_source_timestamp":363463631669633,"circlet_count":0,"master_deck":["Strike_R","Strike_R","Strike_R","Defend_R","Defend_R","Defend_R","Defend_R","Bash","Clothesline+1","Uppercut+1","Shrug It Off+1","Flash of Steel+1","Reckless Charge+1","Carnage+1","Feed+1","Dual Wield+1","Immolate+1","Battle Trance","Body Slam+1","True Grit","Fire Breathing","Second Wind","Spot Weakness+1","Demon Form","Power Through","Fire Breathing","Parasite","Dropkick+1"],"special_seed":0,"relics":["Burning Blood","NeowsBlessing","Molten Egg 2","Singing Bowl","Happy Flower","Fusion Hammer","Paper Frog","Blood Vial","Red Skull","Matryoshka","Shuriken","Runic Dome"],"potions_floor_usage":[14,16,23,33,33,33,33,40],"damage_taken":[{"damage":0,"enemies":"Small Slimes","floor":1,"turns":1},{"damage":0,"enemies":"Jaw Worm","floor":3,"turns":1},{"damage":0,"enemies":"3 Sentries","floor":6,"turns":2},{"damage":0,"enemies":"2 Louse","floor":11,"turns":3},{"damage":0,"enemies":"Gremlin Nob","floor":14,"turns":2},{"damage":6,"enemies":"Slime Boss","floor":16,"turns":8},{"damage":0,"enemies":"Chosen","floor":18,"turns":3},{"damage":9,"enemies":"3 Byrds","floor":19,"turns":5},{"damage":2,"enemies":"Centurion and Healer","floor":20,"turns":6},{"damage":14,"enemies":"3 Cultists","floor":21,"turns":5},{"damage":2,"enemies":"Snake Plant","floor":22,"turns":2},{"damage":27,"enemies":"Slavers","floor":23,"turns":7},{"damage":12,"enemies":"Book of Stabbing","floor":25,"turns":4},{"damage":21,"enemies":"Snecko","floor":28,"turns":5},{"damage":19,"enemies":"Shelled Parasite and Fungi","floor":30,"turns":4},{"damage":7,"enemies":"Snake Plant","floor":31,"turns":2},{"damage":63,"enemies":"Automaton","floor":33,"turns":7},{"damage":13,"enemies":"3 Shapes","floor":35,"turns":3},{"damage":20,"enemies":"3 Darklings","floor":36,"turns":4},{"damage":30,"enemies":"Writhing Mass","floor":37,"turns":5},{"damage":18,"enemies":"Transient","floor":38,"turns":5},{"damage":61,"enemies":"Reptomancer","floor":40,"turns":5}],"seed_played":"-9199964136296100344","potions_obtained":[{"floor":1,"key":"Ancient Potion"},{"floor":6,"key":"Fire Potion"},{"floor":11,"key":"Dexterity Potion"},{"floor":16,"key":"DuplicationPotion"},{"floor":19,"key":"Fire Potion"},{"floor":21,"key":"EntropicBrew"},{"floor":30,"key":"SkillPotion"},{"floor":35,"key":"Swift Potion"},{"floor":36,"key":"Dexterity Potion"},{"floor":37,"key":"Strength Potion"}],"is_trial":false,"path_per_floor":["M","$","M","?","?","E","$","?","T","R","M","R","$","E","R","B",null,"M","M","M","M","M","E","?","E","T","$","M","R","M","M","R","B",null,"M","M","M","M","?","E"],"character_chosen":"IRONCLAD","items_purchased":["Flash of Steel+1","True Grit","Fire Breathing","Shuriken"],"campfire_rested":2,"item_purchase_floors":[7,27,27,27],"current_hp_per_floor":[78,78,80,85,85,85,85,64,64,64,70,70,70,76,76,76,83,87,88,95,91,95,80,80,76,76,76,63,94,89,90,111,54,97,96,84,62,54,54,0,0],"gold":603,"neow_bonus":"THREE_ENEMY_KILL","is_prod":false,"is_daily":false,"chose_seed":false,"campfire_upgraded":3,"win_rate":0,"timestamp":1607528944,"path_taken":["M","$","M","?","?","E","$","?","T","R","M","R","?","E","R","BOSS","M","M","M","M","M","E","?","E","T","$","M","R","?","M","R","BOSS","M","M","M","M","?","E"],"build_version":"2020-11-30","purchased_purges":3,"victory":false,"max_hp_per_floor":[80,80,80,85,85,85,85,85,85,85,85,85,85,85,85,85,85,87,91,95,99,99,105,105,105,105,105,105,105,111,111,111,111,111,115,115,115,117,117,117,117],"card_choices":[{"not_picked":["Combust","Reckless Charge"],"picked":"Clothesline","floor":1},{"not_picked":["Havoc","Thunderclap"],"picked":"Uppercut","floor":3},{"not_picked":["Flex","Thunderclap+1"],"picked":"Shrug It Off","floor":6},{"not_picked":["Sentinel","Dark Embrace"],"picked":"Reckless Charge+1","floor":11},{"not_picked":["Burning Pact","True Grit"],"picked":"Carnage+1","floor":14},{"not_picked":["Brutality","Fiend Fire+1"],"picked":"Feed+1","floor":16},{"not_picked":["Clothesline+1","Entrench","Reckless Charge+1"],"picked":"Singing Bowl","floor":18},{"not_picked":["Thunderclap+1","Rupture"],"picked":"Dual Wield+1","floor":19},{"not_picked":["Armaments","Warcry"],"picked":"Body Slam+1","floor":20},{"not_picked":["Headbutt+1","Body Slam+1"],"picked":"Immolate+1","floor":21},{"not_picked":["Armaments+1","Clothesline+1"],"picked":"Battle Trance","floor":22},{"not_picked":["Clash+1","Cleave+1","Rupture"],"picked":"Singing Bowl","floor":23},{"not_picked":["Headbutt+1","Anger+1"],"picked":"Body Slam+1","floor":25},{"not_picked":["Intimidate","Burning Pact"],"picked":"Second Wind","floor":28},{"not_picked":["Iron Wave+1","Body Slam+1","Cleave+1"],"picked":"Singing Bowl","floor":30},{"not_picked":["Body Slam+1","Anger+1"],"picked":"Spot Weakness+1","floor":31},{"not_picked":["Brutality","Impervious"],"picked":"Demon Form","floor":33},{"not_picked":["Rampage+1","Armaments"],"picked":"Power Through","floor":35},{"not_picked":["Havoc+1","Searing Blow+1"],"picked":"Fire Breathing","floor":36},{"not_picked":["Havoc+1","Shockwave+1"],"picked":"Dropkick+1","floor":37},{"not_picked":["Wild Strike+1","Anger+1","Clash+1"],"picked":"Singing Bowl","floor":38}],"player_experience":55473,"relics_obtained":[{"floor":6,"key":"Molten Egg 2"},{"floor":9,"key":"Singing Bowl"},{"floor":14,"key":"Happy Flower"},{"floor":23,"key":"Paper Frog"},{"floor":25,"key":"Red Skull"},{"floor":26,"key":"Matryoshka"}],"event_choices":[{"damage_healed":0,"gold_gain":0,"player_choice":"Donut","damage_taken":0,"max_hp_gain":5,"max_hp_loss":0,"event_name":"Big Fish","floor":4,"gold_loss":0},{"damage_healed":0,"gold_gain":175,"player_choice":"AGREE","damage_taken":0,"max_hp_gain":0,"max_hp_loss":0,"event_name":"Liars Game","floor":5,"gold_loss":0,"cards_obtained":["Doubt"]},{"damage_healed":0,"gold_gain":0,"player_choice":"Take Damage","damage_taken":21,"relics_obtained":["Golden Idol"],"max_hp_gain":0,"max_hp_loss":0,"event_name":"Golden Idol","floor":8,"gold_loss":0},{"cards_removed":["Body Slam"],"damage_healed":0,"gold_gain":0,"player_choice":"Gave Card","damage_taken":0,"relics_obtained":["Blood Vial"],"max_hp_gain":0,"max_hp_loss":0,"event_name":"WeMeetAgain","floor":24,"gold_loss":0},{"damage_healed":0,"gold_gain":333,"player_choice":"Gave Idol","damage_taken":0,"max_hp_gain":0,"max_hp_loss":0,"event_name":"The Moai Head","floor":39,"relics_lost":["Golden Idol"],"gold_loss":0}],"is_beta":false,"boss_relics":[{"not_picked":["Black Blood","Runic Pyramid"],"picked":"Fusion Hammer"},{"not_picked":["Philosopher\u0027s Stone","Runic Cube"],"picked":"Runic Dome"}],"items_purged_floors":[2,7,13],"is_endless":false,"potions_floor_spawned":[1,6,11,16,19,20,21,22,30,35,36,37],"killed_by":"Reptomancer","ascension_level":8}}