{"host":"v0kr0xkqfgnh389p","time":1607556173,"event":{"gold_per_floor":[110,121,121,2,2,53,53,76,76,76,76],"floor_reached":10,"playtime":549,"items_purged":[],"score":69,"play_id":"af6d41aa-a0a2-4dc4-86c3-cdb69e69cba9","local_time":"20201209182253","is_ascension_mode":true,"campfire_choices":[{"floor":7,"key":"RECALL"}],"neow_cost":"PERCENT_DAMAGE","seed_source_timestamp":31819529029500,"circlet_count":0,"master_deck":["Strike_P","Strike_P","Strike_P","Strike_P","Defend_P","Defend_P","Defend_P","Eruption","Vigilance","ConjureBlade","Prostrate","HandOfGreed","Panache","Crow Ritual","Injury"],"special_seed":0,"relics":["PureWater","ReplayTheSpireMod:ShopPack","Golden Idol","Smiling Mask"],"potions_floor_usage":[6,8],"damage_taken":[{"damage":0,"enemies":"Cultist","floor":1,"turns":3},{"damage":14,"enemies":"Small Slimes","floor":2,"turns":5},{"damage":9,"enemies":"Lagavulin","floor":6,"turns":7},{"damage":18,"enemies":"Jaw Worm","floor":8,"turns":4},{"damage":14,"enemies":"Gremlin Nob","floor":10,"turns":2}],"seed_played":"6253873006397579421","potions_obtained":[{"floor":2,"key":"BottledMiracle"},{"floor":6,"key":"PowerPotion"},{"floor":8,"key":"SpeedPotion"}],"is_trial":false,"path_per_floor":["M","M","?","$","?","E","R","M","T","E"],"character_chosen":"WATCHER","items_purchased":["ReplayTheSpireMod:ShopPack"],"campfire_rested":0,"item_purchase_floors":[4],"current_hp_per_floor":[51,37,37,37,37,28,28,10,10,0,0],"gold":76,"neow_bonus":"THREE_RARE_CARDS","is_prod":false,"is_daily":false,"chose_seed":false,"campfire_upgraded":0,"win_rate":0,"timestamp":1607556173,"path_taken":["M","?","?","$","?","E","R","M","T","E"],"build_version":"2020-11-30","purchased_purges":0,"victory":false,"max_hp_per_floor":[72,72,72,72,72,72,72,72,72,72,72],"card_choices":[{"not_picked":["Omniscience","Establishment"],"picked":"ConjureBlade","floor":0},{"not_picked":["Meditate","Replay:Anticipation","CrushJoints"],"picked":"SKIP","floor":1},{"not_picked":["Protect","FlyingSleeves"],"picked":"Prostrate","floor":2},{"not_picked":["hubris:EnhanceAbility","ReplayTheSpireMod:Brewmster"],"picked":"HandOfGreed","floor":4},{"not_picked":["Survey Options","Metamorphosis"],"picked":"Panache","floor":4},{"not_picked":["ReplayTheSpireMod:Trickstab","Enlightenment"],"picked":"Crow Ritual","floor":4},{"not_picked":["Collect","ClearTheMind","SashWhip"],"picked":"SKIP","floor":6},{"not_picked":["Replay:ManipulateFuture","ForeignInfluence","ThirdEye"],"picked":"SKIP","floor":8}],"player_experience":697175,"relics_obtained":[{"floor":6,"key":"Smiling Mask"}],"event_choices":[{"damage_healed":0,"gold_gain":0,"player_choice":"Take Wound","damage_taken":0,"relics_obtained":["Golden Idol"],"max_hp_gain":0,"max_hp_loss":0,"event_name":"Golden Idol","floor":5,"gold_loss":0,"cards_obtained":["Injury"]}],"is_beta":false,"boss_relics":[],"items_purged_floors":[],"is_endless":false,"potions_floor_spawned":[2,6,8],"killed_by":"Gremlin Nob","ascension_level":1}}