{"host":"ktoxvvst1mwxww91","time":1607495813,"event":{"gold_per_floor":[116,116,135,154,171,203,203,236,261,276,295,327,327,359,359,456,456,411,211,211,54,54,54,54,54,54,54,54,54,54,54,54,54,54,54,54,54],"floor_reached":38,"playtime":1763,"items_purged":["Strike_G"],"score":1079,"play_id":"63f98692-ca87-4f39-b91d-d8a7640e8011","local_time":"20201209073653","is_ascension_mode":true,"campfire_choices":[{"data":"A Thousand Cuts","floor":7.0,"key":"SMITH"},{"floor":13.0,"key":"REST"},{"floor":15.0,"key":"REST"},{"data":"After Image","floor":23.0,"key":"SMITH"},{"data":"After Image","floor":32.0,"key":"SMITH"}],"neow_cost":"NONE","seed_source_timestamp":488133551965700,"circlet_count":0,"master_deck":["AscendersBane","Strike_G","Strike_G","Strike_G","Strike_G","Defend_G","Defend_G","Defend_G","Defend_G","Defend_G","Survivor","Neutralize","Poisoned Stab+1","Backstab","A Thousand Cuts+1","Slice+1","Quick Slash","Deflect+1","Well Laid Plans","Heel Hook","Acrobatics+1","After Image+1","Backflip+1","Infinite Blades","Cloak And Dagger+1","Blur+1","After Image+1","Blur+1","Prepared+1","Glass Knife","Acrobatics+1","A Thousand Cuts","After Image","Terror+1"],"special_seed":0,"relics":["Ring of the Snake","NeowsBlessing","Toxic Egg 2","PreservedInsect","Dead Branch","Ancient Tea Set","StrikeDummy","Whetstone","Ectoplasm","DollysMirror","CeramicFish","Strawberry","Akabeko","Pear","Bottled Tornado","WristBlade"],"potions_floor_usage":[35,37],"damage_taken":[{"damage":0.0,"enemies":"Cultist","floor":1.0,"turns":1.0},{"damage":0.0,"enemies":"Small Slimes","floor":3.0,"turns":1.0},{"damage":0.0,"enemies":"Jaw Worm","floor":4.0,"turns":1.0},{"damage":5.0,"enemies":"Lots of Slimes","floor":5.0,"turns":5.0},{"damage":22.0,"enemies":"3 Sentries","floor":6.0,"turns":9.0},{"damage":6.0,"enemies":"Gremlin Nob","floor":8.0,"turns":3.0},{"damage":2.0,"enemies":"3 Louse","floor":10.0,"turns":2.0},{"damage":0.0,"enemies":"Large Slime","floor":11.0,"turns":4.0},{"damage":12.0,"enemies":"Lagavulin","floor":12.0,"turns":7.0},{"damage":8.0,"enemies":"Gremlin Nob","floor":14.0,"turns":3.0},{"damage":35.0,"enemies":"The Guardian","floor":16.0,"turns":8.0},{"damage":10.0,"enemies":"2 Thieves","floor":18.0,"turns":4.0},{"damage":7.0,"enemies":"Spheric Guardian","floor":20.0,"turns":4.0},{"damage":0.0,"enemies":"Cultist and Chosen","floor":22.0,"turns":3.0},{"damage":0.0,"enemies":"Gremlin Leader","floor":24.0,"turns":5.0},{"damage":5.0,"enemies":"Slavers","floor":27.0,"turns":6.0},{"damage":0.0,"enemies":"Centurion and Healer","floor":29.0,"turns":7.0},{"damage":0.0,"enemies":"Snecko","floor":31.0,"turns":4.0},{"damage":0,"enemies":"Automaton","floor":33,"turns":9},{"damage":0,"enemies":"3 Shapes","floor":35,"turns":3},{"damage":58,"enemies":"Time Eater","floor":37,"turns":13}],"seed_played":"6330819827927232023","potions_obtained":[{"floor":5.0,"key":"Strength Potion"},{"floor":6.0,"key":"Explosive Potion"},{"floor":10.0,"key":"AttackPotion"},{"floor":11.0,"key":"LiquidBronze"},{"floor":12.0,"key":"AttackPotion"},{"floor":14.0,"key":"FearPotion"},{"floor":22.0,"key":"Fire Potion"},{"floor":24.0,"key":"LiquidMemories"},{"floor":27.0,"key":"Block Potion"},{"floor":31.0,"key":"DistilledChaos"},{"floor":35,"key":"Regen Potion"}],"is_trial":false,"path_per_floor":["M","T","M","M","M","E","R","E","T","M","M","E","R","E","R","B",null,"M","$","M","$","M","R","E","T","T","E","?","M","T","M","R","B",null,"M","?","B",null],"character_chosen":"THE_SILENT","items_purchased":["Infinite Blades","Cloak And Dagger+1","DollysMirror"],"campfire_rested":2,"item_purchase_floors":[19,19,21],"current_hp_per_floor":[63,63,63,63,58,36,36,30,30,28,28,16,37,29,50,15,56,46,46,39,39,39,39,39,46,46,51,45,45,45,45,45,45,77,77,77,34],"gold":54,"neow_bonus":"THREE_ENEMY_KILL","is_prod":false,"is_daily":false,"chose_seed":false,"campfire_upgraded":3,"win_rate":0,"timestamp":1607495813,"path_taken":["M","?","?","M","M","E","R","E","T","M","?","E","R","E","R","BOSS","M","$","M","$","M","R","E","?","T","E","?","?","?","M","R","BOSS","M","?","BOSS"],"build_version":"2020-11-30","purchased_purges":1,"victory":true,"max_hp_per_floor":[70,70,70,70,70,70,70,70,70,70,70,70,70,70,70,70,70,70,70,70,70,70,70,70,77,77,87,87,87,87,87,87,87,87,87,87,87],"card_choices":[{"not_picked":["Flying Knee","Backstab"],"picked":"Poisoned Stab","floor":1.0},{"not_picked":["Setup+1","Quick Slash"],"picked":"Backstab","floor":3.0},{"not_picked":["Prepared+1","Setup+1","Bane"],"picked":"SKIP","floor":4.0},{"not_picked":["Outmaneuver+1","Quick Slash"],"picked":"A Thousand Cuts","floor":5.0},{"not_picked":["Dodge and Roll+1","Riddle With Holes"],"picked":"Slice","floor":6.0},{"not_picked":["Bane","Dagger Spray"],"picked":"Quick Slash","floor":8.0},{"not_picked":["Phantasmal Killer+1","Underhanded Strike"],"picked":"Deflect+1","floor":10.0},{"not_picked":["Underhanded Strike","Deadly Poison+1"],"picked":"Well Laid Plans","floor":11.0},{"not_picked":["Accuracy","Dagger Spray"],"picked":"Heel Hook","floor":12.0},{"not_picked":["Bane","Outmaneuver+1"],"picked":"Acrobatics+1","floor":14.0},{"not_picked":["Adrenaline+1","Glass Knife"],"picked":"After Image","floor":16.0},{"not_picked":["Flying Knee","Deadly Poison+1"],"picked":"Backflip+1","floor":18.0},{"not_picked":["Flying Knee","Tactician+1"],"picked":"Blur+1","floor":20.0},{"not_picked":["Predator","Setup+1"],"picked":"Blur+1","floor":22.0},{"not_picked":["Dagger Spray","Deflect+1"],"picked":"Prepared+1","floor":24.0},{"not_picked":["Bane","Acrobatics+1"],"picked":"Glass Knife","floor":27.0},{"not_picked":["Flying Knee","Bane+1"],"picked":"Acrobatics+1","floor":29.0},{"not_picked":["Cloak And Dagger+1","Slice"],"picked":"A Thousand Cuts","floor":31.0},{"not_picked":["Envenom","Corpse Explosion+1"],"picked":"After Image","floor":33},{"not_picked":["Flying Knee","Tactician+1"],"picked":"Terror+1","floor":35}],"player_experience":998172,"relics_obtained":[{"floor":2.0,"key":"Toxic Egg 2"},{"floor":6.0,"key":"PreservedInsect"},{"floor":8.0,"key":"Dead Branch"},{"floor":9.0,"key":"Ancient Tea Set"},{"floor":12.0,"key":"StrikeDummy"},{"floor":14.0,"key":"Whetstone"},{"floor":24.0,"key":"CeramicFish"},{"floor":25.0,"key":"Strawberry"},{"floor":26.0,"key":"Akabeko"},{"floor":27.0,"key":"Pear"},{"floor":30.0,"key":"Bottled Tornado"}],"event_choices":[{"damage_healed":0.0,"max_hp_gain":0.0,"max_hp_loss":0.0,"gold_gain":0.0,"event_name":"Knowing Skull","player_choice":"","floor":28.0,"potions_obtained":[],"gold_loss":0.0,"damage_taken":6.0,"cards_obtained":[]},{"damage_healed":0,"gold_gain":0,"player_choice":"Took Portal","damage_taken":0,"max_hp_gain":0,"max_hp_loss":0,"event_name":"SecretPortal","floor":36,"gold_loss":0}],"is_beta":false,"boss_relics":[{"not_picked":["Empty Cage","Busted Crown"],"picked":"Ectoplasm"},{"not_picked":["SacredBark","Runic Dome"],"picked":"WristBlade"}],"items_purged_floors":[19],"is_endless":false,"potions_floor_spawned":[5,6,10,11,12,14,22,24,27,31,35],"ascension_level":10}}