{"host":"270uyz0wq5pk4jym","time":1607547700,"event":{"gold_per_floor":[115,132,151,151,151,151,176,176,176,176,28,40,56,69,69,69,69],"floor_reached":16,"playtime":1627,"items_purged":[],"score":102,"play_id":"3cf053ce-aefb-4b89-a7b1-3d87d64cbce9","local_time":"20201210060140","is_ascension_mode":false,"campfire_choices":[{"data":"Neutralize","floor":6,"key":"SMITH"},{"data":"PiercingWail","floor":10,"key":"SMITH"},{"data":"Burst","floor":15,"key":"SMITH"}],"neow_cost":"NONE","seed_source_timestamp":53368900238100,"circlet_count":0,"master_deck":["Strike_G","Strike_G","Strike_G","Defend_G","Defend_G","Defend_G","Defend_G","Defend_G","Survivor","Neutralize+1","Expertise","PiercingWail+1","Deadly Poison","Poisoned Stab","Burst+1","Outmaneuver","Underhanded Strike","Acrobatics"],"relics":["Ring of the Snake","Dead Branch","Nunchaku","Frozen Egg 2"],"potions_floor_usage":[16,16,16],"damage_taken":[{"damage":0,"enemies":"Jaw Worm","floor":1,"turns":6},{"damage":0,"enemies":"2 Louse","floor":2,"turns":3},{"damage":0,"enemies":"Small Slimes","floor":3,"turns":6},{"damage":6,"enemies":"3 Sentries","floor":7,"turns":10},{"damage":0,"enemies":"Blue Slaver","floor":12,"turns":4},{"damage":5,"enemies":"3 Louse","floor":13,"turns":5},{"damage":8,"enemies":"2 Fungi Beasts","floor":14,"turns":4},{"damage":52,"enemies":"Slime Boss","floor":16,"turns":10}],"seed_played":"8880690288064862960","potions_obtained":[{"floor":1,"key":"GamblersBrew"},{"floor":3,"key":"ColorlessPotion"},{"floor":12,"key":"AttackPotion"}],"is_trial":false,"path_per_floor":["M","M","M","?","?","R","E","?","T","R","$","M","M","M","R","B"],"character_chosen":"THE_SILENT","items_purchased":["Burst"],"campfire_rested":0,"item_purchase_floors":[11],"current_hp_per_floor":[77,77,77,77,74,74,68,61,61,61,61,61,56,48,48,0,0],"gold":69,"neow_bonus":"TEN_PERCENT_HP_BONUS","is_prod":false,"is_daily":false,"chose_seed":false,"campfire_upgraded":3,"win_rate":0.0,"timestamp":1607547700,"path_taken":["M","M","M","?","?","R","E","?","T","R","$","M","M","M","R","BOSS"],"build_version":"2020-11-30","purchased_purges":0,"victory":false,"max_hp_per_floor":[77,77,77,77,77,77,77,77,77,77,77,77,77,77,77,77,77],"card_choices":[{"not_picked":["Escape Plan","Slice"],"picked":"Expertise","floor":1},{"not_picked":["Deflect","Poisoned Stab"],"picked":"PiercingWail","floor":2},{"not_picked":["Masterful Stab","Quick Slash"],"picked":"Deadly Poison","floor":3},{"not_picked":["Quick Slash","Sucker Punch"],"picked":"Poisoned Stab","floor":7},{"not_picked":["Prepared","Underhanded Strike"],"picked":"Outmaneuver","floor":12},{"not_picked":["Deflect","Backstab"],"picked":"Underhanded Strike","floor":13},{"not_picked":["Dodge and Roll","Blade Dance"],"picked":"Acrobatics","floor":14}],"player_experience":46411,"relics_obtained":[{"floor":7,"key":"Nunchaku"},{"floor":9,"key":"Frozen Egg 2"}],"event_choices":[{"cards_removed":["Strike_G"],"damage_healed":0,"gold_gain":0,"player_choice":"Forget","damage_taken":0,"max_hp_gain":0,"max_hp_loss":0,"event_name":"Living Wall","floor":4,"gold_loss":0},{"damage_healed":0,"gold_gain":0,"player_choice":"Success","damage_taken":3,"relics_obtained":["Dead Branch"],"max_hp_gain":0,"max_hp_loss":0,"event_name":"Scrap Ooze","floor":5,"gold_loss":0},{"cards_removed":["Strike_G"],"damage_healed":0,"gold_gain":0,"player_choice":"Card Removal","damage_taken":7,"max_hp_gain":0,"max_hp_loss":0,"event_name":"Golden Wing","floor":8,"gold_loss":0}],"is_beta":false,"boss_relics":[],"items_purged_floors":[],"is_endless":false,"potions_floor_spawned":[1,3,12],"killed_by":"Slime Boss","ascension_level":0}}