{"host":"6gzy6nvr8uokwcne","time":1607487498,"event":{"gold_per_floor":[112,125,125,125,135,135,169,46,46,46,46,46,60,60,60],"floor_reached":14,"playtime":1203,"items_purged":[],"score":88,"play_id":"19d0ec3d-969f-4f95-ac65-38ebb1ef3f99","local_time":"20201208211818","is_ascension_mode":false,"campfire_choices":[{"data":"alterego_mod:DiscoLights","floor":10,"key":"SMITH"}],"neow_cost":"NONE","seed_source_timestamp":1902040145711300,"circlet_count":0,"master_deck":["alterego_mod:Strike","alterego_mod:Strike+1","alterego_mod:Strike+1","alterego_mod:Strike","alterego_mod:Defend","alterego_mod:Defend","alterego_mod:Defend","alterego_mod:Defend","alterego_mod:Impale","alterego_mod:BigMeatyClaws","alterego_mod:BrynhildrsRune","alterego_mod:Birthday","alterego_mod:Bounce","alterego_mod:DiscoLights+1","alterego_mod:Bounce+1"],"relics":["alterego_mod:MasochisticConstitution","Whetstone","Unceasing Top","Blue Candle","Molten Egg 2"],"potions_floor_usage":[7,13,13],"damage_taken":[{"damage":9,"enemies":"Jaw Worm","floor":1,"turns":5},{"damage":6,"enemies":"Cultist","floor":2,"turns":4},{"damage":2,"enemies":"Small Slimes","floor":5,"turns":4},{"damage":38,"enemies":"3 Sentries","floor":7,"turns":13},{"damage":14,"enemies":"Blue Slaver","floor":13,"turns":5},{"damage":56,"enemies":"Gremlin Nob","floor":14,"turns":5}],"seed_played":"70066659039320082","potions_obtained":[{"floor":2,"key":"GamblersBrew"},{"floor":7,"key":"Swift Potion"}],"is_trial":false,"path_per_floor":["M","M","$","?","M","T","E","$","T","R","?","$","M","E"],"character_chosen":"The_Alterego","items_purchased":["alterego_mod:DiscoLights","hexamod:EctoCoolerPotion"],"campfire_rested":0,"item_purchase_floors":[8,8],"current_hp_per_floor":[62,66,66,66,73,73,59,59,59,59,59,59,48,0,0],"gold":60,"neow_bonus":"RANDOM_COMMON_RELIC","is_prod":false,"is_daily":false,"chose_seed":false,"campfire_upgraded":1,"win_rate":0.0,"timestamp":1607487498,"path_taken":["M","M","$","?","?","?","E","?","T","R","?","$","M","E"],"build_version":"2020-11-30","purchased_purges":0,"victory":false,"max_hp_per_floor":[71,72,72,72,73,73,74,74,74,74,74,74,75,75,75],"relic_stats":{"counters":[6,36],"Blue Candle":[0],"Whetstone":["alterego_mod:Strike","alterego_mod:Strike"],"obtain_stats":[{"alterego_mod:MasochisticConstitution":0,"Blue Candle":9,"Molten Egg 2":11,"Whetstone":0,"Unceasing Top":7},{"alterego_mod:MasochisticConstitution":0,"Blue Candle":4,"Molten Egg 2":4,"Whetstone":0,"Unceasing Top":4},{"alterego_mod:MasochisticConstitution":0,"Blue Candle":26,"Molten Egg 2":26,"Whetstone":0,"Unceasing Top":26}],"Unceasing Top":[1]},"card_choices":[{"not_picked":["alterego_mod:GoddessCore","alterego_mod:1TonWallop"],"picked":"alterego_mod:Birthday","floor":1},{"not_picked":["alterego_mod:Stockings","alterego_mod:GoddessCore"],"picked":"alterego_mod:Bounce","floor":2},{"not_picked":["alterego_mod:Bloomers","alterego_mod:Collar","alterego_mod:Complex"],"picked":"SKIP","floor":5},{"not_picked":["alterego_mod:Antipathy","alterego_mod:TrickOrTreatment","alterego_mod:Jiggle"],"picked":"SKIP","floor":7},{"not_picked":["alterego_mod:Table","alterego_mod:DiscoLights"],"picked":"alterego_mod:Bounce+1","floor":13}],"player_experience":370046,"relics_obtained":[{"floor":7,"key":"Unceasing Top"},{"floor":9,"key":"Blue Candle"}],"event_choices":[{"damage_healed":0,"gold_gain":0,"player_choice":"Ignored","damage_taken":0,"max_hp_gain":0,"max_hp_loss":0,"event_name":"NoteForYourself","floor":4,"gold_loss":0},{"damage_healed":0,"gold_gain":0,"player_choice":"Searched \u00271\u0027 times","damage_taken":0,"relics_obtained":["Molten Egg 2"],"max_hp_gain":0,"max_hp_loss":0,"event_name":"Dead Adventurer","floor":11,"gold_loss":0}],"is_beta":false,"boss_relics":[],"items_purged_floors":[],"is_endless":false,"potions_floor_spawned":[2,7],"killed_by":"Gremlin Nob","ascension_level":0}}