{"host":"dntw6kil9p09eemm","time":1607509847,"event":{"gold_per_floor":[109,109,128,141,159,193,122,122,122,157,177,177,206,206,206,301,301,320,331,331,176,193,193,220,220,220,26,43,53,68,68,68,68,68],"floor_reached":33,"playtime":2692,"items_purged":["Runesmith:Strike_RS","Runesmith:Strike_RS"],"score":312,"play_id":"3bf2eccb-27e7-4fd8-9427-583389e190bb","local_time":"20201209193047","is_ascension_mode":false,"campfire_choices":[{"floor":12,"key":"REST"},{"floor":15,"key":"REST"},{"data":"Runesmith:CraftProtectio","floor":23,"key":"SMITH"},{"floor":25,"key":"REST"},{"floor":32,"key":"REST"}],"neow_cost":"NONE","seed_source_timestamp":28414936767700,"circlet_count":0,"master_deck":["Runesmith:Strike_RS","Runesmith:Strike_RS","Runesmith:Defend_RS","Runesmith:Defend_RS","Runesmith:CraftFirestone","Runesmith:Fortify","Runesmith:Superposition","Runesmith:HammerTime","Runesmith:UnstableHammer","Runesmith:Overpower","Runesmith:ChaoticBlast+1","Runesmith:UnlimitedPower+1","Runesmith:CraftProtectio+1","Runesmith:ReplicatingBarrier+1","Runesmith:LightningRod","Runesmith:CraftMedicinae","Runesmith:Superposition+1","Runesmith:UnstableHammer","Runesmith:Overpower+1","Runesmith:HammerTime","Bandage Up","Runesmith:EarthShield","Runesmith:ChargedHammer","Runesmith:Overpower","Runesmith:FrozenChisel"],"relics":["Runesmith:BrokenRuby","Potion Belt","Darkstone Periapt","Torii","Runesmith:UraniumAnvil","MerchantsRug","Bag of Preparation","Turnip"],"potions_floor_usage":[6,24,24,33],"damage_taken":[{"damage":4,"enemies":"Jaw Worm","floor":1,"turns":5},{"damage":1,"enemies":"Cultist","floor":3,"turns":4},{"damage":0,"enemies":"2 Louse","floor":4,"turns":3},{"damage":8,"enemies":"Red Slaver","floor":5,"turns":3},{"damage":0,"enemies":"Gremlin Nob","floor":6,"turns":2},{"damage":18,"enemies":"3 Sentries","floor":10,"turns":7},{"damage":11,"enemies":"3 Louse","floor":11,"turns":3},{"damage":27,"enemies":"Gremlin Nob","floor":13,"turns":5},{"damage":9,"enemies":"The Guardian","floor":16,"turns":14},{"damage":19,"enemies":"3 Byrds","floor":18,"turns":5},{"damage":0,"enemies":"Spheric Guardian","floor":19,"turns":4},{"damage":16,"enemies":"3 Cultists","floor":22,"turns":5},{"damage":39,"enemies":"Slavers","floor":24,"turns":5},{"damage":8,"enemies":"Snake Plant","floor":28,"turns":4},{"damage":20,"enemies":"Centurion and Healer","floor":29,"turns":4},{"damage":16,"enemies":"Cultist and Chosen","floor":30,"turns":7},{"damage":55,"enemies":"Automaton","floor":33,"turns":6}],"seed_played":"-9047847139650471237","potions_obtained":[{"floor":1,"key":"FearPotion"},{"floor":5,"key":"FairyPotion"},{"floor":16,"key":"Strength Potion"},{"floor":19,"key":"EssenceOfSteel"},{"floor":30,"key":"PowerPotion"}],"is_trial":false,"path_per_floor":["M","?","M","M","M","E","$","$","T","E","M","R","E","?","R","B",null,"M","M","?","$","M","R","E","R","T","$","M","M","M","?","R","B"],"character_chosen":"RUNESMITH_CLASS","items_purchased":["Runesmith:UnlimitedPower","MerchantsRug","Bandage Up"],"campfire_rested":4,"item_purchase_floors":[7,21,27],"current_hp_per_floor":[73,73,72,72,64,64,64,64,64,46,35,58,31,16,39,30,77,59,59,59,59,44,44,5,28,28,28,21,5,16,16,39,0,0],"gold":68,"neow_bonus":"TEN_PERCENT_HP_BONUS","is_prod":false,"is_daily":false,"chose_seed":false,"campfire_upgraded":1,"win_rate":0.0,"timestamp":1607509847,"path_taken":["M","?","M","M","M","E","?","$","T","E","?","R","E","?","R","BOSS","M","M","?","$","?","R","E","R","T","$","M","M","M","?","R","BOSS"],"build_version":"2020-11-30","purchased_purges":2,"victory":false,"max_hp_per_floor":[77,77,77,77,77,77,77,77,77,77,77,77,77,77,77,77,77,77,77,77,77,77,77,77,77,77,77,77,77,77,77,77,77,77],"card_choices":[{"not_picked":["Runesmith:HeatedChisel","Runesmith:EnergizedChisel"],"picked":"Runesmith:Superposition","floor":1},{"not_picked":["Runesmith:Augment","Runesmith:CraftIncendium"],"picked":"Runesmith:HammerTime","floor":3},{"not_picked":["Runesmith:ShiftingStrike","Runesmith:Repurpose"],"picked":"Runesmith:UnstableHammer","floor":4},{"not_picked":["Runesmith:Discharge","Runesmith:Grindstone"],"picked":"Runesmith:Overpower","floor":5},{"not_picked":["Runesmith:RuneHurl","Runesmith:Attraction"],"picked":"Runesmith:ChaoticBlast","floor":6},{"not_picked":["Runesmith:Empowerment","Runesmith:MakeshiftArmor"],"picked":"Runesmith:CraftProtectio","floor":10},{"not_picked":["Runesmith:Augment","Runesmith:HeatExchange"],"picked":"Runesmith:ReplicatingBarrier","floor":11},{"not_picked":["Runesmith:FissionHammer","Runesmith:Malloc"],"picked":"Runesmith:LightningRod","floor":13},{"not_picked":["Runesmith:Duplicate","Runesmith:CraftIndustria"],"picked":"Runesmith:CraftMedicinae","floor":16},{"not_picked":["Runesmith:Grindstone","Runesmith:MakeshiftArmor"],"picked":"Runesmith:Superposition+1","floor":18},{"not_picked":["Runesmith:LithiumIon","Runesmith:Malloc"],"picked":"Runesmith:UnstableHammer","floor":19},{"not_picked":["Runesmith:CraftMagma","Runesmith:RuneHurl+1"],"picked":"Runesmith:Overpower+1","floor":22},{"not_picked":["Runesmith:LithiumIon","Runesmith:Repurpose"],"picked":"Runesmith:HammerTime","floor":24},{"not_picked":["Runesmith:PerfectChisel","Runesmith:StaticCage"],"picked":"Runesmith:EarthShield","floor":28},{"not_picked":["Runesmith:Repurpose","Runesmith:EarthShield+1"],"picked":"Runesmith:ChargedHammer","floor":29},{"not_picked":["Runesmith:MakeshiftArmor","Runesmith:Repurpose"],"picked":"Runesmith:Overpower","floor":30}],"player_experience":79333,"relics_obtained":[{"floor":6,"key":"Potion Belt"},{"floor":9,"key":"Darkstone Periapt"},{"floor":10,"key":"WingedGreaves"},{"floor":13,"key":"Torii"},{"floor":24,"key":"Bag of Preparation"},{"floor":26,"key":"Turnip"}],"event_choices":[{"cards_removed":["Runesmith:Defend_RS"],"damage_healed":0,"gold_gain":0,"player_choice":"Offered Basic","damage_taken":0,"max_hp_gain":0,"max_hp_loss":0,"event_name":"Bonfire Elementals","floor":2,"gold_loss":0},{"damage_healed":0,"gold_gain":0,"player_choice":"Entered Light","damage_taken":15,"max_hp_gain":0,"max_hp_loss":0,"event_name":"Shining Light","floor":14,"gold_loss":0,"cards_upgraded":["Runesmith:ChaoticBlast","Runesmith:ReplicatingBarrier"]},{"damage_healed":0,"gold_gain":0,"player_choice":"Upgraded","damage_taken":0,"max_hp_gain":0,"max_hp_loss":0,"event_name":"Upgrade Shrine","floor":20,"gold_loss":0,"cards_upgraded":["Runesmith:UnlimitedPower"]},{"damage_healed":0,"gold_gain":0,"cards_transformed":["Runesmith:Defend_RS"],"player_choice":"Transformed","damage_taken":0,"max_hp_gain":0,"max_hp_loss":0,"event_name":"Transmorgrifier","floor":31,"gold_loss":0,"cards_obtained":["Runesmith:FrozenChisel"]}],"is_beta":false,"boss_relics":[{"not_picked":["SlaversCollar","Calling Bell"],"picked":"Runesmith:UraniumAnvil"}],"items_purged_floors":[21,27],"is_endless":false,"potions_floor_spawned":[1,5,16,19,30],"killed_by":"Automaton","ascension_level":0}}