{"host":"c10fjmjt4zmpjqlg","time":1607489260,"event":{"gold_per_floor":[16,16,16,191,210,210,250,250,250,274,297,336,359,392,392,512,512,532,532,532,553,566,566,566],"floor_reached":23,"playtime":797,"items_purged":[],"score":222,"play_id":"10ce128a-181a-4a01-b128-5979714135d3","local_time":"20201209154740","is_ascension_mode":true,"campfire_choices":[{"data":"Bash","floor":6,"key":"SMITH"},{"floor":15,"key":"REST"}],"neow_cost":"NO_GOLD","seed_source_timestamp":606489771989800,"circlet_count":0,"master_deck":["Strike_R","Strike_R","Strike_R","Strike_R","Strike_R","Defend_R","Defend_R","Bash+1","Warcry","Cleave","Havoc+1","Fire Breathing","Anger","Twin Strike","Sword Boomerang","Second Wind","Twin Strike","Second Wind","Reaper","Twin Strike+1","Anger","Havoc"],"special_seed":0,"relics":["Black Blood","Golden Idol","Unceasing Top","HornCleat","MealTicket","Lantern","Blood Vial"],"potions_floor_usage":[7,16,16,22,23],"damage_taken":[{"damage":5,"enemies":"2 Louse","floor":1,"turns":3},{"damage":5,"enemies":"Small Slimes","floor":5,"turns":3},{"damage":43,"enemies":"Gremlin Nob","floor":7,"turns":5},{"damage":1,"enemies":"Jaw Worm","floor":10,"turns":3},{"damage":0,"enemies":"2 Fungi Beasts","floor":11,"turns":3},{"damage":18,"enemies":"3 Sentries","floor":12,"turns":4},{"damage":5,"enemies":"Looter","floor":13,"turns":3},{"damage":13,"enemies":"Lagavulin","floor":14,"turns":4},{"damage":67,"enemies":"The Guardian","floor":16,"turns":7},{"damage":19,"enemies":"Chosen","floor":18,"turns":5},{"damage":20,"enemies":"Spheric Guardian","floor":21,"turns":4},{"damage":45,"enemies":"Shelled Parasite and Fungi","floor":22,"turns":5},{"damage":50,"enemies":"Gremlin Leader","floor":23,"turns":3}],"seed_played":"-680043821400226285","potions_obtained":[{"floor":5,"key":"BloodPotion"},{"floor":11,"key":"Explosive Potion"},{"floor":13,"key":"Strength Potion"},{"floor":16,"key":"PowerPotion"},{"floor":20,"key":"DuplicationPotion"},{"floor":20,"key":"Regen Potion"}],"is_trial":false,"path_per_floor":["M","?","?","?","M","R","E","?","T","M","M","E","M","E","R","B",null,"M","?","?","M","M","E"],"character_chosen":"IRONCLAD","items_purchased":[],"campfire_rested":1,"item_purchase_floors":[],"current_hp_per_floor":[80,80,74,74,74,74,51,51,51,56,62,50,51,44,66,7,74,67,67,67,61,36,0,0],"gold":566,"neow_bonus":"TRANSFORM_TWO_CARDS","is_prod":false,"is_daily":false,"chose_seed":false,"campfire_upgraded":1,"win_rate":0,"timestamp":1607489260,"path_taken":["M","?","?","?","M","R","E","?","T","?","M","E","M","E","R","BOSS","M","?","?","?","M","E"],"build_version":"2020-11-30","purchased_purges":0,"victory":false,"max_hp_per_floor":[80,80,74,74,74,74,74,74,74,74,74,74,74,74,74,74,74,74,74,74,74,74,74,74],"relic_stats":{"Blood Vial":8,"counters":[13,52],"Golden Idol":77,"Black Blood":88,"MealTicket":0,"obtain_stats":[{"Blood Vial":14,"Lantern":12,"HornCleat":8,"Golden Idol":3,"Black Blood":17,"MealTicket":9,"Burning Blood":0,"Unceasing Top":7},{"Blood Vial":8,"Lantern":6,"HornCleat":3,"Golden Idol":1,"Black Blood":9,"MealTicket":3,"Burning Blood":0,"Unceasing Top":3},{"Blood Vial":28,"Lantern":21,"HornCleat":11,"Golden Idol":3,"Black Blood":35,"MealTicket":11,"Burning Blood":0,"Unceasing Top":11}],"Unceasing Top":[15]},"card_choices":[{"not_picked":["Anger","True Grit"],"picked":"Havoc","floor":1},{"not_picked":["Perfected Strike","Clothesline"],"picked":"Fire Breathing","floor":5},{"not_picked":["Sword Boomerang","Warcry"],"picked":"Anger","floor":7},{"not_picked":["Heavy Blade","Sword Boomerang"],"picked":"Twin Strike","floor":10},{"not_picked":["Iron Wave","Dark Embrace"],"picked":"Sword Boomerang","floor":11},{"not_picked":["Combust","Warcry"],"picked":"Second Wind","floor":12},{"not_picked":["True Grit","Flex"],"picked":"Twin Strike","floor":13},{"not_picked":["Perfected Strike","Power Through"],"picked":"Second Wind","floor":14},{"not_picked":["Exhume","Barricade"],"picked":"Reaper","floor":16},{"not_picked":["Perfected Strike+1","True Grit"],"picked":"Twin Strike+1","floor":18},{"not_picked":["Whirlwind","Heavy Blade+1"],"picked":"Anger","floor":21},{"not_picked":["Rupture","Disarm+1"],"picked":"Havoc","floor":22}],"player_experience":289351,"relics_obtained":[{"floor":7,"key":"Unceasing Top"},{"floor":9,"key":"MealTicket"},{"floor":12,"key":"Lantern"},{"floor":14,"key":"Blood Vial"}],"event_choices":[{"damage_healed":0,"gold_gain":0,"player_choice":"Grow","damage_taken":0,"max_hp_gain":0,"max_hp_loss":0,"event_name":"Living Wall","floor":2,"gold_loss":0,"cards_upgraded":["Havoc"]},{"damage_healed":0,"gold_gain":0,"player_choice":"Lose Max HP","damage_taken":0,"relics_obtained":["Golden Idol"],"max_hp_gain":0,"max_hp_loss":6,"event_name":"Golden Idol","floor":3,"gold_loss":0},{"damage_healed":0,"gold_gain":175,"player_choice":"AGREE","damage_taken":0,"max_hp_gain":0,"max_hp_loss":0,"event_name":"Liars Game","floor":4,"gold_loss":0,"cards_obtained":["Doubt"]},{"damage_healed":0,"gold_gain":0,"player_choice":"Searched \u00271\u0027 times","damage_taken":0,"relics_obtained":["HornCleat"],"max_hp_gain":0,"max_hp_loss":0,"event_name":"Dead Adventurer","floor":8,"gold_loss":0},{"cards_removed":["Doubt"],"damage_healed":0,"gold_gain":0,"player_choice":"Elegance","damage_taken":0,"max_hp_gain":0,"max_hp_loss":0,"event_name":"Back to Basics","floor":19,"gold_loss":0},{"damage_healed":0,"gold_gain":0,"player_choice":"Got Potions","damage_taken":0,"max_hp_gain":0,"max_hp_loss":0,"event_name":"Lab","floor":20,"gold_loss":0}],"is_beta":false,"boss_relics":[{"not_picked":["Runic Cube","SacredBark"],"picked":"Black Blood"}],"items_purged_floors":[],"is_endless":false,"potions_floor_spawned":[5,11,13,16,21],"killed_by":"Gremlin Leader","ascension_level":1}}