{"host":"bq4pt811tk9yrmjl","time":1607520318,"event":{"gold_per_floor":[111,111,111,211,26,26,59,72,72,87,102,112,37,57,57,162,212,226,245,195,294,294,319,319,319,319,363,387,399,427,457,469,582,594,622,644,502,552,564,564,564,564,590,602,602,602,602,618,618,618,618,618,16,16,16],"floor_reached":54,"playtime":1506,"items_purged":["Strike_G","Strike_G"],"score":815,"play_id":"c723f968-0437-47de-9812-17077f1f89a1","local_time":"20201209112518","is_ascension_mode":true,"campfire_choices":[{"data":"Apotheosis","floor":6,"key":"SMITH"},{"floor":15,"key":"RECALL"},{"floor":24,"key":"REST"},{"floor":29,"key":"REST"},{"floor":32,"key":"REST"},{"floor":40,"key":"REST"},{"data":"Noxious Fumes","floor":42,"key":"SMITH"},{"data":"Leg Sweep","floor":46,"key":"SMITH"},{"floor":49,"key":"REST"},{"data":"Escape Plan","floor":52,"key":"SMITH"}],"neow_cost":"NONE","seed_source_timestamp":6307285954200,"circlet_count":0,"master_deck":["Strike_G","Strike_G","Strike_G","Defend_G","Defend_G","Defend_G","Defend_G","Defend_G","Survivor+1","Neutralize","Poisoned Stab","Apotheosis+1","Deflect","Cloak And Dagger","Leg Sweep+1","Noxious Fumes+1","Escape Plan+1","Corpse Explosion","Dodge and Roll","Flying Knee+1","Slice+1","Dash+1","Noxious Fumes+1","Die Die Die+1","Escape Plan+1","Slice+1","Slice+1","Dodge and Roll","Deflect+1","Escape Plan+1","Dagger Spray+1","Caltrops","PiercingWail+1"],"relics":["Ring of the Snake","NeowsBlessing","Molten Egg 2","Smiling Mask","White Beast Statue","Tiny House","Pen Nib","MawBank","HornCleat","WristBlade","Medical Kit","Du-Vu Doll","Boot","Mummified Hand","Lantern","Orrery"],"potions_floor_usage":[10,12,16,19,23,23,27,27,31,33,33,44,44,44,44,50,54,54],"damage_taken":[{"damage":0,"enemies":"2 Louse","floor":1,"turns":1},{"damage":0,"enemies":"3 Sentries","floor":7,"turns":2},{"damage":0,"enemies":"Jaw Worm","floor":8,"turns":1},{"damage":0,"enemies":"Cultist","floor":10,"turns":3},{"damage":7,"enemies":"Gremlin Gang","floor":11,"turns":5},{"damage":1,"enemies":"Exordium Thugs","floor":12,"turns":3},{"damage":0,"enemies":"Large Slime","floor":14,"turns":8},{"damage":0,"enemies":"Hexaghost","floor":16,"turns":10},{"damage":5,"enemies":"Chosen","floor":18,"turns":6},{"damage":12,"enemies":"Spheric Guardian","floor":19,"turns":6},{"damage":24,"enemies":"Gremlin Leader","floor":23,"turns":9},{"damage":10,"enemies":"Book of Stabbing","floor":27,"turns":7},{"damage":9,"enemies":"3 Cultists","floor":28,"turns":4},{"damage":0,"enemies":"Centurion and Healer","floor":30,"turns":7},{"damage":1,"enemies":"Snake Plant","floor":31,"turns":5},{"damage":54,"enemies":"Champ","floor":33,"turns":11},{"damage":1,"enemies":"3 Shapes","floor":35,"turns":6},{"damage":2,"enemies":"3 Darklings","floor":36,"turns":7},{"damage":4,"enemies":"Mind Bloom Boss Battle","floor":38,"turns":8},{"damage":3,"enemies":"Writhing Mass","floor":39,"turns":9},{"damage":0,"enemies":"Maw","floor":44,"turns":8},{"damage":11,"enemies":"Jaw Worm Horde","floor":48,"turns":3},{"damage":40,"enemies":"Donu and Deca","floor":50,"turns":7},{"damage":82,"enemies":"Shield and Spear","floor":54,"turns":5}],"seed_played":"-6721702795709603378","potions_obtained":[{"floor":8,"key":"Regen Potion"},{"floor":10,"key":"GhostInAJar"},{"floor":11,"key":"Poison Potion"},{"floor":12,"key":"FearPotion"},{"floor":14,"key":"SkillPotion"},{"floor":16,"key":"CunningPotion"},{"floor":19,"key":"ColorlessPotion"},{"floor":23,"key":"DistilledChaos"},{"floor":25,"key":"Swift Potion"},{"floor":27,"key":"SneckoOil"},{"floor":28,"key":"EssenceOfSteel"},{"floor":30,"key":"Strength Potion"},{"floor":31,"key":"CunningPotion"},{"floor":33,"key":"BlessingOfTheForge"},{"floor":35,"key":"SpeedPotion"},{"floor":38,"key":"DistilledChaos"},{"floor":39,"key":"EntropicBrew"},{"floor":44,"key":"AttackPotion"},{"floor":48,"key":"DuplicationPotion"}],"is_trial":false,"path_per_floor":["M","?","T","?","$","R","E","M","T","M","M","M","$","M","R","B",null,"M","M","$","?","?","E","R","?","T","E","M","R","M","M","R","B",null,"M","M","$","?","M","R","?","R","T","M","?","R","?","M","R","B",null,"R","$","E"],"character_chosen":"THE_SILENT","items_purchased":["Apotheosis","Escape Plan","Medical Kit","Mummified Hand","Lantern","Orrery"],"campfire_rested":5,"item_purchase_floors":[5,13,37,53,53,53],"current_hp_per_floor":[70,58,58,58,58,58,58,58,58,70,63,62,62,62,62,62,75,70,58,58,58,44,20,44,44,44,34,25,49,49,48,72,18,80,79,77,77,73,70,80,80,80,80,80,76,76,76,65,76,36,76,76,76,0,0],"gold":16,"neow_bonus":"THREE_ENEMY_KILL","is_prod":false,"is_daily":false,"chose_seed":false,"campfire_upgraded":4,"win_rate":0,"timestamp":1607520318,"path_taken":["M","?","?","?","$","R","E","M","T","?","M","M","$","M","R","BOSS","M","?","$","?","?","E","R","?","T","E","?","R","M","M","R","BOSS","M","M","$","?","M","R","?","R","T","?","?","R","?","M","R","BOSS","R","$","E"],"build_version":"2020-11-30","purchased_purges":2,"victory":false,"max_hp_per_floor":[70,70,70,70,70,70,70,70,70,70,70,70,70,70,70,70,75,75,75,75,75,80,80,80,80,80,80,80,80,80,80,80,80,80,80,80,80,80,80,80,80,80,80,80,76,76,76,76,76,76,76,76,76,76,76],"card_choices":[{"not_picked":["Backflip","Setup"],"picked":"Poisoned Stab","floor":1},{"not_picked":["Bane+1","Malaise"],"picked":"Endless Agony+1","floor":7},{"not_picked":["Crippling Poison","Accuracy"],"picked":"Deflect","floor":8},{"not_picked":["Quick Slash+1","Outmaneuver"],"picked":"Cloak And Dagger","floor":10},{"not_picked":["PiercingWail","Caltrops"],"picked":"Leg Sweep","floor":11},{"not_picked":["Acrobatics","Skewer+1"],"picked":"Noxious Fumes","floor":12},{"not_picked":["Setup","All Out Attack+1","Leg Sweep"],"picked":"SKIP","floor":14},{"not_picked":["Wraith Form v2","Adrenaline"],"picked":"Corpse Explosion","floor":16},{"not_picked":["Bane+1","PiercingWail"],"picked":"Dodge and Roll","floor":17},{"not_picked":["Dagger Throw+1","Acrobatics"],"picked":"Flying Knee+1","floor":18},{"not_picked":["Poisoned Stab+1","Dagger Throw+1"],"picked":"Slice+1","floor":19},{"not_picked":["Prepared","Sucker Punch+1","Quick Slash+1"],"picked":"SKIP","floor":23},{"not_picked":["Slice+1","Dagger Throw+1"],"picked":"Dash+1","floor":27},{"not_picked":["Bane+1","Underhanded Strike+1"],"picked":"Noxious Fumes+1","floor":28},{"not_picked":["Poisoned Stab+1","All Out Attack+1","Wraith Form v2"],"picked":"SKIP","floor":30},{"not_picked":["Slice+1","Underhanded Strike+1","Deadly Poison"],"picked":"SKIP","floor":31},{"not_picked":["Malaise","A Thousand Cuts"],"picked":"Die Die Die+1","floor":33},{"not_picked":["Flying Knee+1","Backflip"],"picked":"Escape Plan+1","floor":35},{"not_picked":["Dagger Throw+1","Dash+1","PiercingWail"],"picked":"SKIP","floor":36},{"not_picked":["Calculated Gamble","Quick Slash+1"],"picked":"Slice+1","floor":38},{"not_picked":["Dash+1","Poisoned Stab+1"],"picked":"Slice+1","floor":39},{"not_picked":["Tools of the Trade","Deflect"],"picked":"Dodge and Roll","floor":44},{"not_picked":["PiercingWail","Predator+1","Acrobatics"],"picked":"SKIP","floor":48},{"not_picked":["Doppelganger","Bouncing Flask"],"picked":"Deflect+1","floor":53},{"not_picked":["Deflect","Slice+1"],"picked":"Escape Plan+1","floor":53},{"not_picked":["Acrobatics+1","Quick Slash+1"],"picked":"Dagger Spray+1","floor":53},{"not_picked":["Choke+1","Prepared+1"],"picked":"Caltrops","floor":53},{"not_picked":["Bane+1","Dodge and Roll"],"picked":"PiercingWail+1","floor":53}],"player_experience":49666,"relics_obtained":[{"floor":7,"key":"Smiling Mask"},{"floor":9,"key":"White Beast Statue"},{"floor":23,"key":"Pen Nib"},{"floor":26,"key":"MawBank"},{"floor":27,"key":"HornCleat"},{"floor":38,"key":"Du-Vu Doll"},{"floor":43,"key":"Boot"}],"event_choices":[{"damage_healed":0,"gold_gain":0,"player_choice":"Success","damage_taken":12,"relics_obtained":["Molten Egg 2"],"max_hp_gain":0,"max_hp_loss":0,"event_name":"Scrap Ooze","floor":2,"gold_loss":0},{"damage_healed":0,"gold_gain":100,"player_choice":"Pray","damage_taken":0,"max_hp_gain":0,"max_hp_loss":0,"event_name":"Golden Shrine","floor":4,"gold_loss":0},{"damage_healed":0,"gold_gain":99,"player_choice":"Stole From Cult","damage_taken":0,"max_hp_gain":0,"max_hp_loss":0,"event_name":"Nest","floor":21,"gold_loss":0},{"damage_healed":0,"gold_gain":0,"player_choice":"Shed Blood","damage_taken":19,"max_hp_gain":5,"max_hp_loss":0,"event_name":"Forgotten Altar","floor":22,"gold_loss":0},{"damage_healed":0,"gold_gain":0,"player_choice":"Got Potions","damage_taken":0,"max_hp_gain":0,"max_hp_loss":0,"event_name":"Lab","floor":25,"gold_loss":0},{"damage_healed":0,"gold_gain":0,"player_choice":"Fight","damage_taken":0,"max_hp_gain":0,"max_hp_loss":0,"event_name":"MindBloom","floor":38,"gold_loss":0},{"damage_healed":0,"gold_gain":0,"player_choice":"Ignored","damage_taken":0,"max_hp_gain":0,"max_hp_loss":0,"event_name":"SecretPortal","floor":41,"gold_loss":0},{"damage_healed":0,"gold_gain":0,"player_choice":"Max HP","damage_taken":0,"max_hp_gain":0,"max_hp_loss":4,"event_name":"Winding Halls","floor":45,"gold_loss":0},{"cards_removed":["Endless Agony"],"damage_healed":0,"gold_gain":0,"player_choice":"Removed Attack","damage_taken":0,"max_hp_gain":0,"max_hp_loss":0,"event_name":"Falling","floor":47,"gold_loss":0}],"is_beta":false,"boss_relics":[{"not_picked":["Black Star","Snecko Eye"],"picked":"Tiny House"},{"not_picked":["Ring of the Serpent","Coffee Dripper"],"picked":"WristBlade"}],"items_purged_floors":[20,53],"is_endless":false,"potions_floor_spawned":[8,10,11,12,14,16,18,19,23,27,28,30,31,33,35,36,38,39,44,48],"killed_by":"Shield and Spear","ascension_level":1}}