{"host":"hfvpa4llnnjpeawn","time":1607478708,"event":{"gold_per_floor":[210,220,220,36,1,1,20,45,97,21,37,49,49],"floor_reached":12,"playtime":504,"items_purged":[],"score":78,"play_id":"74975c9b-3348-45d5-8eca-bf70efa64a50","local_time":"20201208205148","is_ascension_mode":false,"campfire_choices":[{"data":"Shade:OpenGraves","floor":6,"key":"SMITH"}],"neow_cost":"NONE","seed_source_timestamp":296592090843800,"circlet_count":0,"master_deck":["Shade:Strike_Shade","Shade:Strike_Shade","Shade:Strike_Shade","Shade:Strike_Shade","Shade:Defend_Shade+1","Shade:Defend_Shade+1","Shade:Defend_Shade","Shade:Defend_Shade","Shade:AnimateDead","Shade:CarefulCut","Shade:Frenzy","Shade:Trample","Shade:OpenGraves+1","Shade:FleshLikeOak","Shade:OpenGraves","Shade:FreshBones"],"relics":["Shade:YorickSkull","Membership Card","infinitespire:Midas Blood","War Paint","HandDrill"],"potions_floor_usage":[2,12],"damage_taken":[{"damage":2,"enemies":"Cultist","floor":1,"turns":3},{"damage":0,"enemies":"Small Slimes","floor":2,"turns":3},{"damage":3,"enemies":"2 Louse","floor":7,"turns":2},{"damage":28,"enemies":"3 Sentries","floor":8,"turns":8},{"damage":0,"enemies":"Exordium Wildlife","floor":11,"turns":4},{"damage":38,"enemies":"conspire:MimicChest","floor":12,"turns":7}],"seed_played":"-3631165945556839438","potions_obtained":[{"floor":1,"key":"Strength Potion"},{"floor":8,"key":"Explosive Potion"},{"floor":11,"key":"Languid Potion"}],"is_trial":false,"path_per_floor":["M","M","?","$","?","R","M","E","T","$","M","?"],"character_chosen":"SHADE","items_purchased":["Membership Card","Shade:OpenGraves","HandDrill"],"campfire_rested":0,"item_purchase_floors":[4,4,10],"current_hp_per_floor":[63,63,57,57,65,65,62,34,34,34,34,0,0],"gold":49,"neow_bonus":"HUNDRED_GOLD","is_prod":false,"is_daily":false,"chose_seed":false,"campfire_upgraded":1,"win_rate":0.0,"timestamp":1607478708,"path_taken":["M","?","?","?","?","R","?","E","T","$","M","?"],"build_version":"2020-11-30","purchased_purges":0,"victory":false,"max_hp_per_floor":[65,65,65,65,65,65,65,65,65,65,65,65,65],"card_choices":[{"not_picked":["Shade:FleshLikeOak","Shade:Premonition"],"picked":"Shade:Frenzy","floor":1},{"not_picked":["Shade:FleshToFlesh","Shade:Bite_Shade"],"picked":"Shade:Trample","floor":2},{"not_picked":["Shade:SkeletonHug","Shade:FeralStrike"],"picked":"Shade:FleshLikeOak","floor":7},{"not_picked":["Shade:LastGasp","Shade:Trample"],"picked":"Shade:OpenGraves","floor":8},{"not_picked":["Shade:Haruspicy","Shade:PoundOfFlesh"],"picked":"Shade:FreshBones","floor":11}],"player_experience":152422,"relics_obtained":[{"floor":8,"key":"infinitespire:Midas Blood"},{"floor":9,"key":"War Paint"}],"event_choices":[{"damage_healed":0,"gold_gain":0,"player_choice":"Damaged","damage_taken":6,"max_hp_gain":0,"max_hp_loss":0,"event_name":"Wheel of Change","floor":3,"gold_loss":0},{"damage_healed":16,"gold_gain":0,"player_choice":"Healed","damage_taken":0,"max_hp_gain":0,"max_hp_loss":0,"event_name":"The Cleric","floor":5,"gold_loss":35}],"is_beta":false,"boss_relics":[],"items_purged_floors":[],"is_endless":false,"potions_floor_spawned":[1,8,11],"killed_by":"conspire:MimicChest","ascension_level":0}}