{"host":"v0kr0xkqfgnh389p","time":1607545161,"event":{"gold_per_floor":[109,109,284,304,304,339,351,384,384,461,473,473,488,505,505,505,505],"floor_reached":16,"playtime":629,"items_purged":[],"score":144,"play_id":"e9285b63-db0f-476b-9bdd-e80d40ca1534","local_time":"20201209151921","is_ascension_mode":true,"campfire_choices":[{"floor":12,"key":"RECALL"},{"floor":15,"key":"REST"}],"neow_cost":"NONE","seed_source_timestamp":20728355962300,"circlet_count":0,"master_deck":["Strike_P+1","Strike_P","Strike_P+1","Strike_P","Defend_P","Defend_P","Defend_P","Defend_P","Eruption","Vigilance","Establishment","ReachHeaven","Replay:BluntJabs"],"relics":["hubris:CrackedHourglass","hubris:BundleOfHerbs","ReplayTheSpireMod:TigerMarble","Golden Egg"],"potions_floor_usage":[6,8,8],"damage_taken":[{"damage":0,"enemies":"2 Louse","floor":1,"turns":3},{"damage":2,"enemies":"Small Slimes","floor":4,"turns":5},{"damage":28,"enemies":"Gremlin Nob","floor":6,"turns":3},{"damage":0,"enemies":"Jaw Worm","floor":7,"turns":4},{"damage":0,"enemies":"3 Sentries","floor":8,"turns":7},{"damage":5,"enemies":"Red Slaver","floor":11,"turns":5},{"damage":11,"enemies":"Exordium Thugs","floor":13,"turns":6},{"damage":1,"enemies":"3 Louse","floor":14,"turns":3},{"damage":32,"enemies":"The Guardian","floor":16,"turns":7}],"seed_played":"-4710193099220329090","potions_obtained":[{"floor":4,"key":"CultistPotion"},{"floor":6,"key":"LiquidMemories"},{"floor":7,"key":"Reflective Coating"},{"floor":11,"key":"Weak Potion"}],"is_trial":false,"path_per_floor":["M","?","?","M","?","E","M","E","T","T","M","R","M","M","R","B"],"character_chosen":"WATCHER","items_purchased":[],"campfire_rested":1,"item_purchase_floors":[],"current_hp_per_floor":[72,58,58,56,56,28,28,28,28,28,23,23,12,11,32,0,0],"gold":505,"neow_bonus":"BOSS_RELIC","is_prod":false,"is_daily":false,"chose_seed":false,"campfire_upgraded":0,"win_rate":0,"timestamp":1607545161,"path_taken":["M","?","?","M","?","E","M","E","T","?","M","R","M","M","R","BOSS"],"build_version":"2020-11-30","purchased_purges":0,"victory":false,"max_hp_per_floor":[72,72,72,72,72,72,72,72,72,72,72,72,72,72,72,72,72],"card_choices":[{"not_picked":["Replay:ManipulateFuture","BowlingBash","Sanctity"],"picked":"SKIP","floor":1},{"not_picked":["Protect","SashWhip","Replay:AtTheReady"],"picked":"SKIP","floor":4},{"not_picked":["Replay:ManipulateFuture","Indignation"],"picked":"Establishment","floor":6},{"not_picked":["Protect","EmptyFist","Replay:AtTheReady"],"picked":"SKIP","floor":7},{"not_picked":["Weave","Fasting2"],"picked":"ReachHeaven","floor":8},{"not_picked":["Consecrate","Swivel","Scrawl"],"picked":"SKIP","floor":11},{"not_picked":["Replay:ManipulateFuture","Crescendo"],"picked":"Replay:BluntJabs","floor":13},{"not_picked":["Replay:Vibes","Replay:Battleflow","Prostrate"],"picked":"SKIP","floor":14}],"player_experience":676142,"relics_obtained":[{"floor":6,"key":"hubris:BundleOfHerbs"},{"floor":8,"key":"ReplayTheSpireMod:TigerMarble"},{"floor":9,"key":"Golden Egg"}],"event_choices":[{"damage_healed":0,"gold_gain":0,"player_choice":"Entered Light","damage_taken":14,"max_hp_gain":0,"max_hp_loss":0,"event_name":"Shining Light","floor":2,"gold_loss":0,"cards_upgraded":["Strike_P","Strike_P"]},{"damage_healed":0,"gold_gain":175,"player_choice":"AGREE","damage_taken":0,"max_hp_gain":0,"max_hp_loss":0,"event_name":"Liars Game","floor":3,"gold_loss":0,"cards_obtained":["Doubt"]},{"cards_removed":["Doubt"],"damage_healed":0,"gold_gain":0,"player_choice":"Forget","damage_taken":0,"max_hp_gain":0,"max_hp_loss":0,"event_name":"Living Wall","floor":5,"gold_loss":0}],"is_beta":false,"boss_relics":[],"items_purged_floors":[],"is_endless":false,"potions_floor_spawned":[4,6,7,11],"killed_by":"The Guardian","ascension_level":1}}