{"host":"jmj81tjjbuqnwhnf","time":1607547965,"event":{"gold_per_floor":[119,70,81,81,92,92,118,136,162,179,196,206,206,206,206,310,310,329,111,111,130,148,148,148,148,171,189,189,199,229,0,0,104,104,123,173,185,185,205,205,205],"floor_reached":40,"playtime":2089,"items_purged":[],"score":425,"play_id":"5bf5b192-3760-42bc-a805-974ed9807a1a","local_time":"20201209220605","is_ascension_mode":false,"campfire_choices":[{"data":"Zap","floor":6,"key":"SMITH"},{"data":"Sweeping Beam","floor":13,"key":"SMITH"},{"floor":15,"key":"REST"},{"floor":23,"key":"REST"},{"floor":25,"key":"REST"},{"data":"Blizzard","floor":32,"key":"SMITH"}],"neow_cost":"NONE","seed_source_timestamp":286908153014200,"circlet_count":0,"master_deck":["Zap+1","Dualcast","Leap","Redo","Ball Lightning","Melter","Sweeping Beam+1","Darkness","Cold Snap+1","Machine Learning","Doom and Gloom","Aggregate","Rebound","Conserve Battery","BootSequence","Redo","FTL+1","Ball Lightning+1","Static Discharge","Conserve Battery","Conserve Battery","Doom and Gloom","Cold Snap","Sweeping Beam+1","Blizzard+1","Thunder Strike","Chaos+1","Conserve Battery+1"],"relics":["Cracked Core","Pen Nib","Happy Flower","Pandora\u0027s Box","Lantern","Ornamental Fan","Whetstone","Torii","Lee\u0027s Waffle","Black Star","Ice Cream"],"potions_floor_usage":[16,16,16,30,33,36,40,40,40],"damage_taken":[{"damage":1,"enemies":"2 Louse","floor":1,"turns":2},{"damage":2,"enemies":"Jaw Worm","floor":3,"turns":4},{"damage":0,"enemies":"Cultist","floor":5,"turns":2},{"damage":5,"enemies":"Blue Slaver","floor":8,"turns":3},{"damage":15,"enemies":"Lots of Slimes","floor":10,"turns":4},{"damage":0,"enemies":"Large Slime","floor":11,"turns":3},{"damage":6,"enemies":"2 Fungi Beasts","floor":12,"turns":2},{"damage":17,"enemies":"The Guardian","floor":16,"turns":9},{"damage":22,"enemies":"2 Thieves","floor":18,"turns":4},{"damage":10,"enemies":"Shell Parasite","floor":21,"turns":3},{"damage":22,"enemies":"Centurion and Healer","floor":22,"turns":4},{"damage":14,"enemies":"Chosen and Byrds","floor":27,"turns":6},{"damage":4,"enemies":"Snake Plant","floor":29,"turns":4},{"damage":14,"enemies":"Gremlin Leader","floor":30,"turns":5},{"damage":72,"enemies":"Automaton","floor":33,"turns":10},{"damage":53,"enemies":"3 Shapes","floor":35,"turns":4},{"damage":6,"enemies":"Mind Bloom Boss Battle","floor":36,"turns":6},{"damage":2,"enemies":"Orb Walker","floor":37,"turns":3},{"damage":2,"enemies":"Sphere and 2 Shapes","floor":39,"turns":3},{"damage":55,"enemies":"Giant Head","floor":40,"turns":6}],"seed_played":"229173340308866859","potions_obtained":[{"floor":8,"key":"Regen Potion"},{"floor":10,"key":"FocusPotion"},{"floor":12,"key":"PowerPotion"},{"floor":27,"key":"Energy Potion"},{"floor":29,"key":"BlessingOfTheForge"},{"floor":33,"key":"PowerPotion"},{"floor":35,"key":"Explosive Potion"},{"floor":37,"key":"LiquidMemories"},{"floor":39,"key":"Weak Potion"}],"is_trial":false,"path_per_floor":["M","$","M","?","M","R","T","M","T","M","M","M","R","?","R","B",null,"M","$","T","M","M","R","?","R","T","M","?","M","E","$","R","B",null,"M","?","M","?","M","E"],"character_chosen":"DEFECT","items_purchased":["Redo","Lantern","Static Discharge","Lee\u0027s Waffle","Blizzard"],"campfire_rested":3,"item_purchase_floors":[2,19,19,31,31],"current_hp_per_floor":[81,81,79,79,79,79,79,74,74,59,59,53,53,45,69,67,82,60,60,60,50,28,52,52,76,76,62,62,58,44,89,89,17,89,36,30,28,28,26,0,0],"gold":205,"neow_bonus":"TEN_PERCENT_HP_BONUS","is_prod":false,"is_daily":false,"chose_seed":false,"campfire_upgraded":3,"win_rate":0.0,"timestamp":1607547965,"path_taken":["M","$","M","?","M","R","?","M","T","M","?","M","R","?","R","BOSS","M","$","?","M","M","R","?","R","T","?","?","?","E","$","R","BOSS","M","?","M","?","M","E"],"build_version":"2020-11-30","purchased_purges":0,"victory":false,"max_hp_per_floor":[82,82,82,82,82,82,82,82,82,82,82,82,82,82,82,82,82,82,82,82,82,82,82,82,82,82,82,82,82,82,89,89,89,89,89,89,89,89,89,89,89],"relic_stats":{"Lee\u0027s Waffle":45,"Happy Flower":[25],"Torii":31,"counters":[20,87],"Ornamental Fan":[48],"Pandora\u0027s Box":["Doom and Gloom","Aggregate","Loop","Rebound","Conserve Battery","BootSequence","Redo","FTL"],"Pen Nib":[13],"Black Star":0,"Whetstone":["FTL","Cold Snap"],"obtain_stats":[{"Ice Cream":36,"Lantern":19,"Lee\u0027s Waffle":31,"Happy Flower":9,"Torii":30,"Ornamental Fan":20,"Pandora\u0027s Box":17,"Pen Nib":7,"Black Star":34,"Whetstone":26,"Cracked Core":0},{"Ice Cream":17,"Lantern":9,"Lee\u0027s Waffle":14,"Happy Flower":4,"Torii":14,"Ornamental Fan":9,"Pandora\u0027s Box":8,"Pen Nib":3,"Black Star":15,"Whetstone":11,"Cracked Core":0},{"Ice Cream":75,"Lantern":33,"Lee\u0027s Waffle":55,"Happy Flower":11,"Torii":55,"Ornamental Fan":33,"Pandora\u0027s Box":29,"Pen Nib":8,"Black Star":65,"Whetstone":40,"Cracked Core":0}]},"card_choices":[{"not_picked":["Darkness","Double Energy"],"picked":"Leap","floor":1},{"not_picked":["Streamline","Barrage"],"picked":"Ball Lightning","floor":3},{"not_picked":["Gash","Static Discharge"],"picked":"Melter","floor":5},{"not_picked":["Steam Power","Consume","Lockon"],"picked":"SKIP","floor":8},{"not_picked":["Self Repair","Compile Driver"],"picked":"Sweeping Beam","floor":10},{"not_picked":["Gash","Fusion"],"picked":"Darkness","floor":11},{"not_picked":["Tempest","Creative AI"],"picked":"Cold Snap","floor":12},{"not_picked":["Fission","Creative AI"],"picked":"Machine Learning","floor":16},{"not_picked":["Storm+1","Sweeping Beam"],"picked":"Ball Lightning+1","floor":18},{"not_picked":["Go for the Eyes","Genetic Algorithm"],"picked":"Auto Shields","floor":21},{"not_picked":["Coolheaded+1","Compile Driver"],"picked":"Conserve Battery","floor":22},{"not_picked":["Barrage","Sweeping Beam+1"],"picked":"Conserve Battery","floor":27},{"not_picked":["Scrape","Darkness"],"picked":"Cold Snap","floor":29},{"not_picked":["Machine Learning","Aggregate"],"picked":"Sweeping Beam+1","floor":30},{"not_picked":["Electrodynamics","Echo Form"],"picked":"Thunder Strike","floor":33},{"not_picked":["Go for the Eyes+1","Auto Shields+1"],"picked":"Chaos+1","floor":35},{"not_picked":["Tempest","Ball Lightning+1"],"picked":"Conserve Battery+1","floor":36},{"not_picked":["Auto Shields","Gash","Beam Cell"],"picked":"SKIP","floor":37},{"not_picked":["Streamline+1","Compile Driver","Chaos+1"],"picked":"SKIP","floor":39}],"player_experience":43043,"relics_obtained":[{"floor":7,"key":"Pen Nib"},{"floor":9,"key":"Happy Flower"},{"floor":20,"key":"Ornamental Fan"},{"floor":26,"key":"Whetstone"},{"floor":30,"key":"Torii"},{"floor":36,"key":"Ice Cream"}],"event_choices":[{"damage_healed":0,"gold_gain":0,"player_choice":"Ignored","damage_taken":0,"max_hp_gain":0,"max_hp_loss":0,"event_name":"Liars Game","floor":4,"gold_loss":0},{"damage_healed":0,"gold_gain":0,"player_choice":"Damaged","damage_taken":8,"max_hp_gain":0,"max_hp_loss":0,"event_name":"Wheel of Change","floor":14,"gold_loss":0},{"cards_removed":["Loop"],"damage_healed":0,"gold_gain":0,"player_choice":"Card Removal","damage_taken":0,"max_hp_gain":0,"max_hp_loss":0,"event_name":"Wheel of Change","floor":24,"gold_loss":0},{"damage_healed":0,"gold_gain":0,"cards_transformed":["Auto Shields"],"player_choice":"Transformed","damage_taken":0,"max_hp_gain":0,"max_hp_loss":0,"event_name":"Transmorgrifier","floor":28,"gold_loss":0,"cards_obtained":["Doom and Gloom"]},{"damage_healed":0,"gold_gain":0,"player_choice":"Fight","damage_taken":0,"max_hp_gain":0,"max_hp_loss":0,"event_name":"MindBloom","floor":36,"gold_loss":0},{"damage_healed":0,"gold_gain":0,"player_choice":"Ignored","damage_taken":0,"max_hp_gain":0,"max_hp_loss":0,"event_name":"NoteForYourself","floor":38,"gold_loss":0}],"is_beta":false,"boss_relics":[{"not_picked":["SacredBark","Tiny House"],"picked":"Pandora\u0027s Box"},{"not_picked":["Busted Crown","Empty Cage"],"picked":"Black Star"}],"items_purged_floors":[],"is_endless":false,"potions_floor_spawned":[8,10,12,27,29,33,35,37,39],"killed_by":"Giant Head","ascension_level":0}}