{"host":"htpechobqgpaugnv","time":1607498536,"event":{"gold_per_floor":[118,118,134,56,66,95,95,106,180,180,195,220,220,249,249,321,321,337,252,271,196,246,279,291,329,367,393,425,457,500,562,574,660,672,702,714,726,738,738],"floor_reached":38,"playtime":1369,"items_purged":["FearNoEvil"],"score":1054,"play_id":"63ec9a44-cc4e-49ac-b79e-cc37cc52a30b","local_time":"20201209012216","is_ascension_mode":true,"campfire_choices":[{"data":"Tantrum","floor":7.0,"key":"SMITH"},{"floor":10.0,"key":"REST"},{"data":"Meditate","floor":15.0,"key":"SMITH"},{"data":"TalkToTheHand","floor":24,"key":"SMITH"},{"floor":32,"key":"REST"}],"neow_cost":"PERCENT_DAMAGE","seed_source_timestamp":77425740398000,"circlet_count":0,"master_deck":["AscendersBane","Strike_P+1","Strike_P+1","Strike_P+1","Strike_P","Defend_P+1","Defend_P","Defend_P+1","Defend_P+1","Eruption","Vigilance+1","LessonLearned","FlurryOfBlows+1","TalkToTheHand+1","Tantrum+1","DeceiveReality+1","Meditate+1","SpiritShield+1","FlurryOfBlows+1","CrushJoints+1","Halt","FlurryOfBlows+1"],"special_seed":0,"relics":["PureWater","Lizard Tail","MealTicket","Molten Egg 2","Blue Candle","Anchor","Sozu","Dream Catcher","MawBank","Yang","Regal Pillow","Happy Flower","VioletLotus"],"potions_floor_usage":[],"damage_taken":[{"damage":2.0,"enemies":"Jaw Worm","floor":1.0,"turns":4.0},{"damage":0.0,"enemies":"2 Louse","floor":3.0,"turns":5.0},{"damage":8.0,"enemies":"Cultist","floor":5.0,"turns":6.0},{"damage":12.0,"enemies":"Lagavulin","floor":6.0,"turns":5.0},{"damage":3.0,"enemies":"Blue Slaver","floor":8.0,"turns":2.0},{"damage":10.0,"enemies":"3 Louse","floor":11.0,"turns":3.0},{"damage":2.0,"enemies":"Gremlin Nob","floor":12.0,"turns":3.0},{"damage":3.0,"enemies":"3 Sentries","floor":14.0,"turns":4.0},{"damage":0.0,"enemies":"Hexaghost","floor":16.0,"turns":9.0},{"damage":3.0,"enemies":"2 Thieves","floor":18.0,"turns":5.0},{"damage":0.0,"enemies":"3 Byrds","floor":20.0,"turns":8.0},{"damage":3,"enemies":"Gremlin Leader","floor":23,"turns":4},{"damage":7,"enemies":"Book of Stabbing","floor":25,"turns":4},{"damage":24,"enemies":"Snecko","floor":27,"turns":5},{"damage":1,"enemies":"Sentry and Sphere","floor":28,"turns":3},{"damage":0,"enemies":"Chosen and Byrds","floor":29,"turns":4},{"damage":0,"enemies":"Slavers","floor":30,"turns":5},{"damage":121,"enemies":"Automaton","floor":33,"turns":12},{"damage":4,"enemies":"Orb Walker","floor":35,"turns":3},{"damage":66,"enemies":"3 Darklings","floor":38,"turns":4}],"seed_played":"-862362304893076748","potions_obtained":[{"floor":1.0,"key":"AttackPotion"},{"floor":5.0,"key":"FearPotion"},{"floor":8.0,"key":"Weak Potion"},{"floor":14.0,"key":"Fruit Juice"}],"is_trial":false,"path_per_floor":["M","?","M","$","M","E","R","M","T","R","M","E","?","E","R","B",null,"M","?","M","$","?","E","R","E","T","M","M","M","E","?","R","B",null,"M","?","?","M"],"character_chosen":"WATCHER","items_purchased":["TalkToTheHand"],"campfire_rested":2,"item_purchase_floors":[4],"current_hp_per_floor":[41,30,30,30,22,10,10,7,7,27,17,15,15,17,17,17,59,56,56,56,71,71,68,68,61,61,37,36,36,36,36,72,22,60,56,56,56,0,0],"gold":738,"neow_bonus":"THREE_RARE_CARDS","is_prod":false,"is_daily":false,"chose_seed":false,"campfire_upgraded":3,"win_rate":0,"timestamp":1607498536,"path_taken":["M","?","M","$","M","E","R","M","T","R","M","E","?","E","R","BOSS","M","?","M","$","?","E","R","E","T","M","M","?","E","?","R","BOSS","M","?","?","M"],"build_version":"2020-11-30","purchased_purges":1,"victory":false,"max_hp_per_floor":[68,68,68,68,68,68,68,68,68,68,68,68,68,73,73,73,73,73,73,73,73,73,73,73,73,73,73,73,73,73,73,73,73,73,73,73,73,73,73],"relic_stats":{"Sozu":5,"Lizard Tail":36,"Dream Catcher":1,"Regal Pillow":15,"Happy Flower":[6],"counters":[20,98],"Blue Candle":[0],"MealTicket":15,"Yang":[115],"VioletLotus":[1],"MawBank":180,"obtain_stats":[{"Regal Pillow":26,"Happy Flower":30,"Blue Candle":12,"Yang":25,"MawBank":23,"Sozu":17,"Lizard Tail":2,"Anchor":14,"Dream Catcher":19,"MealTicket":6,"Molten Egg 2":9,"VioletLotus":34,"PureWater":0},{"Regal Pillow":13,"Happy Flower":17,"Blue Candle":7,"Yang":13,"MawBank":12,"Sozu":9,"Lizard Tail":1,"Anchor":8,"Dream Catcher":10,"MealTicket":4,"Molten Egg 2":5,"VioletLotus":18,"PureWater":0},{"Regal Pillow":62,"Happy Flower":79,"Blue Candle":28,"Yang":62,"MawBank":58,"Sozu":41,"Lizard Tail":4,"Anchor":32,"Dream Catcher":46,"MealTicket":20,"Molten Egg 2":22,"VioletLotus":91,"PureWater":0}]},"card_choices":[{"not_picked":["Ragnarok","Vault"],"picked":"LessonLearned","floor":0.0},{"not_picked":["Study","EmptyFist"],"picked":"FlurryOfBlows","floor":1.0},{"not_picked":["Evaluate","Swivel"],"picked":"FearNoEvil","floor":3.0},{"not_picked":["SandsOfTime","Evaluate"],"picked":"SignatureMove","floor":5.0},{"not_picked":["Worship","EmptyBody"],"picked":"Tantrum","floor":6.0},{"not_picked":["CutThroughFate","CrushJoints"],"picked":"DeceiveReality","floor":8.0},{"not_picked":["FlyingSleeves+1","PathToVictory","LessonLearned+1"],"picked":"SKIP","floor":11.0},{"not_picked":["SashWhip+1","DeceiveReality","Indignation"],"picked":"SKIP","floor":12.0},{"not_picked":["BowlingBash+1","Judgement"],"picked":"Meditate","floor":14.0},{"not_picked":["Ragnarok+1","Alpha"],"picked":"SpiritShield","floor":16.0},{"not_picked":["SashWhip+1","CutThroughFate+1"],"picked":"FlurryOfBlows+1","floor":18.0},{"not_picked":["ReachHeaven+1","PathToVictory"],"picked":"CrushJoints+1","floor":20.0},{"not_picked":["Weave+1","ClearTheMind","Evaluate"],"picked":"SKIP","floor":23},{"not_picked":["JustLucky+1","Protect"],"picked":"Halt","floor":25},{"not_picked":["EmptyFist+1","ReachHeaven+1","JustLucky+1"],"picked":"SKIP","floor":27},{"not_picked":["Perseverance","FollowUp+1","Conclude+1"],"picked":"SKIP","floor":28},{"not_picked":["BowlingBash+1","Alpha"],"picked":"FlurryOfBlows+1","floor":29},{"not_picked":["Swivel","Evaluate","FollowUp+1"],"picked":"SKIP","floor":30},{"not_picked":["Crescendo","ReachHeaven+1","Collect"],"picked":"SKIP","floor":35}],"player_experience":1254894,"relics_obtained":[{"floor":6.0,"key":"MealTicket"},{"floor":9.0,"key":"Molten Egg 2"},{"floor":12.0,"key":"Blue Candle"},{"floor":14.0,"key":"Anchor"},{"floor":23,"key":"MawBank"},{"floor":25,"key":"Yang"},{"floor":26,"key":"Regal Pillow"},{"floor":30,"key":"Happy Flower"}],"event_choices":[{"damage_healed":0.0,"max_hp_gain":0.0,"max_hp_loss":0.0,"gold_gain":0.0,"event_name":"Scrap Ooze","player_choice":"Success","floor":2.0,"gold_loss":0.0,"damage_taken":11.0,"relics_obtained":["Lizard Tail"]},{"damage_healed":0.0,"max_hp_gain":0.0,"max_hp_loss":0.0,"gold_gain":0.0,"event_name":"Shining Light","player_choice":"Ignored","floor":13.0,"gold_loss":0.0,"damage_taken":0.0},{"damage_healed":0.0,"max_hp_gain":0.0,"max_hp_loss":0.0,"gold_gain":0.0,"event_name":"Addict","player_choice":"Obtained Relic","floor":19.0,"gold_loss":85.0,"damage_taken":0.0,"relics_obtained":["Dream Catcher"]},{"damage_healed":0.0,"max_hp_gain":0.0,"max_hp_loss":0.0,"gold_gain":50.0,"event_name":"Golden Shrine","player_choice":"Pray","floor":22.0,"gold_loss":0.0,"damage_taken":0.0},{"damage_healed":0,"gold_gain":50,"player_choice":"Stole From Cult","damage_taken":0,"max_hp_gain":0,"max_hp_loss":0,"event_name":"Nest","floor":31,"gold_loss":0},{"cards_removed":["SignatureMove"],"damage_healed":0,"gold_gain":0,"player_choice":"Removed Attack","damage_taken":0,"max_hp_gain":0,"max_hp_loss":0,"event_name":"Falling","floor":36,"gold_loss":0},{"damage_healed":0,"gold_gain":0,"player_choice":"Ignored","damage_taken":0,"max_hp_gain":0,"max_hp_loss":0,"event_name":"Tomb of Lord Red Mask","floor":37,"gold_loss":0}],"is_beta":false,"boss_relics":[{"not_picked":["SlaversCollar","Runic Dome"],"picked":"Sozu"},{"not_picked":["Coffee Dripper","SacredBark"],"picked":"VioletLotus"}],"items_purged_floors":[21],"is_endless":false,"potions_floor_spawned":[1,5,8,14,20,28,29,30,35],"killed_by":"3 Darklings","ascension_level":20}}