{"host":"vb8hofwegj72ni3m","time":1607557643,"event":{"gold_per_floor":[210,220,220,234,252,252,68,100,100,65,65,65,75,91,91,91,91],"floor_reached":16,"playtime":1454,"items_purged":[],"score":168,"play_id":"dc82b6e2-7ba6-48be-984e-d0b351ef6993","local_time":"20201209174723","is_ascension_mode":true,"campfire_choices":[{"data":"Inflame","floor":6,"key":"SMITH"},{"floor":15,"key":"REST"}],"neow_cost":"NONE","seed_source_timestamp":1812730392572800,"circlet_count":0,"master_deck":["AscendersBane","Strike_R","Strike_R","Strike_R","Strike_R","Defend_R","Defend_R","Defend_R","Defend_R","Bash","Metallicize","Shockwave","Inflame+1","Combust","Spot Weakness","Reckless Charge","Cleave","Feel No Pain"],"special_seed":0,"relics":["Burning Blood","Frozen Eye","Eternal Feather","Paper Frog"],"potions_floor_usage":[4,14,16],"damage_taken":[{"damage":3,"enemies":"2 Louse","floor":1,"turns":3},{"damage":9,"enemies":"Jaw Worm","floor":2,"turns":3},{"damage":1,"enemies":"Small Slimes","floor":4,"turns":5},{"damage":16,"enemies":"Exordium Thugs","floor":5,"turns":7},{"damage":63,"enemies":"3 Sentries","floor":8,"turns":12},{"damage":18,"enemies":"3 Louse","floor":13,"turns":5},{"damage":6,"enemies":"Blue Slaver","floor":14,"turns":3},{"damage":47,"enemies":"Slime Boss","floor":16,"turns":10}],"seed_played":"-2121929069796281098","potions_obtained":[{"floor":1,"key":"GamblersBrew"},{"floor":8,"key":"SpeedPotion"},{"floor":14,"key":"SteroidPotion"}],"is_trial":false,"path_per_floor":["M","M","?","M","M","R","$","E","T","?","?","?","M","M","R","B"],"character_chosen":"IRONCLAD","items_purchased":["Combust","Frozen Eye"],"campfire_rested":1,"item_purchase_floors":[7,7],"current_hp_per_floor":[75,72,77,82,72,72,72,15,15,36,36,36,24,24,58,11,11],"gold":91,"neow_bonus":"HUNDRED_GOLD","is_prod":false,"is_daily":false,"chose_seed":false,"campfire_upgraded":1,"win_rate":0,"timestamp":1607557643,"path_taken":["M","M","?","M","M","R","$","E","T","?","?","?","?","M","R","BOSS"],"build_version":"2020-11-30","purchased_purges":0,"victory":false,"max_hp_per_floor":[80,80,85,85,85,85,85,85,85,85,85,85,85,85,85,85,85],"relic_stats":{"counters":[8,48],"Eternal Feather":9,"obtain_stats":[{"Frozen Eye":7,"Eternal Feather":8,"Burning Blood":0,"Paper Frog":9},{"Frozen Eye":4,"Eternal Feather":5,"Burning Blood":0,"Paper Frog":5},{"Frozen Eye":18,"Eternal Feather":30,"Burning Blood":0,"Paper Frog":30}],"Burning Blood":42},"card_choices":[{"not_picked":["Dark Embrace","Havoc"],"picked":"Metallicize","floor":1},{"not_picked":["Warcry","Heavy Blade","True Grit"],"picked":"SKIP","floor":2},{"not_picked":["Berserk","Iron Wave"],"picked":"Shockwave","floor":4},{"not_picked":["Flame Barrier","Anger"],"picked":"Inflame","floor":5},{"not_picked":["Cleave","Searing Blow"],"picked":"Spot Weakness","floor":8},{"not_picked":["Feel No Pain","Entrench"],"picked":"Cleave","floor":13},{"not_picked":["Flex","Thunderclap"],"picked":"Feel No Pain","floor":14}],"player_experience":474215,"relics_obtained":[{"floor":8,"key":"Eternal Feather"},{"floor":9,"key":"Paper Frog"}],"event_choices":[{"damage_healed":0,"gold_gain":0,"player_choice":"Donut","damage_taken":0,"max_hp_gain":5,"max_hp_loss":0,"event_name":"Big Fish","floor":3,"gold_loss":0},{"damage_healed":21,"gold_gain":0,"player_choice":"Healed","damage_taken":0,"max_hp_gain":0,"max_hp_loss":0,"event_name":"The Cleric","floor":10,"gold_loss":35},{"damage_healed":0,"gold_gain":0,"player_choice":"Ignored","damage_taken":0,"max_hp_gain":0,"max_hp_loss":0,"event_name":"Golden Idol","floor":11,"gold_loss":0},{"damage_healed":0,"gold_gain":0,"cards_transformed":["Strike_R"],"player_choice":"Transformed","damage_taken":0,"max_hp_gain":0,"max_hp_loss":0,"event_name":"Transmorgrifier","floor":12,"gold_loss":0,"cards_obtained":["Reckless Charge"]}],"is_beta":false,"boss_relics":[],"items_purged_floors":[],"is_endless":false,"potions_floor_spawned":[1,8,14],"killed_by":"Slime Boss","ascension_level":13}}