{"host":"ct9u9cz51imrjegl","time":1607482825,"event":{"gold_per_floor":[199,217,247,264,264,283,310,355,381,243,255,267,299,311,343,460,472,484,496,508,534,546,570,582,629,566,607,629,641,672,684,710,824,786,798,829,864,906,918,999,1011,1042,1054,1066,1095,1107,1129,1141],"floor_reached":51,"playtime":2916,"items_purged":[],"score":900,"play_id":"0014c535-84a3-4def-932f-4821174d8ed9","local_time":"20201209133025","is_ascension_mode":false,"campfire_choices":[{"floor":1,"key":"DIG"},{"floor":5,"key":"RECALL"},{"floor":10,"key":"REST"},{"floor":18,"key":"REST"},{"floor":22,"key":"REST"},{"floor":26,"key":"REST"},{"floor":35,"key":"REST"},{"floor":42,"key":"REST"},{"floor":44,"key":"REST"}],"neow_cost":"NONE","seed_source_timestamp":92941797526000,"circlet_count":0,"master_deck":["Slimebound:Strike_Slimebound+1","Slimebound:Strike_Slimebound+1","Slimebound:Tackle+1","Slimebound:Defend_Slimebound+1","Slimebound:Defend_Slimebound+1","Slimebound:Defend_Slimebound+1","Slimebound:Defend_Slimebound+1","Slimebound:Split+1","Slimebound:CorrosiveSpit+1","Slimebound:SplitLeeching+1","Slimebound:LeechEnergy+1","Slimebound:SplitMire+1","Slimebound:SplitMire+1","Slimebound:SplitMire+1","Slimebound:Schlurp+1","Slimebound:Schlurp+1","Slimebound:Schlurp+1","Slimebound:MinionMaster+1","Slimebound:RainOfGoop+1","Slimebound:ProtectTheBoss+1","Slimebound:Replication+1","Slimebound:PrepareCrush+1","Slimebound:MegaLick+1","Slimebound:DivideAndConquer+1","Slimebound:Split+1","hubris:Insight+1","Slimebound:Schlurp+1","Slimebound:OozeBath+1","Slimebound:Strike_Slimebound+1","Slimebound:GrowthPunch+1","Slimebound:Schlurp+1","Slimebound:Replication+1","Slimebound:SplitLeeching+1","Slimebound:LeechLife+1","Slimebound:SlimeTap+1","Slimebound:SplitMire+1","Slimebound:SplitMire+1"],"relics":["Slimebound:AbsorbEndCombat","Hammer of Thor","Seething Fire","Anvil of the Gods","hubris:TenFootPole","hubris:CrystalStatue","MawBank","infinitespire:Beetle Shell","downfall:HeartBlessingRed","downfall:HeartBlessingGreen","hubris:Towel","hubris:Teleporter","Cursed Key","hubris:Backtick","infinitespire:DarkRift","TungstenRod","downfall:HeartBlessingBlue","Dream Catcher","hubris:Icosahedron","energizedSpire:HugeHouse","infinitespire:Satchel","Bottled Lightning","ReplayTheSpireMod:Ring of Collecting","Ring of Hypnosis","Replay:Accelerometer"],"potions_floor_usage":[],"damage_taken":[{"damage":8,"enemies":"2 Louse","floor":2,"turns":2},{"damage":19,"enemies":"Gremlin Nob","floor":3,"turns":3},{"damage":12,"enemies":"Small Slimes","floor":4,"turns":2},{"damage":4,"enemies":"Cultist","floor":6,"turns":2},{"damage":49,"enemies":"3 Sentries","floor":8,"turns":5},{"damage":25,"enemies":"conspire:2 RoseBushes","floor":9,"turns":3},{"damage":38,"enemies":"Exordium Thugs","floor":13,"turns":4},{"damage":16,"enemies":"2 Fungi Beasts","floor":15,"turns":2},{"damage":40,"enemies":"downfall:CharBossWatcher","floor":16,"turns":6},{"damage":30,"enemies":"3 Byrds","floor":21,"turns":2},{"damage":28,"enemies":"Centurion and Healer","floor":23,"turns":4},{"damage":47,"enemies":"Replay:Snechameleon","floor":25,"turns":4},{"damage":18,"enemies":"conspire:SneckoGhost","floor":27,"turns":4},{"damage":27,"enemies":"conspire:HollyBat","floor":28,"turns":7},{"damage":17,"enemies":"Chosen and Byrds","floor":30,"turns":3},{"damage":28,"enemies":"Shelled Parasite and Fungi","floor":32,"turns":3},{"damage":48,"enemies":"downfall:CharBossSilent","floor":33,"turns":6},{"damage":17,"enemies":"Orb Walker","floor":36,"turns":3},{"damage":44,"enemies":"Giant Head","floor":39,"turns":6},{"damage":34,"enemies":"3 Darklings","floor":43,"turns":4},{"damage":31,"enemies":"Writhing Mass","floor":46,"turns":3},{"damage":37,"enemies":"Maw","floor":49,"turns":5},{"damage":72,"enemies":"downfall:CharBossIronclad","floor":50,"turns":6}],"seed_played":"4972555446972481034","potions_obtained":[{"floor":2,"key":"Swift Potion"},{"floor":3,"key":"Strength Potion"},{"floor":9,"key":"blueLaboratory:BottleOfVodka"},{"floor":16,"key":"blueLaboratory:HorrorPotion"},{"floor":39,"key":"Energy Potion"}],"is_trial":false,"path_per_floor":["R_BF","M","E","M","R","M","T","E","M","R","?","?","M","?","M","B",null,"R","?","AVR","M","R","M","T","E","R","E","M","?","M","?","M","B",null,"R","M","?","E","?","T","R","M","R","?","M","?","M","B",null],"character_chosen":"SLIMEBOUND","items_purchased":[],"campfire_rested":7,"item_purchase_floors":[],"current_hp_per_floor":[60,60,57,60,60,60,60,43,46,60,60,60,54,54,58,56,60,60,60,60,60,60,60,60,37,68,70,64,64,70,70,65,63,65,65,65,65,55,55,55,65,60,65,65,62,65,68,68],"gold":1153,"neow_bonus":"HUNDRED_GOLD","is_prod":false,"is_daily":false,"chose_seed":false,"campfire_upgraded":0,"win_rate":0.0,"timestamp":1607482825,"path_taken":["R_BF","M","E","M","R","M","T","E","M","R","?","?","?","?","M","BOSS","R","?","AVR","M","R","M","T","E","R","E","M","?","M","?","M","BOSS","R","M","?","E","?","T","R","M","R","?","?","?","M","BOSS"],"build_version":"2020-11-30","purchased_purges":0,"victory":true,"max_hp_per_floor":[60,60,60,60,60,60,60,60,60,60,60,60,60,60,60,60,60,60,60,60,60,60,60,60,60,70,70,70,70,70,70,70,70,65,65,65,65,65,65,65,65,65,65,65,65,68,68,68],"card_choices":[{"not_picked":["Slimebound:LeechEnergy","Slimebound:PressTheAttack"],"picked":"Slimebound:SplitLeeching","floor":2},{"not_picked":["Slimebound:TongueLash","Slimebound:DouseInSlime"],"picked":"Slimebound:LeechEnergy","floor":3},{"not_picked":["Slimebound:ViciousTackle","Slimebound:Schlurp"],"picked":"Slimebound:SplitMire","floor":4},{"not_picked":["Slimebound:Prepare","Slimebound:PressTheAttack"],"picked":"Slimebound:SplitMire","floor":6},{"not_picked":["Slimebound:ViciousTackle","Slimebound:PressTheAttack"],"picked":"Slimebound:SplitMire","floor":8},{"not_picked":["Slimebound:Replication","Slimebound:ItLooksTasty"],"picked":"Slimebound:Schlurp","floor":9},{"not_picked":["Slimebound:SamplingLick","Slimebound:PressTheAttack"],"picked":"Slimebound:SplitBruiser","floor":13},{"not_picked":["Slimebound:SlimeSpikes","Slimebound:ViciousTackle"],"picked":"Slimebound:Schlurp","floor":15},{"not_picked":["Slimebound:SlimeSlap","Slimebound:MassRepurpose"],"picked":"Slimebound:MinionMaster","floor":16},{"not_picked":["Slimebound:LivingWall","Slimebound:HungryTackle","Slimebound:HauntingLick"],"picked":"SKIP","floor":21},{"not_picked":["Slimebound:RollThrough","Slimebound:ViciousTackle"],"picked":"Slimebound:RainOfGoop","floor":23},{"not_picked":["Slimebound:Recollect","Slimebound:SplitBruiser+1"],"picked":"Slimebound:ProtectTheBoss","floor":25},{"not_picked":["Slimebound:Dissolve","Slimebound:HauntingLick"],"picked":"Slimebound:Replication","floor":27},{"not_picked":["Slimebound:LeechingTouch+1","Slimebound:SamplingLick"],"picked":"Slimebound:PrepareCrush","floor":28},{"not_picked":["Slimebound:Gluttony+1","Slimebound:DivideAndConquer"],"picked":"Slimebound:MegaLick","floor":30},{"not_picked":["Slimebound:Repurpose","Slimebound:RejuvenatingLick"],"picked":"Slimebound:Schlurp","floor":32},{"not_picked":["Slimebound:PrepareCrush","Slimebound:WasteNot"],"picked":"Slimebound:OozeBath","floor":33},{"not_picked":["Slimebound:ViciousTackle","Slimebound:SplitBruiser"],"picked":"Slimebound:Schlurp+1","floor":35},{"not_picked":["Slimebound:Schlurp+1","Slimebound:FinishingTackle+1"],"picked":"Slimebound:Replication+1","floor":36},{"not_picked":["Slimebound:CheckThePlaybook","Slimebound:GoopSpray"],"picked":"Slimebound:SplitLeeching+1","floor":39},{"not_picked":["Slimebound:BestDefense","Slimebound:RollThrough"],"picked":"Slimebound:LeechLife","floor":42},{"not_picked":["Slimebound:LivingWall","Slimebound:LeechingTouch"],"picked":"Slimebound:SlimeTap","floor":43},{"not_picked":["Slimebound:Grow","Slimebound:DivideAndConquer+1"],"picked":"Slimebound:SplitMire+1","floor":44},{"not_picked":["Slimebound:SamplingLick+1","Slimebound:FinishingTackle+1","Slimebound:ComboTackle+1"],"picked":"SKIP","floor":46},{"not_picked":["Slimebound:GoopSpray","Slimebound:ForwardTackle+1"],"picked":"Slimebound:SplitMire","floor":49}],"player_experience":79372,"relics_obtained":[{"floor":1,"key":"hubris:TenFootPole"},{"floor":3,"key":"hubris:CrystalStatue"},{"floor":7,"key":"MawBank"},{"floor":8,"key":"infinitespire:Beetle Shell"},{"floor":12,"key":"hubris:Teleporter"},{"floor":25,"key":"TungstenRod"},{"floor":27,"key":"Dream Catcher"},{"floor":37,"key":"infinitespire:Satchel"},{"floor":39,"key":"Bottled Lightning"},{"floor":40,"key":"ReplayTheSpireMod:Ring of Collecting"},{"floor":41,"key":"Ring of Hypnosis"},{"floor":41,"key":"Replay:Accelerometer"}],"event_choices":[{"damage_healed":0,"gold_gain":0,"player_choice":"Relic","damage_taken":0,"max_hp_gain":0,"max_hp_loss":0,"event_name":"Wheel of Change","floor":12,"gold_loss":0},{"damage_healed":0,"gold_gain":0,"cards_transformed":["Slimebound:Strike_Slimebound"],"player_choice":"Transformed","damage_taken":0,"max_hp_gain":0,"max_hp_loss":0,"event_name":"Transmorgrifier","floor":14,"gold_loss":0,"cards_obtained":["Slimebound:Schlurp"]},{"damage_healed":0,"gold_gain":0,"player_choice":"Ignored","damage_taken":0,"max_hp_gain":0,"max_hp_loss":0,"event_name":"Vampires","floor":19,"gold_loss":0},{"damage_healed":0,"gold_gain":0,"player_choice":"Ignored","damage_taken":0,"max_hp_gain":0,"max_hp_loss":0,"event_name":"NoteForYourself","floor":45,"gold_loss":0}],"is_beta":false,"boss_relics":[{"not_picked":["Slimebound:AbsorbEndCombatUpgraded","ReplayTheSpireMod:SealedPack"],"picked":"Cursed Key"},{"not_picked":["hubris:BlackHole","ChewingGum"],"picked":"energizedSpire:HugeHouse"}],"items_purged_floors":[],"is_endless":false,"potions_floor_spawned":[2,3,9,16,25,28,39,43],"ascension_level":0}}