{"host":"07ljfmttuzqopd7f","time":1607480752,"event":{"gold_per_floor":[111,127,127,145,145,145,170,170,193,212,223,258,258,275,275,275,275],"floor_reached":16,"playtime":738,"items_purged":[],"score":129,"play_id":"ffa68077-752d-45d7-9969-ce7cdb02dcef","local_time":"20201208212552","is_ascension_mode":true,"campfire_choices":[{"data":"hermit:Virtue","floor":6,"key":"SMITH"},{"floor":13,"key":"REST"},{"floor":15,"key":"REST"}],"neow_cost":"CURSE","seed_source_timestamp":8621140187499,"circlet_count":0,"master_deck":["hermit:Strike_Hermit","hermit:Strike_Hermit","hermit:Strike_Hermit","hermit:Strike_Hermit","hermit:Defend_Hermit","hermit:Defend_Hermit","hermit:Defend_Hermit","hermit:Defend_Hermit","hermit:Snapshot","hermit:Covet","Shame","hermit:FinalCanter","hermit:SprayPray+1","hermit:Feint","hermit:Virtue+1","hermit:LuckOfTheDraw","hermit:LowProfile","hermit:Spite"],"relics":["hermit:Momento","MealTicket","FaceOfCleric","Toy Ornithopter","Toxic Egg 2"],"potions_floor_usage":[7,10,16,16],"damage_taken":[{"damage":0,"enemies":"Small Slimes","floor":1,"turns":3},{"damage":11,"enemies":"Jaw Worm","floor":2,"turns":5},{"damage":0,"enemies":"2 Louse","floor":4,"turns":1},{"damage":19,"enemies":"3 Sentries","floor":7,"turns":10},{"damage":8,"enemies":"Lots of Slimes","floor":10,"turns":4},{"damage":4,"enemies":"2 Fungi Beasts","floor":11,"turns":3},{"damage":45,"enemies":"Lagavulin","floor":12,"turns":8},{"damage":16,"enemies":"Gremlin Gang","floor":14,"turns":5},{"damage":49,"enemies":"Hexaghost","floor":16,"turns":11}],"seed_played":"1628177556873153582","potions_obtained":[{"floor":2,"key":"PowerPotion"},{"floor":4,"key":"AttackPotion"},{"floor":7,"key":"Block Potion"},{"floor":14,"key":"Fire Potion"}],"is_trial":false,"path_per_floor":["M","M","?","M","?","R","E","?","T","M","M","E","R","M","R","B"],"character_chosen":"HERMIT","items_purchased":[],"campfire_rested":2,"item_purchase_floors":[],"current_hp_per_floor":[75,64,64,64,75,75,56,56,56,54,51,7,30,15,38,0,0],"gold":275,"neow_bonus":"THREE_RARE_CARDS","is_prod":false,"is_daily":false,"chose_seed":false,"campfire_upgraded":1,"win_rate":0,"timestamp":1607480752,"path_taken":["M","M","?","M","?","R","E","?","T","M","?","E","R","M","R","BOSS"],"build_version":"2020-11-30","purchased_purges":0,"victory":false,"max_hp_per_floor":[75,75,75,75,75,75,75,75,75,76,77,78,78,79,79,79,79],"relic_stats":{"FaceOfCleric":4,"counters":[9,50],"MealTicket":0,"obtain_stats":[{"FaceOfCleric":8,"MealTicket":7,"Toxic Egg 2":12,"hermit:Momento":0,"Toy Ornithopter":9},{"FaceOfCleric":4,"MealTicket":4,"Toxic Egg 2":7,"hermit:Momento":0,"Toy Ornithopter":4},{"FaceOfCleric":19,"MealTicket":19,"Toxic Egg 2":34,"hermit:Momento":0,"Toy Ornithopter":19}],"Toy Ornithopter":15},"card_choices":[{"not_picked":["hermit:FromBeyond","hermit:Roughhouse"],"picked":"hermit:FinalCanter","floor":0},{"not_picked":["hermit:Glare","hermit:TrackingShot"],"picked":"hermit:SprayPray","floor":1},{"not_picked":["hermit:Maintenance","hermit:Roulette"],"picked":"hermit:Feint","floor":2},{"not_picked":["hermit:BodyArmor","hermit:NoHoldsBarred"],"picked":"hermit:Virtue","floor":4},{"not_picked":["hermit:WideOpen","hermit:Horror"],"picked":"hermit:LuckOfTheDraw","floor":7},{"not_picked":["hermit:Ricochet","hermit:GoldenBullet"],"picked":"hermit:LowProfile","floor":10},{"not_picked":["hermit:Deadeye","hermit:ItchyTrigger"],"picked":"hermit:Spite","floor":11},{"not_picked":["hermit:TrackingShot","hermit:Maintenance+1","hermit:GoldenBullet"],"picked":"SKIP","floor":12},{"not_picked":["hermit:Dissolve+1","hermit:Snipe+1","hermit:Manifest+1"],"picked":"SKIP","floor":14}],"player_experience":359389,"relics_obtained":[{"floor":7,"key":"MealTicket"},{"floor":9,"key":"Toy Ornithopter"},{"floor":12,"key":"Toxic Egg 2"}],"event_choices":[{"damage_healed":0,"gold_gain":0,"player_choice":"Grow","damage_taken":0,"max_hp_gain":0,"max_hp_loss":0,"event_name":"Living Wall","floor":3,"gold_loss":0,"cards_upgraded":["hermit:SprayPray"]},{"damage_healed":25,"gold_gain":0,"player_choice":"Banana","damage_taken":0,"max_hp_gain":0,"max_hp_loss":0,"event_name":"Big Fish","floor":5,"gold_loss":0},{"damage_healed":0,"gold_gain":0,"player_choice":"Trade","damage_taken":0,"relics_obtained":["FaceOfCleric"],"max_hp_gain":0,"max_hp_loss":0,"event_name":"FaceTrader","floor":8,"gold_loss":0}],"is_beta":false,"boss_relics":[],"items_purged_floors":[],"is_endless":false,"potions_floor_spawned":[2,4,7,14],"killed_by":"Hexaghost","ascension_level":3}}