{"host":"mcyrh6d3yfivwzn7","time":1607521746,"event":{"gold_per_floor":[282,282,310,345,388,388,30,30,69,105,149,149,24,24,66,92,128,128,128],"floor_reached":18,"playtime":837,"items_purged":["Defend_G","Defend_G","Strike_G"],"score":380,"play_id":"a8602beb-b2ed-4af4-9cda-92e85c246781","local_time":"20201209214906","daily_mods":["challengethespire:Bronze Difficulty","challengethespire:Elite Rush","Uncertain Future"],"is_ascension_mode":false,"campfire_choices":[{"data":"Bane","floor":2,"key":"SMITH"},{"data":"Envenom","floor":8,"key":"SMITH"},{"data":"Catalyst","floor":14,"key":"SMITH"}],"neow_cost":"","seed_source_timestamp":0,"circlet_count":0,"master_deck":["Strike_G","Strike_G","Strike_G","Strike_G","Defend_G","Defend_G+1","Defend_G+1","Survivor","Neutralize","Bane+1","Dagger Throw","Deadly Poison","Backstab","Envenom+1","Poisoned Stab","Catalyst+1","Backstab","Bouncing Flask+1","Prepared+1"],"relics":["Ring of the Snake","Black Star","Sling","PreservedInsect","Sundial","War Paint","Lee\u0027s Waffle","Kunai","Ornamental Fan","Ninja Scroll","InkBottle","Bottled Lightning","CeramicFish","Runic Pyramid","Shuriken","Happy Flower","Bag of Marbles","Orichalcum","Bottled Flame","Mummified Hand","Regal Pillow","Sozu","Pear","Toxic Egg 2","Strawberry","Akabeko","Darkstone Periapt","Oddly Smooth Stone"],"potions_floor_usage":[],"damage_taken":[{"damage":10,"enemies":"Lagavulin","floor":3,"turns":4},{"damage":0,"enemies":"Gremlin Nob","floor":4,"turns":2},{"damage":0,"enemies":"3 Sentries","floor":5,"turns":3},{"damage":12,"enemies":"Book of Stabbing","floor":9,"turns":3},{"damage":12,"enemies":"Slavers","floor":10,"turns":2},{"damage":0,"enemies":"Gremlin Leader","floor":11,"turns":1},{"damage":0,"enemies":"Nemesis","floor":15,"turns":1},{"damage":0,"enemies":"Reptomancer","floor":16,"turns":1},{"damage":12,"enemies":"Giant Head","floor":17,"turns":4},{"damage":48,"enemies":"Shield and Spear","floor":18,"turns":3}],"seed_played":"3947391131335245897","potions_obtained":[{"floor":9,"key":"Explosive Potion"},{"floor":11,"key":"SpeedPotion"}],"is_trial":true,"path_per_floor":["$","R","E","E","E","T","$","R","E","E","E","T","$","R","E","E","E","E"],"character_chosen":"THE_SILENT","items_purchased":["Bane","Sundial","War Paint","Lee\u0027s Waffle","Dagger Throw","Shuriken"],"campfire_rested":0,"item_purchase_floors":[1,1,1,1,1,7],"current_hp_per_floor":[77,77,67,67,67,67,67,67,55,43,43,43,43,43,53,60,48,0,0],"gold":128,"neow_bonus":"","is_prod":false,"is_daily":false,"chose_seed":false,"campfire_upgraded":3,"win_rate":0,"timestamp":1607521746,"path_taken":["$","R","E","E","E","T","$","R","E","E","E","T","$","R","E","E","E","E"],"build_version":"2020-11-30","purchased_purges":3,"victory":false,"max_hp_per_floor":[77,77,77,77,77,77,77,77,77,77,77,77,77,77,87,94,94,94,94],"card_choices":[],"player_experience":63110,"relics_obtained":[{"floor":3,"key":"Kunai"},{"floor":3,"key":"Ornamental Fan"},{"floor":4,"key":"Ninja Scroll"},{"floor":4,"key":"InkBottle"},{"floor":5,"key":"Bottled Lightning"},{"floor":5,"key":"CeramicFish"},{"floor":9,"key":"Happy Flower"},{"floor":9,"key":"Bag of Marbles"},{"floor":10,"key":"Orichalcum"},{"floor":10,"key":"Bottled Flame"},{"floor":11,"key":"Mummified Hand"},{"floor":11,"key":"Regal Pillow"},{"floor":15,"key":"Pear"},{"floor":15,"key":"Toxic Egg 2"},{"floor":16,"key":"Strawberry"},{"floor":16,"key":"Akabeko"},{"floor":17,"key":"Darkstone Periapt"},{"floor":17,"key":"Oddly Smooth Stone"}],"event_choices":[],"is_beta":false,"boss_relics":[{"not_picked":["Cursed Key","Velvet Choker"],"picked":"Runic Pyramid"},{"not_picked":["Ectoplasm","Pandora\u0027s Box"],"picked":"Sozu"}],"items_purged_floors":[1,7,13],"is_endless":false,"potions_floor_spawned":[9,11,16],"killed_by":"Shield and Spear","ascension_level":0}}