{"host":"fq1bpa5mgr3rtgnr","time":1607503730,"event":{"gold_per_floor":[118,118,118,43,54,54,82,82,82,111,111,111,122,197,197,299,299,315,333,348,708,727,752,764,796,820,838,838,838,848,174,174,270,270,290,302,352,352,109,135,135,162,189,189,219,233,263,282,282,282,282,282,8,38,38],"floor_reached":56,"playtime":6133,"items_purged":["Strike_R","Strike_R+1"],"score":1779,"play_id":"2f451faf-9110-4211-889f-b973926a0bae","local_time":"20201209034850","is_ascension_mode":true,"campfire_choices":[{"data":"Flex","floor":6.0,"key":"SMITH"},{"data":"Shrug It Off","floor":8.0,"key":"SMITH"},{"data":"Metallicize","floor":15.0,"key":"SMITH"},{"data":"Entrench","floor":28.0,"key":"SMITH"},{"data":"Entrench","floor":32.0,"key":"SMITH"},{"data":"Burning Pact","floor":41.0,"key":"SMITH"},{"data":"Offering","floor":44.0,"key":"SMITH"},{"floor":49.0,"key":"RECALL"},{"floor":52.0,"key":"REST"}],"neow_cost":"CURSE","seed_source_timestamp":169202051084300,"circlet_count":0,"master_deck":["Strike_R+1","Strike_R+1","Defend_R+1","Defend_R+1","Defend_R+1","Defend_R+1","Bash","Shrug It Off+1","Flex+1","Offering+1","Metallicize+1","Disarm","Barricade","Wild Strike+1","Battle Trance","Jack Of All Trades","Headbutt+1","Entrench+1","Seeing Red+1","Pommel Strike+1","Entrench+1","Body Slam+1","Evolve+1","Seeing Red","Double Tap","Burning Pact+1","Dual Wield+1","Seeing Red+1","Berserk+1","Armaments+1","Shrug It Off+1","Master of Strategy","Purity","Body Slam+1"],"special_seed":0,"relics":["Burning Blood","Mango","Lantern","Bag of Preparation","Kunai","Vajra","Mark of Pain","Red Skull","Strawberry","Bronze Scales","PreservedInsect","Frozen Egg 2","Strange Spoon","Philosopher\u0027s Stone","Turnip","DollysMirror","Champion Belt","Unceasing Top","Boot","Omamori","Nunchaku"],"potions_floor_usage":[55],"damage_taken":[{"damage":4.0,"enemies":"Cultist","floor":1.0,"turns":4.0},{"damage":0.0,"enemies":"Jaw Worm","floor":5.0,"turns":3.0},{"damage":25.0,"enemies":"3 Sentries","floor":7.0,"turns":10.0},{"damage":16.0,"enemies":"Lagavulin","floor":10.0,"turns":6.0},{"damage":6.0,"enemies":"2 Louse","floor":13.0,"turns":2.0},{"damage":9.0,"enemies":"The Guardian","floor":16.0,"turns":16.0},{"damage":9.0,"enemies":"Chosen","floor":18.0,"turns":10.0},{"damage":6.0,"enemies":"3 Byrds","floor":19.0,"turns":9.0},{"damage":18.0,"enemies":"Snecko","floor":20.0,"turns":8.0},{"damage":14.0,"enemies":"Cultist and Chosen","floor":22.0,"turns":3.0},{"damage":16.0,"enemies":"Slavers","floor":23.0,"turns":5.0},{"damage":6.0,"enemies":"Centurion and Healer","floor":24.0,"turns":6.0},{"damage":6.0,"enemies":"Gremlin Leader","floor":25.0,"turns":1.0},{"damage":0.0,"enemies":"Snecko","floor":27.0,"turns":6.0},{"damage":0.0,"enemies":"Shelled Parasite and Fungi","floor":30.0,"turns":3.0},{"damage":6.0,"enemies":"Champ","floor":33.0,"turns":7.0},{"damage":0.0,"enemies":"Orb Walker","floor":35.0,"turns":2.0},{"damage":16.0,"enemies":"3 Darklings","floor":36.0,"turns":6.0},{"damage":9.0,"enemies":"Mind Bloom Boss Battle","floor":37.0,"turns":5.0},{"damage":15.0,"enemies":"Nemesis","floor":40.0,"turns":7.0},{"damage":6.0,"enemies":"Reptomancer","floor":42.0,"turns":5.0},{"damage":14.0,"enemies":"Giant Head","floor":45.0,"turns":5.0},{"damage":6.0,"enemies":"Spire Growth","floor":46.0,"turns":2.0},{"damage":0.0,"enemies":"Nemesis","floor":47.0,"turns":5.0},{"damage":6.0,"enemies":"Writhing Mass","floor":48.0,"turns":5.0},{"damage":55.0,"enemies":"Awakened One","floor":50.0,"turns":7.0},{"damage":70.0,"enemies":"Shield and Spear","floor":54.0,"turns":7.0},{"damage":40,"enemies":"The Heart","floor":55,"turns":7}],"seed_played":"-8227558774895854116","potions_obtained":[{"floor":1.0,"key":"Explosive Potion"},{"floor":16.0,"key":"SpeedPotion"},{"floor":19.0,"key":"Swift Potion"},{"floor":20.0,"key":"ColorlessPotion"},{"floor":23.0,"key":"AttackPotion"},{"floor":24.0,"key":"Block Potion"},{"floor":35.0,"key":"PowerPotion"},{"floor":37.0,"key":"PowerPotion"},{"floor":47.0,"key":"LiquidMemories"},{"floor":48.0,"key":"AttackPotion"}],"is_trial":false,"path_per_floor":["M","?","?","$","M","R","E","R","T","E","?","?","M","?","R","B",null,"M","M","M","?","M","E","M","E","T","M","R","?","M","$","R","B",null,"M","M","?","?","$","E","R","E","T","R","E","M","E","M","R","B",null,"R","$","E","B",null],"character_chosen":"IRONCLAD","items_purchased":["PreservedInsect","Frozen Egg 2","Strange Spoon","Evolve+1","Seeing Red","DollysMirror","Master of Strategy","Purity"],"campfire_rested":1,"item_purchase_floors":[31,31,31,31,31,39,53,53],"current_hp_per_floor":[88,70,63,63,69,69,50,50,50,40,45,45,45,34,34,31,82,79,79,67,25,17,7,7,14,14,20,20,20,26,26,26,26,86,92,82,79,79,79,70,70,70,70,70,62,62,68,68,68,19,84,106,106,42,8],"gold":38,"neow_bonus":"ONE_RARE_RELIC","is_prod":false,"is_daily":false,"chose_seed":false,"campfire_upgraded":7,"win_rate":0,"timestamp":1607503730,"path_taken":["M","?","?","$","M","R","E","R","T","E","?","?","?","?","R","BOSS","M","M","M","?","M","E","?","E","T","M","R","?","M","$","R","BOSS","M","M","?","?","$","E","R","E","T","R","E","M","E","M","R","BOSS","R","$","E","BOSS"],"build_version":"2020-11-30","purchased_purges":2,"victory":true,"max_hp_per_floor":[94,94,94,94,94,94,94,94,94,94,99,99,99,99,99,99,99,99,99,99,99,99,99,99,106,106,106,106,106,106,106,106,106,106,106,106,106,106,106,106,106,106,106,106,106,106,106,106,106,106,106,106,106,106,106],"relic_stats":{"counters":[28,162],"PreservedInsect":358,"Bag of Preparation":[50],"Boot":[52],"Burning Blood":168,"Strange Spoon":[44],"Nunchaku":[2],"Bronze Scales":[302],"Turnip":[2],"Kunai":[50],"Champion Belt":[10],"obtain_stats":[{"Lantern":2,"Vajra":10,"Mango":0,"PreservedInsect":31,"Bag of Preparation":7,"Omamori":47,"Frozen Egg 2":31,"Boot":45,"Burning Blood":0,"Strange Spoon":31,"Nunchaku":54,"DollysMirror":39,"Strawberry":25,"Bronze Scales":26,"Philosopher\u0027s Stone":34,"Mark of Pain":17,"Turnip":37,"Kunai":9,"Champion Belt":40,"Red Skull":23,"Unceasing Top":42},{"Lantern":1,"Vajra":4,"Mango":0,"PreservedInsect":15,"Bag of Preparation":3,"Omamori":24,"Frozen Egg 2":15,"Boot":22,"Burning Blood":0,"Strange Spoon":15,"Nunchaku":27,"DollysMirror":19,"Strawberry":13,"Bronze Scales":13,"Philosopher\u0027s Stone":16,"Mark of Pain":6,"Turnip":19,"Kunai":3,"Champion Belt":20,"Red Skull":11,"Unceasing Top":21},{"Lantern":4,"Vajra":23,"Mango":0,"PreservedInsect":92,"Bag of Preparation":17,"Omamori":136,"Frozen Egg 2":92,"Boot":129,"Burning Blood":0,"Strange Spoon":92,"Nunchaku":155,"DollysMirror":112,"Strawberry":83,"Bronze Scales":83,"Philosopher\u0027s Stone":99,"Mark of Pain":41,"Turnip":112,"Kunai":17,"Champion Belt":119,"Red Skull":76,"Unceasing Top":124}],"Unceasing Top":[16]},"card_choices":[{"not_picked":["Havoc","Warcry"],"picked":"Shrug It Off","floor":1.0},{"not_picked":["Thunderclap","Heavy Blade"],"picked":"Flex","floor":5.0},{"not_picked":["Sentinel","Second Wind"],"picked":"Offering","floor":7.0},{"not_picked":["Anger","Havoc"],"picked":"Metallicize","floor":10.0},{"not_picked":["Sever Soul","Body Slam"],"picked":"Disarm","floor":13.0},{"not_picked":["Corruption","Brutality"],"picked":"Barricade","floor":16.0},{"not_picked":["Armaments","Hemokinesis"],"picked":"Wild Strike+1","floor":18.0},{"not_picked":["Dual Wield","Feel No Pain"],"picked":"Battle Trance","floor":19.0},{"not_picked":["Headbutt","Perfected Strike","Wild Strike"],"picked":"SKIP","floor":20.0},{"not_picked":["Flex","Heavy Blade"],"picked":"Headbutt+1","floor":22.0},{"not_picked":["Shrug It Off","Twin Strike"],"picked":"Entrench","floor":23.0},{"not_picked":["Body Slam","Ghostly Armor"],"picked":"Seeing Red+1","floor":24.0},{"not_picked":["Berserk","Hemokinesis"],"picked":"Pommel Strike+1","floor":25.0},{"not_picked":["Armaments","Havoc"],"picked":"Entrench","floor":27.0},{"not_picked":["Sever Soul","Armaments+1"],"picked":"Body Slam+1","floor":30.0},{"not_picked":["Exhume","Fiend Fire"],"picked":"Double Tap","floor":33.0},{"not_picked":["Body Slam","Pommel Strike","Flex+1"],"picked":"SKIP","floor":35.0},{"not_picked":["Havoc","Flex+1"],"picked":"Burning Pact","floor":36.0},{"not_picked":["Hemokinesis","Pummel+1"],"picked":"Dual Wield+1","floor":37.0},{"not_picked":["Whirlwind","Warcry"],"picked":"Berserk+1","floor":40.0},{"not_picked":["Flex","Evolve+1","Wild Strike+1"],"picked":"SKIP","floor":42.0},{"not_picked":["Flex","Searing Blow+1"],"picked":"Armaments+1","floor":45.0},{"not_picked":["Entrench","Headbutt","Clothesline+1"],"picked":"SKIP","floor":46.0},{"not_picked":["True Grit","Perfected Strike+1","Searing Blow+1"],"picked":"SKIP","floor":47.0},{"not_picked":["True Grit","Perfected Strike"],"picked":"Shrug It Off+1","floor":48.0},{"not_picked":["Bludgeon","Cleave+1"],"picked":"Body Slam+1","floor":54.0}],"player_experience":301509,"relics_obtained":[{"floor":7.0,"key":"Bag of Preparation"},{"floor":9.0,"key":"Kunai"},{"floor":10.0,"key":"Vajra"},{"floor":23.0,"key":"Red Skull"},{"floor":25.0,"key":"Strawberry"},{"floor":26.0,"key":"Bronze Scales"},{"floor":37.0,"key":"Turnip"},{"floor":40.0,"key":"Champion Belt"},{"floor":42.0,"key":"Unceasing Top"},{"floor":45.0,"key":"Boot"},{"floor":47.0,"key":"Omamori"},{"floor":54.0,"key":"Nunchaku"}],"event_choices":[{"damage_healed":0.0,"max_hp_gain":0.0,"max_hp_loss":0.0,"gold_gain":0.0,"event_name":"Scrap Ooze","player_choice":"Success","floor":2.0,"gold_loss":0.0,"damage_taken":18.0,"relics_obtained":["Lantern"]},{"cards_removed":["Regret"],"damage_healed":0.0,"max_hp_gain":0.0,"max_hp_loss":0.0,"gold_gain":0.0,"event_name":"Golden Wing","player_choice":"Card Removal","floor":3.0,"gold_loss":0.0,"damage_taken":7.0},{"damage_healed":0.0,"max_hp_gain":5.0,"max_hp_loss":0.0,"gold_gain":0.0,"event_name":"Big Fish","player_choice":"Donut","floor":11.0,"gold_loss":0.0,"damage_taken":0.0},{"cards_removed":["Strike_R"],"damage_healed":0.0,"max_hp_gain":0.0,"max_hp_loss":0.0,"gold_gain":0.0,"event_name":"Bonfire Elementals","player_choice":"Offered Basic","floor":12.0,"gold_loss":0.0,"damage_taken":0.0},{"damage_healed":0.0,"max_hp_gain":0.0,"max_hp_loss":0.0,"gold_gain":75.0,"event_name":"World of Goop","player_choice":"Gather Gold","floor":14.0,"gold_loss":0.0,"damage_taken":11.0},{"damage_healed":0.0,"max_hp_gain":0.0,"max_hp_loss":0.0,"gold_gain":360.0,"event_name":"Knowing Skull","player_choice":"GOLD CARD GOLD GOLD GOLD ","floor":21.0,"potions_obtained":[],"gold_loss":0.0,"damage_taken":42.0,"cards_obtained":["Jack Of All Trades"]},{"damage_healed":0.0,"max_hp_gain":0.0,"max_hp_loss":0.0,"gold_gain":0.0,"event_name":"Back to Basics","player_choice":"Simplicity","floor":29.0,"gold_loss":0.0,"damage_taken":0.0,"cards_upgraded":["Strike_R","Strike_R","Strike_R","Defend_R","Defend_R","Defend_R","Defend_R"]},{"damage_healed":0.0,"max_hp_gain":0.0,"max_hp_loss":0.0,"gold_gain":0.0,"event_name":"MindBloom","player_choice":"Fight","floor":37.0,"gold_loss":0.0,"damage_taken":0.0},{"damage_healed":0.0,"max_hp_gain":0.0,"max_hp_loss":0.0,"gold_gain":0.0,"event_name":"Match and Keep!","player_choice":"0 cards matched","floor":38.0,"gold_loss":0.0,"damage_taken":0.0,"cards_obtained":[]}],"is_beta":false,"boss_relics":[{"not_picked":["Cursed Key","Calling Bell"],"picked":"Mark of Pain"},{"not_picked":["Busted Crown","Snecko Eye"],"picked":"Philosopher\u0027s Stone"}],"items_purged_floors":[4,39],"is_endless":false,"potions_floor_spawned":[1,16,19,20,23,24,35,37,47,48],"ascension_level":6}}