{"host":"5ezk7t18wcb10u1o","time":1607512876,"event":{"gold_per_floor":[111,111,129,129,148,179,179,219,219,235,270,286,286,286,286,381,381,400,400,125,144,144,179,199,199,199,210,260,274,294,308,308,385,385,403,403,452,463,156,156,185,185,185,185,185,218,233,246,246,246],"floor_reached":51,"playtime":3272,"items_purged":["Injury"],"score":1175,"play_id":"f33c700d-ddc0-49c1-83c0-5d738a79b1b3","local_time":"20201209112116","is_ascension_mode":true,"campfire_choices":[{"floor":7.0,"key":"REST"},{"floor":13.0,"key":"REST"},{"data":"Sunder","floor":15.0,"key":"SMITH"},{"floor":25.0,"key":"REST"},{"floor":32.0,"key":"REST"},{"floor":40.0,"key":"REST"},{"data":"BootSequence","floor":42.0,"key":"SMITH"},{"floor":44.0,"key":"REST"},{"floor":49.0,"key":"REST"}],"neow_cost":"TEN_PERCENT_HP_LOSS","seed_source_timestamp":0,"circlet_count":0,"master_deck":["AscendersBane","Strike_B","Defend_B","Zap","Dualcast","Sweeping Beam","Cold Snap","BootSequence","Sunder+1","Double Energy","Machine Learning","BootSequence+1","Buffer","Doom and Gloom","Apotheosis","Conserve Battery+1","BootSequence+1","Rip and Tear+1","Static Discharge+1","Go for the Eyes","Loop","Auto Shields+1","Electrodynamics","Hologram+1","Static Discharge+1","Rainbow+1","Coolheaded","Madness","Hologram+1","Streamline","Sunder+1","Leap"],"special_seed":0,"relics":["Cracked Core","Bloody Idol","PreservedInsect","Ice Cream","The Courier","Bag of Marbles","Cursed Key","Pen Nib","Ornamental Fan","Sundial","Astrolabe","Torii","Potion Belt","Vajra","Lizard Tail","Smiling Mask"],"potions_floor_usage":[50,50,50],"damage_taken":[{"damage":4.0,"enemies":"Jaw Worm","floor":1.0,"turns":4.0},{"damage":12.0,"enemies":"Small Slimes","floor":3.0,"turns":2.0},{"damage":1.0,"enemies":"Cultist","floor":5.0,"turns":3.0},{"damage":30.0,"enemies":"Lagavulin","floor":6.0,"turns":7.0},{"damage":8.0,"enemies":"Gremlin Nob","floor":8.0,"turns":3.0},{"damage":1.0,"enemies":"Large Slime","floor":10.0,"turns":6.0},{"damage":14.0,"enemies":"Lagavulin","floor":11.0,"turns":4.0},{"damage":0.0,"enemies":"2 Fungi Beasts","floor":12.0,"turns":2.0},{"damage":29.0,"enemies":"The Guardian","floor":16.0,"turns":11.0},{"damage":21.0,"enemies":"Shell Parasite","floor":18.0,"turns":5.0},{"damage":3.0,"enemies":"Spheric Guardian","floor":21.0,"turns":3.0},{"damage":22.0,"enemies":"Gremlin Leader","floor":23.0,"turns":4.0},{"damage":16.0,"enemies":"Cultist and Chosen","floor":24.0,"turns":7.0},{"damage":14.0,"enemies":"Shelled Parasite and Fungi","floor":27.0,"turns":4.0},{"damage":0.0,"enemies":"Chosen and Byrds","floor":29.0,"turns":5.0},{"damage":8.0,"enemies":"Snake Plant","floor":30.0,"turns":3.0},{"damage":36.0,"enemies":"Shelled Parasite and Fungi","floor":31.0,"turns":4.0},{"damage":22.0,"enemies":"Collector","floor":33.0,"turns":8.0},{"damage":8.0,"enemies":"3 Darklings","floor":35.0,"turns":4.0},{"damage":19.0,"enemies":"2 Orb Walkers","floor":37.0,"turns":4.0},{"damage":0.0,"enemies":"Orb Walker","floor":38.0,"turns":4.0},{"damage":18.0,"enemies":"Nemesis","floor":41.0,"turns":5.0},{"damage":29.0,"enemies":"Reptomancer","floor":46.0,"turns":4.0},{"damage":2.0,"enemies":"Jaw Worm Horde","floor":47.0,"turns":4.0},{"damage":30.0,"enemies":"Maw","floor":48.0,"turns":6.0},{"damage":60,"enemies":"Awakened One","floor":50,"turns":14}],"seed_played":"-2030794903280142493","potions_obtained":[{"floor":5.0,"key":"Block Potion"},{"floor":8.0,"key":"Weak Potion"},{"floor":10.0,"key":"FairyPotion"},{"floor":12.0,"key":"EssenceOfSteel"},{"floor":21.0,"key":"FairyPotion"},{"floor":31.0,"key":"DistilledChaos"},{"floor":33.0,"key":"ColorlessPotion"},{"floor":35.0,"key":"EssenceOfSteel"},{"floor":46.0,"key":"PowerPotion"},{"floor":47.0,"key":"BlessingOfTheForge"},{"floor":48.0,"key":"Fire Potion"}],"is_trial":false,"path_per_floor":["M","?","M","?","M","E","R","E","T","M","E","M","R","?","R","B",null,"M","?","$","M","?","E","M","R","T","M","?","M","M","M","R","B",null,"M","?","?","M","$","R","E","R","T","R","?","E","M","M","R","B",null],"character_chosen":"DEFECT","items_purchased":["Pen Nib","Apotheosis","Streamline","Potion Belt","FocusPotion","SkillPotion"],"campfire_rested":7,"item_purchase_floors":[20,20,39,39,39,39],"current_hp_per_floor":[64,47,35,68,67,37,57,49,49,48,34,34,54,47,47,18,56,35,35,35,37,37,20,9,29,29,20,25,30,27,25,45,28,58,55,55,41,46,46,66,53,53,53,68,68,44,47,22,42,3],"gold":246,"neow_bonus":"REMOVE_TWO","is_prod":false,"is_daily":false,"chose_seed":false,"campfire_upgraded":2,"win_rate":0,"timestamp":1607512876,"path_taken":["M","?","M","?","?","E","R","E","T","M","E","M","R","?","R","BOSS","M","?","$","M","?","E","M","R","T","M","?","M","?","M","R","BOSS","M","?","?","M","$","R","E","R","T","R","?","E","M","M","R","BOSS"],"build_version":"2020-11-30","purchased_purges":1,"victory":true,"max_hp_per_floor":[68,68,68,68,68,68,68,68,68,68,68,68,68,68,68,68,68,68,68,68,68,68,68,68,68,68,68,68,68,68,68,68,68,68,68,68,68,68,68,68,68,68,68,68,68,68,68,68,68,68],"card_choices":[{"not_picked":["Stack","Skim"],"picked":"Doom and Gloom","floor":1.0},{"not_picked":["Blizzard","BootSequence"],"picked":"Sweeping Beam","floor":3.0},{"not_picked":["Redo","Glacier"],"picked":"Cold Snap","floor":5.0},{"not_picked":["Turbo","Heatsinks"],"picked":"BootSequence","floor":6.0},{"not_picked":["Rip and Tear","Turbo"],"picked":"Sunder","floor":8.0},{"not_picked":["Stack","Glacier"],"picked":"Double Energy","floor":10.0},{"not_picked":["Tempest","Turbo"],"picked":"Machine Learning","floor":11.0},{"not_picked":["Redo","Gash"],"picked":"BootSequence","floor":12.0},{"not_picked":["Seek","Biased Cognition"],"picked":"Buffer","floor":16.0},{"not_picked":["FTL","Rebound"],"picked":"Doom and Gloom","floor":18.0},{"not_picked":["Redo","Barrage"],"picked":"Conserve Battery+1","floor":21.0},{"not_picked":["Reprogram","Steam"],"picked":"BootSequence+1","floor":23.0},{"not_picked":["Cold Snap","Steam"],"picked":"Rip and Tear+1","floor":24.0},{"not_picked":["Cold Snap","Sweeping Beam"],"picked":"Static Discharge+1","floor":27.0},{"not_picked":["Turbo","Ball Lightning"],"picked":"Go for the Eyes","floor":29.0},{"not_picked":["White Noise","Rebound"],"picked":"Loop","floor":30.0},{"not_picked":["Coolheaded","Steam"],"picked":"Auto Shields+1","floor":31.0},{"not_picked":["Reboot","Amplify"],"picked":"Electrodynamics","floor":33.0},{"not_picked":["Chill","Chaos+1"],"picked":"Coolheaded","floor":35.0},{"not_picked":["Discovery","Mayhem"],"picked":"Madness","floor":36.0},{"not_picked":["Tempest+1","Ball Lightning+1"],"picked":"Hologram+1","floor":37.0},{"not_picked":["Blizzard","Steam","Hologram"],"picked":"SKIP","floor":38.0},{"not_picked":["White Noise","Genetic Algorithm"],"picked":"Sunder+1","floor":41.0},{"not_picked":["Hologram","Rebound","Auto Shields"],"picked":"SKIP","floor":46.0},{"not_picked":["Conserve Battery","Barrage+1"],"picked":"Leap","floor":47.0},{"not_picked":["Recycle","Beam Cell","Cold Snap"],"picked":"SKIP","floor":48.0}],"player_experience":1002854,"relics_obtained":[{"floor":6.0,"key":"PreservedInsect"},{"floor":8.0,"key":"Ice Cream"},{"floor":9.0,"key":"The Courier"},{"floor":11.0,"key":"Bag of Marbles"},{"floor":23.0,"key":"Ornamental Fan"},{"floor":26.0,"key":"Sundial"},{"floor":37.0,"key":"Torii"},{"floor":41.0,"key":"Vajra"},{"floor":43.0,"key":"Lizard Tail"},{"floor":46.0,"key":"Smiling Mask"}],"event_choices":[{"damage_healed":0.0,"max_hp_gain":0.0,"max_hp_loss":0.0,"gold_gain":0.0,"event_name":"Golden Idol","player_choice":"Take Damage","floor":2.0,"gold_loss":0.0,"damage_taken":17.0,"relics_obtained":["Golden Idol"]},{"cards_removed":["Doom and Gloom"],"damage_healed":33.0,"max_hp_gain":0.0,"max_hp_loss":0.0,"gold_gain":0.0,"event_name":"Bonfire Elementals","player_choice":"Offered Uncommon","floor":4.0,"gold_loss":0.0,"damage_taken":0.0},{"cards_removed":["Defend_B"],"damage_healed":0.0,"max_hp_gain":0.0,"max_hp_loss":0.0,"gold_gain":0.0,"event_name":"Golden Wing","player_choice":"Card Removal","floor":14.0,"gold_loss":0.0,"damage_taken":7.0},{"damage_healed":0.0,"max_hp_gain":0.0,"max_hp_loss":0.0,"gold_gain":0.0,"event_name":"Forgotten Altar","player_choice":"Gave Idol","floor":19.0,"relics_lost":["Golden Idol"],"gold_loss":0.0,"damage_taken":0.0,"relics_obtained":["Bloody Idol"]},{"damage_healed":0.0,"max_hp_gain":0.0,"max_hp_loss":0.0,"gold_gain":0.0,"event_name":"Cursed Tome","player_choice":"Ignored","floor":22.0,"gold_loss":0.0,"damage_taken":0.0},{"damage_healed":0.0,"max_hp_gain":0.0,"max_hp_loss":0.0,"gold_gain":100.0,"event_name":"The Joust","player_choice":"Bet on Murderer","floor":28.0,"gold_loss":50.0,"damage_taken":0.0},{"damage_healed":0.0,"max_hp_gain":0.0,"max_hp_loss":0.0,"gold_gain":0.0,"event_name":"SensoryStone","player_choice":"Memory 1","floor":36.0,"gold_loss":0.0,"damage_taken":0.0},{"damage_healed":0.0,"max_hp_gain":0.0,"max_hp_loss":0.0,"gold_gain":0.0,"event_name":"Mysterious Sphere","player_choice":"Fight","floor":37.0,"gold_loss":0.0,"damage_taken":0.0},{"cards_removed":["Pain"],"damage_healed":0.0,"max_hp_gain":0.0,"max_hp_loss":0.0,"gold_gain":0.0,"event_name":"Fountain of Cleansing","player_choice":"Removed Curses","floor":45.0,"gold_loss":0.0,"damage_taken":0.0}],"is_beta":false,"boss_relics":[{"not_picked":["Calling Bell","Empty Cage"],"picked":"Cursed Key"},{"not_picked":["Inserter","Coffee Dripper"],"picked":"Astrolabe"}],"items_purged_floors":[39],"is_endless":false,"potions_floor_spawned":[5,8,10,12,21,23,24,31,33,35,46,47,48],"ascension_level":13}}