{"host":"e1zuqie93klo2ncl","time":1607547977,"event":{"gold_per_floor":[114,132,132,150,169,169,197,213,237,237,237,237],"floor_reached":11,"playtime":1021,"items_purged":[],"score":150,"play_id":"ca51d536-4962-4e4b-9e0c-fcebadf45a82","local_time":"20201209210617","is_ascension_mode":true,"campfire_choices":[{"data":"Bullet Time","floor":6,"key":"SMITH"},{"floor":10,"key":"REST"}],"neow_cost":"NONE","seed_source_timestamp":11884667732800,"circlet_count":0,"master_deck":["AscendersBane","Strike_G","Strike_G","Strike_G","Strike_G","Defend_G","Defend_G","Defend_G","Defend_G","Survivor","Neutralize","Bullet Time+1","Acrobatics","All Out Attack","Leg Sweep","Backflip","Dagger Throw","Underhanded Strike"],"relics":["Ring of the Snake","Orichalcum","Potion Belt"],"potions_floor_usage":[7,7],"damage_taken":[{"damage":0,"enemies":"Small Slimes","floor":1,"turns":8},{"damage":11,"enemies":"Cultist","floor":2,"turns":6},{"damage":0,"enemies":"2 Louse","floor":4,"turns":3},{"damage":0,"enemies":"Exordium Wildlife","floor":5,"turns":5},{"damage":35,"enemies":"Lagavulin","floor":7,"turns":10},{"damage":6,"enemies":"Red Slaver","floor":8,"turns":4},{"damage":27,"enemies":"Gremlin Nob","floor":11,"turns":4}],"seed_played":"-6655915961368674925","potions_obtained":[{"floor":1,"key":"Swift Potion"},{"floor":4,"key":"AttackPotion"}],"is_trial":false,"path_per_floor":["M","M","?","M","M","R","E","M","T","R","E"],"character_chosen":"THE_SILENT","items_purchased":[],"campfire_rested":1,"item_purchase_floors":[],"current_hp_per_floor":[59,48,48,48,48,48,13,7,7,26,0,0],"gold":237,"neow_bonus":"TRANSFORM_CARD","is_prod":false,"is_daily":false,"chose_seed":false,"campfire_upgraded":1,"win_rate":0,"timestamp":1607547977,"path_taken":["M","M","?","?","M","R","E","M","T","R","E"],"build_version":"2020-11-30","purchased_purges":0,"victory":false,"max_hp_per_floor":[66,66,66,66,66,66,66,66,66,66,66,66],"relic_stats":{"counters":[7,40],"Orichalcum":[18],"obtain_stats":[{"Potion Belt":9,"Orichalcum":7,"Ring of the Snake":0},{"Potion Belt":6,"Orichalcum":5,"Ring of the Snake":0},{"Potion Belt":36,"Orichalcum":32,"Ring of the Snake":0}],"Ring of the Snake":[14]},"card_choices":[{"not_picked":["Setup","Endless Agony"],"picked":"Acrobatics","floor":1},{"not_picked":["Poisoned Stab","Blade Dance"],"picked":"All Out Attack","floor":2},{"not_picked":["Deflect","PiercingWail"],"picked":"Leg Sweep","floor":4},{"not_picked":["Acrobatics","Setup"],"picked":"Backflip","floor":5},{"not_picked":["Deflect","Terror"],"picked":"Dagger Throw","floor":7},{"not_picked":["Leg Sweep","Flechettes"],"picked":"Underhanded Strike","floor":8}],"player_experience":777087,"relics_obtained":[{"floor":7,"key":"Orichalcum"},{"floor":9,"key":"Potion Belt"}],"event_choices":[{"cards_removed":["Defend_G"],"damage_healed":0,"gold_gain":0,"player_choice":"Purged","damage_taken":0,"max_hp_gain":0,"max_hp_loss":0,"event_name":"Purifier","floor":3,"gold_loss":0}],"is_beta":false,"boss_relics":[],"items_purged_floors":[],"is_endless":false,"potions_floor_spawned":[1,4,5],"killed_by":"Gremlin Nob","ascension_level":20}}