{"host":"wpg8td78s8974atr","time":1607519579,"event":{"gold_per_floor":[14,14,25,300,316,316,349,349,374,392,392,96,106,106,106,206,206,220,220,230,230,0,0,13,13,13,30,30,65,77,97,97,201,201,221,181,197,244,244,271,271,193,193,0,10,10,10,10,10,114,114,121,121,121,121,132,150,150,150,174,180,192,199,209,215,215,309,309,309],"floor_reached":68,"playtime":6836,"items_purged":[],"score":979,"play_id":"be2e5df8-13a0-4674-add9-1860c0a8a30f","local_time":"20201209141259","is_ascension_mode":false,"campfire_choices":[{"data":"hermit:Snapshot","floor":6,"key":"SMITH"},{"floor":8,"key":"REST"},{"data":"hermit:Snipe","floor":11,"key":"SMITH"},{"data":"hermit:Covet","floor":15,"key":"SMITH"},{"floor":23,"key":"REST"},{"floor":32,"key":"REST"},{"floor":41,"key":"REST"},{"floor":47,"key":"REST"},{"data":"Apotheosis","floor":49,"key":"SMITH"},{"floor":58,"key":"REST"},{"data":"hermit:EternalForm","floor":66,"key":"SMITH"}],"neow_cost":"","seed_source_timestamp":23778638913947,"circlet_count":0,"master_deck":["hermit:Strike_Hermit","hermit:Strike_Hermit","hermit:Strike_Hermit+1","hermit:Strike_Hermit","hermit:Defend_Hermit","hermit:Defend_Hermit","hermit:Defend_Hermit","hermit:Defend_Hermit","hermit:Snapshot+1","hermit:Covet+1","hermit:GoldenBullet","hermit:Snipe+1","hermit:Deadeye","Pain","hermit:GhostlyPresence","Regret","hermit:GhostlyPresence","hermit:Determination","hermit:LowProfile","Clumsy","hermit:CursedWeapon","hermit:Maintenance","RitualDagger","hermit:ShadowCloak","infinitespire:Collect","hermit:TrackingShot","hermit:WideOpen+1","hermit:Grudge+1","hermit:DeadMansHand","hermit:Enervate+1","hermit:FlashPowder+1","hermit:Determination+1","hermit:Dissolve","hermit:Grudge","hermit:Glare","hermit:EternalForm+1","hermit:HighCaliber+1","hermit:Headshot+1","Parasite","hermit:Dive","Apotheosis+1","hermit:HeroicBravado","hermit:Glare","Injury","Shame","infinitespire:Fortify","Decay","blademaster:WrongfulFootwork","hermit:EyeOfTheStorm","hermit:ShadowCloak","hermit:GoldenBullet","hermit:Scavenge","infinitespire:TheBestDefense","hermit:EternalForm"],"special_seed":0,"relics":["hermit:Momento","Toolbox","ClockworkSouvenir","Strawberry","WarpedTongs","Lantern","Happy Flower","Lee\u0027s Waffle","Potion Belt","Turnip","Pen Nib","hermit:DentedPlate","Orrery","Anchor","Chemical X","Nunchaku","Blood Vial","Strange Spoon","Tiny Chest","infinitespire:Beetle Shell","Black Star","Regal Pillow","infinitespire:Bottled Soul","Thread and Needle","Whetstone","Bottled Flame","Red Mask","TungstenRod","Cursed Key","infinitespire:CheckeredPen","MealTicket","hermit:RedScarf","Shuriken","PreservedInsect","Fusion Hammer"],"potions_floor_usage":[18,18,27,28,30,31,31,33,39,45],"damage_taken":[{"damage":0,"enemies":"Jaw Worm","floor":1,"turns":5},{"damage":0,"enemies":"Cultist","floor":3,"turns":3},{"damage":7,"enemies":"2 Louse","floor":5,"turns":2},{"damage":20,"enemies":"Gremlin Nob","floor":7,"turns":6},{"damage":0,"enemies":"Lots of Slimes","floor":10,"turns":4},{"damage":6,"enemies":"Blue Slaver","floor":13,"turns":4},{"damage":2,"enemies":"Slime Boss","floor":16,"turns":9},{"damage":17,"enemies":"3 Byrds","floor":18,"turns":7},{"damage":7,"enemies":"Spheric Guardian","floor":20,"turns":7},{"damage":0,"enemies":"Snecko","floor":24,"turns":4},{"damage":8,"enemies":"Cultist and Chosen","floor":27,"turns":6},{"damage":17,"enemies":"Nightmare","floor":29,"turns":6},{"damage":3,"enemies":"Centurion and Healer","floor":30,"turns":6},{"damage":6,"enemies":"Snecko","floor":31,"turns":7},{"damage":46,"enemies":"Champ","floor":33,"turns":11},{"damage":0,"enemies":"Orb Walker","floor":35,"turns":4},{"damage":8,"enemies":"3 Shapes","floor":37,"turns":4},{"damage":0,"enemies":"Jaw Worm Horde","floor":39,"turns":1},{"damage":81,"enemies":"Reptomancer","floor":40,"turns":7},{"damage":17,"enemies":"Writhing Mass","floor":45,"turns":7},{"damage":0,"enemies":"Donu and Deca","floor":50,"turns":1},{"damage":1,"enemies":"Jaw Worm","floor":52,"turns":2},{"damage":0,"enemies":"2 Louse","floor":56,"turns":2},{"damage":14,"enemies":"3 Sentries","floor":57,"turns":4},{"damage":1,"enemies":"Cultist","floor":61,"turns":3},{"damage":0,"enemies":"Lots of Slimes","floor":62,"turns":1},{"damage":0,"enemies":"Looter","floor":63,"turns":1},{"damage":0,"enemies":"Blue Slaver","floor":64,"turns":2},{"damage":0,"enemies":"2 Fungi Beasts","floor":65,"turns":1},{"damage":0,"enemies":"Slime Boss","floor":67,"turns":1}],"seed_played":"4551783130127945173","potions_obtained":[{"floor":3,"key":"Ancient Potion"},{"floor":5,"key":"SpeedPotion"},{"floor":13,"key":"FairyPotion"},{"floor":16,"key":"Swift Potion"},{"floor":24,"key":"ThievingMod:ThievingPotion"},{"floor":27,"key":"hermit:Tonic"},{"floor":29,"key":"PowerPotion"},{"floor":31,"key":"ColorlessPotion"},{"floor":36,"key":"SmokeBomb"},{"floor":36,"key":"FairyPotion"},{"floor":36,"key":"Strength Potion"},{"floor":40,"key":"hermit:BlackBile"},{"floor":45,"key":"DuplicationPotion"},{"floor":56,"key":"Energy Potion"},{"floor":67,"key":"PowerPotion"}],"is_trial":false,"path_per_floor":["M","?","M","?","M","R","E","R","T","M","R","$","M","?","R","B",null,"M","?","M","AVR","?","R","M","?","T","M","$","NM","M","M","R","B",null,"M","?","M","T","M","E","R","$","T","?","M","AVR","R","?","R","B",null,"M","$","?","AVR","M","E","R","T","T","M","M","M","M","M","R","B",null],"character_chosen":"HERMIT","items_purchased":["hermit:GoldenBullet","Toolbox","ClockworkSouvenir","Strawberry","hermit:Snipe","Lee\u0027s Waffle","Potion Belt","Turnip","Whetstone"],"campfire_rested":6,"item_purchase_floors":[0,0,0,0,0,12,12,12,42],"current_hp_per_floor":[82,82,82,82,75,75,55,79,79,79,79,89,83,83,83,81,113,96,90,83,83,83,119,119,131,131,123,123,108,107,103,131,85,85,87,87,81,81,83,4,58,58,58,58,43,43,97,97,97,99,99,100,100,100,100,102,90,131,131,131,130,131,131,131,131,131,131,131,131],"gold":309,"neow_bonus":"","is_prod":false,"is_daily":false,"chose_seed":false,"campfire_upgraded":5,"win_rate":0,"timestamp":1607519579,"path_taken":["M","?","?","?","M","R","E","R","T","M","R","$","?","?","R","BOSS","M","?","M","AVR","?","R","M","?","T","M","$","NM","M","?","R","BOSS","M","?","?","?","M","E","R","$","T","?","M","AVR","R","?","R","BOSS","M","$","?","AVR","M","E","R","?","T","M","?","M","M","M","R","BOSS"],"build_version":"2020-11-30","purchased_purges":0,"victory":false,"max_hp_per_floor":[82,82,82,82,82,82,82,82,82,82,82,89,89,89,89,89,121,121,121,121,121,121,121,121,131,131,131,131,131,131,131,131,131,131,131,131,131,131,131,131,131,131,131,131,131,131,131,131,131,131,131,131,131,131,131,131,131,131,131,131,131,131,131,131,131,131,131,131,131],"card_choices":[{"not_picked":["hermit:Manifest","hermit:Vantage"],"picked":"hermit:Deadeye","floor":1},{"not_picked":["hermit:CalledShot","hermit:Desperado"],"picked":"hermit:GhostlyPresence","floor":3},{"not_picked":["hermit:HoleUp","hermit:HighCaliber"],"picked":"hermit:GhostlyPresence","floor":5},{"not_picked":["hermit:FullyLoaded","hermit:CalledShot"],"picked":"hermit:Determination","floor":7},{"not_picked":["hermit:LuckOfTheDraw","hermit:Desperado"],"picked":"hermit:LowProfile","floor":10},{"not_picked":["hermit:LuckOfTheDraw","hermit:WideOpen"],"picked":"hermit:CursedWeapon","floor":13},{"not_picked":["hermit:Adapt","hermit:Dissolve"],"picked":"hermit:FinalCanter","floor":16},{"not_picked":["hermit:WideOpen","hermit:BodyArmor"],"picked":"hermit:Maintenance","floor":18},{"not_picked":["hermit:GhostlyPresence","hermit:BodyArmor"],"picked":"hermit:ShadowCloak","floor":20},{"not_picked":["hermit:Feint","hermit:HoleUp"],"picked":"hermit:TrackingShot","floor":21},{"not_picked":["hermit:Manifest","hermit:EternalForm"],"picked":"hermit:WideOpen","floor":21},{"not_picked":["hermit:Misfire+1","hermit:Vantage+1"],"picked":"hermit:Grudge+1","floor":21},{"not_picked":["hermit:Malice","hermit:HoleUp"],"picked":"hermit:DeadMansHand","floor":21},{"not_picked":["hermit:ItchyTrigger","hermit:SprayPray"],"picked":"hermit:Enervate+1","floor":21},{"not_picked":["hermit:Shortfuse","hermit:PistolWhip"],"picked":"hermit:FlashPowder+1","floor":24},{"not_picked":["hermit:Brawl","hermit:BodyArmor+1"],"picked":"hermit:Determination+1","floor":27},{"not_picked":["hermit:Desperado","hermit:Quickdraw"],"picked":"hermit:Dissolve","floor":29},{"not_picked":["hermit:FullyLoaded","hermit:Dive"],"picked":"hermit:Grudge","floor":30},{"not_picked":["hermit:Snipe","hermit:Roulette+1"],"picked":"hermit:Glare","floor":31},{"not_picked":["hermit:FromBeyond","hermit:FinalCanter"],"picked":"hermit:EternalForm","floor":33},{"not_picked":["hermit:Misfire+1","hermit:BodyArmor"],"picked":"hermit:HighCaliber+1","floor":35},{"not_picked":["hermit:Cheat+1","hermit:CalledShot","hermit:Desperado+1"],"picked":"SKIP","floor":37},{"not_picked":["hermit:SprayPray","hermit:BodyArmor+1"],"picked":"hermit:Headshot+1","floor":40},{"not_picked":["hermit:Vantage+1","hermit:Feint+1"],"picked":"hermit:Dive","floor":45},{"not_picked":["Secret Weapon","Bandage Up"],"picked":"Apotheosis","floor":48},{"not_picked":["hermit:HighNoon","hermit:Dissolve"],"picked":"hermit:HeroicBravado","floor":50},{"not_picked":["hermit:Coalescence","hermit:HighCaliber"],"picked":"hermit:Glare","floor":52},{"not_picked":["infinitespire:Collect","infinitespire:FutureSight"],"picked":"infinitespire:Fortify","floor":54},{"not_picked":["hermit:Desperado","hermit:ItchyTrigger","hermit:Glare"],"picked":"SKIP","floor":56},{"not_picked":["hermit:Desperado","hermit:Shortfuse","hermit:TrackingShot"],"picked":"SKIP","floor":57},{"not_picked":["hermit:ItchyTrigger","hermit:Ricochet"],"picked":"hermit:EyeOfTheStorm","floor":61},{"not_picked":["hermit:PistolWhip","hermit:Feint"],"picked":"hermit:ShadowCloak","floor":62},{"not_picked":["hermit:Feint","hermit:Vantage","hermit:LuckOfTheDraw"],"picked":"SKIP","floor":63},{"not_picked":["hermit:LoneWolf","hermit:Quickdraw"],"picked":"hermit:GoldenBullet","floor":64},{"not_picked":["hermit:LowProfile","hermit:Coalescence"],"picked":"hermit:Scavenge","floor":65},{"not_picked":["infinitespire:Execution","infinitespire:Fortify"],"picked":"infinitespire:TheBestDefense","floor":67},{"not_picked":["hermit:FinalCanter","hermit:Magnum"],"picked":"hermit:EternalForm","floor":67}],"player_experience":197195,"relics_obtained":[{"floor":7,"key":"Lantern"},{"floor":9,"key":"Happy Flower"},{"floor":14,"key":"Pen Nib"},{"floor":26,"key":"Anchor"},{"floor":29,"key":"infinitespire:Beetle Shell"},{"floor":38,"key":"Regal Pillow"},{"floor":40,"key":"infinitespire:Bottled Soul"},{"floor":40,"key":"Thread and Needle"},{"floor":43,"key":"Bottled Flame"},{"floor":57,"key":"MealTicket"},{"floor":57,"key":"hermit:RedScarf"},{"floor":59,"key":"Shuriken"},{"floor":60,"key":"PreservedInsect"}],"event_choices":[{"damage_healed":0,"gold_gain":0,"player_choice":"Rummage","damage_taken":0,"relics_obtained":["WarpedTongs"],"max_hp_gain":0,"max_hp_loss":0,"event_name":"Accursed Blacksmith","floor":2,"gold_loss":0,"cards_obtained":["Pain"]},{"damage_healed":0,"gold_gain":275,"player_choice":"Desecrate","damage_taken":0,"max_hp_gain":0,"max_hp_loss":0,"event_name":"Golden Shrine","floor":4,"gold_loss":0,"cards_obtained":["Regret"]},{"damage_healed":0,"gold_gain":0,"player_choice":"Dagger","damage_taken":6,"max_hp_gain":0,"max_hp_loss":0,"event_name":"betterThird:BetterNest","floor":19,"gold_loss":0,"cards_obtained":["RitualDagger"]},{"damage_healed":0,"gold_gain":0,"player_choice":"Paid Fearfully","damage_taken":0,"max_hp_gain":0,"max_hp_loss":0,"event_name":"Masked Bandits","floor":22,"gold_loss":230},{"cards_removed":["hermit:FinalCanter"],"damage_healed":2,"gold_gain":0,"player_choice":"Offered Rare","damage_taken":0,"max_hp_gain":10,"max_hp_loss":0,"event_name":"Bonfire Elementals","floor":25,"gold_loss":0},{"damage_healed":0,"gold_gain":0,"player_choice":"Bought 3 Potions","damage_taken":0,"max_hp_gain":0,"max_hp_loss":0,"event_name":"The Woman in Blue","floor":36,"gold_loss":0},{"damage_healed":0,"gold_gain":0,"player_choice":"Paid","damage_taken":0,"relics_obtained":["Red Mask"],"max_hp_gain":0,"max_hp_loss":0,"event_name":"Tomb of Lord Red Mask","floor":44,"gold_loss":193},{"damage_healed":0,"gold_gain":0,"player_choice":"Memory 1","damage_taken":0,"max_hp_gain":0,"max_hp_loss":0,"event_name":"SensoryStone","floor":48,"gold_loss":0}],"is_beta":false,"boss_relics":[{"not_picked":["Snecko Eye","Busted Crown"],"picked":"hermit:DentedPlate"},{"not_picked":["energizedSpire:HugeHouse","energizedSpire:RedRose"],"picked":"Black Star"},{"not_picked":["Astrolabe","Coffee Dripper"],"picked":"Cursed Key"},{"not_picked":["Runic Pyramid","energizedSpire:NeverEndingSparkler"],"picked":"Fusion Hammer"}],"items_purged_floors":[],"is_endless":true,"potions_floor_spawned":[3,5,13,16,24,27,29,31,39,40,45,50,52,56,62,67],"ascension_level":0}}