{"host":"2461dio7vetlq1z3","time":1607505250,"event":{"gold_per_floor":[110,110,35,47,59,59,69,69,69,69,80,90,109,139,139,139,139],"floor_reached":16,"playtime":876,"items_purged":["Strike_B"],"score":104,"play_id":"165eec2f-c4cb-4a52-acff-ebc884ff2149","local_time":"20201209101410","is_ascension_mode":false,"campfire_choices":[{"data":"Zap","floor":6,"key":"SMITH"},{"data":"Coolheaded","floor":8,"key":"SMITH"},{"data":"Reboot","floor":10,"key":"SMITH"},{"data":"Cold Snap","floor":15,"key":"SMITH"}],"neow_cost":"","seed_source_timestamp":345260645141100,"circlet_count":0,"master_deck":["Strike_B","Strike_B","Strike_B","Defend_B","Defend_B","Defend_B","Defend_B","Zap+1","Dualcast","Scorched","Coolheaded+1","Cold Snap+1","OSAHOGD","Bloodbath","Coolheaded","SpiderBud","Reboot+1","MHz","RedShoes","Self Repair","OldLady","VoidDream","All For One+1"],"relics":["Cracked Core","CogitoBucket","LetterFromLob","Omamori","BackwardClock","Molten Egg 2"],"potions_floor_usage":[12],"damage_taken":[{"damage":2,"enemies":"2 Louse","floor":1,"turns":2},{"damage":0,"enemies":"Cultist","floor":4,"turns":2},{"damage":6,"enemies":"Jaw Worm","floor":5,"turns":3},{"damage":5,"enemies":"3 Louse","floor":7,"turns":3},{"damage":3,"enemies":"Looter","floor":11,"turns":3},{"damage":2,"enemies":"Large Slime","floor":12,"turns":2},{"damage":1,"enemies":"Exordium Wildlife","floor":13,"turns":2},{"damage":35,"enemies":"Lagavulin","floor":14,"turns":4},{"damage":75,"enemies":"The Guardian","floor":16,"turns":6}],"seed_played":"-4362252920486079315","potions_obtained":[{"floor":2,"key":"SkillPotion"},{"floor":2,"key":"DuplicationPotion"},{"floor":2,"key":"FearPotion"},{"floor":7,"key":"LiquidBronze"},{"floor":13,"key":"FairyPotion"}],"is_trial":false,"path_per_floor":["M","?","$","M","M","R","M","R","T","R","M","M","M","E","R","B"],"character_chosen":"DEFECT","items_purchased":[],"campfire_rested":0,"item_purchase_floors":[],"current_hp_per_floor":[73,73,73,73,67,67,63,63,63,63,60,58,65,37,37,0,0],"gold":139,"neow_bonus":"","is_prod":false,"is_daily":false,"chose_seed":false,"campfire_upgraded":4,"win_rate":0,"timestamp":1607505250,"path_taken":["M","?","?","M","M","R","M","R","T","R","M","M","M","E","R","BOSS"],"build_version":"2020-11-30","purchased_purges":1,"victory":false,"max_hp_per_floor":[75,75,75,75,75,75,75,75,75,75,75,75,75,75,75,75,75],"relic_stats":{"counters":[10,28],"obtain_stats":[{"BackwardClock":12,"CogitoBucket":0,"Molten Egg 2":14,"LetterFromLob":1,"Omamori":9,"Cracked Core":0},{"BackwardClock":7,"CogitoBucket":0,"Molten Egg 2":9,"LetterFromLob":1,"Omamori":4,"Cracked Core":0},{"BackwardClock":16,"CogitoBucket":0,"Molten Egg 2":22,"LetterFromLob":2,"Omamori":10,"Cracked Core":0}]},"card_choices":[{"not_picked":["Bloodbath","VoidDream"],"picked":"Scorched","floor":1},{"not_picked":["Turbo","Reboot"],"picked":"Coolheaded","floor":1},{"not_picked":["Recycle","Gash"],"picked":"Cold Snap","floor":4},{"not_picked":["PunishingBird","Wellcheers"],"picked":"OSAHOGD","floor":4},{"not_picked":["OldLady","Murderer"],"picked":"Bloodbath","floor":5},{"not_picked":["Reprogram","Leap"],"picked":"Coolheaded","floor":5},{"not_picked":["SingingMachine","CrumblingArmor"],"picked":"SpiderBud","floor":7},{"not_picked":["Redo","Rebound"],"picked":"Reboot","floor":7},{"not_picked":["CherryBlossoms","PunishingBird"],"picked":"MHz","floor":11},{"not_picked":["Force Field","Barrage","Coolheaded"],"picked":"SKIP","floor":11},{"not_picked":["Force Field","Barrage","Coolheaded"],"picked":"SKIP","floor":11},{"not_picked":["Wellcheers","WhitesApple"],"picked":"RedShoes","floor":12},{"not_picked":["Gash","Go for the Eyes"],"picked":"Self Repair","floor":12},{"not_picked":["DreamingCurrent","Murderer"],"picked":"OldLady","floor":13},{"not_picked":["Recycle","Stack","Leap"],"picked":"SKIP","floor":13},{"not_picked":["Recycle","Stack","Leap"],"picked":"SKIP","floor":13},{"not_picked":["LittlePrince","Mercenary"],"picked":"VoidDream","floor":14},{"not_picked":["Streamline+1","Self Repair"],"picked":"All For One+1","floor":14}],"player_experience":580198,"relics_obtained":[{"floor":1,"key":"LetterFromLob"},{"floor":9,"key":"Omamori"},{"floor":14,"key":"Molten Egg 2"}],"event_choices":[{"damage_healed":0,"gold_gain":0,"player_choice":"Got Potions","damage_taken":0,"max_hp_gain":0,"max_hp_loss":0,"event_name":"Lab","floor":2,"gold_loss":0}],"is_beta":false,"boss_relics":[],"items_purged_floors":[3],"is_endless":false,"potions_floor_spawned":[4,7,13],"killed_by":"The Guardian","ascension_level":0}}