{"host":"w4b7hmige5bnqipq","time":1607530025,"event":{"gold_per_floor":[111,36,36,112,127,127,159,159,159,194,194,221,235,269,269,346,346,362,412,426,149,165,165,196,196,196,196,222,241,270,282,282,282,282],"floor_reached":33,"playtime":1114,"items_purged":["Strike_G","Strike_G"],"score":762,"play_id":"01b0fea5-1882-4ff8-ad48-b9934d6fdc0e","local_time":"20201210010705","is_ascension_mode":true,"campfire_choices":[{"data":"Cloak And Dagger","floor":6.0,"key":"SMITH"},{"data":"Deadly Poison","floor":8.0,"key":"SMITH"},{"data":"Bane","floor":11.0,"key":"SMITH"},{"data":"Noxious Fumes","floor":15.0,"key":"SMITH"},{"data":"Adrenaline","floor":23.0,"key":"SMITH"},{"data":"Crippling Poison","floor":25,"key":"SMITH"},{"floor":27,"key":"REST"},{"data":"Bouncing Flask","floor":32,"key":"SMITH"}],"neow_cost":"NONE","seed_source_timestamp":2210362723164400,"circlet_count":0,"master_deck":["AscendersBane","Strike_G","Strike_G","Strike_G","Defend_G","Defend_G","Defend_G","Defend_G","Defend_G","Survivor","Neutralize","Dagger Throw","Cloak And Dagger+1","Deadly Poison+1","Bane+1","Noxious Fumes+1","Backflip","Adrenaline+1","Acrobatics","Corpse Explosion","Backflip","Crippling Poison+1","Escape Plan","Bouncing Flask+1"],"special_seed":0,"relics":["Ring of the Snake","NeowsBlessing","Meat on the Bone","Paper Crane","White Beast Statue","Tough Bandages","Mummified Hand","Boot","SacredBark","Letter Opener","Tiny Chest","Calipers","Snake Skull"],"potions_floor_usage":[24,24,28,30,30,31,33],"damage_taken":[{"damage":0.0,"enemies":"Small Slimes","floor":1.0,"turns":2.0},{"damage":0.0,"enemies":"Jaw Worm","floor":5.0,"turns":1.0},{"damage":0.0,"enemies":"3 Sentries","floor":7.0,"turns":1.0},{"damage":26.0,"enemies":"Lagavulin","floor":10.0,"turns":7.0},{"damage":11.0,"enemies":"3 Sentries","floor":12.0,"turns":7.0},{"damage":1.0,"enemies":"Cultist","floor":13.0,"turns":3.0},{"damage":11.0,"enemies":"Lagavulin","floor":14.0,"turns":5.0},{"damage":36.0,"enemies":"Slime Boss","floor":16.0,"turns":7.0},{"damage":5.0,"enemies":"Shell Parasite","floor":18.0,"turns":4.0},{"damage":5.0,"enemies":"3 Byrds","floor":20.0,"turns":5.0},{"damage":11.0,"enemies":"Snake Plant","floor":22.0,"turns":3.0},{"damage":24,"enemies":"Gremlin Leader","floor":24,"turns":4},{"damage":24,"enemies":"Book of Stabbing","floor":28,"turns":5},{"damage":5,"enemies":"Chosen and Byrds","floor":29,"turns":5},{"damage":0,"enemies":"Gremlin Leader","floor":30,"turns":3},{"damage":0,"enemies":"Sentry and Sphere","floor":31,"turns":3},{"damage":96,"enemies":"Automaton","floor":33,"turns":6}],"seed_played":"-704118420347801687","potions_obtained":[{"floor":1.0,"key":"GhostInAJar"},{"floor":10.0,"key":"Strength Potion"},{"floor":12.0,"key":"FearPotion"},{"floor":13.0,"key":"Ancient Potion"},{"floor":14.0,"key":"DuplicationPotion"},{"floor":18.0,"key":"ColorlessPotion"},{"floor":22.0,"key":"BlessingOfTheForge"},{"floor":24,"key":"Energy Potion"},{"floor":28,"key":"Block Potion"},{"floor":29,"key":"CunningPotion"},{"floor":30,"key":"Fire Potion"},{"floor":31,"key":"Ancient Potion"}],"is_trial":false,"path_per_floor":["M","$","?","T","M","R","E","R","T","E","R","E","M","E","R","B",null,"M","?","M","$","M","R","E","R","T","R","E","M","E","M","R","B"],"character_chosen":"THE_SILENT","items_purchased":["Corpse Explosion"],"campfire_rested":1,"item_purchase_floors":[21],"current_hp_per_floor":[59,59,64,64,64,64,64,64,64,38,38,39,38,39,39,15,57,52,52,47,47,36,36,24,24,24,45,33,40,40,40,40,0,0],"gold":282,"neow_bonus":"THREE_ENEMY_KILL","is_prod":false,"is_daily":false,"chose_seed":false,"campfire_upgraded":7,"win_rate":0,"timestamp":1607530025,"path_taken":["M","$","?","?","M","R","E","R","T","E","R","E","M","E","R","BOSS","M","?","M","$","M","R","E","R","T","R","E","M","E","M","R","BOSS"],"build_version":"2020-11-30","purchased_purges":2,"victory":false,"max_hp_per_floor":[66,66,71,71,71,71,71,71,71,71,71,71,71,71,71,71,71,71,71,71,71,71,71,71,71,71,71,71,71,71,71,71,71,71],"card_choices":[{"not_picked":["Expertise","Caltrops"],"picked":"Dagger Throw","floor":1.0},{"not_picked":["Sucker Punch","Setup"],"picked":"Cloak And Dagger","floor":5.0},{"not_picked":["Dodge and Roll","Flying Knee"],"picked":"Deadly Poison","floor":7.0},{"not_picked":["Dagger Throw","Slice"],"picked":"Bane","floor":10.0},{"not_picked":["Eviscerate","Poisoned Stab","Dagger Throw"],"picked":"SKIP","floor":12.0},{"not_picked":["Blur","Deadly Poison"],"picked":"Noxious Fumes","floor":13.0},{"not_picked":["A Thousand Cuts","Choke"],"picked":"Backflip","floor":14.0},{"not_picked":["After Image","Phantasmal Killer"],"picked":"Adrenaline","floor":16.0},{"not_picked":["Infinite Blades","Underhanded Strike","PiercingWail"],"picked":"SKIP","floor":18.0},{"not_picked":["Dodge and Roll","Outmaneuver"],"picked":"Acrobatics","floor":20.0},{"not_picked":["Dodge and Roll","Eviscerate"],"picked":"Backflip","floor":22.0},{"not_picked":["Poisoned Stab","Flying Knee"],"picked":"Crippling Poison","floor":24},{"not_picked":["Doppelganger","Sucker Punch"],"picked":"Escape Plan","floor":28},{"not_picked":["Bane+1","Acrobatics","Glass Knife"],"picked":"SKIP","floor":29},{"not_picked":["Deadly Poison","Endless Agony"],"picked":"Bouncing Flask","floor":30},{"not_picked":["Dodge and Roll+1","Outmaneuver","Predator+1"],"picked":"SKIP","floor":31}],"player_experience":350082,"relics_obtained":[{"floor":4.0,"key":"Meat on the Bone"},{"floor":7.0,"key":"Paper Crane"},{"floor":9.0,"key":"White Beast Statue"},{"floor":10.0,"key":"Tough Bandages"},{"floor":12.0,"key":"Mummified Hand"},{"floor":14.0,"key":"Boot"},{"floor":24,"key":"Letter Opener"},{"floor":26,"key":"Tiny Chest"},{"floor":28,"key":"Calipers"},{"floor":30,"key":"Snake Skull"}],"event_choices":[{"damage_healed":0.0,"max_hp_gain":5.0,"max_hp_loss":0.0,"gold_gain":0.0,"event_name":"Big Fish","player_choice":"Donut","floor":3.0,"gold_loss":0.0,"damage_taken":0.0},{"damage_healed":0.0,"max_hp_gain":0.0,"max_hp_loss":0.0,"gold_gain":50.0,"event_name":"Nest","player_choice":"Stole From Cult","floor":19.0,"gold_loss":0.0,"damage_taken":0.0}],"is_beta":false,"boss_relics":[{"not_picked":["Cursed Key","Empty Cage"],"picked":"SacredBark"}],"items_purged_floors":[2,21],"is_endless":false,"potions_floor_spawned":[1,10,12,13,14,16,18,20,22,24,28,29,30,31],"killed_by":"Automaton","ascension_level":20}}