{"host":"wl5kcyk3ocgwii71","time":1607485418,"event":{"gold_per_floor":[110,127,141,155,155,155,184,194,194,194,220,231,247,275,275,379,379,396,336,336,348,348,383,398,398,398,398,133,164,164,164],"floor_reached":30,"playtime":840,"items_purged":[],"score":394,"play_id":"98f328d5-354b-4b0e-8c53-02ba1424d753","local_time":"20201208194338","is_ascension_mode":true,"campfire_choices":[{"data":"Life Link","floor":6,"key":"SMITH"},{"data":"Cleave","floor":10,"key":"SMITH"},{"floor":15,"key":"RECALL"},{"floor":25,"key":"REST"}],"neow_cost":"NONE","seed_source_timestamp":380367969592900,"circlet_count":0,"master_deck":["Strike_R","Strike_R","Strike_R","Strike_R","Strike_R","Defend_R","Defend_R","Defend_R","Defend_R","Bash+1","Clash","Hemokinesis","Shrug It Off","Life Link+1","Headbutt","Cleave+1","Armaments","Bloodletting","Pommel Strike","Immolate","Intimidate","True Grit","expansioncontent:StudyTheSpire+1","ReplayReversal","Feel No Pain+1","Burning Pact"],"relics":["Burning Blood","Replay:WaspNest","Frozen Egg 2","InkBottle","Ancient Tea Set","Mark of Pain","Replay:Bottled Snecko","Snack Pack","Ring of Searing","Bronze Scales","Bag of Preparation"],"potions_floor_usage":[7,29,30,30],"damage_taken":[{"damage":0,"enemies":"Small Slimes","floor":1,"turns":5},{"damage":0,"enemies":"Cultist","floor":2,"turns":2},{"damage":9,"enemies":"Jaw Worm","floor":3,"turns":2},{"damage":5,"enemies":"Blue Slaver","floor":4,"turns":3},{"damage":2,"enemies":"Gremlin Nob","floor":7,"turns":2},{"damage":4,"enemies":"2 Fungi Beasts","floor":8,"turns":2},{"damage":34,"enemies":"Lagavulin","floor":11,"turns":3},{"damage":5,"enemies":"Lots of Slimes","floor":12,"turns":2},{"damage":2,"enemies":"Blue Slaver","floor":13,"turns":3},{"damage":15,"enemies":"Gremlin Nob","floor":14,"turns":3},{"damage":33,"enemies":"Fading Forest","floor":16,"turns":11},{"damage":17,"enemies":"2 Thieves","floor":18,"turns":2},{"damage":8,"enemies":"3 Byrds","floor":21,"turns":3},{"damage":42,"enemies":"Book of Stabbing","floor":23,"turns":4},{"damage":11,"enemies":"Snecko","floor":24,"turns":5},{"damage":11,"enemies":"Slavers","floor":29,"turns":3},{"damage":33,"enemies":"Centurion and Healer","floor":30,"turns":4}],"seed_played":"-7930372034336227024","potions_obtained":[{"floor":4,"key":"SkillPotion"},{"floor":5,"key":"AttackPotion"},{"floor":5,"key":"Reflective Coating"},{"floor":7,"key":"Swift Potion"},{"floor":12,"key":"EntropicBrew"}],"is_trial":false,"path_per_floor":["M","M","M","M","?","R","E","M","T","R","E","M","M","E","R","B",null,"M","?","?","M","?","E","M","R","T","?","$","E","M"],"character_chosen":"IRONCLAD","items_purchased":["Feel No Pain+1","Burning Pact","Bronze Scales"],"campfire_rested":1,"item_purchase_floors":[28,28,28],"current_hp_per_floor":[80,80,77,78,78,78,80,80,80,80,52,53,57,48,48,21,65,54,54,54,52,52,16,11,35,35,35,35,32,0,0],"gold":164,"neow_bonus":"UPGRADE_CARD","is_prod":false,"is_daily":false,"chose_seed":false,"campfire_upgraded":2,"win_rate":0,"timestamp":1607485418,"path_taken":["M","M","M","M","?","R","E","M","T","R","E","M","M","E","R","BOSS","M","?","?","M","?","E","?","R","T","?","$","E","M"],"build_version":"2020-11-30","purchased_purges":0,"victory":false,"max_hp_per_floor":[80,80,80,80,80,80,80,80,80,80,80,80,80,80,80,80,80,80,80,80,80,80,80,80,80,80,80,80,80,80,80],"card_choices":[{"not_picked":["Warcry","Combust"],"picked":"Clash","floor":1},{"not_picked":["Second Wind","Abandon"],"picked":"Hemokinesis","floor":2},{"not_picked":["Perfected Strike","Headbutt"],"picked":"Shrug It Off","floor":3},{"not_picked":["Flex","Reckless Charge"],"picked":"Life Link","floor":4},{"not_picked":["Burning Pact","Havoc"],"picked":"Headbutt","floor":7},{"not_picked":["Armaments","Havoc"],"picked":"Cleave","floor":8},{"not_picked":["Headbutt","Corruption+1"],"picked":"Armaments","floor":11},{"not_picked":["Body Slam","Thunderclap"],"picked":"Bloodletting","floor":12},{"not_picked":["Cleave","Abandon","Clothesline"],"picked":"SKIP","floor":13},{"not_picked":["Shrug It Off","Uppercut"],"picked":"Pommel Strike","floor":14},{"not_picked":["Hemogenesis","Eclipse"],"picked":"Immolate","floor":16},{"not_picked":["Heavy Blade","Sentinel"],"picked":"Intimidate","floor":18},{"not_picked":["Carnage+1","Warcry"],"picked":"True Grit","floor":21},{"not_picked":["Jack Of All Trades","Transmutation"],"picked":"expansioncontent:StudyTheSpire+1","floor":22},{"not_picked":["Clash","Thunderclap"],"picked":"ReplayReversal","floor":23},{"not_picked":["Headbutt","Ghostly Armor","Body Slam+1"],"picked":"SKIP","floor":24},{"not_picked":["Anger","Juggernaut+1","Body Slam+1"],"picked":"SKIP","floor":29}],"player_experience":332389,"relics_obtained":[{"floor":7,"key":"Replay:WaspNest"},{"floor":9,"key":"Frozen Egg 2"},{"floor":11,"key":"InkBottle"},{"floor":14,"key":"Ancient Tea Set"},{"floor":23,"key":"Replay:Bottled Snecko"},{"floor":26,"key":"Snack Pack"},{"floor":27,"key":"Ring of Searing"},{"floor":29,"key":"Bag of Preparation"}],"event_choices":[{"damage_healed":0,"gold_gain":0,"player_choice":"Got Potions","damage_taken":0,"max_hp_gain":0,"max_hp_loss":0,"event_name":"Lab","floor":5,"gold_loss":0},{"damage_healed":0,"gold_gain":0,"player_choice":"Ignored","damage_taken":0,"max_hp_gain":0,"max_hp_loss":0,"event_name":"Ghosts","floor":20,"gold_loss":0},{"damage_healed":0,"gold_gain":2,"player_choice":"1","damage_taken":0,"max_hp_gain":0,"max_hp_loss":0,"event_name":"betterStone:BetterStone","floor":22,"gold_loss":0}],"is_beta":false,"boss_relics":[{"not_picked":["Honey Jar","Astrolabe"],"picked":"Mark of Pain"}],"items_purged_floors":[],"is_endless":false,"potions_floor_spawned":[4,7,12,13,16,21,24],"killed_by":"Centurion and Healer","ascension_level":5}}