{"host":"5j53u3d72gsce0fe","time":1607493275,"event":{"gold_per_floor":[110,110,145,157,183,228,255,267,357,369,381,393,423,435,447,561,573,597,609,638,650,676,688,688],"floor_reached":23,"playtime":4962,"items_purged":[],"score":198,"play_id":"21182987-f5f2-4bda-836f-145ac15c0b48","local_time":"20201208215435","is_ascension_mode":true,"campfire_choices":[{"floor":8,"key":"RECALL"}],"neow_cost":"NONE","seed_source_timestamp":2315309675375400,"circlet_count":0,"master_deck":["sneckomod:Strike","sneckomod:Strike","sneckomod:Strike","sneckomod:Defend","sneckomod:Defend","sneckomod:Defend","sneckomod:TailWhip+1","sneckomod:SnekBite+1","sneckomod:Unknown+1","sneckomod:Unknown+1","sneckomod:UnknownClassBLESSING+1","sneckomod:RainOfDice+1","sneckomod:DiceCrush+1","Guardian:Gem_Fragmented","sneckomod:UnknownClassHEXA_GHOST_PURPLE+1","sneckomod:SerpentIdol+1","sneckomod:RainOfDice","Apotheosis+1","sneckomod:UnknownRarePower","sneckomod:UnknownUncommonSkill+1","sneckomod:DiceCrush+1","infinitespire:UltimateForm","DDmod:BurningFumesPowerCard"],"relics":["sneckomod:SneckoSoul","Hammer of Thor","Seething Fire","Anvil of the Gods","aspiration:Nostalgia","dioMod:VampireBlood","relicPack:DSword","MawBank","Replay:Baseball","CCEMRelics:WhiteRose","StuffTheSpire:RedRose","aspiration:IroncladSkillbook","hubris:Potato"],"potions_floor_usage":[6,16,16,16,16,16],"damage_taken":[{"damage":10,"enemies":"Jaw Worm","floor":1,"turns":4},{"damage":33,"enemies":"conspire:MimicChest","floor":3,"turns":4},{"damage":1,"enemies":"Small Slimes","floor":5,"turns":4},{"damage":9,"enemies":"Lagavulin","floor":6,"turns":4},{"damage":0,"enemies":"2 Louse","floor":7,"turns":2},{"damage":10,"enemies":"Blue Slaver","floor":13,"turns":3},{"damage":17,"enemies":"The Guardian","floor":16,"turns":5},{"damage":10,"enemies":"conspire:FuzzyDice","floor":18,"turns":5},{"damage":0,"enemies":"3 Byrds","floor":20,"turns":2},{"damage":12,"enemies":"Shelled Parasite and Fungi","floor":22,"turns":4},{"damage":95,"enemies":"Slavers","floor":23,"turns":4}],"seed_played":"6775238109503953210","potions_obtained":[{"floor":1,"key":"Swift Potion"},{"floor":6,"key":"EntropicBrew"},{"floor":7,"key":"ColorlessPotion"}],"is_trial":false,"path_per_floor":["M","?","?","$","M","E","M","R","T","R","?","?","M","?","R_BF","B",null,"M","?","M","AVR","M","E"],"character_chosen":"THE_SNECKO","items_purchased":[],"campfire_rested":0,"item_purchase_floors":[],"current_hp_per_floor":[84,49,31,31,36,31,37,37,37,37,37,37,30,30,30,17,93,94,94,94,94,89,0,0],"gold":688,"neow_bonus":"NOSTALGIA","is_prod":false,"is_daily":false,"chose_seed":false,"campfire_upgraded":0,"win_rate":0,"timestamp":1607493275,"path_taken":["M","?","?","$","M","E","M","R","T","R","?","?","M","?","R_BF","BOSS","M","?","M","AVR","M","E"],"build_version":"2020-11-30","purchased_purges":0,"victory":false,"max_hp_per_floor":[91,91,91,91,91,92,92,92,92,92,92,92,92,92,92,93,93,94,94,94,94,94,94,94],"card_choices":[{"not_picked":["sneckomod:SoulDraw","sneckomod:Unknown1Cost"],"picked":"sneckomod:UnknownClassBLESSING","floor":1},{"not_picked":["sneckomod:UnknownClassPURPLE","sneckomod:UnknownUncommonSkill"],"picked":"sneckomod:RainOfDice","floor":3},{"not_picked":["sneckomod:UnknownClassPURPLE","sneckomod:SoulRoll"],"picked":"sneckomod:DiceCrush","floor":5},{"not_picked":["Guardian:Gem_Green","Guardian:Gem_Red"],"picked":"Guardian:Gem_Fragmented","floor":6},{"not_picked":["sneckomod:UnknownWeak","sneckomod:UnknownUncommonAttack"],"picked":"sneckomod:UnknownClassHEXA_GHOST_PURPLE","floor":6},{"not_picked":["sneckomod:UnknownClassDIO_GOLD_COLOR","sneckomod:UnknownWeak"],"picked":"sneckomod:SerpentIdol","floor":7},{"not_picked":["sneckomod:UnknownStrike","sneckomod:UnknownClassTHE_UNNAMED"],"picked":"sneckomod:RainOfDice","floor":13},{"not_picked":["sneckomod:MorePower","sneckomod:SerpentMind"],"picked":"sneckomod:UnknownRarePower","floor":16},{"not_picked":["Massacre+1","sneckomod:UnknownStrike","Sentinel"],"picked":"sneckomod:UnknownUncommonSkill+1","floor":18},{"not_picked":["sneckomod:TrashToTreasure","Anger","DDmod:PokeAttack"],"picked":"sneckomod:DiceCrush+1","floor":20},{"not_picked":["Anger","Body Slam","Flex"],"picked":"DDmod:BurningFumesPowerCard","floor":22}],"player_experience":1163372,"relics_obtained":[{"floor":3,"key":"MawBank"},{"floor":6,"key":"Replay:Baseball"},{"floor":9,"key":"CCEMRelics:WhiteRose"}],"event_choices":[{"damage_healed":0,"gold_gain":0,"player_choice":"Leave","damage_taken":0,"max_hp_gain":0,"max_hp_loss":0,"event_name":"conspire:Investor","floor":11,"gold_loss":0},{"damage_healed":30,"gold_gain":0,"player_choice":"Embrace","damage_taken":0,"max_hp_gain":0,"max_hp_loss":92,"event_name":"betterThird:BetterShining","floor":14,"gold_loss":0},{"damage_healed":0,"gold_gain":0,"player_choice":"Ignored","damage_taken":0,"max_hp_gain":0,"max_hp_loss":0,"event_name":"Vampires","floor":19,"gold_loss":0}],"is_beta":false,"boss_relics":[{"not_picked":["energizedSpire:DeadBattery","Cursed Key"],"picked":"aspiration:IroncladSkillbook"}],"items_purged_floors":[],"is_endless":false,"potions_floor_spawned":[1,6,7,20],"killed_by":"Slavers","ascension_level":1}}