{"host":"exhp4inpfmbngj23","time":1607541171,"event":{"gold_per_floor":[114,133,133,143,143,143,173,185,185,185,196,231,241,241,241,339,339,358,358,371,371,40,40,57,57,57,57,57],"floor_reached":27,"playtime":1976,"items_purged":[],"score":270,"play_id":"600e58c3-f265-4aa6-99ef-5073098cecbb","local_time":"20201209111251","is_ascension_mode":true,"campfire_choices":[{"data":"beaked:Ceremony","floor":6,"key":"SMITH"},{"floor":10,"key":"REST"},{"data":"beaked:Brace","floor":15,"key":"SMITH"},{"data":"beaked:Ceremony","floor":23,"key":"SMITH"}],"neow_cost":"NONE","seed_source_timestamp":174344028240700,"circlet_count":0,"master_deck":["beaked:Strike_Y","beaked:Strike_Y","beaked:Strike_Y","beaked:Strike_Y","beaked:Strike_Y","beaked:Strike_Y","beaked:Defend_Y","beaked:Defend_Y","beaked:Defend_Y","beaked:Defend_Y","beaked:Ceremony+1","beaked:Ceremony+1","beaked:Ceremony","beaked:DarkTribute","beaked:Tweet","beaked:BraceForImpact","Bandage Up","beaked:Daydream","beaked:Windmill","beaked:Brace+1","beaked:MachineEssence","beaked:Ceremony","Trip"],"relics":["beaked:MendingPlumage","Toy Ornithopter","Singing Bowl","Turnip","Black Star","Pantograph"],"potions_floor_usage":[7,12,16,18,18,18,19,24],"damage_taken":[{"damage":18,"enemies":"Jaw Worm","floor":1,"turns":5},{"damage":24,"enemies":"Small Slimes","floor":2,"turns":5},{"damage":18,"enemies":"Cultist","floor":4,"turns":5},{"damage":77,"enemies":"3 Sentries","floor":7,"turns":12},{"damage":27,"enemies":"3 Louse","floor":8,"turns":4},{"damage":21,"enemies":"Red Slaver","floor":11,"turns":4},{"damage":37,"enemies":"Lagavulin","floor":12,"turns":8},{"damage":29,"enemies":"Gremlin Gang","floor":13,"turns":6},{"damage":27,"enemies":"Slime Boss","floor":16,"turns":10},{"damage":57,"enemies":"3 Byrds","floor":18,"turns":6},{"damage":79,"enemies":"Shell Parasite","floor":20,"turns":8},{"damage":93,"enemies":"Sentry and Sphere","floor":24,"turns":11},{"damage":146,"enemies":"Slavers","floor":27,"turns":6}],"seed_played":"3680522157396431071","potions_obtained":[{"floor":2,"key":"ColorlessPotion"},{"floor":11,"key":"Regen Potion"},{"floor":14,"key":"Fire Potion"},{"floor":14,"key":"Dexterity Potion"},{"floor":14,"key":"Energy Potion"},{"floor":16,"key":"Regen Potion"},{"floor":20,"key":"ColorlessPotion"}],"is_trial":false,"path_per_floor":["M","M","?","M","?","R","E","M","T","R","M","E","M","?","R","B",null,"M","?","M","?","$","R","M","?","T","E"],"character_chosen":"BEAKED_THE_CULTIST","items_purchased":["Pantograph","Trip"],"campfire_rested":1,"item_purchase_floors":[22,22],"current_hp_per_floor":[42,31,31,26,26,26,24,15,15,30,28,36,36,36,36,52,54,40,38,55,55,55,55,49,65,65,0,0],"gold":57,"neow_bonus":"ONE_RANDOM_RARE_CARD","is_prod":false,"is_daily":false,"chose_seed":false,"campfire_upgraded":3,"win_rate":0,"timestamp":1607541171,"path_taken":["M","M","?","M","?","R","E","?","T","R","M","E","M","?","R","BOSS","M","?","?","?","?","R","M","?","T","E"],"build_version":"2020-11-30","purchased_purges":0,"victory":false,"max_hp_per_floor":[50,50,50,50,50,50,50,50,50,50,50,52,54,54,54,54,54,56,61,63,63,63,63,65,65,65,65,65],"card_choices":[{"not_picked":["beaked:Evade","beaked:Insight"],"picked":"beaked:Tweet","floor":1},{"not_picked":["beaked:Flinch","beaked:Overexert"],"picked":"beaked:BraceForImpact","floor":2},{"not_picked":["beaked:HuntressEssence","beaked:DesperateSwing","beaked:Resilience"],"picked":"SKIP","floor":4},{"not_picked":["beaked:TuckingFeathers","beaked:SurvivalInstinct"],"picked":"beaked:Daydream","floor":7},{"not_picked":["beaked:SurvivalInstinct","beaked:BloodForTheGods"],"picked":"beaked:Windmill","floor":8},{"not_picked":["beaked:Insight","beaked:Overpower"],"picked":"beaked:Brace","floor":11},{"not_picked":["beaked:VolatileMisfortune","beaked:Daydream","beaked:SurvivalInstinct"],"picked":"Singing Bowl","floor":12},{"not_picked":["beaked:FeelMyPain","beaked:DigDeep","beaked:MimicHuntress"],"picked":"Singing Bowl","floor":13},{"not_picked":["beaked:Caw","beaked:VolatileMisfortune"],"picked":"beaked:MachineEssence","floor":16},{"not_picked":["beaked:Tradeoff","beaked:FeelMyPain","beaked:Evade"],"picked":"Singing Bowl","floor":18},{"not_picked":["beaked:Tweet","beaked:DigDeeper+1","beaked:Insight"],"picked":"Singing Bowl","floor":20},{"not_picked":["beaked:Foresight","beaked:Insight","beaked:SurvivalInstinct"],"picked":"Singing Bowl","floor":24}],"player_experience":1628362,"relics_obtained":[{"floor":7,"key":"Toy Ornithopter"},{"floor":9,"key":"Singing Bowl"},{"floor":12,"key":"Turnip"}],"event_choices":[{"damage_healed":0,"gold_gain":0,"player_choice":"Ignored","damage_taken":0,"max_hp_gain":0,"max_hp_loss":0,"event_name":"Golden Wing","floor":3,"gold_loss":0},{"damage_healed":0,"gold_gain":0,"player_choice":"1 cards matched","damage_taken":0,"max_hp_gain":0,"max_hp_loss":0,"event_name":"Match and Keep!","floor":5,"gold_loss":0,"cards_obtained":["Bandage Up"]},{"damage_healed":0,"gold_gain":0,"player_choice":"Got Potions","damage_taken":0,"max_hp_gain":0,"max_hp_loss":0,"event_name":"Lab","floor":14,"gold_loss":0},{"damage_healed":0,"gold_gain":0,"player_choice":"POTION ","damage_taken":12,"max_hp_gain":0,"max_hp_loss":0,"event_name":"Knowing Skull","floor":19,"potions_obtained":["Fruit Juice"],"gold_loss":0,"cards_obtained":[]},{"damage_healed":0,"gold_gain":0,"player_choice":"1 cards matched","damage_taken":0,"max_hp_gain":0,"max_hp_loss":0,"event_name":"Match and Keep!","floor":21,"gold_loss":0,"cards_obtained":["beaked:Ceremony"]},{"damage_healed":16,"gold_gain":0,"player_choice":"Full Heal","damage_taken":0,"max_hp_gain":0,"max_hp_loss":0,"event_name":"Wheel of Change","floor":25,"gold_loss":0}],"is_beta":false,"boss_relics":[{"not_picked":["beaked:FlawlessSticks","Snecko Eye"],"picked":"Black Star"}],"items_purged_floors":[],"is_endless":false,"potions_floor_spawned":[2,7,11,16,20],"killed_by":"Slavers","ascension_level":2}}