{"host":"49hkj3l623wd5n00","time":1607555600,"event":{"gold_per_floor":[113,113,144,74,85,119,119,174,174,174,193,348,361,381,381,480,480,491,491,491,506,506,532,548,548,585,698,717,717,729,609,609,710,710,721,739,739,739,761,794,818,858,881,806,781,781,806,824,824,932,932,932,932,969,969],"floor_reached":56,"playtime":4409,"items_purged":["Strike_S"],"score":1589,"play_id":"9b5e0edf-b2f7-4e72-8b9e-edadc187df84","local_time":"20201209181320","is_ascension_mode":false,"campfire_choices":[{"floor":7.0,"key":"REST"},{"floor":15.0,"key":"RECALL"},{"data":"Comet","floor":25.0,"key":"SMITH"},{"data":"SoulSculpture","floor":32.0,"key":"SMITH"},{"data":"StuffTheSpire:BrainWave","floor":46,"key":"SMITH"},{"data":"Sunlight","floor":49,"key":"SMITH"},{"data":"Rearm","floor":52,"key":"SMITH"}],"neow_cost":"","seed_source_timestamp":0,"circlet_count":0,"master_deck":["Strike_S+1","Strike_S+1","Defend_S","Defend_S","Defend_S","KidneyShot","Exchange","Embodiment+1","Barrier","Misdirection","Rearm+1","FlawlessForm+1","KillingDoll","WasteNot","Spin","BottledTime","SoulSculpture+1","Writhe","StuffTheSpire:Vigor","Comet+1","Night Terror+1","DoubleEdge+1","FloweringNight","Sunlight+1","StuffTheSpire:CuriosityCurse","StuffTheSpire:BrainWave+1","hubris:Greed","StuffTheSpire:Vigor","Defy"],"special_seed":0,"relics":["Uniform","aspiration:DSix","hubris:ToyBattleship","Guardian:PocketSentry","Anchor","hubris:PeanutButter","Ring of Misfortune","Ring of Peace","hubris:NiceRug","Replay:Baseball","Nunchaku","StuffTheSpire:Saxophone","Strawberry","ReplayFunnel","Cauldron","hubris:Backtick","Durian","StuffTheSpire:Gunfinga","Gensokyo:SpiderMask","Busted Crown","hubris:Icosahedron","conspire:Dentures","Dream Catcher","Unceasing Top","hubris:TenFootPole","Oddly Smooth Stone"],"potions_floor_usage":[54,55,55],"damage_taken":[{"damage":4.0,"enemies":"Gensokyo:Python","floor":1.0,"turns":4.0},{"damage":9.0,"enemies":"Gensokyo:Aya","floor":3.0,"turns":7.0},{"damage":0.0,"enemies":"Gensokyo:2_Kodama","floor":5.0,"turns":5.0},{"damage":0.0,"enemies":"Gensokyo:Aya","floor":6.0,"turns":6.0},{"damage":0.0,"enemies":"Gensokyo:3_Fairies","floor":11.0,"turns":4.0},{"damage":6.0,"enemies":"hubris:Merchant","floor":12.0,"turns":9.0},{"damage":0.0,"enemies":"Gensokyo:Kitsune","floor":13.0,"turns":3.0},{"damage":0.0,"enemies":"Gensokyo:LivingMonolith","floor":14.0,"turns":3.0},{"damage":0.0,"enemies":"Gensokyo:Yukari","floor":16.0,"turns":7.0},{"damage":0.0,"enemies":"Gensokyo:3_Dogs","floor":18.0,"turns":5.0},{"damage":0.0,"enemies":"Gensokyo:Chomper","floor":21.0,"turns":6.0},{"damage":0.0,"enemies":"Gensokyo:Reisen","floor":23.0,"turns":5.0},{"damage":0.0,"enemies":"Gensokyo:3_Gloops","floor":24.0,"turns":4.0},{"damage":0.0,"enemies":"Gensokyo:Slime_Group","floor":26.0,"turns":4.0},{"damage":0.0,"enemies":"Gensokyo:Slime_Group","floor":28.0,"turns":4.0},{"damage":0.0,"enemies":"Gensokyo:Wraith","floor":30.0,"turns":5.0},{"damage":0.0,"enemies":"Gensokyo:Eiki","floor":33.0,"turns":7.0},{"damage":0.0,"enemies":"Hallownest:Shield_Heavy","floor":35.0,"turns":5.0},{"damage":0.0,"enemies":"Hallownest:3_Siblings","floor":36.0,"turns":4.0},{"damage":0.0,"enemies":"Hallownest:2_Soldiers_and_1_Guardian","floor":39.0,"turns":5.0},{"damage":0.0,"enemies":"Hallownest:eliteCollector","floor":40.0,"turns":5.0},{"damage":0.0,"enemies":"Hallownest:Xero_Hu_Marmu","floor":41.0,"turns":4.0},{"damage":0,"enemies":"Hallownest:eliteHiveKnight","floor":42,"turns":7},{"damage":0,"enemies":"Hallownest:monsterPrimalAspid","floor":45,"turns":3},{"damage":0,"enemies":"Hallownest:2_Soldiers_and_1_Guardian","floor":47,"turns":5},{"damage":0,"enemies":"Hallownest:Shield_Sturdy","floor":48,"turns":4},{"damage":0,"enemies":"Hallownest:BossGreyPrinceZote","floor":50,"turns":3},{"damage":0,"enemies":"Shield and Spear","floor":54,"turns":5},{"damage":0,"enemies":"The Heart","floor":55,"turns":8}],"seed_played":"8237394732084303847","potions_obtained":[{"floor":1.0,"key":"sneckomod:MuddlingPotion"},{"floor":3.0,"key":"BlessingOfTheForge"},{"floor":12.0,"key":"LifebloodPotion"},{"floor":12.0,"key":"Slimebound:ThreeZeroPotion"},{"floor":33.0,"key":"PowerPotion"},{"floor":48,"key":"DistilledChaos"}],"is_trial":false,"path_per_floor":["M","?","?","?","M","E","R","T","T","?","M","$","M","M","R","B",null,"M","$","?","M","?","E","M","R","MIM","?","M","$","M","?","R","B",null,"M","M","?","?","M","E","M","E","T","?","M","R","M","M","R","B",null,"R","$","E","B",null],"character_chosen":"THE_SERVANT","items_purchased":["Embodiment","KillingDoll"],"campfire_rested":1,"item_purchase_floors":[0,12],"current_hp_per_floor":[47,47,38,38,38,38,57,57,57,57,57,58,58,58,58,58,77,77,77,77,77,70,70,70,70,70,36,36,36,36,36,36,36,77,77,77,77,77,77,77,77,77,77,77,77,77,77,77,77,77,77,77,77,77,77],"gold":969,"neow_bonus":"","is_prod":false,"is_daily":false,"chose_seed":false,"campfire_upgraded":5,"win_rate":0.0,"timestamp":1607555600,"path_taken":["M","?","?","?","M","E","R","?","T","?","M","$","M","?","R","BOSS","M","$","?","M","?","E","M","R","MIM","?","?","?","M","?","R","BOSS","M","M","?","?","M","E","M","E","T","?","?","R","M","M","R","BOSS","R","$","E","BOSS"],"build_version":"2020-11-30","purchased_purges":1,"victory":true,"max_hp_per_floor":[65,65,65,65,65,65,65,65,65,65,65,72,72,72,72,72,77,77,77,77,77,77,77,77,77,77,77,77,77,77,77,77,77,77,77,77,77,77,77,77,77,77,77,77,77,77,77,77,77,77,77,77,77,77,77],"card_choices":[{"not_picked":["DancingSilver","Manipulate"],"picked":"Barrier","floor":1.0},{"not_picked":["Rearm","RealityMarble"],"picked":"Misdirection","floor":3.0},{"not_picked":["Replace","Snipe"],"picked":"Rearm","floor":5.0},{"not_picked":["Read","Barrier"],"picked":"FlawlessForm","floor":6.0},{"not_picked":["FastForward","ReturningBlade","Potential"],"picked":"SKIP","floor":11.0},{"not_picked":[],"picked":"WasteNot","floor":12.0},{"not_picked":["ReturningBlade"],"picked":"SKIP","floor":12.0},{"not_picked":["Misdirection"],"picked":"SKIP","floor":12.0},{"not_picked":["Barrier"],"picked":"SKIP","floor":12.0},{"not_picked":["expansioncontent:DecasProtection"],"picked":"SKIP","floor":12.0},{"not_picked":["hubris:EnhanceAbility"],"picked":"SKIP","floor":12.0},{"not_picked":["FastForward","DancingSilver"],"picked":"Spin","floor":13.0},{"not_picked":["Rewind","DoubleEdge"],"picked":"BottledTime","floor":14.0},{"not_picked":["TrueSight","Initiator"],"picked":"SoulSculpture","floor":16.0},{"not_picked":["Defy+1","Replace","Unruled"],"picked":"SKIP","floor":18.0},{"not_picked":["Hightail","WasteNot"],"picked":"Comet","floor":21.0},{"not_picked":["InstantArmor","FanOfKnives","Unruled"],"picked":"SKIP","floor":23.0},{"not_picked":["Unruled","Revamp"],"picked":"DoubleEdge+1","floor":24.0},{"not_picked":["DoubleEdge","GearUp","Spin"],"picked":"SKIP","floor":28.0},{"not_picked":["Read+1","Moondial"],"picked":"FloweringNight","floor":30.0},{"not_picked":["SoulSculpture","TheWorld"],"picked":"Sunlight","floor":33.0},{"not_picked":["DoubleEdge+1"],"picked":"SKIP","floor":35.0},{"not_picked":["Foresight+1"],"picked":"SKIP","floor":36.0},{"not_picked":["BottledTime"],"picked":"SKIP","floor":39.0},{"not_picked":["Rearm+1"],"picked":"SKIP","floor":40.0},{"not_picked":["Ricochet+1"],"picked":"SKIP","floor":41.0},{"not_picked":["Hightail"],"picked":"SKIP","floor":42},{"not_picked":["Defy"],"picked":"SKIP","floor":45},{"not_picked":["Misdirection+1"],"picked":"SKIP","floor":47},{"not_picked":["Moondial+1"],"picked":"SKIP","floor":48},{"not_picked":["Alleviate+1"],"picked":"SKIP","floor":54}],"player_experience":1040502,"relics_obtained":[{"floor":3.0,"key":"hubris:ToyBattleship"},{"floor":6.0,"key":"Guardian:PocketSentry"},{"floor":8.0,"key":"Anchor"},{"floor":9.0,"key":"hubris:PeanutButter"},{"floor":10.0,"key":"Ring of Misfortune"},{"floor":10.0,"key":"Ring of Peace"},{"floor":12.0,"key":"Replay:Baseball"},{"floor":12.0,"key":"Nunchaku"},{"floor":12.0,"key":"StuffTheSpire:Saxophone"},{"floor":12.0,"key":"Strawberry"},{"floor":12.0,"key":"ReplayFunnel"},{"floor":12.0,"key":"Cauldron"},{"floor":23.0,"key":"StuffTheSpire:Gunfinga"},{"floor":40.0,"key":"Dream Catcher"},{"floor":42,"key":"Unceasing Top"},{"floor":43,"key":"hubris:TenFootPole"},{"floor":54,"key":"Oddly Smooth Stone"}],"event_choices":[{"damage_healed":0.0,"max_hp_gain":0.0,"max_hp_loss":0.0,"gold_gain":113.0,"event_name":"betterSkull:BetterSkull","player_choice":"GO UP UP ","floor":27.0,"gold_loss":0.0,"damage_taken":39.0,"cards_upgraded":["FlawlessForm","Night Terror"],"relics_obtained":[]},{"damage_healed":0,"gold_gain":0,"player_choice":"2","damage_taken":0,"max_hp_gain":0,"max_hp_loss":0,"event_name":"betterMatch:BetterMatch","floor":44,"gold_loss":0,"cards_obtained":["betterMatch:CommonCard"]}],"is_beta":false,"boss_relics":[{"not_picked":["hubris:Stopwatch","aspiration:SecretTechniqueScroll"],"picked":"hubris:Backtick"},{"not_picked":["hubris:RunicObelisk","Kintsugi"],"picked":"Busted Crown"}],"items_purged_floors":[0],"is_endless":false,"potions_floor_spawned":[1,3,14,16,21,30,33,35,39,41,48],"ascension_level":0}}