{"host":"x6tlfgqpy55vgxdn","time":1607524876,"event":{"gold_per_floor":[110,110,110,120,220,255,255,289,316,326,344,344,361,361,361,361,361],"floor_reached":16,"playtime":361,"items_purged":[],"score":236,"play_id":"a62541f7-4347-4984-9a51-13c7a316769b","local_time":"20201209234116","is_ascension_mode":true,"campfire_choices":[{"data":"Carnage","floor":7,"key":"SMITH"},{"data":"Second Wind","floor":12,"key":"SMITH"},{"data":"Body Slam","floor":15,"key":"SMITH"}],"neow_cost":"NONE","seed_source_timestamp":226508904312100,"circlet_count":0,"master_deck":["AscendersBane","Strike_R","Strike_R","Strike_R","Strike_R","Strike_R","Defend_R","Defend_R","Defend_R","Bash","Flame Barrier","Carnage+1","Impervious","Second Wind+1","Body Slam+1"],"relics":["Burning Blood","NeowsBlessing","Dream Catcher","Incense Burner","Juzu Bracelet"],"potions_floor_usage":[10,13],"damage_taken":[{"damage":0,"enemies":"Small Slimes","floor":1,"turns":1},{"damage":0,"enemies":"2 Louse","floor":4,"turns":1},{"damage":0,"enemies":"Gremlin Nob","floor":6,"turns":1},{"damage":20,"enemies":"3 Sentries","floor":8,"turns":8},{"damage":6,"enemies":"Cultist","floor":10,"turns":3},{"damage":11,"enemies":"Blue Slaver","floor":11,"turns":3},{"damage":14,"enemies":"Lots of Slimes","floor":13,"turns":5},{"damage":63,"enemies":"Slime Boss","floor":16,"turns":8}],"seed_played":"-1723777683119651102","potions_obtained":[{"floor":3,"key":"BloodPotion"},{"floor":3,"key":"LiquidBronze"},{"floor":6,"key":"BloodPotion"},{"floor":10,"key":"Swift Potion"},{"floor":13,"key":"Strength Potion"}],"is_trial":false,"path_per_floor":["M","?","?","M","?","E","R","E","T","M","M","R","M","?","R","B"],"character_chosen":"IRONCLAD","items_purchased":[],"campfire_rested":0,"item_purchase_floors":[],"current_hp_per_floor":[74,67,67,73,73,75,75,61,61,75,70,70,62,62,62,0,0],"gold":361,"neow_bonus":"THREE_ENEMY_KILL","is_prod":false,"is_daily":false,"chose_seed":false,"campfire_upgraded":3,"win_rate":0,"timestamp":1607524876,"path_taken":["M","?","?","?","?","E","R","E","T","M","M","R","M","?","R","BOSS"],"build_version":"2020-11-30","purchased_purges":0,"victory":false,"max_hp_per_floor":[75,75,75,75,75,75,75,75,75,75,75,75,75,75,75,75,75],"card_choices":[{"not_picked":["Flex","Burning Pact"],"picked":"Flame Barrier","floor":1},{"not_picked":["Wild Strike","Uppercut"],"picked":"Carnage","floor":4},{"not_picked":["Perfected Strike","Twin Strike","Clash"],"picked":"SKIP","floor":6},{"not_picked":["Shrug It Off","Heavy Blade"],"picked":"Impervious","floor":8},{"not_picked":["Anger","Shrug It Off"],"picked":"Second Wind","floor":10},{"not_picked":["Anger","Thunderclap","Spot Weakness"],"picked":"SKIP","floor":11},{"not_picked":["Intimidate","Thunderclap"],"picked":"Body Slam","floor":13}],"player_experience":110934,"relics_obtained":[{"floor":6,"key":"Dream Catcher"},{"floor":8,"key":"Incense Burner"},{"floor":9,"key":"Juzu Bracelet"}],"event_choices":[{"cards_removed":["Defend_R"],"damage_healed":0,"gold_gain":0,"player_choice":"Card Removal","damage_taken":7,"max_hp_gain":0,"max_hp_loss":0,"event_name":"Golden Wing","floor":2,"gold_loss":0},{"damage_healed":0,"gold_gain":0,"player_choice":"Got Potions","damage_taken":0,"max_hp_gain":0,"max_hp_loss":0,"event_name":"Lab","floor":3,"gold_loss":0},{"damage_healed":0,"gold_gain":100,"player_choice":"Gold","damage_taken":0,"max_hp_gain":0,"max_hp_loss":0,"event_name":"Wheel of Change","floor":5,"gold_loss":0},{"damage_healed":0,"gold_gain":0,"player_choice":"Ignored","damage_taken":0,"max_hp_gain":0,"max_hp_loss":0,"event_name":"Liars Game","floor":14,"gold_loss":0}],"is_beta":false,"boss_relics":[],"items_purged_floors":[],"is_endless":false,"potions_floor_spawned":[6,8,10,13],"killed_by":"Slime Boss","ascension_level":15}}