{"host":"c10fjmjt4zmpjqlg","time":1607493029,"event":{"gold_per_floor":[17,17,17,17,29,55,55,69,69,94,94,128,142,156,156,256,256,266,285,298,55,66,100,100,100,100],"floor_reached":25,"playtime":844,"items_purged":[],"score":255,"play_id":"724b7c05-5f9b-455c-b58a-2f318dead10c","local_time":"20201209165029","is_ascension_mode":true,"campfire_choices":[{"data":"Havoc","floor":7,"key":"SMITH"},{"floor":11,"key":"REST"},{"data":"Spot Weakness","floor":15,"key":"SMITH"},{"floor":24,"key":"REST"}],"neow_cost":"NO_GOLD","seed_source_timestamp":610962448009600,"circlet_count":0,"master_deck":["Strike_R","Strike_R","Strike_R","Strike_R","Strike_R","Defend_R","Defend_R","Defend_R","Defend_R","Bash","Mayhem+1","Fire Breathing","Demon Form","Thunderclap","Havoc+1","Cleave","Immolate","Twin Strike","Spot Weakness+1","Thunderclap","Corruption","Pummel+1","Clothesline","Headbutt","Twin Strike","Shockwave"],"special_seed":0,"relics":["Burning Blood","Meat on the Bone","HornCleat","Boot","MealTicket","Snecko Eye","Frozen Egg 2","Art of War"],"potions_floor_usage":[],"damage_taken":[{"damage":10,"enemies":"Cultist","floor":1,"turns":4},{"damage":0,"enemies":"Small Slimes","floor":5,"turns":3},{"damage":31,"enemies":"3 Sentries","floor":6,"turns":5},{"damage":6,"enemies":"Jaw Worm","floor":8,"turns":4},{"damage":24,"enemies":"Gremlin Nob","floor":10,"turns":4},{"damage":18,"enemies":"Lagavulin","floor":12,"turns":5},{"damage":9,"enemies":"Blue Slaver","floor":13,"turns":4},{"damage":0,"enemies":"Large Slime","floor":14,"turns":4},{"damage":34,"enemies":"Hexaghost","floor":16,"turns":6},{"damage":8,"enemies":"3 Byrds","floor":18,"turns":3},{"damage":10,"enemies":"Chosen","floor":19,"turns":4},{"damage":7,"enemies":"Snake Plant","floor":20,"turns":4},{"damage":17,"enemies":"3 Cultists","floor":22,"turns":4},{"damage":49,"enemies":"Book of Stabbing","floor":23,"turns":5},{"damage":63,"enemies":"Slavers","floor":25,"turns":3}],"seed_played":"-4989023723950536609","potions_obtained":[{"floor":5,"key":"SpeedPotion"},{"floor":6,"key":"AttackPotion"},{"floor":12,"key":"Dexterity Potion"},{"floor":16,"key":"BlessingOfTheForge"}],"is_trial":false,"path_per_floor":["M","?","?","$","M","E","R","M","T","E","R","E","M","M","R","B",null,"M","M","M","$","M","E","R","E"],"character_chosen":"IRONCLAD","items_purchased":["Frozen Egg 2"],"campfire_rested":2,"item_purchase_floors":[21],"current_hp_per_floor":[76,76,76,76,80,55,55,55,55,49,73,61,58,64,64,48,80,78,74,73,80,69,38,62,0,0],"gold":100,"neow_bonus":"RANDOM_COLORLESS_2","is_prod":false,"is_daily":false,"chose_seed":false,"campfire_upgraded":2,"win_rate":0,"timestamp":1607493029,"path_taken":["M","?","?","$","M","E","R","M","T","E","R","E","?","M","R","BOSS","M","M","M","$","M","E","R","E"],"build_version":"2020-11-30","purchased_purges":0,"victory":false,"max_hp_per_floor":[80,80,80,80,80,80,80,80,80,80,80,80,80,80,80,80,80,80,80,80,80,80,80,80,80,80],"relic_stats":{"counters":[15,62],"Snecko Eye":[41,29,38,46],"MealTicket":7,"Art of War":[0],"Boot":[72],"obtain_stats":[{"HornCleat":9,"Snecko Eye":17,"MealTicket":12,"Art of War":23,"Frozen Egg 2":21,"Boot":10,"Burning Blood":0,"Meat on the Bone":6},{"HornCleat":4,"Snecko Eye":9,"MealTicket":6,"Art of War":14,"Frozen Egg 2":12,"Boot":5,"Burning Blood":0,"Meat on the Bone":3},{"HornCleat":16,"Snecko Eye":39,"MealTicket":25,"Art of War":59,"Frozen Egg 2":50,"Boot":20,"Burning Blood":0,"Meat on the Bone":12}],"Burning Blood":82,"Meat on the Bone":36},"card_choices":[{"not_picked":["The Bomb","HandOfGreed"],"picked":"Mayhem","floor":0},{"not_picked":["Battle Trance","Armaments"],"picked":"Fire Breathing","floor":1},{"not_picked":["Clothesline","Iron Wave"],"picked":"Thunderclap","floor":5},{"not_picked":["Twin Strike","Disarm"],"picked":"Havoc","floor":6},{"not_picked":["Bloodletting","Armaments"],"picked":"Cleave","floor":8},{"not_picked":["Warcry","Sword Boomerang"],"picked":"Immolate","floor":10},{"not_picked":["Reckless Charge","Hemokinesis"],"picked":"Twin Strike","floor":12},{"not_picked":["Battle Trance","Pummel"],"picked":"Spot Weakness","floor":13},{"not_picked":["Pommel Strike","Flex"],"picked":"Thunderclap","floor":14},{"not_picked":["Berserk","Double Tap"],"picked":"Corruption","floor":16},{"not_picked":["Clash","Twin Strike+1"],"picked":"Pummel+1","floor":18},{"not_picked":["Headbutt+1","Clash"],"picked":"Clothesline","floor":19},{"not_picked":["Offering","Flex"],"picked":"Headbutt","floor":20},{"not_picked":["Iron Wave","Hemokinesis"],"picked":"Twin Strike","floor":22},{"not_picked":["Dual Wield","Rampage"],"picked":"Shockwave","floor":23}],"player_experience":289351,"relics_obtained":[{"floor":6,"key":"Meat on the Bone"},{"floor":9,"key":"HornCleat"},{"floor":10,"key":"Boot"},{"floor":12,"key":"MealTicket"},{"floor":23,"key":"Art of War"}],"event_choices":[{"damage_healed":0,"gold_gain":0,"player_choice":"Grow","damage_taken":0,"max_hp_gain":0,"max_hp_loss":0,"event_name":"Living Wall","floor":2,"gold_loss":0,"cards_upgraded":["Mayhem"]},{"damage_healed":0,"gold_gain":0,"player_choice":"1 cards matched","damage_taken":0,"max_hp_gain":0,"max_hp_loss":0,"event_name":"Match and Keep!","floor":3,"gold_loss":0,"cards_obtained":["Demon Form"]}],"is_beta":false,"boss_relics":[{"not_picked":["Empty Cage","Runic Pyramid"],"picked":"Snecko Eye"}],"items_purged_floors":[],"is_endless":false,"potions_floor_spawned":[5,6,12,16,18,19,20],"killed_by":"Slavers","ascension_level":1}}