{"host":"wvcyfzs99um8is6a","time":1607555692,"event":{"gold_per_floor":[365,365,378,85,102,102,127,138,138,138,157,157,173,173,173,271,271,284,284,284,303,213,213,227,245,270,281,281,310,310,337,337,432,432,446,446,457,473,490,490,501,362,387,416,427,427,127,141,141,141,141],"floor_reached":50,"playtime":4777,"items_purged":["Writhe","Parasite","Writhe"],"score":496,"play_id":"b7c8cb1b-4aa8-467a-8e89-fa37538429c1","local_time":"20201209181452","is_ascension_mode":false,"campfire_choices":[{"data":"Noxious Fumes","floor":6.0,"key":"SMITH"},{"floor":10.0,"key":"REST"},{"floor":12.0,"key":"REST"},{"data":"Panache","floor":15.0,"key":"SMITH"},{"data":"Deadly Poison","floor":23,"key":"SMITH"},{"floor":28,"key":"REST"},{"data":"After Image","floor":30,"key":"SMITH"},{"data":"Infinite Blades","floor":32,"key":"SMITH"},{"data":"Accuracy","floor":40,"key":"SMITH"},{"data":"Storm of Steel","floor":49,"key":"SMITH"}],"neow_cost":"CURSE","seed_source_timestamp":0,"circlet_count":0,"master_deck":["Defend_G","Defend_G+1","Defend_G","Defend_G+1","Survivor","Neutralize+1","Noxious Fumes+1","Panache+1","Accuracy+1","Corpse Explosion","Terror+1","Catalyst+1","Adrenaline+1","Deadly Poison+1","After Image+1","Backstab","Well Laid Plans","Poisoned Stab+1","Infinite Blades+1","Caltrops","Blade Dance+1","Blade Dance+1","Accuracy","Storm of Steel+1","Deadly Poison+1"],"special_seed":0,"relics":["Ring of the Snake","Question Card","Oddly Smooth Stone","Anchor","Astrolabe","MutagenicStrength","PreservedInsect","Matryoshka","Red Mask","Empty Cage","Kunai","War Paint","Ancient Tea Set"],"potions_floor_usage":[25,31,41,44,45,45,48,50,50],"damage_taken":[{"damage":1.0,"enemies":"Jaw Worm","floor":1.0,"turns":4.0},{"damage":2.0,"enemies":"Small Slimes","floor":3.0,"turns":4.0},{"damage":3.0,"enemies":"2 Louse","floor":5.0,"turns":5.0},{"damage":25.0,"enemies":"3 Sentries","floor":7.0,"turns":7.0},{"damage":11.0,"enemies":"Large Slime","floor":8.0,"turns":6.0},{"damage":19.0,"enemies":"Exordium Thugs","floor":11.0,"turns":8.0},{"damage":1.0,"enemies":"Looter","floor":13.0,"turns":4.0},{"damage":27.0,"enemies":"Slime Boss","floor":16.0,"turns":11.0},{"damage":3,"enemies":"3 Byrds","floor":18,"turns":3},{"damage":7,"enemies":"Shell Parasite","floor":21,"turns":4},{"damage":6,"enemies":"Snecko","floor":24,"turns":4},{"damage":15,"enemies":"Sentry and Sphere","floor":25,"turns":7},{"damage":0,"enemies":"3 Cultists","floor":27,"turns":3},{"damage":11,"enemies":"Slavers","floor":29,"turns":3},{"damage":0,"enemies":"Masked Bandits","floor":31,"turns":2},{"damage":13,"enemies":"Collector","floor":33,"turns":6},{"damage":6,"enemies":"3 Darklings","floor":35,"turns":4},{"damage":0,"enemies":"3 Shapes","floor":37,"turns":3},{"damage":3,"enemies":"Jaw Worm Horde","floor":38,"turns":4},{"damage":18,"enemies":"Sphere and 2 Shapes","floor":39,"turns":5},{"damage":4,"enemies":"Writhing Mass","floor":41,"turns":4},{"damage":1,"enemies":"Nemesis","floor":44,"turns":4},{"damage":0,"enemies":"Maw","floor":45,"turns":6},{"damage":0,"enemies":"Transient","floor":48,"turns":5},{"damage":68,"enemies":"Awakened One","floor":50,"turns":8}],"seed_played":"1205186777283159850","potions_obtained":[{"floor":1.0,"key":"Fire Potion"},{"floor":5.0,"key":"Dexterity Potion"},{"floor":8.0,"key":"BlessingOfTheForge"},{"floor":13.0,"key":"ColorlessPotion"},{"floor":21,"key":"GamblersBrew"},{"floor":29,"key":"Swift Potion"},{"floor":33,"key":"Weak Potion"},{"floor":38,"key":"Dexterity Potion"},{"floor":44,"key":"Fruit Juice"},{"floor":45,"key":"ColorlessPotion"}],"is_trial":false,"path_per_floor":["M","?","M","$","M","R","E","M","T","R","M","R","M","?","R","B",null,"M","?","?","M","?","R","M","M","T","M","R","E","R","?","R","B",null,"M","?","M","M","M","R","M","$","T","E","M","?","$","M","R","B"],"character_chosen":"THE_SILENT","items_purchased":["Noxious Fumes","Panache","Accuracy","Block Potion","EssenceOfSteel","Weak Potion"],"campfire_rested":3,"item_purchase_floors":[4,4,42,47,47,47],"current_hp_per_floor":[69,57,55,55,52,52,27,16,16,37,18,39,38,38,38,11,70,67,67,67,60,60,60,54,39,39,39,60,49,49,49,49,36,70,64,64,64,61,43,43,39,39,39,43,43,61,61,61,61,0,0],"gold":141,"neow_bonus":"TWO_FIFTY_GOLD","is_prod":false,"is_daily":false,"chose_seed":false,"campfire_upgraded":7,"win_rate":0,"timestamp":1607555692,"path_taken":["M","?","M","$","M","R","E","M","T","R","M","R","M","?","R","BOSS","M","?","?","M","?","R","M","M","T","?","R","E","R","?","R","BOSS","M","?","M","?","M","R","M","$","T","E","M","?","$","M","R","BOSS"],"build_version":"2020-11-30","purchased_purges":3,"victory":false,"max_hp_per_floor":[70,70,70,70,70,70,70,70,70,70,70,70,70,70,70,70,70,70,70,70,70,70,70,70,70,70,70,70,70,70,70,70,70,70,70,70,70,70,70,70,70,67,67,72,72,72,72,72,72,72,72],"card_choices":[{"not_picked":["Sucker Punch","Slice","Flechettes"],"picked":"SKIP","floor":1.0},{"not_picked":["Deflect","Flechettes","Riddle With Holes","Prepared"],"picked":"SKIP","floor":3.0},{"not_picked":["Underhanded Strike","Endless Agony","Slice","Riddle With Holes"],"picked":"SKIP","floor":5.0},{"not_picked":["PiercingWail","Poisoned Stab","Acrobatics"],"picked":"Accuracy","floor":7.0},{"not_picked":["Well Laid Plans","Underhanded Strike","Endless Agony","Expertise"],"picked":"SKIP","floor":8.0},{"not_picked":["Dodge and Roll","Riddle With Holes","Underhanded Strike","Acrobatics"],"picked":"SKIP","floor":11.0},{"not_picked":["Flying Knee","Distraction","Slice","Quick Slash"],"picked":"SKIP","floor":13.0},{"not_picked":["Wraith Form v2","Bullet Time","Grand Finale"],"picked":"Corpse Explosion","floor":16.0},{"not_picked":["Flying Knee","Deflect","Predator+1"],"picked":"Deadly Poison","floor":18},{"not_picked":["Dodge and Roll","PiercingWail","Expertise","Dagger Spray"],"picked":"SKIP","floor":21},{"not_picked":["Distraction","Cloak And Dagger","Prepared"],"picked":"After Image","floor":24},{"not_picked":["Poisoned Stab","Underhanded Strike","Dagger Spray"],"picked":"Backstab","floor":25},{"not_picked":["Skewer","Dagger Throw+1","Deadly Poison"],"picked":"Well Laid Plans","floor":27},{"not_picked":["Flying Knee","Prepared","Dagger Spray"],"picked":"Poisoned Stab+1","floor":29},{"not_picked":["Deflect+1","Leg Sweep","Concentrate"],"picked":"Infinite Blades","floor":31},{"not_picked":["Heel Hook","Dodge and Roll+1","Acrobatics+1"],"picked":"Caltrops","floor":35},{"not_picked":["Prepared","Poisoned Stab","Bane+1","Dagger Throw"],"picked":"SKIP","floor":37},{"not_picked":["Setup+1","Deadly Poison+1","Heel Hook+1"],"picked":"Blade Dance","floor":38},{"not_picked":["Concentrate+1","Cloak And Dagger","Underhanded Strike+1"],"picked":"Blade Dance+1","floor":39},{"not_picked":["Bane","Storm of Steel","Deadly Poison","Well Laid Plans+1"],"picked":"SKIP","floor":41},{"not_picked":["Setup+1","Crippling Poison","Leg Sweep+1"],"picked":"Storm of Steel","floor":44},{"not_picked":["Eviscerate","Choke","Sucker Punch","Outmaneuver+1"],"picked":"SKIP","floor":45},{"not_picked":["Prepared","Well Laid Plans","Riddle With Holes"],"picked":"Deadly Poison+1","floor":48}],"player_experience":976200,"relics_obtained":[{"floor":7.0,"key":"Oddly Smooth Stone"},{"floor":9.0,"key":"Anchor"},{"floor":26,"key":"PreservedInsect"},{"floor":29,"key":"Matryoshka"},{"floor":31,"key":"Red Mask"},{"floor":43,"key":"Kunai"},{"floor":43,"key":"War Paint"},{"floor":44,"key":"Ancient Tea Set"}],"event_choices":[{"damage_healed":0.0,"max_hp_gain":0.0,"max_hp_loss":0.0,"gold_gain":0.0,"event_name":"Scrap Ooze","player_choice":"Success","floor":2.0,"gold_loss":0.0,"damage_taken":12.0,"relics_obtained":["Question Card"]},{"damage_healed":0.0,"max_hp_gain":0.0,"max_hp_loss":0.0,"gold_gain":0.0,"event_name":"Living Wall","player_choice":"Grow","floor":14.0,"gold_loss":0.0,"damage_taken":0.0,"cards_upgraded":["Neutralize"]},{"damage_healed":0,"gold_gain":0,"player_choice":"Inject Mutagens","damage_taken":0,"relics_obtained":["MutagenicStrength"],"max_hp_gain":0,"max_hp_loss":0,"event_name":"Drug Dealer","floor":19,"gold_loss":0},{"damage_healed":0,"gold_gain":0,"player_choice":"Ignored","damage_taken":0,"max_hp_gain":0,"max_hp_loss":0,"event_name":"Ghosts","floor":20,"gold_loss":0},{"cards_removed":["Strike_G"],"damage_healed":0,"gold_gain":0,"player_choice":"Upgrade and Remove","damage_taken":0,"max_hp_gain":0,"max_hp_loss":0,"event_name":"Designer","floor":22,"gold_loss":90,"cards_upgraded":["Defend_G"]},{"damage_healed":0,"gold_gain":0,"player_choice":"Fought Bandits","damage_taken":0,"max_hp_gain":0,"max_hp_loss":0,"event_name":"Masked Bandits","floor":31,"gold_loss":0},{"damage_healed":0,"gold_gain":0,"player_choice":"Bought 0 Potions","damage_taken":0,"max_hp_gain":0,"max_hp_loss":0,"event_name":"The Woman in Blue","floor":36,"gold_loss":0},{"damage_healed":18,"gold_gain":0,"player_choice":"Writhe","damage_taken":0,"max_hp_gain":0,"max_hp_loss":0,"event_name":"Winding Halls","floor":46,"gold_loss":0,"cards_obtained":["Writhe"]}],"is_beta":false,"boss_relics":[{"not_picked":["SlaversCollar","Philosopher\u0027s Stone"],"picked":"Astrolabe"},{"not_picked":["Cursed Key","HoveringKite"],"picked":"Empty Cage"}],"items_purged_floors":[4,42,47],"is_endless":false,"potions_floor_spawned":[1,5,8,13,21,29,33,38,44,45],"killed_by":"Awakened One","ascension_level":0}}