{"host":"m1168lp3vv5pgdep","time":1607548155,"event":{"gold_per_floor":[112,130,143,143,42,60,60,80,150,35,64,78,89,103,103,103,103],"floor_reached":16,"playtime":1652,"items_purged":["PrismaMod:ChloeCommonAttack"],"score":106,"play_id":"b80994de-6044-4cd3-b413-f61062f656c2","local_time":"20201209210915","is_ascension_mode":false,"campfire_choices":[{"data":"PrismaMod:ChloeExcalibur","floor":7,"key":"SMITH"},{"floor":15,"key":"REST"}],"neow_cost":"NONE","seed_source_timestamp":10737925503400,"circlet_count":0,"master_deck":["PrismaMod:ChloeCommonAttack","PrismaMod:ChloeCommonAttack","PrismaMod:ChloeCommonAttack+1","PrismaMod:ChloeCommonAttack","PrismaMod:ChloeCommonDefend","PrismaMod:ChloeCommonDefend","PrismaMod:ChloeCommonDefend","PrismaMod:ChloeCommonDefend","PrismaMod:ChloeCommonDefend","PrismaMod:ChloeCheapAttack","PrismaMod:ChloeCheapDefend","PrismaMod:ChloeCommonAOEAttack","PrismaMod:ChloeCheapDefend","PrismaMod:ChloeExcalibur+1","PrismaMod:ChloeCheapAttackTwo","PrismaMod:ChloeUncommonAOEAttack","PrismaMod:ChloeRuleBreaker","PrismaMod:ChloeDevil","PrismaMod:ChloeExcalibur"],"relics":["PrismaMod:PrismaTraceOn","Blood Vial","Happy Flower","DemoMod:SerJunkan","DemoMod:GnawedKey","DemoMod:Junk"],"potions_floor_usage":[16],"damage_taken":[{"damage":0,"enemies":"Gensokyo:3_Fairies","floor":1,"turns":5},{"damage":4,"enemies":"Gensokyo:Python","floor":2,"turns":3},{"damage":0,"enemies":"Gensokyo:Gryphon","floor":3,"turns":3},{"damage":0,"enemies":"Gensokyo:LivingMonolith","floor":6,"turns":3},{"damage":2,"enemies":"Gensokyo:3_Kodama","floor":8,"turns":5},{"damage":29,"enemies":"Gensokyo:Mamizou","floor":11,"turns":8},{"damage":0,"enemies":"Gensokyo:2_Rabbits","floor":12,"turns":3},{"damage":7,"enemies":"Gensokyo:Gryphon_and_Rabbit","floor":13,"turns":4},{"damage":2,"enemies":"Gensokyo:VengefulSpirit","floor":14,"turns":4},{"damage":53,"enemies":"Gensokyo:Reimu","floor":16,"turns":7}],"seed_played":"7566644291780576239","potions_obtained":[{"floor":1,"key":"Dexterity Potion"},{"floor":8,"key":"Strength Potion"},{"floor":11,"key":"Block Potion"}],"is_trial":false,"path_per_floor":["M","M","M","?","$","M","R","M","T","$","E","M","M","M","R","B"],"character_chosen":"CHLOE","items_purchased":["PrismaMod:ChloeCheapAttackTwo","DemoMod:GnawedKey"],"campfire_rested":1,"item_purchase_floors":[5,10],"current_hp_per_floor":[75,71,73,46,46,48,48,48,48,48,21,23,18,20,42,0,0],"gold":103,"neow_bonus":"RANDOM_COMMON_RELIC","is_prod":false,"is_daily":false,"chose_seed":false,"campfire_upgraded":1,"win_rate":0.0,"timestamp":1607548155,"path_taken":["M","M","M","?","$","M","R","M","T","$","E","M","M","M","R","BOSS"],"build_version":"2020-11-30","purchased_purges":1,"victory":false,"max_hp_per_floor":[75,75,75,75,75,75,75,75,75,75,75,75,75,75,75,75,75],"card_choices":[{"not_picked":["PrismaMod:ChloeDiscardRecovery","PrismaMod:ChloeCheapDefend"],"picked":"PrismaMod:ChloeCommonAOEAttack","floor":1},{"not_picked":["PrismaMod:ChloeRhongomyniad","PrismaMod:ChloeCheapDefendTwo"],"picked":"PrismaMod:ChloeCheapDefend","floor":2},{"not_picked":["PrismaMod:ChloeDiscardRecovery","PrismaMod:ChloeAnySkillTrace"],"picked":"PrismaMod:ChloeExcalibur","floor":3},{"not_picked":["PrismaMod:ChloeCheapAttack","PrismaMod:ChloeRhongomyniad"],"picked":"PrismaMod:ChloeUncommonAOEAttack","floor":6},{"not_picked":["PrismaMod:ChloeCheapDefendTwo","PrismaMod:ChloeDiscardRecovery"],"picked":"PrismaMod:ChloeRuleBreaker","floor":8},{"not_picked":["PrismaMod:ChloeCommonAOEAttack","PrismaMod:ChloeExhaustOne","PrismaMod:ChloeMaid"],"picked":"SKIP","floor":11},{"not_picked":["PrismaMod:ChloeDiscardRecovery","PrismaMod:ChloeCheapDefend","PrismaMod:ChloeExhaustOne"],"picked":"SKIP","floor":12},{"not_picked":["PrismaMod:ChloeCommonAOEAttack","PrismaMod:ChloeDemonicTutor"],"picked":"PrismaMod:ChloeDevil","floor":13},{"not_picked":["PrismaMod:ChloeCheapAttack","PrismaMod:ChloeCheapAttackTwo"],"picked":"PrismaMod:ChloeExcalibur","floor":14}],"player_experience":235209,"relics_obtained":[{"floor":9,"key":"DemoMod:SerJunkan"},{"floor":11,"key":"DemoMod:Junk"}],"event_choices":[{"damage_healed":0,"gold_gain":0,"player_choice":"RE UP ","damage_taken":31,"relics_obtained":["Happy Flower"],"max_hp_gain":0,"max_hp_loss":0,"event_name":"betterSkull:BetterSkull","floor":4,"gold_loss":0,"cards_upgraded":["PrismaMod:ChloeCommonAttack"]}],"is_beta":false,"boss_relics":[],"items_purged_floors":[5],"is_endless":false,"potions_floor_spawned":[1,8,11],"killed_by":"Gensokyo:Reimu","ascension_level":0}}