{"host":"xenpv6dj5x1yxp66","time":1607523920,"event":{"gold_per_floor":[116,127,57,73,90,90,106,106,153,49,49,26,26,40,40,143,143,157,97,116,116,126,126,126],"floor_reached":23,"playtime":982,"items_purged":[],"score":183,"play_id":"1706c5b3-8b0e-4cc9-b62b-15f0fc00110a","local_time":"20201209152520","is_ascension_mode":false,"campfire_choices":[{"data":"Shade:AnimateDead","floor":6,"key":"SMITH"},{"data":"Shade:FleshOffering","floor":11,"key":"SMITH"},{"data":"Shade:CommandSoldier","floor":13,"key":"SMITH"},{"data":"Shade:CoffinDance","floor":15,"key":"SMITH"}],"neow_cost":"NONE","seed_source_timestamp":2238045369398300,"circlet_count":0,"master_deck":["Shade:Strike_Shade","Shade:Strike_Shade","Shade:Strike_Shade","Shade:Defend_Shade","Shade:Defend_Shade","Shade:Defend_Shade","Shade:Defend_Shade","Shade:AnimateDead+1","Shade:CarefulCut","Shade:GreyBargain","Shade:Bonestorm","Shade:PoundOfFlesh","Shade:FleshToFlesh","Shade:LyeBath","Shade:CommandSoldier+1","Shade:FleshOffering+1","Shade:FreshBones","Shade:CoffinDance+1","Shade:SoulPierce","Shade:Trample+1","Shade:OpenGraves+1","Shade:AncientSpear","Shade:BoneShards+1"],"relics":["Shade:YorickSkull","NeowsBlessing","Replay:Mystery Machine","Sozu"],"potions_floor_usage":[16,23],"damage_taken":[{"damage":0,"enemies":"Jaw Worm","floor":1,"turns":1},{"damage":0,"enemies":"Cultist","floor":2,"turns":1},{"damage":0,"enemies":"2 Louse","floor":4,"turns":1},{"damage":5,"enemies":"Exordium Wildlife","floor":5,"turns":6},{"damage":8,"enemies":"Red Slaver","floor":7,"turns":2},{"damage":8,"enemies":"3 Louse","floor":14,"turns":4},{"damage":20,"enemies":"Fading Forest","floor":16,"turns":11},{"damage":15,"enemies":"3 Byrds","floor":18,"turns":4},{"damage":0,"enemies":"conspire:FuzzyDice","floor":20,"turns":3},{"damage":22,"enemies":"3 Cultists","floor":22,"turns":5},{"damage":29,"enemies":"Book of Stabbing","floor":23,"turns":6}],"seed_played":"-7321340824002471943","potions_obtained":[{"floor":2,"key":"Swift Potion"},{"floor":5,"key":"Swift Potion"},{"floor":7,"key":"GamblersBrew"}],"is_trial":false,"path_per_floor":["M","M","$","M","M","R","M","?","T","$","R","$","R","M","R","B",null,"M","$","M","?","M","E"],"character_chosen":"SHADE","items_purchased":["Shade:PoundOfFlesh","Shade:FleshOffering","Shade:FreshBones","Shade:CoffinDance","Shade:OpenGraves+1"],"campfire_rested":0,"item_purchase_floors":[3,10,10,12,19],"current_hp_per_floor":[65,65,65,65,60,60,52,52,52,52,52,52,52,44,44,44,65,50,50,50,50,28,0,0],"gold":126,"neow_bonus":"THREE_ENEMY_KILL","is_prod":false,"is_daily":false,"chose_seed":false,"campfire_upgraded":4,"win_rate":0,"timestamp":1607523920,"path_taken":["M","M","$","M","M","R","M","?","T","?","R","$","R","M","R","BOSS","M","$","M","?","M","E"],"build_version":"2020-11-30","purchased_purges":0,"victory":false,"max_hp_per_floor":[65,65,65,65,65,65,65,65,65,65,65,65,65,65,65,65,65,65,65,65,65,65,65,65],"card_choices":[{"not_picked":["Shade:StitchTogether","Shade:Premonition"],"picked":"Shade:GreyBargain","floor":1},{"not_picked":["Shade:Patience","Shade:CoffinDance"],"picked":"Shade:Bonestorm","floor":2},{"not_picked":["Shade:Trample","Shade:FingerOfDeath"],"picked":"Shade:FleshToFlesh","floor":4},{"not_picked":["Shade:Carnophage","Shade:FingerOfDeath"],"picked":"Shade:LyeBath","floor":5},{"not_picked":["Shade:SpontaneousRitual","Shade:FingerOfDeath"],"picked":"Shade:CommandSoldier","floor":7},{"not_picked":["Shade:ExtraLimbs","Shade:SelfBurial","Shade:DangerousRitual"],"picked":"SKIP","floor":14},{"not_picked":["Shade:DarkOfNight","Shade:Consume"],"picked":"Shade:SoulPierce","floor":16},{"not_picked":["Shade:PotionOfRestlessness","Shade:FuneraryArmor"],"picked":"Shade:Trample+1","floor":18},{"not_picked":["Shade:FeralStrike","Shade:GreyBargain"],"picked":"Shade:AncientSpear","floor":20},{"not_picked":["Shade:WallOfFlesh","Shade:OminousRitual"],"picked":"Shade:BoneShards+1","floor":22}],"player_experience":119407,"relics_obtained":[{"floor":9,"key":"Replay:Mystery Machine"}],"event_choices":[{"damage_healed":0,"gold_gain":0,"player_choice":"Ignored","damage_taken":0,"max_hp_gain":0,"max_hp_loss":0,"event_name":"Purifier","floor":8,"gold_loss":0},{"cards_removed":["Shade:Strike_Shade"],"damage_healed":0,"gold_gain":0,"player_choice":"Purged","damage_taken":0,"max_hp_gain":0,"max_hp_loss":0,"event_name":"Purifier","floor":21,"gold_loss":0}],"is_beta":false,"boss_relics":[{"not_picked":["conspire:SpecialSausage","Fusion Hammer"],"picked":"Sozu"}],"items_purged_floors":[],"is_endless":false,"potions_floor_spawned":[2,5,7,18,20],"killed_by":"Book of Stabbing","ascension_level":0}}