{"host":"1n6qz0lhj0o51vr6","time":1607498285,"event":{"gold_per_floor":[14,32,107,107,125,125,160,160,160,34,34,53,84,84,145,45,45],"floor_reached":16,"playtime":483,"items_purged":["Regret"],"score":146,"play_id":"e556513c-6dd2-434b-9b7e-d43994a73041","local_time":"20201209151805","is_ascension_mode":true,"campfire_choices":[{"data":"Eruption","floor":6,"key":"SMITH"},{"data":"DoctorFetus","floor":8,"key":"SMITH"}],"neow_cost":"NO_GOLD","seed_source_timestamp":11378370070500,"circlet_count":0,"master_deck":["Strike_P","Strike_P","Strike_P","Strike_P","Defend_P","Defend_P","Defend_P","Defend_P","Eruption+1","Vigilance","DoctorFetus+1","Replay:Battleflow+1","WindmillStrike+1","CarveReality","JustLucky","Tantrum","EmptyMind"],"relics":["PureWater","HushsDoor","PillsDrop","Counterbalance","Sundial","Replay:Wax Seal","Damaru","HowToJump","Snack Pack"],"potions_floor_usage":[13,13],"damage_taken":[{"damage":3,"enemies":"2 Louse","floor":1,"turns":4},{"damage":0,"enemies":"Small Slimes","floor":2,"turns":3},{"damage":4,"enemies":"Jaw Worm","floor":5,"turns":4},{"damage":8,"enemies":"Gremlin Nob","floor":7,"turns":3},{"damage":4,"enemies":"Blue Slaver","floor":12,"turns":3},{"damage":0,"enemies":"Lagavulin","floor":13,"turns":2},{"damage":30,"enemies":"The Guardian","floor":16,"turns":5}],"seed_played":"-4166237565335899227","potions_obtained":[{"floor":7,"key":"ColorlessPotion"},{"floor":12,"key":"SteroidPotion"}],"is_trial":false,"path_per_floor":["M","M","?","?","M","R","E","R","T","$","?","M","E","$","R","B"],"character_chosen":"WATCHER","items_purchased":["HowToJump"],"campfire_rested":0,"item_purchase_floors":[10],"current_hp_per_floor":[69,69,58,58,54,54,46,46,46,46,32,28,28,28,28,0,0],"gold":45,"neow_bonus":"ONE_RARE_RELIC","is_prod":false,"is_daily":false,"chose_seed":false,"campfire_upgraded":2,"win_rate":0,"timestamp":1607498285,"path_taken":["M","M","?","?","M","R","E","R","T","$","?","M","E","$","R","BOSS"],"build_version":"2020-11-30","purchased_purges":1,"victory":false,"max_hp_per_floor":[72,72,72,72,72,72,72,72,72,72,72,67,67,67,67,67,67],"card_choices":[{"not_picked":[],"picked":"DoctorFetus","floor":0},{"not_picked":["EmptyFist","ThirdEye"],"picked":"Replay:Battleflow","floor":1},{"not_picked":["Replay:BluntJabs","Crescendo"],"picked":"WindmillStrike","floor":2},{"not_picked":["Evaluate","Wireheading"],"picked":"CarveReality","floor":5},{"not_picked":["Nirvana","Protect"],"picked":"JustLucky","floor":7},{"not_picked":["ClearTheMind","BowlingBash"],"picked":"Tantrum","floor":12},{"not_picked":["EmptyFist","Replay:AtTheReady"],"picked":"EmptyMind","floor":13}],"player_experience":22637,"relics_obtained":[{"floor":7,"key":"Replay:Wax Seal"},{"floor":9,"key":"Damaru"},{"floor":13,"key":"Snack Pack"}],"event_choices":[{"damage_healed":0,"gold_gain":75,"player_choice":"Gather Gold","damage_taken":11,"max_hp_gain":0,"max_hp_loss":0,"event_name":"World of Goop","floor":3,"gold_loss":0},{"damage_healed":0,"gold_gain":0,"player_choice":"Box","damage_taken":0,"relics_obtained":["Sundial"],"max_hp_gain":0,"max_hp_loss":0,"event_name":"Big Fish","floor":4,"gold_loss":0,"cards_obtained":["Regret"]},{"damage_healed":0,"gold_gain":0,"player_choice":"Entered Light","damage_taken":14,"max_hp_gain":0,"max_hp_loss":0,"event_name":"Shining Light","floor":11,"gold_loss":0,"cards_upgraded":["Replay:Battleflow","WindmillStrike"]}],"is_beta":false,"boss_relics":[],"items_purged_floors":[10],"is_endless":false,"potions_floor_spawned":[7,12],"killed_by":"The Guardian","ascension_level":2}}