{"host":"agela5aetnmltfvm","time":1607542149,"event":{"gold_per_floor":[109,28,28,40,55,55,55,39,63,82,101,122,122,139,139,244,294,291,308,322,177,177,177],"floor_reached":22,"playtime":1058,"items_purged":[],"score":209,"play_id":"b8d16ab5-a59c-4ec7-81dc-cb6714b230a6","local_time":"20201210032909","is_ascension_mode":false,"campfire_choices":[{"data":"ReplayTheSpireMod:Brewmster","floor":6,"key":"SMITH"},{"data":"hierophant:ChurchCoffers","floor":13,"key":"SMITH"}],"neow_cost":"CURSE","seed_source_timestamp":18414973745900,"circlet_count":0,"master_deck":["hierophant:Strike_Hierophant","hierophant:Strike_Hierophant","hierophant:Strike_Hierophant","hierophant:Punish","hierophant:Defend_Hierophant","hierophant:Defend_Hierophant","hierophant:Defend_Hierophant","hierophant:Defend_Hierophant","hierophant:ChurchCoffers+1","ReplayTheSpireMod:Brewmster+1","hierophant:Sermon","hierophant:FlamingChariot+1","hierophant:Community","Pot Of Greed","Pot Of Greed","hierophant:OrnateBuckler","hierophant:HammerAndAnvil+1","hierophant:LocustPlague","hierophant:Encroach","hierophant:SealAway","hierophant:Shelter","hierophant:Doubloon","hierophant:Generosity","hierophant:SealAway+1","hierophant:Purify"],"relics":["hierophant:PropheticMaskRelic","Grinning Jar","Tiny House","Orrery"],"potions_floor_usage":[5,5,5,8,8,10,10,14,16,16,16,18,18,19,19,19,20,20],"damage_taken":[{"damage":5,"enemies":"Small Slimes","floor":1,"turns":5},{"damage":4,"enemies":"Cultist","floor":2,"turns":3},{"damage":3,"enemies":"2 Louse","floor":4,"turns":2},{"damage":39,"enemies":"Gremlin Gang","floor":5,"turns":14},{"damage":5,"enemies":"Looter","floor":8,"turns":3},{"damage":9,"enemies":"Red Slaver","floor":10,"turns":3},{"damage":8,"enemies":"Exordium Wildlife","floor":11,"turns":5},{"damage":20,"enemies":"Large Slime","floor":12,"turns":6},{"damage":5,"enemies":"Blue Slaver","floor":14,"turns":5},{"damage":30,"enemies":"Hexaghost","floor":16,"turns":11},{"damage":34,"enemies":"3 Byrds","floor":18,"turns":7},{"damage":15,"enemies":"2 Thieves","floor":19,"turns":4},{"damage":9,"enemies":"Snake Plant","floor":20,"turns":4},{"damage":26,"enemies":"Centurion and Healer","floor":22,"turns":2}],"seed_played":"-2293348282713640152","potions_obtained":[{"floor":10,"key":"SteroidPotion"},{"floor":11,"key":"Venom Potion"},{"floor":14,"key":"AttackPotion"}],"is_trial":false,"path_per_floor":["M","M","?","M","M","R","?","M","T","M","M","M","R","M","R_BF","B",null,"M","M","M","$","M"],"character_chosen":"HIEROPHANT","items_purchased":["Orrery"],"campfire_rested":0,"item_purchase_floors":[21],"current_hp_per_floor":[70,66,66,63,24,24,24,19,19,19,11,22,22,17,39,9,80,46,31,22,22,0,0],"gold":177,"neow_bonus":"RANDOM_COLORLESS_2","is_prod":false,"is_daily":false,"chose_seed":false,"campfire_upgraded":2,"win_rate":0.0,"timestamp":1607542149,"path_taken":["M","M","?","?","M","R","?","?","T","M","M","M","R","M","R_BF","BOSS","M","M","M","$","M"],"build_version":"2020-11-30","purchased_purges":0,"victory":false,"max_hp_per_floor":[75,75,75,75,75,75,75,75,75,75,75,75,75,75,75,75,80,80,80,80,80,80,80],"card_choices":[{"not_picked":["Master of Strategy","Thinking Ahead"],"picked":"ReplayTheSpireMod:Brewmster","floor":0},{"not_picked":["hierophant:Endure","hierophant:FieryStrike"],"picked":"hierophant:Sermon","floor":1},{"not_picked":["hierophant:Charity","hierophant:Bribe","hierophant:DisplayOfPower"],"picked":"SKIP","floor":2},{"not_picked":["hierophant:Remorse","hierophant:ThreeLashes"],"picked":"hierophant:FlamingChariot","floor":4},{"not_picked":["hierophant:MorningPrayer","hierophant:ThreeLashes","hierophant:Martyrdom"],"picked":"SKIP","floor":5},{"not_picked":["hierophant:PassingBell","hierophant:Invocation"],"picked":"hierophant:Community","floor":8},{"not_picked":["hierophant:FieryStrike","hierophant:Embezzle","hierophant:Martyrdom"],"picked":"SKIP","floor":10},{"not_picked":["hierophant:FieryStrike","hierophant:ConvertCurrency"],"picked":"hierophant:OrnateBuckler","floor":11},{"not_picked":["hierophant:HolyVerse","hierophant:AuricBeam","hierophant:Sermon"],"picked":"SKIP","floor":12},{"not_picked":["hierophant:PassingBell","hierophant:Chorus"],"picked":"hierophant:HammerAndAnvil","floor":14},{"not_picked":["hierophant:Cornucopia","hierophant:WrathOfGod"],"picked":"hierophant:LocustPlague","floor":16},{"not_picked":["hierophant:Mercenaries","hierophant:SecretStash"],"picked":"hierophant:Encroach","floor":17},{"not_picked":["hierophant:RecallFunds+1","hierophant:Prophecy","hierophant:HolyVerse"],"picked":"SKIP","floor":18},{"not_picked":["hierophant:Smite","hierophant:TollTheBells","hierophant:AuricBeam+1"],"picked":"SKIP","floor":19},{"not_picked":["hierophant:HolyVerse","hierophant:ConvertCurrency","hierophant:OrnateBuckler"],"picked":"SKIP","floor":20},{"not_picked":["hierophant:Levitation","hierophant:OrnateBuckler+1"],"picked":"hierophant:SealAway","floor":21},{"not_picked":["hierophant:Refuge","hierophant:Prophecy"],"picked":"hierophant:Shelter","floor":21},{"not_picked":["hierophant:Prophecy","hierophant:HammerAndAnvil"],"picked":"hierophant:Generosity","floor":21},{"not_picked":["hierophant:Flagellation","hierophant:Blessing"],"picked":"hierophant:SealAway+1","floor":21},{"not_picked":["hierophant:AuricBeam","hierophant:Repentance"],"picked":"hierophant:Purify","floor":21}],"player_experience":498219,"relics_obtained":[{"floor":9,"key":"Grinning Jar"}],"event_choices":[{"cards_removed":["hierophant:Strike_Hierophant"],"damage_healed":0,"gold_gain":0,"player_choice":"Purged","damage_taken":0,"max_hp_gain":0,"max_hp_loss":0,"event_name":"Purifier","floor":3,"gold_loss":0},{"damage_healed":0,"gold_gain":0,"player_choice":"Bought 0 Potions","damage_taken":0,"max_hp_gain":0,"max_hp_loss":0,"event_name":"The Woman in Blue","floor":7,"gold_loss":0}],"is_beta":false,"boss_relics":[{"not_picked":["Replay:Drink Me","Runic Dome"],"picked":"Tiny House"}],"items_purged_floors":[],"is_endless":false,"potions_floor_spawned":[10,11,12,14,19],"killed_by":"Centurion and Healer","ascension_level":0}}