{"host":"90jl2h70xtuoeg0i","time":1607503933,"event":{"gold_per_floor":[110,127,146,146,164,164,176,205,505,535,535,551,576,595,595,669,669,688,717,732,732,744,744,669,701,701,701,298,324,324,48,48,127,127,145,159,184,184,199,199,233,333,360,387,404,404,404,420,420,420,420,420,2,30,30],"floor_reached":56,"playtime":23820,"items_purged":["Strike_G","Strike_G","Envenom"],"score":2066,"play_id":"c3eaf58b-1172-4202-bd67-08054ec78649","local_time":"20201209035213","is_ascension_mode":true,"campfire_choices":[{"data":"Bouncing Flask","floor":6.0,"key":"SMITH"},{"floor":11.0,"key":"REST"},{"data":"Dodge and Roll","floor":15.0,"key":"SMITH"},{"floor":23.0,"key":"REST"},{"data":"Footwork","floor":32.0,"key":"SMITH"},{"data":"Calculated Gamble","floor":40.0,"key":"SMITH"},{"floor":47.0,"key":"RECALL"},{"data":"Bouncing Flask","floor":49.0,"key":"SMITH"},{"data":"Glass Knife","floor":52.0,"key":"SMITH"}],"neow_cost":"NONE","seed_source_timestamp":179094003452415,"circlet_count":0,"master_deck":["AscendersBane","Strike_G","Defend_G","Defend_G+1","Defend_G","Survivor","Neutralize","Poisoned Stab","Bouncing Flask+1","Deflect","Bouncing Flask+1","Terror","Blade Dance","Deadly Poison","Masterful Stab","Die Die Die","Dodge and Roll+1","Calculated Gamble+1","Dodge and Roll+1","Deflect","Concentrate+1","Master of Strategy","Footwork+1","Ghostly","Ghostly","Ghostly","Ghostly","Ghostly","Adrenaline","Calculated Gamble+1","PiercingWail+1","Crippling Poison+1","Backflip","Glass Knife+1","Deadly Poison+1","Caltrops+1","Outmaneuver+1","Concentrate+1","Apotheosis+1","Good Instincts+1","Blind+1","Noxious Fumes"],"special_seed":0,"relics":["Ring of the Snake","Bag of Marbles","Pocketwatch","Old Coin","Gambling Chip","Kunai","Empty Cage","Red Mask","Pear","Sundial","War Paint","Lee\u0027s Waffle","Pantograph","Orrery","Black Star","Tough Bandages","Mercury Hourglass","TungstenRod","Toxic Egg 2","Pen Nib","Bag of Preparation","Strawberry","StoneCalendar"],"potions_floor_usage":[55,55],"damage_taken":[{"damage":0.0,"enemies":"Jaw Worm","floor":1.0,"turns":3.0},{"damage":0.0,"enemies":"Cultist","floor":2.0,"turns":3.0},{"damage":2.0,"enemies":"2 Louse","floor":3.0,"turns":4.0},{"damage":9.0,"enemies":"Lots of Slimes","floor":5.0,"turns":7.0},{"damage":3.0,"enemies":"Looter","floor":7.0,"turns":3.0},{"damage":21.0,"enemies":"Gremlin Nob","floor":8.0,"turns":4.0},{"damage":12.0,"enemies":"Lagavulin","floor":10.0,"turns":5.0},{"damage":0.0,"enemies":"Blue Slaver","floor":12.0,"turns":3.0},{"damage":0.0,"enemies":"Gremlin Nob","floor":13.0,"turns":2.0},{"damage":0.0,"enemies":"3 Louse","floor":14.0,"turns":1.0},{"damage":3.0,"enemies":"The Guardian","floor":16.0,"turns":7.0},{"damage":0.0,"enemies":"3 Byrds","floor":18.0,"turns":2.0},{"damage":5.0,"enemies":"Masked Bandits","floor":19.0,"turns":3.0},{"damage":6.0,"enemies":"Shell Parasite","floor":20.0,"turns":5.0},{"damage":15.0,"enemies":"Snake Plant","floor":22.0,"turns":5.0},{"damage":22.0,"enemies":"Book of Stabbing","floor":25.0,"turns":5.0},{"damage":26.0,"enemies":"Slavers","floor":29.0,"turns":7.0},{"damage":5.0,"enemies":"Automaton","floor":33.0,"turns":11.0},{"damage":18.0,"enemies":"Orb Walker","floor":35.0,"turns":4.0},{"damage":3.0,"enemies":"3 Darklings","floor":36.0,"turns":6.0},{"damage":1.0,"enemies":"Mind Bloom Boss Battle","floor":37.0,"turns":9.0},{"damage":6.0,"enemies":"Writhing Mass","floor":39.0,"turns":7.0},{"damage":0.0,"enemies":"Reptomancer","floor":41.0,"turns":8.0},{"damage":0.0,"enemies":"Giant Head","floor":44.0,"turns":9.0},{"damage":0.0,"enemies":"Spire Growth","floor":45.0,"turns":5.0},{"damage":2.0,"enemies":"3 Darklings","floor":48.0,"turns":3.0},{"damage":37.0,"enemies":"Time Eater","floor":50.0,"turns":13.0},{"damage":0.0,"enemies":"Shield and Spear","floor":54.0,"turns":8.0},{"damage":35,"enemies":"The Heart","floor":55,"turns":11}],"seed_played":"3837945899174481402","potions_obtained":[{"floor":5.0,"key":"CultistPotion"},{"floor":8.0,"key":"Energy Potion"},{"floor":12.0,"key":"AttackPotion"},{"floor":13.0,"key":"LiquidBronze"},{"floor":14.0,"key":"FearPotion"},{"floor":18.0,"key":"Energy Potion"},{"floor":19.0,"key":"SteroidPotion"},{"floor":33.0,"key":"Fire Potion"},{"floor":36.0,"key":"SteroidPotion"},{"floor":39.0,"key":"GamblersBrew"},{"floor":41.0,"key":"DuplicationPotion"},{"floor":48.0,"key":"SpeedPotion"}],"is_trial":false,"path_per_floor":["M","M","M","?","M","R","M","E","T","E","R","M","E","M","R","B",null,"M","?","M","?","M","R","?","E","T","T","$","E","?","$","R","B",null,"M","M","?","?","M","R","E","?","T","E","M","?","R","M","R","B",null,"R","$","E","B",null],"character_chosen":"THE_SILENT","items_purchased":["Lee\u0027s Waffle","Master of Strategy","Orrery","Backflip","Bag of Preparation","LiquidMemories","Noxious Fumes"],"campfire_rested":2,"item_purchase_floors":[28,28,31,31,53,53,53],"current_hp_per_floor":[63,63,61,61,52,52,49,28,28,16,37,37,37,37,37,34,61,61,56,50,50,35,56,56,44,44,44,87,61,43,43,43,38,42,24,21,42,42,36,36,36,36,36,36,36,27,27,25,25,6,34,34,34,41,15],"gold":30,"neow_bonus":"RANDOM_COMMON_RELIC","is_prod":false,"is_daily":false,"chose_seed":false,"campfire_upgraded":6,"win_rate":0,"timestamp":1607503933,"path_taken":["M","M","M","?","?","R","M","E","T","E","R","M","E","M","R","BOSS","M","?","M","?","?","R","?","E","T","?","$","E","?","?","R","BOSS","M","M","?","?","?","R","E","?","T","E","?","?","R","M","R","BOSS","R","$","E","BOSS"],"build_version":"2020-11-30","purchased_purges":3,"victory":true,"max_hp_per_floor":[70,70,70,70,70,70,70,70,70,70,70,70,70,70,70,70,70,70,70,70,70,70,70,70,80,80,80,87,87,43,43,43,43,43,43,43,43,43,43,43,43,43,43,43,43,43,43,43,43,43,43,43,43,50,50],"relic_stats":{"Lee\u0027s Waffle":43,"counters":[29,163],"StoneCalendar":[52],"Pen Nib":[5],"Bag of Preparation":[4],"War Paint":["Concentrate","Defend_G"],"Mercury Hourglass":[161],"Tough Bandages":[333],"Sundial":[12],"Gambling Chip":[72],"Pantograph":49,"Black Star":3,"Kunai":[30],"obtain_stats":[{"Lee\u0027s Waffle":28,"Pear":25,"StoneCalendar":54,"Pen Nib":44,"Bag of Preparation":53,"War Paint":27,"Empty Cage":17,"Old Coin":9,"Mercury Hourglass":41,"Tough Bandages":37,"Sundial":26,"Gambling Chip":10,"Pantograph":29,"Strawberry":54,"Orrery":31,"Bag of Marbles":0,"Red Mask":19,"Black Star":34,"Kunai":13,"Toxic Egg 2":44,"TungstenRod":41,"Ring of the Snake":0,"Pocketwatch":8},{"Lee\u0027s Waffle":16,"Pear":16,"StoneCalendar":28,"Pen Nib":24,"Bag of Preparation":27,"War Paint":16,"Empty Cage":11,"Old Coin":6,"Mercury Hourglass":23,"Tough Bandages":21,"Sundial":16,"Gambling Chip":7,"Pantograph":17,"Strawberry":28,"Orrery":17,"Bag of Marbles":0,"Red Mask":13,"Black Star":18,"Kunai":9,"Toxic Egg 2":24,"TungstenRod":23,"Ring of the Snake":0,"Pocketwatch":6},{"Lee\u0027s Waffle":62,"Pear":62,"StoneCalendar":152,"Pen Nib":123,"Bag of Preparation":144,"War Paint":62,"Empty Cage":42,"Old Coin":24,"Mercury Hourglass":114,"Tough Bandages":99,"Sundial":62,"Gambling Chip":29,"Pantograph":69,"Strawberry":152,"Orrery":69,"Bag of Marbles":0,"Red Mask":47,"Black Star":80,"Kunai":34,"Toxic Egg 2":123,"TungstenRod":114,"Ring of the Snake":0,"Pocketwatch":24}],"TungstenRod":83,"Ring of the Snake":[58],"Pocketwatch":[150]},"card_choices":[{"not_picked":["Acrobatics","Deflect"],"picked":"Poisoned Stab","floor":1.0},{"not_picked":["Slice","Backflip"],"picked":"Bouncing Flask","floor":2.0},{"not_picked":["Eviscerate","Dagger Throw"],"picked":"Deflect","floor":3.0},{"not_picked":["Underhanded Strike","Blade Dance"],"picked":"Bouncing Flask","floor":5.0},{"not_picked":["Well Laid Plans","Crippling Poison"],"picked":"Terror","floor":7.0},{"not_picked":["Dagger Throw","Flying Knee"],"picked":"Blade Dance","floor":8.0},{"not_picked":["Heel Hook","Outmaneuver"],"picked":"Deadly Poison","floor":10.0},{"not_picked":["Outmaneuver","Unload"],"picked":"Masterful Stab","floor":12.0},{"not_picked":["Blade Dance","Bouncing Flask"],"picked":"Die Die Die","floor":13.0},{"not_picked":["Underhanded Strike","Tactician"],"picked":"Dodge and Roll","floor":14.0},{"not_picked":["Malaise","Night Terror"],"picked":"Envenom","floor":16.0},{"not_picked":["Underhanded Strike","Acrobatics","Dagger Spray"],"picked":"SKIP","floor":18.0},{"not_picked":["Dodge and Roll","Dagger Throw+1"],"picked":"Calculated Gamble","floor":19.0},{"not_picked":["Bane","Quick Slash","Flying Knee"],"picked":"SKIP","floor":20.0},{"not_picked":["Sucker Punch","Acrobatics"],"picked":"Deflect","floor":22.0},{"not_picked":["Cloak And Dagger","Distraction"],"picked":"Concentrate","floor":25.0},{"not_picked":["Slice","After Image"],"picked":"Footwork","floor":29.0},{"not_picked":["Outmaneuver","Predator"],"picked":"Adrenaline","floor":31.0},{"not_picked":["Prepared","Endless Agony"],"picked":"Calculated Gamble","floor":31.0},{"not_picked":["Dash","Prepared+1"],"picked":"PiercingWail+1","floor":31.0},{"not_picked":["Finisher+1","Sucker Punch"],"picked":"Crippling Poison+1","floor":31.0},{"not_picked":["Wraith Form v2","Storm of Steel"],"picked":"Glass Knife","floor":33.0},{"not_picked":["Cloak And Dagger","Dagger Spray"],"picked":"Deadly Poison+1","floor":35.0},{"not_picked":["Finisher+1","Heel Hook","Escape Plan"],"picked":"SKIP","floor":36.0},{"not_picked":["Heel Hook","PiercingWail"],"picked":"Caltrops+1","floor":39.0},{"not_picked":["Concentrate","Crippling Poison","All Out Attack+1"],"picked":"SKIP","floor":41.0},{"not_picked":["Skewer+1","Crippling Poison+1"],"picked":"Outmaneuver+1","floor":44.0},{"not_picked":["Underhanded Strike","Reflex+1"],"picked":"Concentrate+1","floor":45.0},{"not_picked":["Panache","Dramatic Entrance"],"picked":"Apotheosis+1","floor":46.0},{"not_picked":["Blind+1","Swift Strike"],"picked":"Good Instincts+1","floor":46.0},{"not_picked":["Dramatic Entrance","Good Instincts+1"],"picked":"Blind+1","floor":46.0},{"not_picked":["Dodge and Roll+1","Slice+1","Backstab"],"picked":"SKIP","floor":48.0},{"not_picked":["Malaise+1","Dagger Throw+1","Backstab"],"picked":"SKIP","floor":54.0}],"player_experience":1194704,"relics_obtained":[{"floor":8.0,"key":"Pocketwatch"},{"floor":9.0,"key":"Old Coin"},{"floor":10.0,"key":"Gambling Chip"},{"floor":13.0,"key":"Kunai"},{"floor":19.0,"key":"Red Mask"},{"floor":25.0,"key":"Pear"},{"floor":26.0,"key":"Sundial"},{"floor":27.0,"key":"War Paint"},{"floor":29.0,"key":"Pantograph"},{"floor":37.0,"key":"Tough Bandages"},{"floor":41.0,"key":"Mercury Hourglass"},{"floor":41.0,"key":"TungstenRod"},{"floor":44.0,"key":"Toxic Egg 2"},{"floor":44.0,"key":"Pen Nib"},{"floor":54.0,"key":"Strawberry"},{"floor":54.0,"key":"StoneCalendar"}],"event_choices":[{"cards_removed":["Defend_G"],"damage_healed":0.0,"max_hp_gain":0.0,"max_hp_loss":0.0,"gold_gain":0.0,"event_name":"Bonfire Elementals","player_choice":"Offered Basic","floor":4.0,"gold_loss":0.0,"damage_taken":0.0},{"damage_healed":0.0,"max_hp_gain":0.0,"max_hp_loss":0.0,"gold_gain":0.0,"event_name":"Masked Bandits","player_choice":"Fought Bandits","floor":19.0,"gold_loss":0.0,"damage_taken":0.0},{"damage_healed":0.0,"max_hp_gain":0.0,"max_hp_loss":0.0,"gold_gain":0.0,"event_name":"Duplicator","player_choice":"Copied","floor":21.0,"gold_loss":0.0,"damage_taken":0.0,"cards_obtained":["Dodge and Roll"]},{"cards_removed":["Defend_G"],"damage_healed":0.0,"max_hp_gain":0.0,"max_hp_loss":0.0,"gold_gain":0.0,"event_name":"Beggar","player_choice":"Gave Gold","floor":24.0,"gold_loss":75.0,"damage_taken":0.0},{"damage_healed":0.0,"max_hp_gain":0.0,"max_hp_loss":44.0,"gold_gain":0.0,"event_name":"Ghosts","player_choice":"Became a Ghost","floor":30.0,"gold_loss":0.0,"damage_taken":0.0,"cards_obtained":["Ghostly","Ghostly","Ghostly","Ghostly","Ghostly"]},{"damage_healed":0.0,"max_hp_gain":0.0,"max_hp_loss":0.0,"gold_gain":0.0,"event_name":"MindBloom","player_choice":"Fight","floor":37.0,"gold_loss":0.0,"damage_taken":0.0},{"damage_healed":0.0,"max_hp_gain":0.0,"max_hp_loss":0.0,"gold_gain":0.0,"event_name":"Accursed Blacksmith","player_choice":"Forge","floor":38.0,"gold_loss":0.0,"damage_taken":0.0,"cards_upgraded":["Calculated Gamble"]},{"damage_healed":0.0,"max_hp_gain":0.0,"max_hp_loss":0.0,"gold_gain":100.0,"event_name":"Golden Shrine","player_choice":"Pray","floor":42.0,"gold_loss":0.0,"damage_taken":0.0},{"damage_healed":0.0,"max_hp_gain":0.0,"max_hp_loss":0.0,"gold_gain":0.0,"event_name":"SensoryStone","player_choice":"Memory 3","floor":46.0,"gold_loss":0.0,"damage_taken":10.0}],"is_beta":false,"boss_relics":[{"not_picked":["Busted Crown","Runic Pyramid"],"picked":"Empty Cage"},{"not_picked":["Pandora\u0027s Box","Calling Bell"],"picked":"Black Star"}],"items_purged_floors":[28,31,53],"is_endless":false,"potions_floor_spawned":[5,8,12,13,14,18,19,33,36,39,41,48],"ascension_level":13}}