{"host":"ecaj4hn004xnnrw9","time":1607540969,"event":{"gold_per_floor":[109,128,145,161,172,203,220,220,220],"floor_reached":8,"playtime":293,"items_purged":[],"score":78,"play_id":"dfe19839-ffa9-4b50-a074-9adeafbfdaac","local_time":"20201209190929","is_ascension_mode":true,"campfire_choices":[],"neow_cost":"NONE","seed_source_timestamp":13892454908300,"circlet_count":0,"master_deck":["Strike_P","Strike_P","Strike_P","Strike_P","Defend_P","Defend_P","Defend_P","Defend_P","Eruption","Vigilance","FollowUp","MentalFortress","Replay:DivineShield","Protect","FollowUp","Tantrum","WreathOfFlame"],"relics":["Philosopher\u0027s Stone","Bottled Flame"],"potions_floor_usage":[6,6,7],"damage_taken":[{"damage":0,"enemies":"Cultist","floor":1,"turns":2},{"damage":8,"enemies":"Jaw Worm","floor":2,"turns":2},{"damage":3,"enemies":"2 Louse","floor":3,"turns":2},{"damage":1,"enemies":"Blue Slaver","floor":4,"turns":3},{"damage":12,"enemies":"2 Fungi Beasts","floor":5,"turns":3},{"damage":3,"enemies":"Lagavulin","floor":6,"turns":6},{"damage":6,"enemies":"Gremlin Gang","floor":7,"turns":4},{"damage":36,"enemies":"3 Sentries","floor":8,"turns":4}],"seed_played":"3718471591296387926","potions_obtained":[{"floor":2,"key":"Explosive Potion"},{"floor":5,"key":"FearPotion"},{"floor":6,"key":"Energy Potion"}],"is_trial":false,"path_per_floor":["M","M","M","M","M","E","M","E"],"character_chosen":"WATCHER","items_purchased":[],"campfire_rested":0,"item_purchase_floors":[],"current_hp_per_floor":[72,64,61,60,48,45,39,3,3],"gold":220,"neow_bonus":"BOSS_RELIC","is_prod":false,"is_daily":false,"chose_seed":false,"campfire_upgraded":0,"win_rate":0,"timestamp":1607540969,"path_taken":["M","?","M","M","M","E","M","E"],"build_version":"2020-11-30","purchased_purges":0,"victory":false,"max_hp_per_floor":[72,72,72,72,72,72,72,72,72],"card_choices":[{"not_picked":["Prostrate","Replay:AtTheReady"],"picked":"FollowUp","floor":1},{"not_picked":["EmptyFist","FlyingSleeves"],"picked":"MentalFortress","floor":2},{"not_picked":["EmptyFist","Evaluate"],"picked":"Replay:DivineShield","floor":3},{"not_picked":["Replay:AtTheReady","Evaluate"],"picked":"Protect","floor":4},{"not_picked":["Protect","ForeignInfluence"],"picked":"FollowUp","floor":5},{"not_picked":["Meditate","Consecrate"],"picked":"Tantrum","floor":6},{"not_picked":["EmptyBody","ClearTheMind"],"picked":"WreathOfFlame","floor":7}],"player_experience":135606,"relics_obtained":[{"floor":6,"key":"Bottled Flame"}],"event_choices":[],"is_beta":false,"boss_relics":[],"items_purged_floors":[],"is_endless":false,"potions_floor_spawned":[2,5,6],"killed_by":"3 Sentries","ascension_level":5}}