{"host":"9t9d7hfl1boncmil","time":1607511374,"event":{"gold_per_floor":[119,119,119,119,135,168,93,93,93,111,111,111,146,164,164,236,236,250,269,319,329,345,373,393,393,393,393,413,76,106,33,45,134,146,177,189,10,23,35,62,62,90,138,172,172,191,241,241,241,241,241],"floor_reached":52,"playtime":2518,"items_purged":["Defend_G"],"score":2226,"play_id":"6091af69-675b-4335-811b-1921c46ee5e4","local_time":"20201209195614","is_ascension_mode":true,"campfire_choices":[{"data":"Deadly Poison","floor":8.0,"key":"SMITH"},{"data":"Burst","floor":12.0,"key":"SMITH"},{"data":"Deflect","floor":15.0,"key":"SMITH"},{"data":"Bullet Time","floor":25.0,"key":"SMITH"},{"floor":27.0,"key":"REST"},{"floor":32.0,"key":"REST"},{"data":"Adrenaline","floor":41.0,"key":"SMITH"},{"floor":45,"key":"REST"},{"floor":49,"key":"REST"}],"neow_cost":"NONE","seed_source_timestamp":0,"circlet_count":0,"master_deck":["AscendersBane","Defend_G","Defend_G","Defend_G+1","Defend_G","Survivor","Neutralize","Deadly Poison+1","Crippling Poison+1","Burst+1","Dash","Backflip","Deflect+1","Bullet Time+1","Backflip+1","Footwork","Well Laid Plans","Acrobatics","Acrobatics+1","Master of Strategy+1","Adrenaline+1","Reflex+1","Master of Strategy","Master of Strategy","Noxious Fumes","Prepared+1","Blur","Catalyst+1","Calculated Gamble"],"special_seed":0,"relics":["Ring of the Snake","NeowsBlessing","Shuriken","Incense Burner","Snake Skull","Empty Cage","Ancient Tea Set","The Courier","ClockworkSouvenir","MawBank","Juzu Bracelet","Runic Dome","OrangePellets","MealTicket","War Paint","Art of War","Blue Candle","StoneCalendar"],"potions_floor_usage":[50],"damage_taken":[{"damage":0.0,"enemies":"Jaw Worm","floor":1.0,"turns":1.0},{"damage":0.0,"enemies":"2 Louse","floor":5.0,"turns":1.0},{"damage":0.0,"enemies":"3 Sentries","floor":6.0,"turns":2.0},{"damage":7.0,"enemies":"Small Slimes","floor":10.0,"turns":3.0},{"damage":8.0,"enemies":"Gremlin Nob","floor":13.0,"turns":4.0},{"damage":3.0,"enemies":"2 Fungi Beasts","floor":14.0,"turns":3.0},{"damage":4.0,"enemies":"Hexaghost","floor":16.0,"turns":8.0},{"damage":1.0,"enemies":"Spheric Guardian","floor":18.0,"turns":3.0},{"damage":0.0,"enemies":"Shell Parasite","floor":19.0,"turns":5.0},{"damage":0.0,"enemies":"Snake Plant","floor":21.0,"turns":5.0},{"damage":2.0,"enemies":"Shelled Parasite and Fungi","floor":22.0,"turns":4.0},{"damage":60.0,"enemies":"Slavers","floor":23.0,"turns":10.0},{"damage":6.0,"enemies":"Centurion and Healer","floor":24.0,"turns":8.0},{"damage":3.0,"enemies":"Snecko","floor":28.0,"turns":5.0},{"damage":12.0,"enemies":"Gremlin Leader","floor":30.0,"turns":5.0},{"damage":10.0,"enemies":"Automaton","floor":33.0,"turns":15.0},{"damage":21.0,"enemies":"3 Shapes","floor":35.0,"turns":4.0},{"damage":0.0,"enemies":"3 Darklings","floor":38.0,"turns":5.0},{"damage":0.0,"enemies":"Sphere and 2 Shapes","floor":39.0,"turns":4.0},{"damage":5.0,"enemies":"Nemesis","floor":40.0,"turns":7.0},{"damage":14.0,"enemies":"Giant Head","floor":42.0,"turns":11.0},{"damage":0,"enemies":"Nemesis","floor":44,"turns":5},{"damage":0,"enemies":"Maw","floor":46,"turns":3},{"damage":30,"enemies":"2 Orb Walkers","floor":47,"turns":7},{"damage":0,"enemies":"Time Eater","floor":50,"turns":5},{"damage":4,"enemies":"Awakened One","floor":51,"turns":9}],"seed_played":"990269760044459147","potions_obtained":[{"floor":6.0,"key":"Regen Potion"},{"floor":10.0,"key":"Poison Potion"},{"floor":18.0,"key":"Ancient Potion"},{"floor":28.0,"key":"Swift Potion"},{"floor":30.0,"key":"SteroidPotion"},{"floor":39.0,"key":"BlessingOfTheForge"},{"floor":42.0,"key":"DistilledChaos"}],"is_trial":false,"path_per_floor":["M","?","?","?","M","E","?","R","T","M","?","R","E","M","R","B",null,"M","M","?","M","M","E","M","R","T","R","M","$","E","?","R","B",null,"M","?","$","M","M","E","R","E","T","E","R","M","?","?","R","B","B",null],"character_chosen":"THE_SILENT","items_purchased":["Master of Strategy","ClockworkSouvenir","OrangePellets","Noxious Fumes"],"campfire_rested":4,"item_purchase_floors":[29,29,37,37],"current_hp_per_floor":[59,64,57,57,57,57,57,57,57,50,50,50,42,39,39,35,62,61,61,61,61,59,14,8,8,8,29,26,26,14,14,35,25,60,39,29,29,29,29,24,24,10,10,10,31,31,1,1,22,22,18],"gold":241,"neow_bonus":"THREE_ENEMY_KILL","is_prod":false,"is_daily":false,"chose_seed":false,"campfire_upgraded":5,"win_rate":0,"timestamp":1607511374,"path_taken":["M","?","?","?","?","E","?","R","T","M","?","R","E","?","R","BOSS","M","M","?","M","M","E","?","R","T","R","M","$","E","?","R","BOSS","M","?","$","M","M","E","R","E","T","E","R","M","?","?","R","BOSS","BOSS"],"build_version":"2020-11-30","purchased_purges":1,"victory":true,"max_hp_per_floor":[66,71,71,71,71,71,71,71,71,71,71,71,71,71,71,71,71,71,71,71,71,71,71,71,71,71,71,71,71,71,71,71,71,71,71,71,71,71,71,71,71,71,71,71,71,71,71,71,71,71,71],"card_choices":[{"not_picked":["Bane","Dodge and Roll"],"picked":"Deadly Poison","floor":1.0},{"not_picked":["Underhanded Strike","Prepared"],"picked":"Crippling Poison","floor":5.0},{"not_picked":["Flying Knee","Underhanded Strike"],"picked":"Burst","floor":6.0},{"not_picked":["Deflect","Cloak And Dagger"],"picked":"Dash","floor":10.0},{"not_picked":["Quick Slash","Backstab"],"picked":"Backflip","floor":13.0},{"not_picked":["Calculated Gamble","Blade Dance"],"picked":"Deflect","floor":14.0},{"not_picked":["Storm of Steel","Phantasmal Killer"],"picked":"Bullet Time","floor":16.0},{"not_picked":["PiercingWail","Predator"],"picked":"Backflip+1","floor":18.0},{"not_picked":["Skewer","Quick Slash","Blade Dance"],"picked":"SKIP","floor":19.0},{"not_picked":["Bane","Well Laid Plans"],"picked":"Footwork","floor":21.0},{"not_picked":["Finisher","Deflect"],"picked":"Well Laid Plans","floor":22.0},{"not_picked":["Deflect","Leg Sweep"],"picked":"Acrobatics","floor":23.0},{"not_picked":["Crippling Poison","Expertise","Wraith Form v2"],"picked":"SKIP","floor":24.0},{"not_picked":["PiercingWail","Dash"],"picked":"Acrobatics+1","floor":28.0},{"not_picked":["Sucker Punch","Quick Slash+1","Leg Sweep"],"picked":"SKIP","floor":30.0},{"not_picked":["Wraith Form v2","Doppelganger"],"picked":"Adrenaline","floor":33.0},{"not_picked":["Dodge and Roll","Cloak And Dagger"],"picked":"Reflex+1","floor":35.0},{"not_picked":["Secret Weapon","Panacea"],"picked":"Master of Strategy","floor":36.0},{"not_picked":["Blind","The Bomb"],"picked":"Master of Strategy","floor":36.0},{"not_picked":["Outmaneuver","Riddle With Holes+1","Flying Knee"],"picked":"SKIP","floor":38.0},{"not_picked":["Blur","Deflect"],"picked":"Prepared+1","floor":39.0},{"not_picked":["Dash","Cloak And Dagger+1"],"picked":"Blur","floor":40.0},{"not_picked":["Poisoned Stab","PiercingWail"],"picked":"Catalyst+1","floor":42.0},{"not_picked":["Acrobatics","PiercingWail","Outmaneuver"],"picked":"SKIP","floor":44},{"not_picked":["Terror","Cloak And Dagger","Underhanded Strike+1"],"picked":"SKIP","floor":46},{"not_picked":["Infinite Blades","Blade Dance"],"picked":"Calculated Gamble","floor":47}],"player_experience":642994,"relics_obtained":[{"floor":6.0,"key":"Shuriken"},{"floor":9.0,"key":"Incense Burner"},{"floor":13.0,"key":"Snake Skull"},{"floor":23.0,"key":"Ancient Tea Set"},{"floor":26.0,"key":"The Courier"},{"floor":30.0,"key":"MawBank"},{"floor":40.0,"key":"MealTicket"},{"floor":42.0,"key":"War Paint"},{"floor":43.0,"key":"Art of War"},{"floor":44,"key":"Blue Candle"},{"floor":47,"key":"StoneCalendar"}],"event_choices":[{"damage_healed":0.0,"max_hp_gain":5.0,"max_hp_loss":0.0,"gold_gain":0.0,"event_name":"Big Fish","player_choice":"Donut","floor":2.0,"gold_loss":0.0,"damage_taken":0.0},{"cards_removed":["Strike_G"],"damage_healed":0.0,"max_hp_gain":0.0,"max_hp_loss":0.0,"gold_gain":0.0,"event_name":"Golden Wing","player_choice":"Card Removal","floor":3.0,"gold_loss":0.0,"damage_taken":7.0},{"cards_removed":["Strike_G"],"damage_healed":0.0,"max_hp_gain":0.0,"max_hp_loss":0.0,"gold_gain":0.0,"event_name":"Living Wall","player_choice":"Forget","floor":4.0,"gold_loss":0.0,"damage_taken":0.0},{"cards_removed":["Strike_G"],"damage_healed":0.0,"max_hp_gain":0.0,"max_hp_loss":0.0,"gold_gain":0.0,"event_name":"The Cleric","player_choice":"Card Removal","floor":7.0,"gold_loss":75.0,"damage_taken":0.0},{"damage_healed":0.0,"max_hp_gain":0.0,"max_hp_loss":0.0,"gold_gain":0.0,"event_name":"Upgrade Shrine","player_choice":"Upgraded","floor":11.0,"gold_loss":0.0,"damage_taken":0.0,"cards_upgraded":["Crippling Poison"]},{"damage_healed":0.0,"max_hp_gain":0.0,"max_hp_loss":0.0,"gold_gain":100.0,"event_name":"The Joust","player_choice":"Bet on Murderer","floor":20.0,"gold_loss":50.0,"damage_taken":0.0},{"damage_healed":0.0,"max_hp_gain":0.0,"max_hp_loss":0.0,"gold_gain":0.0,"event_name":"Addict","player_choice":"Obtained Relic","floor":31.0,"gold_loss":85.0,"damage_taken":0.0,"relics_obtained":["Juzu Bracelet"]},{"damage_healed":0.0,"max_hp_gain":0.0,"max_hp_loss":0.0,"gold_gain":0.0,"event_name":"SensoryStone","player_choice":"Memory 3","floor":36.0,"gold_loss":0.0,"damage_taken":10.0},{"damage_healed":0,"gold_gain":0,"player_choice":"Fight","damage_taken":0,"max_hp_gain":0,"max_hp_loss":0,"event_name":"Mysterious Sphere","floor":47,"gold_loss":0},{"damage_healed":0,"gold_gain":0,"player_choice":"Ignored","damage_taken":0,"max_hp_gain":0,"max_hp_loss":0,"event_name":"SecretPortal","floor":48,"gold_loss":0}],"is_beta":false,"boss_relics":[{"not_picked":["HoveringKite","Philosopher\u0027s Stone"],"picked":"Empty Cage"},{"not_picked":["Calling Bell","Runic Pyramid"],"picked":"Runic Dome"}],"items_purged_floors":[29],"is_endless":false,"potions_floor_spawned":[6,10,13,14,18,19,22,28,30,39,42,44],"ascension_level":20}}