{"host":"nptej036rrbiurf5","time":1607476005,"event":{"gold_per_floor":[113,130,141,157,168,202,127,127,127,154,170,170,170],"floor_reached":12,"playtime":490,"items_purged":[],"score":164,"play_id":"0e34c152-29ed-4907-ab94-8d3e0f0b7068","local_time":"20201209100645","is_ascension_mode":true,"campfire_choices":[{"floor":8.0,"key":"REST"}],"neow_cost":"TEN_PERCENT_HP_LOSS","seed_source_timestamp":0,"circlet_count":0,"master_deck":["AscendersBane","Strike_G","Strike_G","Strike_G","Strike_G","Defend_G","Defend_G","Defend_G","Defend_G","Defend_G","Survivor","Neutralize","Corpse Explosion","Poisoned Stab","Backflip","Noxious Fumes","PiercingWail","Acrobatics","Masterful Stab"],"special_seed":0,"relics":["Ring of the Snake","MealTicket","Bag of Marbles","Odd Mushroom"],"potions_floor_usage":[],"damage_taken":[{"damage":1.0,"enemies":"Cultist","floor":1.0,"turns":4.0},{"damage":5.0,"enemies":"Small Slimes","floor":2.0,"turns":3.0},{"damage":6.0,"enemies":"2 Louse","floor":3.0,"turns":2.0},{"damage":0.0,"enemies":"2 Fungi Beasts","floor":4.0,"turns":2.0},{"damage":0.0,"enemies":"Gremlin Gang","floor":5.0,"turns":3.0},{"damage":39.0,"enemies":"Gremlin Nob","floor":6.0,"turns":4.0},{"damage":4.0,"enemies":"The Mushroom Lair","floor":10.0,"turns":3.0},{"damage":17,"enemies":"Large Slime","floor":11,"turns":6},{"damage":5,"enemies":"Blue Slaver","floor":12,"turns":2}],"seed_played":"3332741249075626396","potions_obtained":[{"floor":1.0,"key":"Explosive Potion"},{"floor":3.0,"key":"Explosive Potion"},{"floor":5.0,"key":"Explosive Potion"},{"floor":11,"key":"Poison Potion"}],"is_trial":false,"path_per_floor":["M","M","M","M","M","E","?","R","T","?","M","M"],"character_chosen":"THE_SILENT","items_purchased":[],"campfire_rested":1,"item_purchase_floors":[],"current_hp_per_floor":[58,53,47,47,47,8,8,26,26,22,5,0,0],"gold":170,"neow_bonus":"THREE_RARE_CARDS","is_prod":false,"is_daily":false,"chose_seed":false,"campfire_upgraded":0,"win_rate":0,"timestamp":1607476005,"path_taken":["M","M","M","M","M","E","?","R","T","?","M","M"],"build_version":"2020-11-30","purchased_purges":0,"victory":false,"max_hp_per_floor":[60,60,60,60,60,60,60,60,60,60,60,60,60],"card_choices":[{"not_picked":["Glass Knife","Tools of the Trade"],"picked":"Corpse Explosion","floor":0.0},{"not_picked":["Footwork","Bane"],"picked":"Poisoned Stab","floor":1.0},{"not_picked":["Poisoned Stab","Caltrops"],"picked":"Backflip","floor":2.0},{"not_picked":["All Out Attack","Footwork"],"picked":"Noxious Fumes","floor":3.0},{"not_picked":["Slice","Outmaneuver","Backflip"],"picked":"SKIP","floor":4.0},{"not_picked":["Accuracy","Caltrops","Slice"],"picked":"SKIP","floor":5.0},{"not_picked":["Quick Slash","Cloak And Dagger"],"picked":"PiercingWail","floor":6.0},{"not_picked":["Slice","PiercingWail"],"picked":"Acrobatics","floor":10.0},{"not_picked":["Accuracy","Backflip"],"picked":"Masterful Stab","floor":11}],"player_experience":799871,"relics_obtained":[{"floor":6.0,"key":"MealTicket"},{"floor":9.0,"key":"Bag of Marbles"},{"floor":10.0,"key":"Odd Mushroom"}],"event_choices":[{"cards_removed":["Strike_G"],"damage_healed":0.0,"max_hp_gain":0.0,"max_hp_loss":0.0,"gold_gain":0.0,"event_name":"The Cleric","player_choice":"Card Removal","floor":7.0,"gold_loss":75.0,"damage_taken":0.0},{"damage_healed":0.0,"max_hp_gain":0.0,"max_hp_loss":0.0,"gold_gain":0.0,"event_name":"Mushrooms","player_choice":"Fought Mushrooms","floor":10.0,"gold_loss":0.0,"damage_taken":0.0}],"is_beta":false,"boss_relics":[],"items_purged_floors":[],"is_endless":false,"potions_floor_spawned":[1,3,5,11],"killed_by":"Blue Slaver","ascension_level":20}}