{"host":"i344ixtilokuekwt","time":1607476184,"event":{"gold_per_floor":[115,134,151,168,180,212,212,238,238,238,256,289,289,308,308,308,308],"floor_reached":16,"playtime":696,"items_purged":[],"score":248,"play_id":"7634ac60-2284-4c48-a10a-ca78cc6d5b5a","local_time":"20201208200944","is_ascension_mode":true,"campfire_choices":[{"floor":7,"key":"REST"},{"floor":10,"key":"REST"},{"data":"WheelKick","floor":13,"key":"SMITH"},{"data":"SashWhip","floor":15,"key":"SMITH"}],"neow_cost":"NONE","seed_source_timestamp":59597475824500,"circlet_count":0,"master_deck":["AscendersBane","Strike_P","Strike_P","Strike_P","Strike_P","Defend_P","Defend_P","Defend_P","Defend_P","Eruption","Vigilance","FollowUp","WheelKick+1","FlurryOfBlows","Meditate","ClearTheMind","FearNoEvil","BowlingBash","Brilliance","SashWhip+1"],"relics":["Hammer of Thor","Seething Fire","Anvil of the Gods","Philosopher\u0027s Stone","Eternal Feather","Toy Ornithopter","Thread and Needle"],"potions_floor_usage":[8],"damage_taken":[{"damage":0,"enemies":"Cultist","floor":1,"turns":4},{"damage":1,"enemies":"2 Louse","floor":2,"turns":3},{"damage":0,"enemies":"Small Slimes","floor":3,"turns":3},{"damage":20,"enemies":"Exordium Wildlife","floor":4,"turns":5},{"damage":7,"enemies":"Red Slaver","floor":5,"turns":3},{"damage":31,"enemies":"Lagavulin","floor":6,"turns":6},{"damage":21,"enemies":"3 Sentries","floor":8,"turns":7},{"damage":0,"enemies":"Large Slime","floor":11,"turns":3},{"damage":4,"enemies":"Gremlin Nob","floor":12,"turns":3},{"damage":6,"enemies":"3 Louse","floor":14,"turns":2},{"damage":53,"enemies":"The Guardian","floor":16,"turns":12}],"seed_played":"-6216775941325888818","potions_obtained":[{"floor":2,"key":"Fire Potion"},{"floor":5,"key":"SmokeBomb"},{"floor":8,"key":"SneckoOil"},{"floor":11,"key":"BottledMiracle"},{"floor":12,"key":"DuplicationPotion"}],"is_trial":false,"path_per_floor":["M","M","M","M","M","E","R","E","T","R","M","E","R","M","R","B"],"character_chosen":"WATCHER","items_purchased":[],"campfire_rested":2,"item_purchase_floors":[],"current_hp_per_floor":[61,60,60,40,33,2,31,10,10,39,39,35,44,38,50,0,0],"gold":308,"neow_bonus":"BOSS_RELIC","is_prod":false,"is_daily":false,"chose_seed":false,"campfire_upgraded":2,"win_rate":0,"timestamp":1607476184,"path_taken":["M","M","M","M","M","E","R","E","T","R","M","E","R","M","R","BOSS"],"build_version":"2020-11-30","purchased_purges":0,"victory":false,"max_hp_per_floor":[68,68,68,68,68,68,68,68,68,68,68,68,68,68,68,68,68],"relic_stats":{"counters":[11,51],"Eternal Feather":39,"obtain_stats":[{"Anvil of the Gods":0,"Philosopher\u0027s Stone":0,"Eternal Feather":6,"Thread and Needle":12,"Hammer of Thor":0,"Seething Fire":0,"PureWater":0,"Toy Ornithopter":8},{"Anvil of the Gods":0,"Philosopher\u0027s Stone":0,"Eternal Feather":6,"Thread and Needle":9,"Hammer of Thor":0,"Seething Fire":0,"PureWater":0,"Toy Ornithopter":7},{"Anvil of the Gods":0,"Philosopher\u0027s Stone":0,"Eternal Feather":24,"Thread and Needle":37,"Hammer of Thor":0,"Seething Fire":0,"PureWater":0,"Toy Ornithopter":31}],"Toy Ornithopter":0},"card_choices":[{"not_picked":["BowlingBash","EmptyMind","FlyingSleeves"],"picked":"SKIP","floor":1},{"not_picked":["Evaluate","SashWhip"],"picked":"FollowUp","floor":2},{"not_picked":["Crescendo","FlyingSleeves"],"picked":"WheelKick","floor":3},{"not_picked":["Perseverance","CrushJoints"],"picked":"FlurryOfBlows","floor":4},{"not_picked":["FlyingSleeves","ForeignInfluence"],"picked":"Meditate","floor":5},{"not_picked":["EmptyMind","MentalFortress"],"picked":"ClearTheMind","floor":6},{"not_picked":["WindmillStrike","Study"],"picked":"FearNoEvil","floor":8},{"not_picked":["EmptyFist","ClearTheMind"],"picked":"BowlingBash","floor":11},{"not_picked":["Wireheading","PathToVictory"],"picked":"Brilliance","floor":12},{"not_picked":["Collect","CrushJoints"],"picked":"SashWhip","floor":14}],"player_experience":640982,"relics_obtained":[{"floor":6,"key":"Eternal Feather"},{"floor":8,"key":"Toy Ornithopter"},{"floor":12,"key":"Thread and Needle"}],"event_choices":[],"is_beta":false,"boss_relics":[],"items_purged_floors":[],"is_endless":false,"potions_floor_spawned":[2,5,8,11,12],"killed_by":"The Guardian","ascension_level":20}}