{"host":"ktoxvvst1mwxww91","time":1607537618,"event":{"gold_per_floor":[117,131,56,73,86,118,129,129,129,129,144,178,178,178,178,308,308,332,77,100,119,142,142,157,198,198,198,231,231,251,126,126,249,249,268,268,268,292,142,142,160,194,218,43,43,123,137,160,160,160,160,160,49,82,82,82],"floor_reached":55,"playtime":2451,"items_purged":["hermit:Covet","hermit:Roughhouse","hermit:Snapshot","Writhe","hermit:Determination"],"score":1301,"play_id":"9dbc5e48-9659-4d81-91ae-c819bc62f09a","local_time":"20201209191338","is_ascension_mode":true,"campfire_choices":[{"data":"hermit:Maintenance","floor":8.0,"key":"SMITH"},{"data":"hermit:Maintenance","floor":10.0,"key":"SMITH"},{"data":"hermit:CalledShot","floor":15.0,"key":"SMITH"},{"data":"hermit:Showdown","floor":23.0,"key":"SMITH"},{"data":"hermit:WideOpen","floor":27.0,"key":"SMITH"},{"floor":32.0,"key":"REST"},{"data":"hermit:LoneWolf+1","floor":40.0,"key":"PURGE"},{"floor":45.0,"key":"RECALL"},{"data":"hermit:FlashPowder","floor":49.0,"key":"SMITH"},{"data":"hermit:Quickdraw","floor":52.0,"key":"SMITH"}],"neow_cost":"NONE","seed_source_timestamp":0,"circlet_count":0,"master_deck":["hermit:Strike_Hermit","hermit:Strike_Hermit","hermit:Strike_Hermit","hermit:Strike_Hermit","hermit:Defend_Hermit","hermit:Defend_Hermit","hermit:Defend_Hermit","hermit:Defend_Hermit","hermit:Maintenance+1","hermit:CalledShot+1","hermit:Quickdraw+1","hermit:Maintenance+1","hermit:FlashPowder+1","hermit:Showdown+1","hermit:GhostlyPresence+1","hermit:FlashPowder+1","hermit:FlashPowder","hermit:TakeCover+1"],"special_seed":0,"relics":["Runic Pyramid","Meat on the Bone","Ornamental Fan","Kunai","Golden Idol","SlaversCollar","HandDrill","Akabeko","White Beast Statue","Red Mask","Anchor","Coffee Dripper","Peace Pipe","Toy Ornithopter","StrikeDummy","hermit:CharredGlove"],"potions_floor_usage":[54,54],"damage_taken":[{"damage":0.0,"enemies":"Cultist","floor":1.0,"turns":4.0},{"damage":0.0,"enemies":"2 Louse","floor":2.0,"turns":3.0},{"damage":0.0,"enemies":"Small Slimes","floor":4.0,"turns":3.0},{"damage":4.0,"enemies":"Gremlin Gang","floor":5.0,"turns":5.0},{"damage":30.0,"enemies":"Gremlin Nob","floor":6.0,"turns":5.0},{"damage":9.0,"enemies":"Large Slime","floor":7.0,"turns":7.0},{"damage":1.0,"enemies":"Blue Slaver","floor":11.0,"turns":5.0},{"damage":0.0,"enemies":"Lagavulin","floor":12.0,"turns":7.0},{"damage":0.0,"enemies":"Hexaghost","floor":16.0,"turns":11.0},{"damage":38.0,"enemies":"3 Byrds","floor":18.0,"turns":8.0},{"damage":0.0,"enemies":"Chosen","floor":20.0,"turns":6.0},{"damage":21.0,"enemies":"Shelled Parasite and Fungi","floor":21.0,"turns":6.0},{"damage":0.0,"enemies":"Snecko","floor":22.0,"turns":5.0},{"damage":2.0,"enemies":"Cultist and Chosen","floor":24.0,"turns":6.0},{"damage":2.0,"enemies":"Gremlin Leader","floor":25.0,"turns":7.0},{"damage":18.0,"enemies":"Masked Bandits","floor":28.0,"turns":5.0},{"damage":0.0,"enemies":"Centurion and Healer","floor":30.0,"turns":7.0},{"damage":0.0,"enemies":"Champ","floor":33.0,"turns":8.0},{"damage":15.0,"enemies":"3 Shapes","floor":35.0,"turns":8.0},{"damage":14.0,"enemies":"Orb Walker","floor":38.0,"turns":6.0},{"damage":0.0,"enemies":"Writhing Mass","floor":41.0,"turns":6.0},{"damage":0.0,"enemies":"Giant Head","floor":42.0,"turns":9.0},{"damage":0.0,"enemies":"Spire Growth","floor":47.0,"turns":6.0},{"damage":0.0,"enemies":"Jaw Worm Horde","floor":48.0,"turns":5.0},{"damage":0.0,"enemies":"Awakened One","floor":50.0,"turns":12.0},{"damage":60,"enemies":"Shield and Spear","floor":54,"turns":13},{"damage":47,"enemies":"The Heart","floor":55,"turns":2}],"seed_played":"4614905340021798450","potions_obtained":[{"floor":4.0,"key":"hermit:BlackBile"},{"floor":5.0,"key":"EssenceOfSteel"},{"floor":11.0,"key":"ColorlessPotion"},{"floor":16.0,"key":"Dexterity Potion"},{"floor":22.0,"key":"Block Potion"},{"floor":24.0,"key":"ColorlessPotion"},{"floor":28.0,"key":"Fire Potion"},{"floor":30.0,"key":"Swift Potion"},{"floor":33.0,"key":"SkillPotion"},{"floor":35.0,"key":"SpeedPotion"},{"floor":41.0,"key":"Guardian:BlockOnCardUsePotion"},{"floor":42.0,"key":"FearPotion"},{"floor":47.0,"key":"Strength Potion"},{"floor":48.0,"key":"Weak Potion"},{"floor":54,"key":"sneckomod:MuddlingPotion"}],"is_trial":false,"path_per_floor":["M","M","$","M","M","E","M","R","T","R","M","E","?","?","R","B",null,"M","$","M","M","M","R","M","E","T","R","?","?","M","$","R","B",null,"M","?","?","M","$","R","M","E","T","$","R","T","M","M","R","B",null,"R","$","E","B"],"character_chosen":"HERMIT","items_purchased":["HandDrill","DuplicationPotion","hermit:FlashPowder"],"campfire_rested":1,"item_purchase_floors":[19,53,53],"current_hp_per_floor":[68,68,68,68,64,34,37,37,37,37,48,48,48,48,48,48,64,38,38,38,29,41,41,39,37,37,37,31,25,37,37,57,57,66,51,68,68,54,54,54,54,54,54,54,54,54,54,64,64,69,69,69,69,21,0,0],"gold":82,"neow_bonus":"BOSS_RELIC","is_prod":false,"is_daily":false,"chose_seed":false,"campfire_upgraded":7,"win_rate":0,"timestamp":1607537618,"path_taken":["M","M","$","?","M","E","M","R","T","R","M","E","?","?","R","BOSS","M","$","M","M","?","R","M","E","T","R","?","?","M","$","R","BOSS","M","?","?","?","$","R","M","E","T","?","R","?","M","?","R","BOSS","R","$","E","BOSS"],"build_version":"2020-11-30","purchased_purges":5,"victory":false,"max_hp_per_floor":[75,75,75,75,75,75,75,75,75,75,75,75,69,69,69,69,69,69,69,69,69,69,69,69,69,69,69,69,69,69,69,69,69,69,69,69,69,69,69,69,69,69,69,69,69,69,69,69,69,69,69,69,69,69,69,69],"card_choices":[{"not_picked":["hermit:ItchyTrigger","hermit:HoleUp"],"picked":"hermit:Misfire","floor":1.0},{"not_picked":["hermit:TakeCover","hermit:Roulette"],"picked":"hermit:Maintenance","floor":2.0},{"not_picked":["hermit:Horror","hermit:BodyArmor"],"picked":"hermit:CalledShot","floor":4.0},{"not_picked":["hermit:DeadMansHand","hermit:Coalescence"],"picked":"hermit:Quickdraw","floor":5.0},{"not_picked":["hermit:ShadowCloak","hermit:Purgatory"],"picked":"hermit:Maintenance","floor":6.0},{"not_picked":["hermit:Headshot","hermit:HoleUp"],"picked":"hermit:Determination","floor":7.0},{"not_picked":["hermit:BigShot","hermit:Quickdraw","hermit:Desperado"],"picked":"SKIP","floor":11.0},{"not_picked":["hermit:Misfire","hermit:Virtue","hermit:HighNoon"],"picked":"SKIP","floor":12.0},{"not_picked":["hermit:CursedWeapon","hermit:Coalescence+1"],"picked":"hermit:FlashPowder+1","floor":18.0},{"not_picked":["hermit:ItchyTrigger","hermit:Ricochet"],"picked":"hermit:Showdown","floor":20.0},{"not_picked":["hermit:Misfire","hermit:Vantage","hermit:Snipe"],"picked":"SKIP","floor":21.0},{"not_picked":["hermit:Roulette+1","hermit:Desperado"],"picked":"hermit:WideOpen","floor":22.0},{"not_picked":["hermit:Quickdraw","hermit:Glare","hermit:Roulette"],"picked":"SKIP","floor":24.0},{"not_picked":["hermit:Gambit","hermit:Grudge","hermit:CalledShot"],"picked":"SKIP","floor":25.0},{"not_picked":["hermit:HoleUp+1","hermit:LuckOfTheDraw"],"picked":"hermit:LoneWolf+1","floor":28.0},{"not_picked":["hermit:Headshot","hermit:Spite","hermit:Roulette"],"picked":"SKIP","floor":30.0},{"not_picked":["hermit:Virtue+1","hermit:Ricochet","hermit:Feint"],"picked":"SKIP","floor":35.0},{"not_picked":["hermit:Roulette+1","hermit:Vantage"],"picked":"hermit:GhostlyPresence+1","floor":38.0},{"not_picked":["hermit:Scavenge","hermit:HighCaliber+1","hermit:WideOpen"],"picked":"SKIP","floor":41.0},{"not_picked":["hermit:Malice+1","hermit:Misfire+1","hermit:BodyArmor+1"],"picked":"SKIP","floor":42.0},{"not_picked":["hermit:DeadMansHand+1","hermit:Magnum"],"picked":"hermit:FlashPowder","floor":47.0},{"not_picked":["hermit:Combo","hermit:Quickdraw+1","hermit:EyeOfTheStorm+1"],"picked":"SKIP","floor":48.0},{"not_picked":["hermit:Snipe+1","hermit:Misfire"],"picked":"hermit:TakeCover+1","floor":54}],"player_experience":1002179,"relics_obtained":[{"floor":6.0,"key":"Meat on the Bone"},{"floor":9.0,"key":"Ornamental Fan"},{"floor":12.0,"key":"Kunai"},{"floor":25.0,"key":"Akabeko"},{"floor":26.0,"key":"White Beast Statue"},{"floor":28.0,"key":"Red Mask"},{"floor":42.0,"key":"Toy Ornithopter"},{"floor":46.0,"key":"StrikeDummy"},{"floor":54,"key":"hermit:CharredGlove"}],"event_choices":[{"damage_healed":0.0,"max_hp_gain":0.0,"max_hp_loss":6.0,"gold_gain":0.0,"event_name":"Golden Idol","player_choice":"Lose Max HP","floor":13.0,"gold_loss":0.0,"damage_taken":0.0,"relics_obtained":["Golden Idol"]},{"damage_healed":0.0,"max_hp_gain":0.0,"max_hp_loss":0.0,"gold_gain":0.0,"cards_transformed":["hermit:Misfire"],"event_name":"Transmorgrifier","player_choice":"Transformed","floor":14.0,"gold_loss":0.0,"damage_taken":0.0,"cards_obtained":["hermit:Roughhouse"]},{"damage_healed":0.0,"max_hp_gain":0.0,"max_hp_loss":0.0,"gold_gain":0.0,"event_name":"Masked Bandits","player_choice":"Fought Bandits","floor":28.0,"gold_loss":0.0,"damage_taken":0.0},{"damage_healed":0.0,"max_hp_gain":0.0,"max_hp_loss":0.0,"gold_gain":0.0,"event_name":"blackbeard:ShipwreckEvent","player_choice":"Anchor","floor":29.0,"gold_loss":0.0,"damage_taken":0.0,"relics_obtained":["Anchor"]},{"damage_healed":17.0,"max_hp_gain":0.0,"max_hp_loss":0.0,"gold_gain":0.0,"event_name":"Winding Halls","player_choice":"Writhe","floor":36.0,"gold_loss":0.0,"damage_taken":0.0,"cards_obtained":["Writhe"]},{"cards_removed":["hermit:WideOpen"],"damage_healed":0.0,"max_hp_gain":0.0,"max_hp_loss":0.0,"gold_gain":0.0,"event_name":"WeMeetAgain","player_choice":"Gave Card","floor":37.0,"gold_loss":0.0,"damage_taken":0.0,"relics_obtained":["Peace Pipe"]}],"is_beta":false,"boss_relics":[{"not_picked":["Astrolabe","Tiny House"],"picked":"SlaversCollar"},{"not_picked":["SacredBark","Sozu"],"picked":"Coffee Dripper"}],"items_purged_floors":[3,19,31,39,44],"is_endless":false,"potions_floor_spawned":[4,5,11,16,22,24,28,30,33,35,38,41,42,47,48,54],"killed_by":"The Heart","ascension_level":8}}