{"host":"q2g9o89qua515qte","time":1607520999,"event":{"gold_per_floor":[110,110,124,141,141,184,204,219,292,292,292,311,191,204,204,204,204],"floor_reached":16,"playtime":684,"items_purged":["conspire:Blindness"],"score":104,"play_id":"eee55380-59de-4f42-af69-32eafd25118e","local_time":"20201209143639","is_ascension_mode":false,"campfire_choices":[{"floor":15,"key":"REST"}],"neow_cost":"CURSE","seed_source_timestamp":66181780500400,"circlet_count":0,"master_deck":["astrologer:Strike","astrologer:Strike","astrologer:Strike","astrologer:Defend","astrologer:Defend","astrologer:Defend","astrologer:Defend","astrologer:NorthStar","astrologer:TheFool","hubris:Sloth","astrologer:Premonition","astrologer:Opposition","astrologer:StarOfMisfortune","astrologer:Conjunction","Injury","astrologer:TheLovers","astrologer:Moonlight","astrologer:CometStrike","astrologer:FrozenStar","astrologer:Confirmation+1","astrologer:Novile"],"relics":["astrologer:SkyMirror","Golden Idol","aspiration:SeaSaltIceCream","aspiration:DSix","Pocketwatch","Replay:Baseball","ReplayTheSpireMod:CursedCoin","Omamori"],"potions_floor_usage":[6,7,8],"damage_taken":[{"damage":7,"enemies":"2 Louse","floor":1,"turns":4},{"damage":0,"enemies":"Small Slimes","floor":3,"turns":3},{"damage":6,"enemies":"Cultist","floor":4,"turns":3},{"damage":42,"enemies":"Lagavulin","floor":6,"turns":9},{"damage":29,"enemies":"Large Slime","floor":7,"turns":8},{"damage":0,"enemies":"2 Fungi Beasts","floor":8,"turns":5},{"damage":5,"enemies":"Exordium Wildlife","floor":12,"turns":5},{"damage":12,"enemies":"Large Slime","floor":14,"turns":6},{"damage":41,"enemies":"Fading Forest","floor":16,"turns":7}],"seed_played":"7012476494778343239","potions_obtained":[{"floor":1,"key":"SneckoOil"},{"floor":3,"key":"conspire:TimeTravelPotion"},{"floor":6,"key":"Cursed Concoction"}],"is_trial":false,"path_per_floor":["M","?","M","M","?","E","M","M","T","?","?","M","$","M","R","B"],"character_chosen":"ASTROLOGER","items_purchased":["ReplayTheSpireMod:CursedCoin","Omamori","astrologer:Confirmation+1"],"campfire_rested":1,"item_purchase_floors":[13,13,13],"current_hp_per_floor":[63,63,63,57,57,33,4,4,4,27,27,22,22,10,31,0,0],"gold":204,"neow_bonus":"THREE_RARE_CARDS","is_prod":false,"is_daily":false,"chose_seed":false,"campfire_upgraded":0,"win_rate":0,"timestamp":1607520999,"path_taken":["M","?","M","M","?","E","M","M","T","?","?","?","$","M","R","BOSS"],"build_version":"2020-11-30","purchased_purges":1,"victory":false,"max_hp_per_floor":[70,70,70,70,70,70,70,70,70,70,70,70,70,70,70,70,70],"card_choices":[{"not_picked":["astrologer:Fate","astrologer:BlackHole"],"picked":"astrologer:Premonition","floor":0},{"not_picked":["astrologer:SolarFlare","astrologer:TheHierophant"],"picked":"astrologer:Opposition","floor":1},{"not_picked":["astrologer:Radiance","astrologer:SpaceDust"],"picked":"astrologer:StarOfMisfortune","floor":3},{"not_picked":["astrologer:Stardust","astrologer:TheEmpress"],"picked":"astrologer:Conjunction","floor":4},{"not_picked":["astrologer:Prismatic","astrologer:TheDevil"],"picked":"astrologer:TheLovers","floor":6},{"not_picked":["astrologer:Prismatic","astrologer:FrozenStar"],"picked":"astrologer:Moonlight","floor":7},{"not_picked":["astrologer:Moonlight","astrologer:Justice"],"picked":"astrologer:CometStrike","floor":8},{"not_picked":["astrologer:Premeditation","astrologer:Eclipse"],"picked":"astrologer:FrozenStar","floor":12},{"not_picked":["astrologer:SpaceDust","astrologer:Radiance"],"picked":"astrologer:Novile","floor":14}],"player_experience":771294,"relics_obtained":[{"floor":6,"key":"aspiration:SeaSaltIceCream"},{"floor":9,"key":"Pocketwatch"},{"floor":11,"key":"Replay:Baseball"}],"event_choices":[{"damage_healed":0,"gold_gain":0,"player_choice":"Take Wound","damage_taken":0,"relics_obtained":["Golden Idol"],"max_hp_gain":0,"max_hp_loss":0,"event_name":"Golden Idol","floor":5,"gold_loss":0,"cards_obtained":["Injury"]},{"damage_healed":23,"gold_gain":0,"player_choice":"Banana","damage_taken":0,"max_hp_gain":0,"max_hp_loss":0,"event_name":"Big Fish","floor":10,"gold_loss":0},{"damage_healed":0,"gold_gain":0,"player_choice":"Relic","damage_taken":0,"max_hp_gain":0,"max_hp_loss":0,"event_name":"Wheel of Change","floor":11,"gold_loss":0}],"is_beta":false,"boss_relics":[],"items_purged_floors":[13],"is_endless":false,"potions_floor_spawned":[1,3,6],"killed_by":"Fading Forest","ascension_level":0}}