{"host":"8b6x5jh5dgxmxtlw","time":1607488622,"event":{"gold_per_floor":[115,24,40,54,69,69,85,110,110,42,42,42,77,96,96,192,192,206,206],"floor_reached":18,"playtime":1822,"items_purged":[],"score":164,"play_id":"1149f151-a525-402f-992d-344052e8327b","local_time":"20201208233702","is_ascension_mode":false,"campfire_choices":[{"floor":6.0,"key":"REST"},{"floor":15.0,"key":"REST"}],"neow_cost":"NONE","seed_source_timestamp":0,"circlet_count":0,"master_deck":["hermit:Strike_Hermit","hermit:Strike_Hermit","hermit:Strike_Hermit","hermit:Strike_Hermit","hermit:Defend_Hermit","hermit:Defend_Hermit","hermit:Defend_Hermit","hermit:Defend_Hermit","hermit:Snapshot","hermit:Covet+1","hermit:Horror","hermit:Deadeye","hermit:Vantage","hermit:LowProfile","hermit:LowProfile","hermit:Vantage","hermit:Headshot","hermit:Midnight","hermit:Quickdraw","hermit:Misfire","hermit:Magnum","hermit:Dive+1"],"special_seed":0,"relics":["StuffTheSpire:OccultApparatus","CCEMRelics:FryingPan","StuffTheSpire:OldFever","StuffTheSpire:CocoNut","Gremlin Food","conspire:RunicOctahedron"],"potions_floor_usage":[],"damage_taken":[{"damage":6.0,"enemies":"2 Louse","floor":1.0,"turns":3.0},{"damage":1.0,"enemies":"Cultist","floor":3.0,"turns":3.0},{"damage":6.0,"enemies":"Jaw Worm","floor":4.0,"turns":3.0},{"damage":12.0,"enemies":"Exordium Thugs","floor":5.0,"turns":5.0},{"damage":6.0,"enemies":"3 Louse","floor":7.0,"turns":3.0},{"damage":28.0,"enemies":"Lagavulin","floor":8.0,"turns":9.0},{"damage":14.0,"enemies":"conspire:MimicChest","floor":13.0,"turns":6.0},{"damage":0.0,"enemies":"Looter","floor":14.0,"turns":2.0},{"damage":48.0,"enemies":"Slime Boss","floor":16.0,"turns":10.0},{"damage":21.0,"enemies":"3 Byrds","floor":18.0,"turns":6.0}],"seed_played":"-3841011538733772074","potions_obtained":[{"floor":8.0,"key":"Ancient Potion"},{"floor":13.0,"key":"SpeedPotion"}],"is_trial":false,"path_per_floor":["M","?","M","M","M","R","M","E","T","$","?","$","?","M","R","B",null,"M"],"character_chosen":"HERMIT","items_purchased":["hermit:Midnight"],"campfire_rested":2,"item_purchase_floors":[10],"current_hp_per_floor":[69,69,68,62,50,72,66,38,45,45,45,45,31,31,55,7,82,61,61],"gold":206,"neow_bonus":"RANDOM_EVENT","is_prod":false,"is_daily":false,"chose_seed":false,"campfire_upgraded":0,"win_rate":0.0,"timestamp":1607488622,"path_taken":["M","?","M","?","M","R","M","E","T","$","?","?","?","M","R","BOSS","M"],"build_version":"2020-11-30","purchased_purges":0,"victory":false,"max_hp_per_floor":[75,75,75,75,75,75,75,75,82,82,82,82,82,82,82,82,82,82,82],"card_choices":[{"not_picked":["hermit:Roulette","hermit:Manifest"],"picked":"hermit:Deadeye","floor":1.0},{"not_picked":["hermit:HoleUp","hermit:TakeCover"],"picked":"hermit:Vantage","floor":3.0},{"not_picked":["hermit:Malice","hermit:WideOpen"],"picked":"hermit:LowProfile","floor":4.0},{"not_picked":["hermit:Coalescence","hermit:FinalCanter"],"picked":"hermit:LowProfile","floor":5.0},{"not_picked":["hermit:Maintenance","hermit:HoleUp"],"picked":"hermit:Vantage","floor":7.0},{"not_picked":["hermit:NoHoldsBarred","hermit:Manifest"],"picked":"hermit:Headshot","floor":8.0},{"not_picked":["hermit:Feint","hermit:Misfire"],"picked":"hermit:Quickdraw","floor":13.0},{"not_picked":["hermit:Showdown","hermit:TakeAim"],"picked":"hermit:Misfire","floor":14.0},{"not_picked":["hermit:RoundhouseKick","hermit:FatalDesire"],"picked":"hermit:Magnum","floor":16.0},{"not_picked":["hermit:Glare+1","hermit:GoldenBullet"],"picked":"hermit:Dive+1","floor":18}],"player_experience":68769,"relics_obtained":[{"floor":8.0,"key":"StuffTheSpire:OldFever"},{"floor":9.0,"key":"StuffTheSpire:CocoNut"},{"floor":13.0,"key":"Gremlin Food"}],"event_choices":[{"damage_healed":0.0,"max_hp_gain":0.0,"max_hp_loss":0.0,"gold_gain":0.0,"event_name":"WeMeetAgain","player_choice":"Paid Gold","floor":2.0,"gold_loss":91.0,"damage_taken":0.0,"relics_obtained":["CCEMRelics:FryingPan"]}],"is_beta":false,"boss_relics":[{"not_picked":["hubris:VirtuousBlindfold","Honey Jar"],"picked":"conspire:RunicOctahedron"}],"items_purged_floors":[],"is_endless":false,"potions_floor_spawned":[8,13],"killed_by":"3 Byrds","ascension_level":0}}