{"host":"g0j05wwvpvh6wxob","time":1607500727,"event":{"gold_per_floor":[114,114,114,35,52,52,52,52,93,93,118,118,152,192,5,59,59,147,147,159,159,141,144,144,170,170,182,182,182,196,230,230,257,257,342,342,372,374,374,374,50,91,91,135,135,171,171,171,31,70,70,66],"floor_reached":53,"playtime":7734,"items_purged":[],"score":792,"play_id":"01046392-85f2-4de0-b75e-a4108b0603c2","local_time":"20201208235847","daily_mods":["Draft","Red Cards","Green Cards","Blue Cards","Purple Cards","Heirloom"],"is_ascension_mode":false,"campfire_choices":[{"data":"SummonOwlFamiliar","floor":8,"key":"SMITH"},{"data":"stsjorbsmod:MagicMirror","floor":10,"key":"SMITH"},{"data":"TheCursedMod:CircleOfFlame","floor":12,"key":"SMITH"},{"floor":26,"key":"REST"},{"data":"infinitespire:Oblivion","floor":32,"key":"SMITH"},{"data":"infinitespire:Oblivion","floor":34,"key":"SMITH"},{"data":"hierophant:Batter","floor":43,"key":"SMITH"},{"data":"Time Bomb","floor":47,"key":"SMITH"},{"data":"Burst","floor":51,"key":"SMITH"}],"neow_cost":"","seed_source_timestamp":562920948354800,"circlet_count":0,"master_deck":["stsjorbsmod:UnseenServant","PainBolt","Rage","BleedOut","stsjorbsmod:MagicMirror+1","construct:Disrupt+1","construct:Versatility+1","hierophant:Doubloon","hierophant:Doubloon","Malady","BootSequence","hierophant:Shelter","TheCursedMod:CircleOfFlame+1","Inflame","RiteOfWinter","hermit:Desperado","Guardian:Recover+1","SummonOwlFamiliar+1","construct:SyphonStrike","hierophant:Prophecy","Forethought","infinitespire:Neurotoxin","Backstab","Burst","hermit:LoneWolf","hierophant:TollTheBells+1","hermit:Quickdraw","infinitespire:NeuralNetwork+1","infinitespire:Oblivion+1","BleedOut","Malady","stsjorbsmod:UnseenServant","PainBolt","Rage","BleedOut","stsjorbsmod:MagicMirror+1","construct:Disrupt+1","construct:Versatility","hierophant:Doubloon","hierophant:Doubloon","Malady","BootSequence","hierophant:Shelter","TheCursedMod:CircleOfFlame+1","Inflame+1","RiteOfWinter","hermit:Desperado","Guardian:Recover+1","SummonOwlFamiliar+1","construct:SyphonStrike","hierophant:Prophecy","Forethought","infinitespire:Neurotoxin","Backstab","Burst+1","hermit:LoneWolf","hierophant:TollTheBells+1","hermit:Quickdraw","infinitespire:NeuralNetwork+1","infinitespire:Oblivion+1","BleedOut+1","Malady","Bewitch","TheCursedMod:Torture+1","construct:Isolate+1","hierophant:Batter+1","Time Bomb+1","stsjorbsmod:TrueStrike+1","expansioncontent:Collect+1","expansioncontent:QuickStudy","stsjorbsmod:Will+1","theScribe:ScrollOfShadows+1","Blood for Blood+1","Time Bomb","Sweeping Beam","Quick Slash+1"],"relics":["Burning Blood","infinitespire:Lychee Nut","hubris:Potato","Smiling Mask","Frozen Egg 2","Replay:Drink Me","construct:ClawGrip","halation:SwordOfLegend","aspiration:Stabinomicon","Bird Faced Urn","hubris:TenFootPole","hubris:BlackHole","halation:EternalFortune","Bag of Preparation","Kunai","Whetstone","Torii","construct:RocketBooster"],"potions_floor_usage":[18,20,25,27,38,38],"damage_taken":[{"damage":13,"enemies":"2 Louse","floor":1,"turns":4},{"damage":8,"enemies":"Small Slimes","floor":5,"turns":4},{"damage":9,"enemies":"Cultist","floor":9,"turns":4},{"damage":0,"enemies":"Large Slime","floor":13,"turns":4},{"damage":6,"enemies":"Blue Slaver","floor":14,"turns":4},{"damage":51,"enemies":"Slime Boss","floor":18,"turns":15},{"damage":0,"enemies":"Shell Parasite","floor":20,"turns":5},{"damage":0,"enemies":"2 Thieves","floor":22,"turns":4},{"damage":24,"enemies":"Shelled Parasite and Fungi","floor":23,"turns":6},{"damage":27,"enemies":"Book of Stabbing","floor":25,"turns":5},{"damage":16,"enemies":"Centurion and Healer","floor":27,"turns":4},{"damage":1,"enemies":"Gremlin Leader","floor":30,"turns":5},{"damage":6,"enemies":"Snecko","floor":31,"turns":3},{"damage":4,"enemies":"3 Cultists","floor":33,"turns":3},{"damage":11,"enemies":"Automaton","floor":35,"turns":6},{"damage":0,"enemies":"Orb Walker","floor":37,"turns":2},{"damage":0,"enemies":"3 Darklings","floor":38,"turns":5},{"damage":16,"enemies":"Nightmare","floor":42,"turns":5},{"damage":0,"enemies":"4 Shapes","floor":44,"turns":3},{"damage":0,"enemies":"Sphere and 2 Shapes","floor":46,"turns":2},{"damage":0,"enemies":"Jaw Worm Horde","floor":50,"turns":3},{"damage":13,"enemies":"Time Eater","floor":52,"turns":6}],"seed_played":"4849252305988131993","potions_obtained":[{"floor":1,"key":"Elixir"},{"floor":5,"key":"Doom Potion"},{"floor":18,"key":"DistilledChaos"},{"floor":23,"key":"Adrenaline Potion"},{"floor":25,"key":"hexamod:EctoCoolerPotion"},{"floor":35,"key":"Explosive Potion"},{"floor":37,"key":"Strength Potion"},{"floor":44,"key":"ElixirPotion"},{"floor":50,"key":"SpeedPotion"}],"is_trial":true,"path_per_floor":["M","?","?","$","M","PTL","PTL","R","M","R","T","R","M","M","$","?","R_BF","B",null,"M","?","M","M","AVR","E","R","M","T","?","E","M","R","M","R","B",null,"M","M","?","?","$","NM","R","M","T","M","R","?","$","M","R","B",null],"character_chosen":"IRONCLAD","items_purchased":["Guardian:Recover+1","artistmod:ColorfulClobber","Frozen Egg 2","Forethought","Bag of Preparation","Kunai","construct:RocketBooster","Sweeping Beam"],"campfire_rested":1,"item_purchase_floors":[4,4,15,15,41,41,49,49],"current_hp_per_floor":[54,54,54,54,58,58,58,58,57,57,57,57,60,60,60,60,60,15,45,45,45,45,28,28,13,29,25,25,25,45,45,45,45,45,45,45,45,45,48,48,48,44,48,51,51,51,51,51,51,51,51,47],"gold":66,"neow_bonus":"","is_prod":false,"is_daily":false,"chose_seed":false,"campfire_upgraded":8,"win_rate":0,"timestamp":1607500727,"path_taken":["M","?","?","$","?","PTL","PTL","R","M","R","T","R","M","M","$","?","R_BF","BOSS","M","?","?","M","AVR","E","R","M","T","?","E","M","R","M","R","BOSS","M","?","?","?","?","NM","R","M","T","M","R","?","?","M","R","BOSS"],"build_version":"2020-11-30","purchased_purges":0,"victory":true,"max_hp_per_floor":[60,60,60,60,60,60,60,60,60,60,60,60,60,60,60,60,60,60,45,45,45,45,45,45,45,45,45,45,45,45,45,45,45,45,45,45,45,45,48,48,48,48,48,51,51,51,51,51,51,51,51,51],"card_choices":[{"not_picked":["artistmod:RedRazzing","Run Through"],"picked":"stsjorbsmod:UnseenServant","floor":0},{"not_picked":["sneckomod:UnknownWeak","hierophant:OrnateBuckler"],"picked":"PainBolt","floor":0},{"not_picked":["hierophant:ThreeLashes","stsjorbsmod:Prepare"],"picked":"Rage","floor":0},{"not_picked":["stsjorbsmod:ParryingBlow","hierophant:RepressedViolence"],"picked":"BleedOut","floor":0},{"not_picked":["hermit:Misfire","Iron Wave"],"picked":"stsjorbsmod:MagicMirror","floor":0},{"not_picked":["Riddle With Holes","Guardian:ChargeCore"],"picked":"construct:Disrupt","floor":0},{"not_picked":["hierophant:HolyVerse","Guardian:ArmoredProtocol"],"picked":"construct:Versatility","floor":0},{"not_picked":["Pray","stsjorbsmod:Materialize"],"picked":"hierophant:RustyCrate","floor":0},{"not_picked":["hierophant:HolyVerse","hermit:TakeCover"],"picked":"Malady","floor":0},{"not_picked":["theScribe:StaticCage","construct:ModeShift"],"picked":"hexamod:Firestarter","floor":0},{"not_picked":["Headbutt","artistmod:ColorfulClobber"],"picked":"BootSequence","floor":0},{"not_picked":["stsjorbsmod:WeightOfMemory","Clash"],"picked":"hierophant:Shelter","floor":0},{"not_picked":["stsjorbsmod:DisguiseSelf","theScribe:Thunder"],"picked":"TheCursedMod:CircleOfFlame","floor":0},{"not_picked":["hermit:Feint","TheCursedMod:TacticalStrike"],"picked":"Inflame","floor":0},{"not_picked":["True Grit","construct:Boost"],"picked":"RiteOfWinter","floor":0},{"not_picked":["Guardian:FuturePlans","Prepared"],"picked":"hermit:Desperado","floor":1},{"not_picked":["hexamod:EmpoweredFlame","BowlingBash"],"picked":"SummonOwlFamiliar","floor":5},{"not_picked":["stsjorbsmod:BurningFlask","Ball Lightning"],"picked":"construct:SyphonStrike","floor":9},{"not_picked":["Beam Cell","theScribe:SanguineSurge"],"picked":"Warcry","floor":13},{"not_picked":["stsjorbsmod:BurningFlask","PathToVictory"],"picked":"hierophant:Prophecy","floor":14},{"not_picked":["theScribe:Ghost_Realm+1","Buffer+1"],"picked":"Burst","floor":18},{"not_picked":["TheCursedMod:TacticalStrike+1","artistmod:BlueBurst"],"picked":"hermit:LoneWolf","floor":20},{"not_picked":["theScribe:GatherComponents","stsjorbsmod:FracturedMind"],"picked":"hierophant:TollTheBells+1","floor":22},{"not_picked":["EmptyFist","Heatsinks+1"],"picked":"hermit:Quickdraw","floor":23},{"not_picked":["TheCursedMod:Torture","ClearTheMind"],"picked":"BleedOut","floor":25},{"not_picked":["Barrage","Guardian:PrismaticBeam"],"picked":"Malady","floor":27},{"not_picked":["hexamod:SwordOfDarkness","hexamod:RadiantFlame+1"],"picked":"Bewitch","floor":30},{"not_picked":["TheCursedMod:LuckyCharm+1","TheCursedMod:Wield"],"picked":"TheCursedMod:Torture+1","floor":31},{"not_picked":["hermit:PistolWhip","Guardian:GemFinder+1"],"picked":"construct:Isolate+1","floor":33},{"not_picked":["hexamod:Toasty","TheCursedMod:DemonicPact+1"],"picked":"hierophant:Batter","floor":35},{"not_picked":["Go for the Eyes+1","hexamod:StepThrough+1"],"picked":"Time Bomb","floor":37},{"not_picked":["SoulBarrier+1","Ball Lightning+1"],"picked":"stsjorbsmod:TrueStrike+1","floor":38},{"not_picked":["Violence","Sadistic Nature+1"],"picked":"expansioncontent:Collect+1","floor":40},{"not_picked":["expansioncontent:Chronoboost+1","Dark Shackles"],"picked":"expansioncontent:QuickStudy","floor":40},{"not_picked":["Uppercut","Guardian:WalkerClaw+1"],"picked":"stsjorbsmod:Will+1","floor":42},{"not_picked":["Broomstick","hierophant:SolarFlare"],"picked":"theScribe:ScrollOfShadows+1","floor":44},{"not_picked":["artistmod:BigBrown","CarveReality"],"picked":"Blood for Blood+1","floor":46},{"not_picked":["Guardian:SpikerProtocol+1","Flame Barrier"],"picked":"Quick Slash+1","floor":50}],"player_experience":153086,"relics_obtained":[{"floor":11,"key":"Smiling Mask"},{"floor":25,"key":"aspiration:Stabinomicon"},{"floor":28,"key":"Bird Faced Urn"},{"floor":30,"key":"hubris:TenFootPole"},{"floor":42,"key":"Whetstone"},{"floor":44,"key":"halation:EternalFortune"},{"floor":45,"key":"Torii"}],"event_choices":[{"damage_healed":0,"gold_gain":0,"player_choice":"Gave Potion","damage_taken":0,"relics_obtained":["hubris:Potato"],"max_hp_gain":0,"max_hp_loss":0,"event_name":"WeMeetAgain","floor":3,"gold_loss":0},{"damage_healed":0,"gold_gain":54,"player_choice":"Gained Gold","damage_taken":0,"max_hp_gain":0,"max_hp_loss":0,"event_name":"Golden Wing","floor":16,"gold_loss":0},{"damage_healed":0,"gold_gain":0,"player_choice":"Ignored","damage_taken":0,"max_hp_gain":0,"max_hp_loss":0,"event_name":"betterNote:BetterNote","floor":21,"gold_loss":0,"cards_obtained":["Shade:Defend_Shade"]},{"damage_healed":0,"gold_gain":3,"player_choice":"1","damage_taken":0,"max_hp_gain":0,"max_hp_loss":0,"event_name":"betterStone:BetterStone","floor":40,"gold_loss":0}],"is_beta":false,"boss_relics":[{"not_picked":["vexMod:CursedCompass","halation:LoveArrow"],"picked":"Replay:Drink Me"},{"not_picked":["energizedSpire:TabascoSauce","vexMod:EndlessSickness"],"picked":"hubris:BlackHole"}],"items_purged_floors":[],"is_endless":false,"potions_floor_spawned":[1,5,18,23,25,35,37,44,50],"ascension_level":0}}