{"host":"svwqvw2il1zfkkg0","time":1607493191,"event":{"gold_per_floor":[116,134,134,144,158,190,190,190,190,200,214,246,262,262,262,262,262],"floor_reached":16,"playtime":598,"items_purged":[],"score":114,"play_id":"f224b6d8-db50-49cb-90b8-4a634e10aa8a","local_time":"20201208215311","is_ascension_mode":false,"campfire_choices":[{"floor":7,"key":"REST"},{"floor":15,"key":"REST"}],"neow_cost":"BASIC_CARDS","seed_source_timestamp":406103775667600,"circlet_count":0,"master_deck":["Strike_G","Strike_G","Strike_G","Strike_G","Strike_G","Defend_G","Defend_G","Defend_G","Defend_G","Defend_G","Neutralize","Defend_P","Slimebound:Defend_Slimebound","ReplayTheSpireMod:Necrosis","Bane","Underhanded Strike","m_Survivalism","Poisoned Stab","Poisoned Stab","infinitespire:Neurotoxin","Prepared+1","Bane","Bane"],"relics":["Ring of the Snake","Lantern","hubris:DeckOfHolding","Torii"],"potions_floor_usage":[10,12,12,12,16],"damage_taken":[{"damage":7,"enemies":"2 Louse","floor":1,"turns":3},{"damage":0,"enemies":"Small Slimes","floor":2,"turns":4},{"damage":4,"enemies":"Cultist","floor":4,"turns":4},{"damage":3,"enemies":"Blue Slaver","floor":5,"turns":3},{"damage":31,"enemies":"3 Sentries","floor":6,"turns":10},{"damage":0,"enemies":"3 Louse","floor":10,"turns":1},{"damage":13,"enemies":"Lots of Slimes","floor":11,"turns":5},{"damage":6,"enemies":"Lagavulin","floor":12,"turns":5},{"damage":8,"enemies":"2 Fungi Beasts","floor":13,"turns":3},{"damage":56,"enemies":"Fading Forest","floor":16,"turns":7}],"seed_played":"3747644472656375952","potions_obtained":[{"floor":5,"key":"Fire Potion"},{"floor":6,"key":"Explosive Potion"},{"floor":8,"key":"GhostInAJar"},{"floor":11,"key":"Strength Potion"},{"floor":13,"key":"Milkshake"}],"is_trial":false,"path_per_floor":["M","M","?","M","M","E","R","?","T","M","M","E","M","?","R","B"],"character_chosen":"THE_SILENT","items_purchased":[],"campfire_rested":2,"item_purchase_floors":[],"current_hp_per_floor":[63,63,63,59,56,25,46,46,46,46,33,27,19,19,40,0,0],"gold":262,"neow_bonus":"THREE_RARE_CARDS","is_prod":false,"is_daily":false,"chose_seed":false,"campfire_upgraded":0,"win_rate":0,"timestamp":1607493191,"path_taken":["M","M","?","M","M","E","R","?","T","M","M","E","?","?","R","BOSS"],"build_version":"2020-11-30","purchased_purges":0,"victory":false,"max_hp_per_floor":[70,70,70,70,70,70,70,70,70,70,70,70,70,70,70,70,70],"card_choices":[{"not_picked":["Phantasmal Killer","ReplayTheSpireMod:From All Sides"],"picked":"ReplayTheSpireMod:Necrosis","floor":0},{"not_picked":["Quick Slash","Dash"],"picked":"Bane","floor":1},{"not_picked":["Choke","Cloak And Dagger"],"picked":"Underhanded Strike","floor":2},{"not_picked":["Skewer","Heel Hook"],"picked":"Poisoned Stab","floor":4},{"not_picked":["Expertise","Outmaneuver"],"picked":"Poisoned Stab","floor":5},{"not_picked":["Skewer","Hidden Blade"],"picked":"infinitespire:Neurotoxin","floor":6},{"not_picked":["Slice","Endless Agony"],"picked":"Prepared","floor":10},{"not_picked":["Dodge and Roll","Flying Knee"],"picked":"Bane","floor":11},{"not_picked":["Fluid Movement","Slice"],"picked":"Bane","floor":12},{"not_picked":["Slice","Sneak Up","Acrobatics"],"picked":"SKIP","floor":13}],"player_experience":349723,"relics_obtained":[{"floor":6,"key":"Lantern"},{"floor":9,"key":"hubris:DeckOfHolding"},{"floor":12,"key":"Torii"}],"event_choices":[{"damage_healed":0,"gold_gain":0,"player_choice":"Got Potions","damage_taken":0,"max_hp_gain":0,"max_hp_loss":0,"event_name":"Lab","floor":8,"gold_loss":0}],"is_beta":false,"boss_relics":[],"items_purged_floors":[],"is_endless":false,"potions_floor_spawned":[5,6,11,13],"killed_by":"Fading Forest","ascension_level":0}}