{"host":"f0dbpmn0khgeoqc0","time":1607528196,"event":{"gold_per_floor":[564,464,105,105,117,149,149,189,189,189,189,216,246,261,261,345,345,569,273,289,31,31,271,271,503,529,529,560,560,781,1014,1014,1106,1106,1318,1374,1587,1621,1400,1440,1440,1440,1466,1481,1681,1902,2133,2369,2369,2374,2390,2390,2590,2228,2467,2477],"floor_reached":57,"playtime":3478,"items_purged":["conspire:Blindness","Pain","Regret"],"score":4129,"play_id":"d3153876-b180-41b7-b553-0672a0194357","local_time":"20201209103636","is_ascension_mode":true,"campfire_choices":[{"data":"stsjorbsmod:OldPocket","floor":10.0,"key":"SMITH"},{"data":"stsjorbsmod:FindFamiliar","floor":15.0,"key":"SMITH"},{"data":"stsjorbsmod:DeathThroes","floor":24.0,"key":"SMITH"},{"data":"stsjorbsmod:Fireball","floor":27.0,"key":"SMITH"},{"data":"stsjorbsmod:Inferno","floor":29.0,"key":"SMITH"},{"floor":32.0,"key":"REST"},{"floor":41,"key":"RECALL"},{"floor":49,"key":"REST"},{"floor":53,"key":"REST"}],"neow_cost":"","seed_source_timestamp":300009080509900,"circlet_count":0,"master_deck":["AscendersBane","stsjorbsmod:ForbiddenGrimoire+1","stsjorbsmod:Strike_Wanderer","stsjorbsmod:Strike_Wanderer","stsjorbsmod:Defend_Wanderer","stsjorbsmod:Defend_Wanderer","stsjorbsmod:Defend_Wanderer","stsjorbsmod:FreshAdventure+1","stsjorbsmod:EyeOfTheStorm","DeusExMachina+1","stsjorbsmod:ColorSpray+1","stsjorbsmod:FindFamiliar+1","stsjorbsmod:Firebolt","Ghostly","Predator","Terror","Neutralize","stsjorbsmod:Inferno+1","TH:DeckOfManyThings","stsjorbsmod:OldPocket+1","TH:DeckOfManyThings","stsjorbsmod:ArcaneWeapon+1","TH:TreasureMap","Injury","TH:CopperCoins","stsjorbsmod:FranticSearch+1","stsjorbsmod:LocateObject+1","TH:CopperCoins","stsjorbsmod:Fireball+1","Clumsy","stsjorbsmod:MageArmor+1","stsjorbsmod:DeathThroes+1","stsjorbsmod:FranticSearch+1","TH:TreasureMap","TH:DeckOfManyThings","Shame","TH:DeckOfManyThings","TH:CursedSword","stsjorbsmod:MagicMirror+1","conspire:NecroticWound","TH:TreasureMap","conspire:NecroticWound","TH:CursedSword","stsjorbsmod:Entangle+1","conspire:NecroticWound","Necronomicurse","Clumsy","stsjorbsmod:ArcaneWeapon+1","stsjorbsmod:HoldMonster+1","Parasite","Dark Shackles+1","TH:DeckOfManyThings+1","stsjorbsmod:Rediscovery+1","TH:TreasureMap+1","stsjorbsmod:Stalwart+1","AscendersBane","stsjorbsmod:ArcaneWeapon+1","conspire:NecroticWound","TH:CursedSword+1","Parasite","stsjorbsmod:ArcaneWeapon+1","conspire:Blindness","stsjorbsmod:WeightOfMemory","stsjorbsmod:Patron","stsjorbsmod:Index+1","stsjorbsmod:MagicMissiles","REME_Flogging+1","TH:CopperCoins+1","stsjorbsmod:Withering"],"special_seed":0,"relics":["stsjorbsmod:GrimoireRelic","DaveBox","REME_ComplimentaryCards","Vajra","Technique","Strange Spoon","MealTicket","Chemical X","REME_HandOfSuture","Question Card","Frozen Egg 2","Bronze Scales","Du-Vu Doll","Blood Vial","PreservedInsect","Toxic Egg 2","Juzu Bracelet","Ancient Tea Set","ImportantClient","JellyFishMachine","REME_DemonsWealth","Nunchaku","Bottled Flame","Membership Card","Akabeko","REME_LimitBreaker","aspiration:HiddenCompartment","Strawberry","aspiration:Lifesprig","Bag of Preparation","conspire:TopHat","RhineCircuit","Necronomicon","Dream Catcher","BrkXgEgg","Lee\u0027s Waffle","stsjorbsmod:AlchemistsFireRelic","Anchor","Boot","stsjorbsmod:BottledMemoryRelic","Lantern","beaked:SacredDeck","stsjorbsmod:MindGlassRelic","Centennial Puzzle"],"potions_floor_usage":[56,56,56,56],"damage_taken":[{"damage":0.0,"enemies":"2 Louse","floor":1.0,"turns":2.0},{"damage":0.0,"enemies":"Jaw Worm","floor":5.0,"turns":2.0},{"damage":0.0,"enemies":"Gremlin Nob","floor":6.0,"turns":3.0},{"damage":7.0,"enemies":"3 Sentries","floor":8.0,"turns":5.0},{"damage":0.0,"enemies":"Gremlin Nob","floor":12.0,"turns":2.0},{"damage":0.0,"enemies":"conspire:RoseBush","floor":14.0,"turns":3.0},{"damage":28.0,"enemies":"Slime Boss","floor":16.0,"turns":7.0},{"damage":15.0,"enemies":"Shell Parasite","floor":18.0,"turns":3.0},{"damage":0.0,"enemies":"Spheric Guardian","floor":20.0,"turns":2.0},{"damage":0.0,"enemies":"Gremlin Leader","floor":23.0,"turns":2.0},{"damage":0.0,"enemies":"REME_1_Revenger","floor":25.0,"turns":2.0},{"damage":0.0,"enemies":"conspire:Head Lice","floor":28.0,"turns":2.0},{"damage":43.0,"enemies":"3 Cultists","floor":30.0,"turns":6.0},{"damage":7.0,"enemies":"Book of Stabbing","floor":31.0,"turns":2.0},{"damage":56.0,"enemies":"Collector","floor":33.0,"turns":6.0},{"damage":0,"enemies":"3 Darklings","floor":35,"turns":1},{"damage":9,"enemies":"3 Shapes","floor":37,"turns":1},{"damage":0,"enemies":"Transient","floor":38,"turns":5},{"damage":0,"enemies":"Giant Head","floor":40,"turns":4},{"damage":0,"enemies":"3 Darklings","floor":44,"turns":1},{"damage":0,"enemies":"4 Shapes","floor":46,"turns":1},{"damage":0,"enemies":"Nemesis","floor":47,"turns":1},{"damage":0,"enemies":"Mind Bloom Boss Battle","floor":48,"turns":1},{"damage":45,"enemies":"Mind Bloom Boss Battle","floor":48,"turns":2},{"damage":31,"enemies":"conspire:OrnateMirror","floor":50,"turns":2},{"damage":26,"enemies":"Awakened One","floor":51,"turns":6},{"damage":0,"enemies":"Shield and Spear","floor":55,"turns":1},{"damage":76,"enemies":"The Heart","floor":56,"turns":4}],"seed_played":"-1934567297979022597","potions_obtained":[{"floor":5.0,"key":"Strength Potion"},{"floor":6.0,"key":"GamblersBrew"},{"floor":30.0,"key":"DuplicationPotion"},{"floor":38,"key":"SpeedPotion"},{"floor":46,"key":"EntropicBrew"}],"is_trial":false,"path_per_floor":["M","?","$","?","M","E","?","E","T","R","?","E","?","M","R","B",null,"M","$","M","$","?","E","R","E","T","R","E","R","M","E","R","B",null,"M","$","M","M","$","E","R","?","T","M","?","M","E","?","R","B","B",null,"R","$","E","B",null],"character_chosen":"WANDERER","items_purchased":["Vajra","Technique","Strange Spoon","stsjorbsmod:ColorSpray","MealTicket","Chemical X","REME_HandOfSuture","Fruit Juice","stsjorbsmod:FindFamiliar","Frozen Egg 2","Bronze Scales","Nunchaku","Bottled Flame","Membership Card","Akabeko","stsjorbsmod:DeathThroes","Necronomicon","Dream Catcher","BrkXgEgg","stsjorbsmod:ArcaneWeapon+1","stsjorbsmod:HoldMonster+1","Lee\u0027s Waffle","stsjorbsmod:AlchemistsFireRelic","Anchor","Dark Shackles+1","Boot","stsjorbsmod:MindGlassRelic","stsjorbsmod:Patron","stsjorbsmod:Index+1","stsjorbsmod:MagicMissiles","REME_Flogging+1"],"campfire_rested":3,"item_purchase_floors":[0,0,0,0,0,0,0,0,0,3,3,19,19,21,21,21,36,36,36,36,36,39,39,39,39,39,54,54,54,54,54],"current_hp_per_floor":[64,64,69,69,69,69,51,47,47,47,47,49,49,53,53,31,63,54,69,73,73,73,73,73,80,80,80,80,80,48,47,72,23,70,72,86,78,84,93,93,93,93,93,93,93,93,93,50,77,70,52,83,93,93,93,57],"gold":2477,"neow_bonus":"","is_prod":false,"is_daily":false,"chose_seed":false,"campfire_upgraded":5,"win_rate":0,"timestamp":1607528196,"path_taken":["M","?","$","?","M","E","?","E","T","R","?","E","?","M","R","BOSS","M","$","M","$","?","E","R","E","T","R","E","R","M","E","R","BOSS","M","$","M","M","$","E","R","?","T","M","?","M","E","?","R","BOSS","BOSS","R","$","E","BOSS"],"build_version":"2020-11-30","purchased_purges":3,"victory":true,"max_hp_per_floor":[69,69,69,69,69,69,69,69,69,69,69,69,69,69,69,73,73,73,73,73,73,73,73,73,80,80,80,80,80,86,86,86,86,86,86,86,86,86,93,93,93,93,93,93,93,93,93,93,93,93,93,93,93,93,93,91],"card_choices":[{"not_picked":["stsjorbsmod:Materialize","stsjorbsmod:BlackTentacles"],"picked":"stsjorbsmod:Firebolt","floor":1.0},{"not_picked":["stsjorbsmod:ParryingBlow","stsjorbsmod:Prestidigitation+1","stsjorbsmod:CorrodingBarrier"],"picked":"stsjorbsmod:Inferno","floor":5.0},{"not_picked":["TH:PixieDust","TH:CopperCoins"],"picked":"TH:DeckOfManyThings","floor":6.0},{"not_picked":["stsjorbsmod:BurningFlask","stsjorbsmod:ChainLightning","stsjorbsmod:TrueStrike"],"picked":"stsjorbsmod:OldPocket","floor":6.0},{"not_picked":["TH:CopperCoins","TH:ElvenBoots"],"picked":"TH:DeckOfManyThings","floor":8.0},{"not_picked":["stsjorbsmod:Inferno","stsjorbsmod:Will","stsjorbsmod:Hibernate"],"picked":"stsjorbsmod:ArcaneWeapon+1","floor":8.0},{"not_picked":["TH:Mimic","TH:ArmorSpikes"],"picked":"TH:TreasureMap","floor":9.0},{"not_picked":["TH:ArmorSpikes","TH:DeckOfManyThings"],"picked":"TH:CopperCoins","floor":12.0},{"not_picked":["stsjorbsmod:TollTheDead","stsjorbsmod:Firebolt","stsjorbsmod:Channel+1"],"picked":"stsjorbsmod:FranticSearch+1","floor":12.0},{"not_picked":["stsjorbsmod:ChainLightning","stsjorbsmod:Will+1","stsjorbsmod:Prestidigitation+1"],"picked":"stsjorbsmod:LocateObject+1","floor":14.0},{"not_picked":["TH:PixieDust","TH:ArmorSpikes"],"picked":"TH:CopperCoins","floor":16.0},{"not_picked":["stsjorbsmod:SiphonEnergy+1","stsjorbsmod:Feast+1","stsjorbsmod:Fear+1"],"picked":"stsjorbsmod:Fireball","floor":16.0},{"not_picked":["stsjorbsmod:RefuseToForget+1","stsjorbsmod:FranticSearch+1","stsjorbsmod:AnimateObjects+1","stsjorbsmod:Materialize+1"],"picked":"Clumsy","floor":18.0},{"not_picked":["stsjorbsmod:Firebolt","stsjorbsmod:SmithingStrike","stsjorbsmod:TrueStrike","Decay"],"picked":"stsjorbsmod:MageArmor+1","floor":20.0},{"not_picked":["TH:ArmorSpikes","TH:Mimic"],"picked":"TH:TreasureMap","floor":23.0},{"not_picked":["stsjorbsmod:FaerieFire+1","stsjorbsmod:ChatteringStrike","stsjorbsmod:HedgeWizard+1","stsjorbsmod:Patron"],"picked":"conspire:Blindness","floor":23.0},{"not_picked":["TH:TreasureMap","TH:PixieDust"],"picked":"TH:DeckOfManyThings","floor":25.0},{"not_picked":["stsjorbsmod:MageArmor+1","stsjorbsmod:Mending+1","stsjorbsmod:MagicMissiles","stsjorbsmod:BookOfTongues+1"],"picked":"Shame","floor":25.0},{"not_picked":["TH:EnergyPotion","TH:BikiniMail"],"picked":"TH:DeckOfManyThings","floor":26.0},{"not_picked":["TH:TreasureMap","TH:CopperCoins"],"picked":"TH:CursedSword","floor":28.0},{"not_picked":["stsjorbsmod:MageArmor+1","stsjorbsmod:LocateObject+1","stsjorbsmod:TrueStrike","conspire:Blindness"],"picked":"stsjorbsmod:MagicMirror+1","floor":28.0},{"not_picked":["stsjorbsmod:MagicMissiles","stsjorbsmod:BlackTentacles","stsjorbsmod:WanderingMind+1","stsjorbsmod:FracturedMind"],"picked":"conspire:NecroticWound","floor":30.0},{"not_picked":["TH:PixieDust","TH:EnergyPotion"],"picked":"TH:TreasureMap","floor":31.0},{"not_picked":["stsjorbsmod:HedgeWizard+1","stsjorbsmod:BookOfTongues+1","stsjorbsmod:BlackTentacles","stsjorbsmod:MagicMissiles+1"],"picked":"conspire:NecroticWound","floor":31.0},{"not_picked":["TH:ElvenBoots","TH:BikiniMail"],"picked":"TH:CursedSword","floor":33.0},{"not_picked":["stsjorbsmod:PurgeMind","stsjorbsmod:Determination+1","stsjorbsmod:IvoryTower+1","Decay"],"picked":"stsjorbsmod:Entangle+1","floor":33.0},{"not_picked":["stsjorbsmod:TollTheDead","stsjorbsmod:Hibernate+1","stsjorbsmod:Prepare+1","stsjorbsmod:DoubleCheck+1"],"picked":"conspire:NecroticWound","floor":35},{"not_picked":["stsjorbsmod:Mending+1","stsjorbsmod:Channel+1","stsjorbsmod:Firebolt","stsjorbsmod:Counterspell+1"],"picked":"Parasite","floor":37},{"not_picked":["stsjorbsmod:Patron+1","stsjorbsmod:WeightOfMemory","stsjorbsmod:Materialize+1","stsjorbsmod:MistyStep+1","Regret"],"picked":"SKIP","floor":38},{"not_picked":["TH:ArmorSpikes","TH:PixieDust"],"picked":"TH:DeckOfManyThings","floor":40},{"not_picked":["stsjorbsmod:DoubleCheck+1","stsjorbsmod:Channel+1","stsjorbsmod:ChainLightning","Parasite"],"picked":"stsjorbsmod:Rediscovery+1","floor":40},{"not_picked":["TH:EnergyPotion","TH:PixieDust"],"picked":"TH:TreasureMap","floor":43},{"not_picked":["stsjorbsmod:WeightOfMemory","stsjorbsmod:Hibernate+1","stsjorbsmod:Prepare+1","Regret"],"picked":"stsjorbsmod:Stalwart+1","floor":44},{"not_picked":["stsjorbsmod:BlackTentacles","stsjorbsmod:MagicMissiles","stsjorbsmod:FaerieFire+1","stsjorbsmod:Materialize+1"],"picked":"conspire:NecroticWound","floor":46},{"not_picked":["TH:ArmorSpikes","TH:ElvenBoots"],"picked":"TH:CursedSword","floor":47},{"not_picked":["stsjorbsmod:Mania","stsjorbsmod:Introspection+1","stsjorbsmod:LocateObject+1","stsjorbsmod:BlackTentacles"],"picked":"Parasite","floor":47},{"not_picked":["stsjorbsmod:WanderingMind+1","stsjorbsmod:Hibernate+1","stsjorbsmod:TollTheDead","stsjorbsmod:UnseenServant+1"],"picked":"conspire:Blindness","floor":48},{"not_picked":["stsjorbsmod:DoubleCheck+1","stsjorbsmod:Introspection+1","stsjorbsmod:ChainLightning","Writhe"],"picked":"stsjorbsmod:WeightOfMemory","floor":49},{"not_picked":["stsjorbsmod:Hibernate+1","stsjorbsmod:MagicMissiles","stsjorbsmod:Aid+1","stsjorbsmod:ChainLightning"],"picked":"Regret","floor":53},{"not_picked":["TH:PixieDust","TH:TreasureMap"],"picked":"TH:CopperCoins","floor":55},{"not_picked":["stsjorbsmod:Rediscovery+1","stsjorbsmod:WeightOfMemory","stsjorbsmod:Withdraw+1","stsjorbsmod:BlackTentacles"],"picked":"stsjorbsmod:Withering","floor":55}],"player_experience":528021,"relics_obtained":[{"floor":1.0,"key":"Question Card"},{"floor":6.0,"key":"Du-Vu Doll"},{"floor":8.0,"key":"PreservedInsect"},{"floor":12.0,"key":"Juzu Bracelet"},{"floor":16.0,"key":"ImportantClient"},{"floor":23.0,"key":"aspiration:HiddenCompartment"},{"floor":25.0,"key":"Strawberry"},{"floor":26.0,"key":"aspiration:Lifesprig"},{"floor":28.0,"key":"Bag of Preparation"},{"floor":31.0,"key":"conspire:TopHat"},{"floor":43,"key":"stsjorbsmod:BottledMemoryRelic"},{"floor":47,"key":"Lantern"},{"floor":48,"key":"beaked:SacredDeck"},{"floor":55,"key":"Centennial Puzzle"}],"event_choices":[{"damage_healed":0.0,"max_hp_gain":0.0,"max_hp_loss":0.0,"gold_gain":0.0,"event_name":"conspire:LoneGhost","player_choice":"Argue","floor":2.0,"gold_loss":0.0,"damage_taken":0.0},{"damage_healed":0.0,"max_hp_gain":0.0,"max_hp_loss":0.0,"gold_gain":0.0,"event_name":"betterThird:BetterScrap","player_choice":"Relic ","floor":7.0,"gold_loss":0.0,"damage_taken":18.0,"cards_obtained":["Chill"]},{"damage_healed":0.0,"max_hp_gain":0.0,"max_hp_loss":0.0,"gold_gain":30.0,"event_name":"Dead Adventurer","player_choice":"Searched \u00273\u0027 times","floor":13.0,"gold_loss":0.0,"damage_taken":0.0,"relics_obtained":["Ancient Tea Set"]},{"damage_healed":0.0,"max_hp_gain":0.0,"max_hp_loss":0.0,"gold_gain":0.0,"event_name":"The Library","player_choice":"Read","floor":22.0,"gold_loss":0.0,"damage_taken":0.0,"cards_obtained":["stsjorbsmod:FranticSearch"]},{"damage_healed":0,"gold_gain":0,"player_choice":"Forge","damage_taken":0,"max_hp_gain":0,"max_hp_loss":0,"event_name":"Accursed Blacksmith","floor":42,"gold_loss":0,"cards_upgraded":["stsjorbsmod:ColorSpray"]},{"damage_healed":0,"gold_gain":3,"player_choice":"3","damage_taken":0,"max_hp_gain":0,"max_hp_loss":0,"event_name":"betterStone:BetterStone","floor":45,"gold_loss":0,"cards_obtained":["stsjorbsmod:ArcaneWeapon"]},{"damage_healed":0,"gold_gain":0,"player_choice":"Fight","damage_taken":0,"max_hp_gain":0,"max_hp_loss":0,"event_name":"MindBloom","floor":48,"gold_loss":0}],"is_beta":false,"boss_relics":[{"not_picked":["Transparent","REME_DemonsWealth"],"picked":"JellyFishMachine"},{"not_picked":["REME_LowDesire","FeatherPendant"],"picked":"RhineCircuit"}],"items_purged_floors":[36,39,54],"is_endless":false,"potions_floor_spawned":[5,6,8,12,25,30,31,38,40,46,48,55],"ascension_level":20}}