{"host":"j683o6xmdzvsisft","time":1607480993,"event":{"gold_per_floor":[112,287,303,303,316,316,347,366,366,398,16,16,16,34,34,130,130,117,131,171,184,203,240,240,254,254,272,307,307,307,307,307,411,411,421,438,438,438,438,469,469,500,570,570,589,601,630,43,43,158,158,166,176,176,176,183,200,200,215,268,278,293,293,55,39,39,112,112,106,93,93,89,94,112,105,116,116,118,127,135,135,50,50,107,107,105,93,93,105,105,112,112,106,106,82,82,82],"floor_reached":96,"playtime":7861,"items_purged":[],"score":3065,"play_id":"861c2c3c-2bf7-41a2-b02e-ac3ce657eb74","local_time":"20201209102953","is_ascension_mode":true,"campfire_choices":[{"floor":6.0,"key":"REST"},{"floor":15.0,"key":"REST"},{"data":"infinitespire:Gouge","floor":30.0,"key":"SMITH"},{"floor":32.0,"key":"REST"},{"data":"animator:HinaKagiyama","floor":41.0,"key":"SMITH"},{"data":"animator:Saber","floor":49.0,"key":"SMITH"},{"data":"animator:Alexander","floor":58.0,"key":"SMITH"},{"data":"animator:Ainz","floor":63.0,"key":"SMITH"},{"floor":66.0,"key":"DIG"},{"data":"animator:Laby","floor":83.0,"key":"SMITH"},{"data":"animator:Laby","floor":92.0,"key":"SMITH"}],"neow_cost":"","seed_source_timestamp":0,"circlet_count":0,"master_deck":["animator:Strike_NoGameNoLife+1","animator:Defend_NoGameNoLife","animator:Strike+1","animator:Defend+1","animator:Defend+1","animator:DolaSchwi","animator:DolaCouronne+1","animator:Darkness","animator:TukaLunaMarceau+1","Doubt","animator:Shigure","animator:DolaSchwi","animator:NarberalGamma+1","animator:AcuraAkari+1","animator:ElricAlphonse+1","animator:Laby+1","infinitespire:Gouge+1","Replay:Hysterical Blindness","animator:Greed","animator:Gillette","animator:Eris+1","animator:Entoma+6","animator:Mitsuba","animator:Vesta+1","animator:Lu","animator:Ainz+1","Pot Of Greed+1","Pot Of Greed+1","Pot Of Greed+1","animator:IzunaHatsuse+1","Pain","animator:KrulTepes","animator:Aqua+1","animator:EmiyaShirou+1","animator:HinaKagiyama+1","animator:Curse_Dizziness","Pot Of Greed+1","animator:Saber+1","animator:IzunaHatsuse+1","animator:Emonzaemon+1","animator:Shinoa+1","animator:Shigure+1","animator:Megumin","animator:Alexander+1","animator:Tyuule+1","animator:ItamiYouji","animator:YaoHaDucy","animator:Saitama+1","animator:DolaRiku+1","Pot Of Greed+1","animator:Vesta+1","infinitespire:Starlight+1","Decay","animator:AcuraAkari+1","animator:ChaikaTrabant","animator:Benimaru","animator:RinTohsaka+1","animator:Benimaru","animator:Shigure","animator:Saitama+1","animator:AcuraAkari+1","animator:Alexander","Pot Of Greed+1","animator:Laby+1","animator:Sora+1","animator:YunYun","animator:Alexander","animator:YunYun+1","animator:Benimaru","animator:Shinoa+1","animator:IzunaHatsuse+1","animator:Albedo+1","animator:Scar+1","animator:Emonzaemon+1","animator:Yoichi+1","Pot Of Greed+1","animator:Benimaru+1","animator:ZankiKiguchi","animator:Emilia+1","animator:Emilia+1","animator:HououinKyouma+1","animator:CrowleyEusford+1","animator:Mitsurugi","animator:AcuraShin+1","hubris:Compulsion","animator:Eris+1","infinitespire:UltimateForm","animator:DolaSchwi+1","Pot Of Greed+1"],"special_seed":0,"relics":["animator:LivingPicture","animator:TheMissingPiece","animator:PurgingStone","Toxic Egg 2","Toolbox","hubris:DeckOfHolding","ReplayTheSpireMod:Ninjato","infinitespire:WardingShard","Anchor","hubris:GlazedTorus","animator:CursedBlade","Red Mask","Grinning Jar","WarpedTongs","InkBottle","Replay:Bottled Flurry","Happy Flower","Replay:Ringing Soul","Bag of Marbles","hubris:ScarierMask","ReplayTheSpireMod:Ring of Challenge","Ring of Misfortune","Lantern","animator:HolyGrailRelic","PreservedInsect","hubris:PeanutButter","hubris:MysteriousPyramids","Simple Rune","hubris:CrystalStatue","hubris:SlimyHat","TheAbacus","SlaversCollar","animator:WizardHat","infinitespire:Satchel","hubris:OldNail","Whetstone","Blood Vial","Potion Belt","Mummified Hand","Replay:Bottled Steam","War Paint","Sozu","animator:Buoy","Nunchaku","hubris:Metronome","Golden Egg","Replay:Rubber Ducky","MutagenicStrength","Juzu Bracelet","Astrolabe","infinitespire:Joker Card","hubris:TenFootPole","MealTicket"],"potions_floor_usage":[],"damage_taken":[{"damage":0.0,"enemies":"2 Louse","floor":1.0,"turns":4.0},{"damage":0.0,"enemies":"Cultist","floor":3.0,"turns":4.0},{"damage":3.0,"enemies":"Small Slimes","floor":5.0,"turns":4.0},{"damage":16.0,"enemies":"Lagavulin","floor":7.0,"turns":6.0},{"damage":6.0,"enemies":"Looter","floor":8.0,"turns":3.0},{"damage":1.0,"enemies":"3 Sentries","floor":10.0,"turns":5.0},{"damage":0.0,"enemies":"Exordium Thugs","floor":14.0,"turns":3.0},{"damage":16.0,"enemies":"Slime Boss","floor":16.0,"turns":6.0},{"damage":1.0,"enemies":"2 Thieves","floor":18.0,"turns":4.0},{"damage":0.0,"enemies":"Chosen","floor":19.0,"turns":4.0},{"damage":12.0,"enemies":"Masked Bandits","floor":20.0,"turns":4.0},{"damage":3.0,"enemies":"Centurion and Healer","floor":21.0,"turns":6.0},{"damage":14.0,"enemies":"3 Cultists","floor":22.0,"turns":6.0},{"damage":12.0,"enemies":"animator:HornedBat","floor":23.0,"turns":8.0},{"damage":15.0,"enemies":"Snecko","floor":25.0,"turns":4.0},{"damage":6.0,"enemies":"Cultist and Chosen","floor":27.0,"turns":5.0},{"damage":2.0,"enemies":"Replay:Snechameleon","floor":28.0,"turns":6.0},{"damage":25.0,"enemies":"Automaton","floor":33.0,"turns":8.0},{"damage":8.0,"enemies":"3 Darklings","floor":35.0,"turns":4.0},{"damage":4.0,"enemies":"Orb Walker","floor":36.0,"turns":3.0},{"damage":56.0,"enemies":"Nightmare","floor":40.0,"turns":6.0},{"damage":0.0,"enemies":"Reptomancer","floor":42.0,"turns":4.0},{"damage":0.0,"enemies":"3 Darklings","floor":45.0,"turns":2.0},{"damage":0.0,"enemies":"Maw","floor":46.0,"turns":5.0},{"damage":0.0,"enemies":"R_Hoarder","floor":47.0,"turns":4.0},{"damage":0.0,"enemies":"hubris:GrandSnecko","floor":50.0,"turns":8.0},{"damage":0.0,"enemies":"Jaw Worm","floor":52.0,"turns":1.0},{"damage":0.0,"enemies":"Small Slimes","floor":53.0,"turns":1.0},{"damage":0.0,"enemies":"Cultist","floor":56.0,"turns":2.0},{"damage":0.0,"enemies":"Gremlin Nob","floor":57.0,"turns":1.0},{"damage":0.0,"enemies":"Lagavulin","floor":59.0,"turns":1.0},{"damage":0.0,"enemies":"3 Sentries","floor":61.0,"turns":2.0},{"damage":0.0,"enemies":"Exordium Thugs","floor":62.0,"turns":1.0},{"damage":0.0,"enemies":"Nightmare","floor":65.0,"turns":3.0},{"damage":0.0,"enemies":"The Guardian","floor":67.0,"turns":4.0},{"damage":0.0,"enemies":"Spheric Guardian","floor":69.0,"turns":2.0},{"damage":0.0,"enemies":"Chosen","floor":70.0,"turns":2.0},{"damage":0.0,"enemies":"Centurion and Healer","floor":72.0,"turns":2.0},{"damage":0.0,"enemies":"Chosen and Byrds","floor":73.0,"turns":2.0},{"damage":0.0,"enemies":"Slavers","floor":74.0,"turns":2.0},{"damage":0.0,"enemies":"Snake Plant","floor":75.0,"turns":2.0},{"damage":0.0,"enemies":"Replay:Snechameleon","floor":76.0,"turns":2.0},{"damage":0.0,"enemies":"Slavers","floor":78.0,"turns":1.0},{"damage":0.0,"enemies":"Centurion and Healer","floor":79.0,"turns":2.0},{"damage":0.0,"enemies":"Book of Stabbing","floor":80.0,"turns":2.0},{"damage":2.0,"enemies":"hubris:MusketHawk","floor":84.0,"turns":4.0},{"damage":0.0,"enemies":"3 Shapes","floor":86.0,"turns":2.0},{"damage":0.0,"enemies":"3 Darklings","floor":87.0,"turns":3.0},{"damage":0.0,"enemies":"Jaw Worm Horde","floor":89.0,"turns":1.0},{"damage":0.0,"enemies":"R_Hoarder","floor":91.0,"turns":4.0},{"damage":0.0,"enemies":"Nemesis","floor":93.0,"turns":3.0},{"damage":0.0,"enemies":"Maw","floor":95.0,"turns":3.0},{"damage":0,"enemies":"R_Hoarder","floor":96,"turns":1}],"seed_played":"2689607854980820226","potions_obtained":[{"floor":1.0,"key":"SteroidPotion"},{"floor":5.0,"key":"Block Potion"},{"floor":8.0,"key":"Adrenaline Potion"},{"floor":10.0,"key":"Milkshake"},{"floor":20.0,"key":"EssenceOfSteel"},{"floor":22.0,"key":"Block Potion"},{"floor":25.0,"key":"Explosive Potion"},{"floor":28.0,"key":"DuplicationPotion"},{"floor":33.0,"key":"Strength Potion"},{"floor":36.0,"key":"Fruit Juice"},{"floor":40.0,"key":"Strength Potion"},{"floor":45.0,"key":"Explosive Potion"},{"floor":46.0,"key":"PowerPotion"},{"floor":52.0,"key":"Strength Potion"},{"floor":56.0,"key":"AttackPotion"},{"floor":61.0,"key":"Block Potion"},{"floor":65.0,"key":"Explosive Potion"}],"is_trial":false,"path_per_floor":["M","?","M","?","M","R","E","M","T","E","$","?","?","M","R","B",null,"M","M","?","M","M","E","?","M","T","M","E","?","R","$","R","B",null,"M","M","?","AVR","?","NM","R","E","T","?","M","M","E","$","R","B",null,"M","M","AVR","?","M","E","R","E","T","E","M","R","$","NM","R_BF","B",null,"M","M","?","M","M","E","M","E","T","E","M","E","?","?","R","B",null,"M","M","?","M","?","E","R","E","T","M","E"],"character_chosen":"THE_ANIMATOR","items_purchased":["Toxic Egg 2","Toolbox","animator:Darkness","hubris:GlazedTorus","animator:Laby","Happy Flower","Replay:Ringing Soul","Bag of Marbles","animator:YaoHaDucy","hubris:CrystalStatue","hubris:SlimyHat","TheAbacus","Mummified Hand"],"campfire_rested":3,"item_purchase_floors":[0,0,0,11,11,31,31,31,48,48,48,48,64],"current_hp_per_floor":[39,39,39,39,36,55,39,33,33,32,32,16,16,16,35,19,66,65,66,60,63,57,51,51,36,36,36,45,45,45,9,30,23,73,68,83,83,91,94,50,50,64,64,64,80,94,108,111,111,123,124,130,135,138,141,146,151,151,157,157,162,167,167,167,172,172,177,177,182,187,187,192,197,204,205,210,210,217,222,225,225,225,225,223,228,233,238,231,238,241,248,248,255,255,262,264,264],"gold":82,"neow_bonus":"","is_prod":false,"is_daily":false,"chose_seed":false,"campfire_upgraded":7,"win_rate":0,"timestamp":1607480993,"path_taken":["M","?","M","?","?","R","E","M","T","E","$","?","?","?","R","BOSS","M","?","?","M","M","E","?","?","T","M","E","?","R","?","R","BOSS","M","M","?","AVR","?","NM","R","E","T","?","M","?","E","$","R","BOSS","M","M","AVR","?","?","E","R","E","T","E","M","R","$","NM","R_BF","BOSS","M","M","?","M","M","E","?","E","T","E","M","E","?","?","R","BOSS","M","M","?","M","?","E","R","E","T","M","E"],"build_version":"2020-11-30","purchased_purges":0,"victory":false,"max_hp_per_floor":[66,66,66,66,66,66,66,66,66,66,66,66,66,66,66,66,66,66,66,66,66,68,68,68,68,68,68,70,70,70,70,70,73,73,76,86,86,94,97,98,98,103,103,103,110,115,120,123,123,124,124,130,135,138,141,146,151,151,157,157,162,167,167,167,172,172,177,177,182,187,187,192,197,204,205,210,210,217,222,225,225,225,225,225,228,233,238,241,246,249,254,254,259,259,264,264,264],"card_choices":[{"not_picked":["animator:Jibril","animator:Sonic+1"],"picked":"animator:TukaLunaMarceau+1","floor":1.0},{"not_picked":["animator:Cocytus","animator:Entoma"],"picked":"animator:Shigure","floor":3.0},{"not_picked":["animator:Sonic+1","animator:Envy"],"picked":"animator:DolaSchwi","floor":5.0},{"not_picked":["animator:Evileye+1","animator:PandorasActor+1"],"picked":"animator:NarberalGamma+1","floor":7.0},{"not_picked":["animator:DolaRiku+1","animator:Jibril"],"picked":"animator:AcuraAkari+1","floor":8.0},{"not_picked":["animator:Togame+1","animator:Shalltear"],"picked":"animator:ElricAlphonse+1","floor":10.0},{"not_picked":["ReplayTheSpireMod:Haul","infinitespire:Execution"],"picked":"infinitespire:Gouge","floor":12.0},{"not_picked":["animator:Souei+1","animator:Eve"],"picked":"animator:Gillette","floor":14.0},{"not_picked":["animator:Shiro","animator:Boros"],"picked":"animator:Eris+1","floor":16.0},{"not_picked":["animator:Cocytus","animator:PandorasActor+1"],"picked":"animator:Entoma","floor":18.0},{"not_picked":["animator:Nanami+1","animator:Chung+1"],"picked":"animator:Mitsuba","floor":19.0},{"not_picked":["animator:Gluttony+1","animator:Ara"],"picked":"animator:Vesta+1","floor":20.0},{"not_picked":["animator:ShinjiMatou+1","animator:Aisha"],"picked":"animator:Lu","floor":21.0},{"not_picked":["animator:Tet+1","animator:Megumin"],"picked":"animator:Ainz","floor":22.0},{"not_picked":["animator:DolaSchwi","animator:DolaCouronne+1"],"picked":"animator:IzunaHatsuse+1","floor":23.0},{"not_picked":["animator:CrowleyEusford","animator:Demiurge+1"],"picked":"animator:KrulTepes","floor":25.0},{"not_picked":["animator:Sebas+1","animator:Shuna+1"],"picked":"animator:Aqua+1","floor":27.0},{"not_picked":["animator:Gillette","animator:Verdia+1"],"picked":"animator:EmiyaShirou+1","floor":28.0},{"not_picked":["animator:Ainz","animator:ItamiYouji"],"picked":"animator:Saber","floor":33.0},{"not_picked":["animator:DolaCouronne+1","animator:DolaRiku+1"],"picked":"animator:IzunaHatsuse+1","floor":35.0},{"not_picked":["animator:Envy","animator:Ara"],"picked":"animator:Emonzaemon+1","floor":36.0},{"not_picked":["animator:Shinoa+1","animator:Raven"],"picked":"animator:Shigure","floor":40.0},{"not_picked":["animator:Scar+1","animator:Shuna+1"],"picked":"animator:Megumin","floor":42.0},{"not_picked":["animator:Assassin","animator:SakuraMatou+1"],"picked":"animator:Alexander","floor":45.0},{"not_picked":["animator:CrowleyEusford+1","animator:Cocytus"],"picked":"animator:Tyuule+1","floor":46.0},{"not_picked":["animator:Jibril","animator:Evileye+1"],"picked":"animator:ItamiYouji","floor":47.0},{"not_picked":["animator:Envy","animator:Greed"],"picked":"animator:Saitama+1","floor":50.0},{"not_picked":["animator:Geryuganshoop+1","animator:Nanami+1"],"picked":"animator:DolaRiku+1","floor":52.0},{"not_picked":["animator:Shion","animator:Millim"],"picked":"animator:Vesta+1","floor":53.0},{"not_picked":["animator:Millim","animator:Entoma"],"picked":"animator:AcuraAkari+1","floor":56.0},{"not_picked":["animator:Fredrika+1","animator:Mitsuba"],"picked":"animator:ChaikaTrabant","floor":57.0},{"not_picked":["animator:FielNirvalen","animator:Kuribayashi"],"picked":"animator:Benimaru","floor":59.0},{"not_picked":["animator:Alexander","animator:Assassin"],"picked":"animator:RinTohsaka+1","floor":61.0},{"not_picked":["animator:Shigure","animator:Add+1"],"picked":"animator:Benimaru","floor":62.0},{"not_picked":["animator:DolaRiku+1","animator:Tatsumaki+1"],"picked":"animator:Shigure","floor":65.0},{"not_picked":["animator:Ainz","animator:Eve"],"picked":"animator:Saitama+1","floor":67.0},{"not_picked":["animator:Konayuki+1","animator:Raven"],"picked":"animator:AcuraAkari+1","floor":69.0},{"not_picked":["animator:Berserker","animator:Assassin"],"picked":"animator:Alexander","floor":70.0},{"not_picked":["animator:CrowleyEusford","animator:DolaCouronne+1"],"picked":"animator:Laby","floor":72.0},{"not_picked":["animator:DolaCouronne+1","animator:ElricAlphonse+1"],"picked":"animator:Sora+1","floor":73.0},{"not_picked":["animator:Add+1","animator:Kaijin+1"],"picked":"animator:YunYun","floor":74.0},{"not_picked":["animator:Assassin","animator:SakuraMatou+1"],"picked":"animator:Alexander","floor":75.0},{"not_picked":["animator:FeridBathory","animator:Gluttony+1"],"picked":"animator:YunYun+1","floor":76.0},{"not_picked":["animator:Togame+1","animator:Shion"],"picked":"animator:Benimaru","floor":78.0},{"not_picked":["animator:CrowleyEusford","animator:Demiurge+1"],"picked":"animator:Shinoa+1","floor":79.0},{"not_picked":["animator:Jibril","animator:DolaCouronne+1"],"picked":"animator:IzunaHatsuse+1","floor":80.0},{"not_picked":["animator:Guren+1","animator:Elesis"],"picked":"animator:Albedo","floor":84.0},{"not_picked":["animator:HiiragiShinya+1","animator:Kuribayashi+1"],"picked":"animator:Benimaru+1","floor":86.0},{"not_picked":["animator:Pride+1","animator:PandorasActor+1"],"picked":"animator:ZankiKiguchi","floor":87.0},{"not_picked":["animator:QuestionMark+1","animator:Cirno"],"picked":"animator:Emilia+1","floor":88.0},{"not_picked":["animator:MisakiNakahara+1","animator:TakanashiRikka+1"],"picked":"animator:Emilia+1","floor":88.0},{"not_picked":["animator:Canti","animator:Kagari"],"picked":"animator:HououinKyouma+1","floor":88.0},{"not_picked":["animator:Demiurge+1","animator:Geryuganshoop+1"],"picked":"animator:CrowleyEusford+1","floor":89.0},{"not_picked":["animator:Vanir","animator:Chris"],"picked":"animator:Eris+1","floor":91.0},{"not_picked":["infinitespire:SevenWalls","infinitespire:Execution"],"picked":"infinitespire:UltimateForm","floor":93.0},{"not_picked":["animator:Tatsumaki+1","animator:Fredrika+1"],"picked":"animator:DolaSchwi+1","floor":95.0}],"player_experience":93165,"relics_obtained":[{"floor":7.0,"key":"ReplayTheSpireMod:Ninjato"},{"floor":9.0,"key":"infinitespire:WardingShard"},{"floor":10.0,"key":"Anchor"},{"floor":20.0,"key":"Red Mask"},{"floor":23.0,"key":"Grinning Jar"},{"floor":26.0,"key":"InkBottle"},{"floor":28.0,"key":"Replay:Bottled Flurry"},{"floor":37.0,"key":"ReplayTheSpireMod:Ring of Challenge"},{"floor":37.0,"key":"Ring of Misfortune"},{"floor":40.0,"key":"PreservedInsect"},{"floor":42.0,"key":"hubris:PeanutButter"},{"floor":43.0,"key":"hubris:MysteriousPyramids"},{"floor":47.0,"key":"Simple Rune"},{"floor":57.0,"key":"infinitespire:Satchel"},{"floor":59.0,"key":"hubris:OldNail"},{"floor":60.0,"key":"Whetstone"},{"floor":61.0,"key":"Blood Vial"},{"floor":61.0,"key":"Potion Belt"},{"floor":65.0,"key":"Replay:Bottled Steam"},{"floor":66.0,"key":"War Paint"},{"floor":74.0,"key":"animator:Buoy"},{"floor":76.0,"key":"Nunchaku"},{"floor":77.0,"key":"hubris:Metronome"},{"floor":78.0,"key":"Golden Egg"},{"floor":80.0,"key":"Replay:Rubber Ducky"},{"floor":91.0,"key":"infinitespire:Joker Card"},{"floor":93.0,"key":"hubris:TenFootPole"},{"floor":94.0,"key":"MealTicket"}],"event_choices":[{"damage_healed":0.0,"max_hp_gain":0.0,"max_hp_loss":0.0,"gold_gain":175.0,"event_name":"Liars Game","player_choice":"AGREE","floor":2.0,"gold_loss":0.0,"damage_taken":0.0,"cards_obtained":["Doubt"]},{"damage_healed":0.0,"max_hp_gain":0.0,"max_hp_loss":0.0,"gold_gain":0.0,"event_name":"WeMeetAgain","player_choice":"Gave Potion","floor":4.0,"gold_loss":0.0,"damage_taken":0.0,"relics_obtained":["hubris:DeckOfHolding"]},{"damage_healed":0.0,"max_hp_gain":0.0,"max_hp_loss":0.0,"gold_gain":0.0,"event_name":"Match and Keep!","player_choice":"2 cards matched","floor":13.0,"gold_loss":0.0,"damage_taken":0.0,"cards_obtained":["Replay:Hysterical Blindness","animator:Greed"]},{"damage_healed":0.0,"max_hp_gain":0.0,"max_hp_loss":0.0,"gold_gain":0.0,"event_name":"Masked Bandits","player_choice":"Fought Bandits","floor":20.0,"gold_loss":0.0,"damage_taken":0.0},{"damage_healed":0.0,"max_hp_gain":0.0,"max_hp_loss":0.0,"gold_gain":0.0,"event_name":"Accursed Blacksmith","player_choice":"Rummage","floor":24.0,"gold_loss":0.0,"damage_taken":0.0,"relics_obtained":["WarpedTongs"],"cards_obtained":["Pain"]},{"damage_healed":0.0,"max_hp_gain":0.0,"max_hp_loss":0.0,"gold_gain":0.0,"event_name":"Wheel of Change","player_choice":"Cursed","floor":55.0,"gold_loss":0.0,"damage_taken":0.0,"cards_obtained":["Decay"]},{"damage_healed":0.0,"max_hp_gain":0.0,"max_hp_loss":0.0,"gold_gain":0.0,"event_name":"Wheel of Change","player_choice":"Full Heal","floor":71.0,"gold_loss":0.0,"damage_taken":0.0},{"damage_healed":0.0,"max_hp_gain":0.0,"max_hp_loss":0.0,"gold_gain":0.0,"event_name":"Drug Dealer","player_choice":"Inject Mutagens","floor":81.0,"gold_loss":0.0,"damage_taken":0.0,"relics_obtained":["MutagenicStrength"]},{"damage_healed":0.0,"max_hp_gain":0.0,"max_hp_loss":0.0,"gold_gain":0.0,"event_name":"Addict","player_choice":"Obtained Relic","floor":82.0,"gold_loss":85.0,"damage_taken":0.0,"relics_obtained":["Juzu Bracelet"]},{"damage_healed":0.0,"max_hp_gain":0.0,"max_hp_loss":0.0,"gold_gain":0.0,"event_name":"SensoryStone","player_choice":"Memory 3","floor":88.0,"gold_loss":0.0,"damage_taken":10.0},{"damage_healed":0.0,"max_hp_gain":0.0,"max_hp_loss":0.0,"gold_gain":0.0,"event_name":"Match and Keep!","player_choice":"3 cards matched","floor":90.0,"gold_loss":0.0,"damage_taken":0.0,"cards_obtained":["animator:Mitsurugi","animator:AcuraShin","hubris:Compulsion"]}],"is_beta":false,"boss_relics":[{"not_picked":["hubris:Stopwatch","Cursed Key"],"picked":"animator:CursedBlade"},{"not_picked":["Honey Jar","infinitespire:Cupcake"],"picked":"hubris:ScarierMask"},{"not_picked":["hubris:RunicObelisk","Runic Dome"],"picked":"SlaversCollar"},{"not_picked":["Coffee Dripper","Empty Cage"],"picked":"Sozu"},{"not_picked":["hubris:RunicObelisk","Cursed Key"],"picked":"Astrolabe"}],"items_purged_floors":[],"is_endless":true,"potions_floor_spawned":[1,5,8,10,16,20,22,25,28,33,36,40,45,46,52,56,59,61,65,73,74,75,76,79,80,84,91,93,95],"killed_by":"R_Hoarder","ascension_level":2}}