{"host":"3c27c697js19kaoo","time":1607506636,"event":{"gold_per_floor":[116,126,126,126,201,236,248,275,275,275,84,96,116,134,134,238,238,341,341,359,359,409,428,230,263,120,135,135,153,172,185,185,200,200,200],"floor_reached":37,"playtime":2327,"items_purged":[],"score":636,"play_id":"50d88f90-081c-4e4e-bc06-abd3353d324b","local_time":"20201209173716","is_ascension_mode":false,"campfire_choices":[{"data":"After Image","floor":10.0,"key":"SMITH"},{"data":"TheCursedMod:CircleOfCorruption","floor":15.0,"key":"SMITH"},{"floor":33.0,"key":"REST"},{"data":"TheCursedMod:CircleOfAbyss","floor":35.0,"key":"SMITH"}],"neow_cost":"NONE","seed_source_timestamp":0,"circlet_count":0,"master_deck":["TheCursedMod:Strike_TheCursed","TheCursedMod:Strike_TheCursed","TheCursedMod:Strike_TheCursed","TheCursedMod:Strike_TheCursed","TheCursedMod:Defend_TheCursed+1","TheCursedMod:Defend_TheCursed","TheCursedMod:Defend_TheCursed","TheCursedMod:Defend_TheCursed","TheCursedMod:CursedWand","TheCursedMod:CleanUpWorkshop+1","TheCursedMod:Dregs","After Image+1","TheCursedMod:FuryStrike","TheCursedMod:CircleOfFlame+1","TheCursedMod:FuryStrike","TheCursedMod:CircleOfCorruption+1","TheCursedMod:VitalStrike","TheCursedMod:WearCloak","TheCursedMod:CircleOfAbyss+1","TheCursedMod:VoidForm","TheCursedMod:CircleOfFlame+1","TheCursedMod:Wield+1","TheCursedMod:SurpriseAttack","Sadistic Nature","TheCursedMod:VitalStrike+1"],"special_seed":0,"relics":["TheCursedMod:BlackMagic101","REME_ComplimentaryCards","NeowsBlessing","REME_PuzzleBoxRelic","Dota2Spire:OctarineCore","Shuriken","War Paint","REME_LowDesire","REME_HandOfSuture","ScarletDevilRocket","Dota2Spire:Bloodstone","Ginger","Frozen Eye","Dota2Spire:MonkeyKingBar","Membership Card","Dota2Spire:ArmletOfMordiggian"],"potions_floor_usage":[36],"damage_taken":[{"damage":0.0,"enemies":"Jaw Worm","floor":1.0,"turns":1.0},{"damage":0.0,"enemies":"2 Louse","floor":2.0,"turns":1.0},{"damage":0.0,"enemies":"3 Sentries","floor":6.0,"turns":1.0},{"damage":0.0,"enemies":"Small Slimes","floor":7.0,"turns":2.0},{"damage":5.0,"enemies":"Lagavulin","floor":8.0,"turns":3.0},{"damage":0.0,"enemies":"Blue Slaver","floor":12.0,"turns":2.0},{"damage":0.0,"enemies":"Lots of Slimes","floor":13.0,"turns":1.0},{"damage":10.0,"enemies":"Red Slaver","floor":14.0,"turns":1.0},{"damage":5.0,"enemies":"The Guardian","floor":16.0,"turns":6.0},{"damage":55.0,"enemies":"Collector","floor":19.0,"turns":10.0},{"damage":0.0,"enemies":"Orb Walker","floor":21.0,"turns":5.0},{"damage":7.0,"enemies":"Mind Bloom Boss Battle","floor":23.0,"turns":6.0},{"damage":9.0,"enemies":"3 Shapes","floor":24.0,"turns":5.0},{"damage":60.0,"enemies":"Giant Head","floor":26.0,"turns":8.0},{"damage":8.0,"enemies":"Transient","floor":28.0,"turns":5.0},{"damage":10.0,"enemies":"Sphere and 2 Shapes","floor":30.0,"turns":2.0},{"damage":17.0,"enemies":"Spire Growth","floor":31.0,"turns":4.0},{"damage":0.0,"enemies":"4 Shapes","floor":32.0,"turns":2.0},{"damage":0.0,"enemies":"Jaw Worm Horde","floor":34.0,"turns":4.0},{"damage":39,"enemies":"Time Eater","floor":36,"turns":6}],"seed_played":"7738504935582439360","potions_obtained":[{"floor":1.0,"key":"SkillPotion"},{"floor":7.0,"key":"EntropicBrew"},{"floor":12.0,"key":"BlessingOfTheForge"},{"floor":21.0,"key":"FairyPotion"},{"floor":24.0,"key":"Dexterity Potion"},{"floor":30.0,"key":"Dota2Spire:HealingSalve"},{"floor":34.0,"key":"SmokeBomb"}],"is_trial":false,"path_per_floor":["M","M","?","?","?","E","M","E","T","R","$","M","M","M","R","B",null,"B",null,"M","?","?","M","$","E","$","M","T","M","M","M","R","M","R","B",null],"character_chosen":"THE_CURSED","items_purchased":["TheCursedMod:CircleOfCorruption","War Paint","TheCursedMod:SurpriseAttack","Frozen Eye","Membership Card"],"campfire_rested":1,"item_purchase_floors":[11,11,25,25,27],"current_hp_per_floor":[75,75,75,75,64,64,64,59,59,59,59,59,59,49,49,44,75,26,75,75,75,68,59,59,22,22,26,26,16,8,23,45,45,45,18],"gold":200,"neow_bonus":"THREE_ENEMY_KILL","is_prod":false,"is_daily":false,"chose_seed":false,"campfire_upgraded":3,"win_rate":0,"timestamp":1607506636,"path_taken":["M","M","?","?","?","E","?","E","T","R","?","?","M","M","R","BOSS","BOSS","M","?","?","M","$","E","?","M","T","?","M","M","R","M","R","BOSS"],"build_version":"2020-11-30","purchased_purges":0,"victory":true,"max_hp_per_floor":[75,75,75,75,75,75,75,75,75,75,75,75,75,75,75,75,75,75,75,75,75,75,75,75,75,75,75,75,75,75,75,75,75,75,75],"card_choices":[{"not_picked":["TheCursedMod:PrepareRite","TheCursedMod:AshesToAshes"],"picked":"TheCursedMod:FuryStrike","floor":1.0},{"not_picked":["TheCursedMod:Stretching","TheCursedMod:CircleOfBlood"],"picked":"TheCursedMod:CircleOfFlame","floor":2.0},{"not_picked":["TheCursedMod:VitalStrike","TheCursedMod:Stigma"],"picked":"TheCursedMod:FuryStrike","floor":6.0},{"not_picked":["TheCursedMod:PrepareRite","TheCursedMod:SpitefulStrike","TheCursedMod:CursedMace"],"picked":"SKIP","floor":7.0},{"not_picked":["TheCursedMod:CursedBlade","TheCursedMod:CursedMace","TheCursedMod:SaltUponWound"],"picked":"SKIP","floor":8.0},{"not_picked":["TheCursedMod:CursedMace","TheCursedMod:EmpowerCircles"],"picked":"TheCursedMod:VitalStrike","floor":12.0},{"not_picked":["TheCursedMod:CircleOfCorruption","TheCursedMod:SmokeScreen"],"picked":"TheCursedMod:WearCloak","floor":13.0},{"not_picked":["TheCursedMod:RavingStaff","TheCursedMod:Stigma","TheCursedMod:DemonicPact"],"picked":"SKIP","floor":14.0},{"not_picked":["TheCursedMod:StunningStrike","TheCursedMod:DemonicPact"],"picked":"TheCursedMod:CircleOfAbyss","floor":16.0},{"not_picked":["TheCursedMod:CollectTribute","TheCursedMod:ForbiddenAlchemy","Panacea"],"picked":"TheCursedMod:VoidForm","floor":19.0},{"not_picked":["TheCursedMod:SaltUponWound","TheCursedMod:RapidMovement+1","TheCursedMod:CursedBlade+1","REME_AllRoundStrike"],"picked":"SKIP","floor":21.0},{"not_picked":["TheCursedMod:Obscuration","TheCursedMod:Stretching","Mind Blast+1"],"picked":"TheCursedMod:CircleOfFlame+1","floor":23.0},{"not_picked":["TheCursedMod:Torture+1","TheCursedMod:CursedMace","Mayhem"],"picked":"TheCursedMod:Wield+1","floor":24.0},{"not_picked":["TheCursedMod:ParallelWorld","TheCursedMod:Stretching+1","TheCursedMod:SmokeScreen+1"],"picked":"Sadistic Nature","floor":26.0},{"not_picked":["TheCursedMod:SpitefulStrike","TheCursedMod:Stigma+1","Jack Of All Trades"],"picked":"TheCursedMod:VitalStrike+1","floor":28.0},{"not_picked":["TheCursedMod:CircleOfFlame","TheCursedMod:SoulCrush+1","TheCursedMod:ManaBullet+1","Panache"],"picked":"SKIP","floor":30.0},{"not_picked":["TheCursedMod:EmpowerCircles","TheCursedMod:RavingStaff+1","TheCursedMod:Wield","Purity+1"],"picked":"SKIP","floor":31.0},{"not_picked":["TheCursedMod:CursedAmulet","TheCursedMod:AshesToAshes","TheCursedMod:Obscuration+1","Bandage Up"],"picked":"SKIP","floor":32.0},{"not_picked":["TheCursedMod:HellsGateOpen","TheCursedMod:SpitefulPlan+1","TheCursedMod:FleshFromBone","REME_TwoStrings"],"picked":"SKIP","floor":34.0}],"player_experience":87198,"relics_obtained":[{"floor":6.0,"key":"REME_PuzzleBoxRelic"},{"floor":8.0,"key":"Dota2Spire:OctarineCore"},{"floor":9.0,"key":"Shuriken"},{"floor":17.0,"key":"REME_HandOfSuture"},{"floor":17.0,"key":"ScarletDevilRocket"},{"floor":23.0,"key":"Ginger"},{"floor":26.0,"key":"Dota2Spire:MonkeyKingBar"},{"floor":29.0,"key":"Dota2Spire:ArmletOfMordiggian"}],"event_choices":[{"damage_healed":0.0,"max_hp_gain":0.0,"max_hp_loss":0.0,"gold_gain":0.0,"event_name":"The Cleric","player_choice":"Leave","floor":3.0,"gold_loss":0.0,"damage_taken":0.0},{"damage_healed":0.0,"max_hp_gain":0.0,"max_hp_loss":0.0,"gold_gain":0.0,"event_name":"Living Wall","player_choice":"Grow","floor":4.0,"gold_loss":0.0,"damage_taken":0.0,"cards_upgraded":["TheCursedMod:CircleOfFlame"]},{"damage_healed":0.0,"max_hp_gain":0.0,"max_hp_loss":0.0,"gold_gain":75.0,"event_name":"World of Goop","player_choice":"Gather Gold","floor":5.0,"gold_loss":0.0,"damage_taken":11.0},{"damage_healed":0.0,"max_hp_gain":0.0,"max_hp_loss":0.0,"gold_gain":0.0,"event_name":"Tomb of Lord Red Mask","player_choice":"Ignored","floor":22.0,"gold_loss":0.0,"damage_taken":0.0},{"damage_healed":0.0,"max_hp_gain":0.0,"max_hp_loss":0.0,"gold_gain":0.0,"event_name":"MindBloom","player_choice":"Fight","floor":23.0,"gold_loss":0.0,"damage_taken":0.0}],"is_beta":false,"boss_relics":[{"not_picked":["SacredBark","Empty Cage"],"picked":"REME_LowDesire"},{"not_picked":["SlaversCollar","Cursed Key"],"picked":"Dota2Spire:Bloodstone"}],"items_purged_floors":[],"is_endless":false,"potions_floor_spawned":[1,7,12,21,24,30,34],"ascension_level":0}}