{"host":"q5ov95m673vfqvx7","time":1607529725,"event":{"gold_per_floor":[116,16,33,45,45,45,71,71,139,164,164,73,92,118,118,219,319,339,339,357,369,379,379,396,407,481,493,743,743,754,754,754,851,1517,1531,1531,756,776,776,776,790,806,806,806,817,286,298,316,316,316],"floor_reached":51,"playtime":1756,"items_purged":[],"score":773,"play_id":"2907d5eb-220b-46e1-b353-42d12785e443","local_time":"20201209110205","is_ascension_mode":true,"campfire_choices":[{"data":"Stigmanizer","floor":6,"key":"SMITH"},{"data":"FitfulNightmare","floor":8,"key":"SMITH"},{"data":"ScarletDream","floor":15,"key":"SMITH"},{"data":"DemonKingCradle","floor":23,"key":"SMITH"},{"data":"BloodRain","floor":32,"key":"SMITH"},{"floor":40,"key":"REST"},{"data":"ChainGang","floor":44,"key":"SMITH"},{"data":"BombardNight","floor":49,"key":"SMITH"}],"neow_cost":"NONE","seed_source_timestamp":218071441597200,"circlet_count":0,"master_deck":["Strike_RM+1","Strike_RM+1","Defend_RM","Defend_RM","Defend_RM","Defend_RM","RedMoon","ScarletShoot","FitfulNightmare+1","ScarletDream+1","Shame","Stigmanizer+1","MastersStateliness","BlasphemousPunishment","ChainGang+1","VampireKiss+1","SuperhumanBloodyKnife","DemonKingCradle+1","BombardNight+1","BloodRain+1","MastersStateliness+1","BloodyTrap","Ultimatum","MillenniumVampire","NightDance","VampireKiss+1","Shame","MastersStateliness+1","Gensokyo:FourOfAKind","Gensokyo:FourOfAKind","Gensokyo:FourOfAKind","Gensokyo:FourOfAKind","ScarletDream+1","BombardNight","ScarletImprint","BloodyHallows+1","StarOfDavid+1"],"relics":["ScarletHat","NeowsBlessing","theSenshi:SailorFukuRelic","Lizard Tail","RedBat","halation:KoshaPiece","AntiCross","Replay:Grab Bag","Replay:Wanted Poster","Painkiller Herb","ScarletEmblem","Ring of Chaos","theSenshi:FeatherClipsRelic","vexMod:RockOfEvil","Anchor","Replay:Bottled Snecko","Onion Ring","aspiration:StickyExplosives_weak","halation:QuantumPhysicsTextbook","Counterbalance","Thread and Needle"],"potions_floor_usage":[16],"damage_taken":[{"damage":0,"enemies":"Gensokyo:2_Kodama","floor":1,"turns":1},{"damage":0,"enemies":"Gensokyo:Gryphon","floor":3,"turns":1},{"damage":0,"enemies":"Gensokyo:3_Fairies","floor":4,"turns":2},{"damage":0,"enemies":"Gensokyo:Mamizou","floor":7,"turns":7},{"damage":12,"enemies":"Gensokyo:Aya","floor":10,"turns":6},{"damage":6,"enemies":"Gensokyo:3_Kodama","floor":13,"turns":2},{"damage":5,"enemies":"Gensokyo:Cirno","floor":14,"turns":6},{"damage":48,"enemies":"Gensokyo:Yukari","floor":16,"turns":7},{"damage":0,"enemies":"Gensokyo:2_Gloops","floor":18,"turns":3},{"damage":16,"enemies":"Gensokyo:AngelMirror","floor":20,"turns":3},{"damage":0,"enemies":"Gensokyo:Swordslinger","floor":21,"turns":3},{"damage":21,"enemies":"Gensokyo:Wraith","floor":22,"turns":3},{"damage":36,"enemies":"Gensokyo:Monolith_and_Dog","floor":24,"turns":3},{"damage":31,"enemies":"Gensokyo:Slime_Group","floor":25,"turns":2},{"damage":9,"enemies":"Gensokyo:Mirror_and_Dog","floor":27,"turns":2},{"damage":4,"enemies":"Gensokyo:Wraith","floor":30,"turns":3},{"damage":21,"enemies":"Gensokyo:Eiki","floor":33,"turns":5},{"damage":17,"enemies":"3 Shapes","floor":35,"turns":2},{"damage":10,"enemies":"3 Darklings","floor":38,"turns":2},{"damage":29,"enemies":"Transient","floor":41,"turns":5},{"damage":0,"enemies":"Sphere and 2 Shapes","floor":42,"turns":1},{"damage":0,"enemies":"4 Shapes","floor":45,"turns":1},{"damage":10,"enemies":"3 Darklings","floor":47,"turns":2},{"damage":0,"enemies":"Transient","floor":48,"turns":5},{"damage":45,"enemies":"hubris:GrandSnecko","floor":50,"turns":6}],"seed_played":"5494319387613265858","potions_obtained":[{"floor":1,"key":"Energy Potion"},{"floor":10,"key":"SpeedPotion"},{"floor":16,"key":"SpeedPotion"}],"is_trial":false,"path_per_floor":["M","$","M","M","?","R","E","R","T","E","?","$","M","E","R","B",null,"?","?","?","?","?","T","?","?","T","?","?","?","?","?","T","B",null,"?","T","T","?","?","T","?","?","T","T","?","T","?","?","T","B",null],"character_chosen":"REMILIA","items_purchased":["ScarletDream","theSenshi:SailorFukuRelic","ChainGang","Anchor","Replay:Bottled Snecko","Onion Ring","aspiration:StickyExplosives_weak","Counterbalance","Thread and Needle","BloodyHallows+1"],"campfire_rested":1,"item_purchase_floors":[2,2,12,37,37,37,37,46,46,46],"current_hp_per_floor":[75,75,75,75,75,75,75,75,75,65,65,65,59,60,60,41,75,75,75,59,70,53,53,23,37,37,38,38,38,52,50,50,50,50,41,41,41,37,37,50,49,50,50,50,50,50,50,50,50,35],"gold":316,"neow_bonus":"THREE_ENEMY_KILL","is_prod":false,"is_daily":false,"chose_seed":false,"campfire_upgraded":7,"win_rate":0.0,"timestamp":1607529725,"path_taken":["M","$","M","?","?","R","E","R","T","E","?","?","M","E","R","BOSS","?","?","?","?","?","T","?","?","T","?","?","?","?","?","T","BOSS","?","?","T","?","?","T","?","?","T","T","?","T","?","?","T","BOSS"],"build_version":"2020-11-30","purchased_purges":0,"victory":true,"max_hp_per_floor":[75,75,75,75,75,75,75,75,75,75,75,75,75,75,75,75,75,75,75,75,75,75,75,75,75,75,75,71,71,71,50,50,50,50,50,50,50,50,50,50,50,50,50,50,50,50,50,50,50,50],"card_choices":[{"not_picked":["UnderTheZenith","UnstableMagic"],"picked":"FitfulNightmare","floor":1},{"not_picked":["ScarletDevil","FavorOfDestiny"],"picked":"RedRainbow","floor":3},{"not_picked":["SuperhumanBloodyKnife","ScarletGensokyo"],"picked":"Stigmanizer","floor":4},{"not_picked":["ScarletDevilSign","ScarletDevil"],"picked":"MastersStateliness","floor":7},{"not_picked":["GlobalNightmare","ScarletGensokyo"],"picked":"BlasphemousPunishment","floor":10},{"not_picked":["BloodHunter","TwelveNightmare"],"picked":"VampireKiss","floor":13},{"not_picked":["ScarletDream","FavorOfDestiny"],"picked":"SuperhumanBloodyKnife","floor":14},{"not_picked":["QueenOfMidnight","BloodyCatastrophe"],"picked":"DemonKingCradle","floor":16},{"not_picked":["ReincarnationDial+1","NightLord"],"picked":"BombardNight","floor":18},{"not_picked":["FitfulNightmare","BloodHunter"],"picked":"MastersStateliness+1","floor":20},{"not_picked":["EndlessAdversity","ScarletSymphony"],"picked":"BloodyTrap","floor":21},{"not_picked":["RedMagic","UnderTheZenith"],"picked":"Ultimatum","floor":22},{"not_picked":["BloodHunter","RedRainbow+1"],"picked":"MillenniumVampire","floor":24},{"not_picked":["UnderTheZenith","BloodHunter"],"picked":"NightDance","floor":25},{"not_picked":["DiffusionOfMisfortune","FavorOfDestiny"],"picked":"VampireKiss+1","floor":27},{"not_picked":["BombardNight","BloodyTrap"],"picked":"MastersStateliness+1","floor":30},{"not_picked":["HeartBreak","EndlessAdversity","DiffusionOfMisfortune"],"picked":"SKIP","floor":30},{"not_picked":["ChainGang","ScarletGensokyo+1"],"picked":"ScarletDream+1","floor":35},{"not_picked":["ScarletImprint","FavorOfDestiny"],"picked":"BombardNight","floor":38},{"not_picked":["FavorOfDestiny","MastersStateliness+1","SuperhumanBloodyKnife"],"picked":"SKIP","floor":41},{"not_picked":["UnderTheZenith+1","ForbiddenFruit+1","BlasphemousPunishment+1"],"picked":"SKIP","floor":42},{"not_picked":["StarOfDavid","BloodyCatastrophe","Septette"],"picked":"SKIP","floor":45},{"not_picked":["BloodHunter+1","UnderTheZenith+1","ScarletDream"],"picked":"SKIP","floor":47},{"not_picked":["MillenniumVampire","BloodHunter"],"picked":"StarOfDavid+1","floor":48}],"player_experience":133889,"relics_obtained":[{"floor":7,"key":"Lizard Tail"},{"floor":9,"key":"RedBat"},{"floor":10,"key":"halation:KoshaPiece"},{"floor":14,"key":"AntiCross"},{"floor":26,"key":"theSenshi:FeatherClipsRelic"},{"floor":43,"key":"halation:QuantumPhysicsTextbook"}],"event_choices":[{"damage_healed":0,"gold_gain":0,"cards_transformed":["Strike_RM"],"player_choice":"Transformed","damage_taken":0,"max_hp_gain":0,"max_hp_loss":0,"event_name":"Transmorgrifier","floor":39,"gold_loss":0,"cards_obtained":["ScarletImprint"]}],"is_beta":false,"boss_relics":[{"not_picked":["halation:LoveArrow","halation:PinkAlligatorPlush"],"picked":"Replay:Grab Bag"},{"not_picked":["Coffee Dripper","infinitespire:Cupcake"],"picked":"Replay:Wanted Poster"},{"not_picked":["hubris:CrackedHourglass","halation:CatFaceCupcake"],"picked":"Painkiller Herb"},{"not_picked":["hubris:BlackHole","Kintsugi"],"picked":"ScarletEmblem"},{"not_picked":["ReplayTheSpireMod:SealedPack","RedLine:ReiMu"],"picked":"Ring of Chaos"},{"not_picked":["Busted Crown","aspiration:RunicSpoon"],"picked":"vexMod:RockOfEvil"}],"items_purged_floors":[],"is_endless":false,"potions_floor_spawned":[1,10,13,14,16,18,20,25,33,38,45,47],"ascension_level":0}}