{"host":"xodzlm10r37577ou","time":1607527504,"event":{"gold_per_floor":[111,111,138,150,170,170,204,204,204,204,204,224,11,11,11,87,87,87,87],"floor_reached":18,"playtime":478,"items_purged":[],"score":292,"play_id":"95059589-94d1-40ac-aae2-b90b0ae21c5d","local_time":"20201209232504","is_ascension_mode":true,"campfire_choices":[{"data":"ReplayTheSpireMod:LeadingStrike","floor":6.0,"key":"SMITH"},{"data":"Flame Barrier","floor":8.0,"key":"SMITH"},{"data":"Bash","floor":11.0,"key":"SMITH"},{"data":"Spot Weakness","floor":15.0,"key":"SMITH"}],"neow_cost":"NONE","seed_source_timestamp":373196096765000,"circlet_count":0,"master_deck":["AscendersBane","Strike_R","Strike_R","Strike_R","Strike_R","Strike_R","Defend_R","Defend_R+1","Defend_R","Defend_R","Bash+1","Cleave+1","Shrug It Off","ReplayTheSpireMod:LeadingStrike+1","Flame Barrier+1","Spot Weakness+1","ReplayTheSpireMod:Limb From Limb+1","Juggernaut"],"special_seed":0,"relics":["Burning Blood","NeowsBlessing","Omamori","Vajra","Matryoshka","Dream Catcher","Pantograph","Membership Card","Mark of Pain"],"potions_floor_usage":[16,16],"damage_taken":[{"damage":0.0,"enemies":"Jaw Worm","floor":1.0,"turns":1.0},{"damage":0.0,"enemies":"Small Slimes","floor":4.0,"turns":1.0},{"damage":0.0,"enemies":"2 Louse","floor":5.0,"turns":1.0},{"damage":35.0,"enemies":"Lagavulin","floor":7.0,"turns":5.0},{"damage":3.0,"enemies":"Blue Slaver","floor":12.0,"turns":3.0},{"damage":28,"enemies":"Slime Boss","floor":16,"turns":9},{"damage":30,"enemies":"3 Byrds","floor":18,"turns":4}],"seed_played":"-5756344845162309341","potions_obtained":[{"floor":4.0,"key":"FearPotion"},{"floor":7.0,"key":"Weak Potion"},{"floor":12.0,"key":"Swift Potion"}],"is_trial":false,"path_per_floor":["M","?","T","M","M","R","E","R","T","?","R","M","$","?","R","B",null,"M"],"character_chosen":"IRONCLAD","items_purchased":["Membership Card","ReplayTheSpireMod:Limb From Limb"],"campfire_rested":0,"item_purchase_floors":[13,13],"current_hp_per_floor":[74,69,69,75,75,75,46,46,46,23,23,26,26,26,26,29,64,34,34],"gold":87,"neow_bonus":"THREE_ENEMY_KILL","is_prod":false,"is_daily":false,"chose_seed":false,"campfire_upgraded":4,"win_rate":0,"timestamp":1607527504,"path_taken":["M","?","?","M","M","R","E","R","T","?","R","M","$","?","R","BOSS","M"],"build_version":"2020-11-30","purchased_purges":0,"victory":false,"max_hp_per_floor":[75,75,75,75,75,75,75,75,75,75,75,75,75,75,75,75,75,75,75],"card_choices":[{"not_picked":["Thunderclap","Havoc"],"picked":"Cleave","floor":1.0},{"not_picked":["Flex","Run Through"],"picked":"Shrug It Off","floor":4.0},{"not_picked":["Massacre","Headbutt"],"picked":"ReplayTheSpireMod:LeadingStrike","floor":5.0},{"not_picked":["Fire Breathing","Thunderclap"],"picked":"Flame Barrier","floor":7.0},{"not_picked":["Shrug It Off","Rupture"],"picked":"Spot Weakness","floor":12.0},{"not_picked":["Brutality","Exhume"],"picked":"Juggernaut","floor":16}],"player_experience":404466,"relics_obtained":[{"floor":3.0,"key":"Vajra"},{"floor":7.0,"key":"Matryoshka"},{"floor":9.0,"key":"Dream Catcher"},{"floor":9.0,"key":"Pantograph"}],"event_choices":[{"damage_healed":0.0,"max_hp_gain":0.0,"max_hp_loss":0.0,"gold_gain":0.0,"event_name":"Scrap Ooze","player_choice":"Success","floor":2.0,"gold_loss":0.0,"damage_taken":5.0,"relics_obtained":["Omamori"]},{"damage_healed":0.0,"max_hp_gain":0.0,"max_hp_loss":0.0,"gold_gain":0.0,"event_name":"Shining Light","player_choice":"Entered Light","floor":10.0,"gold_loss":0.0,"damage_taken":23.0,"cards_upgraded":["Defend_R","Cleave"]},{"damage_healed":0.0,"max_hp_gain":0.0,"max_hp_loss":0.0,"gold_gain":0.0,"event_name":"Living Wall","player_choice":"Grow","floor":14.0,"gold_loss":0.0,"damage_taken":0.0,"cards_upgraded":["ReplayTheSpireMod:Limb From Limb"]}],"is_beta":false,"boss_relics":[{"not_picked":["Ectoplasm","Runic Dome"],"picked":"Mark of Pain"}],"items_purged_floors":[],"is_endless":false,"potions_floor_spawned":[4,7,12],"killed_by":"3 Byrds","ascension_level":17}}