{"host":"gqbv85x1nsyc4y4z","time":1607540802,"event":{"gold_per_floor":[112,60,160,173,187,187,88,103,129,80,99,99,114,128,128,230,230,249,249,249,264,123,123,140,140,140],"floor_reached":25,"playtime":5474,"items_purged":[],"score":195,"play_id":"4bba489b-b1cb-44d0-b8f6-7cf2611c56a7","local_time":"20201209110642","is_ascension_mode":false,"campfire_choices":[{"data":"alterego_mod:BigMeatyClaws","floor":6,"key":"SMITH"},{"data":"alterego_mod:RidiculouslyBig","floor":12,"key":"SMITH"},{"floor":15,"key":"REST"},{"data":"alterego_mod:IndependentAction","floor":23,"key":"SMITH"}],"neow_cost":"NONE","seed_source_timestamp":663753836212700,"circlet_count":0,"master_deck":["alterego_mod:Strike","alterego_mod:Strike","alterego_mod:Strike+1","alterego_mod:Strike","alterego_mod:Defend","alterego_mod:Defend","alterego_mod:Defend","alterego_mod:Defend","alterego_mod:BigMeatyClaws+1","alterego_mod:BrynhildrsRune","alterego_mod:Swimsuit","alterego_mod:Birthday","alterego_mod:Birthday","alterego_mod:TrashNCrash","alterego_mod:Smother","alterego_mod:Skirt","alterego_mod:MagicResistance","alterego_mod:Mirror","alterego_mod:RidiculouslyBig+1","alterego_mod:Valentines","alterego_mod:GachaTicket","alterego_mod:PainIsPleasure","alterego_mod:Cycle","alterego_mod:Undulate","alterego_mod:IndependentAction+1","alterego_mod:Support"],"relics":["alterego_mod:MasochisticConstitution","NeowsBlessing","Whetstone","Philosopher\u0027s Stone"],"potions_floor_usage":[8,11,13,24,25],"damage_taken":[{"damage":0,"enemies":"Jaw Worm","floor":1,"turns":1},{"damage":0,"enemies":"Cultist","floor":4,"turns":1},{"damage":0,"enemies":"2 Louse","floor":5,"turns":1},{"damage":17,"enemies":"Large Slime","floor":8,"turns":7},{"damage":7,"enemies":"Looter","floor":11,"turns":3},{"damage":14,"enemies":"Gremlin Gang","floor":13,"turns":8},{"damage":18,"enemies":"Blue Slaver","floor":14,"turns":2},{"damage":54,"enemies":"The Guardian","floor":16,"turns":13},{"damage":43,"enemies":"Chosen","floor":18,"turns":10},{"damage":22,"enemies":"Shell Parasite","floor":21,"turns":7},{"damage":52,"enemies":"Sentry and Sphere","floor":24,"turns":9},{"damage":3,"enemies":"Centurion and Healer","floor":25,"turns":4}],"seed_played":"-3059630117465096979","potions_obtained":[{"floor":5,"key":"Dexterity Potion"},{"floor":8,"key":"LiquidBronze"},{"floor":11,"key":"FearPotion"},{"floor":21,"key":"Regen Potion"},{"floor":24,"key":"Fire Potion"}],"is_trial":false,"path_per_floor":["M","$","?","M","M","R","$","M","T","$","M","R","M","M","R","B",null,"M","?","?","M","$","R","M","M"],"character_chosen":"The_Alterego","items_purchased":["alterego_mod:Birthday","alterego_mod:Smother","alterego_mod:Skirt","alterego_mod:Mirror","alterego_mod:IndependentAction","alterego_mod:Support"],"campfire_rested":1,"item_purchase_floors":[2,7,7,10,22,22],"current_hp_per_floor":[70,70,70,70,70,70,70,58,58,58,63,63,54,37,59,10,75,52,76,76,71,71,71,67,66,66],"gold":140,"neow_bonus":"THREE_ENEMY_KILL","is_prod":false,"is_daily":false,"chose_seed":false,"campfire_upgraded":3,"win_rate":0.0,"timestamp":1607540802,"path_taken":["M","$","?","M","M","R","$","M","T","$","M","R","M","?","R","BOSS","M","?","?","M","$","R","M","M"],"build_version":"2020-11-30","purchased_purges":0,"victory":false,"max_hp_per_floor":[70,70,70,70,70,70,70,71,71,71,72,72,73,74,74,75,75,76,76,76,77,77,77,78,78,78],"card_choices":[{"not_picked":["alterego_mod:GoddessCore","alterego_mod:Belle"],"picked":"alterego_mod:Swimsuit","floor":1},{"not_picked":["alterego_mod:HighServant","alterego_mod:DeftHands"],"picked":"alterego_mod:Birthday","floor":4},{"not_picked":["alterego_mod:Pet","alterego_mod:Maid"],"picked":"alterego_mod:TrashNCrash","floor":5},{"not_picked":["alterego_mod:Punishment","alterego_mod:Pet"],"picked":"alterego_mod:MagicResistance","floor":8},{"not_picked":["alterego_mod:MagicResistance","alterego_mod:DeftHands"],"picked":"alterego_mod:RidiculouslyBig","floor":11},{"not_picked":["alterego_mod:Rip","alterego_mod:TrashNCrash"],"picked":"alterego_mod:Valentines","floor":13},{"not_picked":["alterego_mod:PresenceConcealment","alterego_mod:PerceptionDisorder"],"picked":"alterego_mod:GachaTicket","floor":14},{"not_picked":["alterego_mod:Venus","alterego_mod:GIGAMILK"],"picked":"alterego_mod:PainIsPleasure","floor":16},{"not_picked":["alterego_mod:Complex","alterego_mod:Skirt"],"picked":"alterego_mod:Cycle","floor":18},{"not_picked":["alterego_mod:Antipathy","alterego_mod:MagicResistance"],"picked":"alterego_mod:Undulate","floor":21},{"not_picked":["alterego_mod:MagicResistance","alterego_mod:DeftHands","alterego_mod:DustData"],"picked":"SKIP","floor":24}],"player_experience":71860,"relics_obtained":[{"floor":9,"key":"Whetstone"}],"event_choices":[{"damage_healed":0,"gold_gain":100,"player_choice":"Gold","damage_taken":0,"max_hp_gain":0,"max_hp_loss":0,"event_name":"Wheel of Change","floor":3,"gold_loss":0},{"damage_healed":25,"gold_gain":0,"player_choice":"Heal","damage_taken":0,"max_hp_gain":0,"max_hp_loss":0,"event_name":"The Library","floor":19,"gold_loss":0},{"cards_removed":["alterego_mod:Impale"],"damage_healed":0,"gold_gain":0,"player_choice":"Elegance","damage_taken":0,"max_hp_gain":0,"max_hp_loss":0,"event_name":"Back to Basics","floor":20,"gold_loss":0}],"is_beta":false,"boss_relics":[{"not_picked":["SacredBark","SlaversCollar"],"picked":"Philosopher\u0027s Stone"}],"items_purged_floors":[],"is_endless":false,"potions_floor_spawned":[5,8,11,21,24],"killed_by":"Centurion and Healer","ascension_level":0}}