{"host":"xrbxyo513dr24h85","time":1607490818,"event":{"gold_per_floor":[114,114,128,146,165,196,196,211,236,263,263,263,274,289,289,385,385,397,103,103,163,213,213,248,248,272,237,217,49,99,112,112,316,316,328,389,403,417,436,462,462,158,181,191,36,86,136,170,170,170,170,170,3,38,38],"floor_reached":56,"playtime":1791,"items_purged":[],"score":1472,"play_id":"fd0f752f-085e-4b8a-ac6e-5cf3cc39023c","local_time":"20201208211338","is_ascension_mode":false,"campfire_choices":[{"data":"ReplayTheSpireMod:Calculation Training","floor":7,"key":"SMITH"},{"floor":15,"key":"DIG"},{"data":"Consume","floor":23,"key":"SMITH"},{"floor":25,"key":"RECALL"},{"data":"hubris:EnhanceAbility","floor":32,"key":"SMITH"},{"data":"Consume","floor":41,"key":"SMITH"},{"floor":49,"key":"REST"},{"data":"hubris:Ukulele","floor":52,"key":"SMITH"}],"neow_cost":"NONE","seed_source_timestamp":292491778955200,"circlet_count":0,"master_deck":["Strike_B+1","Strike_B","Strike_B","Strike_B","Defend_B+1","Defend_B+1","Defend_B","Defend_B","Zap","Dualcast","Coolheaded","Cold Snap","Aggregate+1","hubris:Ukulele+1","ReplayTheSpireMod:Calculation Training+1","Glacier+1","Consume+1","Double Energy","Ball Lightning","hubris:EnhanceAbility+1","Consume+1","Ball Lightning","White Noise+1","Doom and Gloom+1","Ball Lightning+1","Self Repair+1","Cold Snap","Echo Form+1","hubris:PowerSurge+1","Force Field+1"],"relics":["Cracked Core","FossilizedHelix","Replay:Antivirus Software","hubris:Towel","ReplayTheSpireMod:TigerMarble","halation:SmartPhone","Runic Capacitor","Replay:Rubber Ducky","SsserpentHead","hubris:Icosahedron","Bronze Scales","Anchor","Toy Ornithopter","Nunchaku","Black Star","Prayer Wheel","Mummified Hand","Strawberry","Golden Egg","War Paint","Replay:Frozen Program","Thread and Needle","Geode","HornCleat","Bottled Lightning","Symbiotic Virus"],"potions_floor_usage":[6,31,33,36,48,50,50,55],"damage_taken":[{"damage":0,"enemies":"Small Slimes","floor":1,"turns":3},{"damage":9,"enemies":"Jaw Worm","floor":3,"turns":3},{"damage":2,"enemies":"Cultist","floor":4,"turns":3},{"damage":0,"enemies":"Looter","floor":5,"turns":4},{"damage":13,"enemies":"Replay:BlueRogue","floor":6,"turns":8},{"damage":0,"enemies":"Large Slime","floor":8,"turns":4},{"damage":5,"enemies":"Lots of Slimes","floor":13,"turns":3},{"damage":0,"enemies":"Exordium Wildlife","floor":14,"turns":5},{"damage":0,"enemies":"Slime Boss","floor":16,"turns":9},{"damage":0,"enemies":"Shell Parasite","floor":18,"turns":6},{"damage":12,"enemies":"3 Byrds","floor":21,"turns":5},{"damage":0,"enemies":"Book of Stabbing","floor":24,"turns":6},{"damage":18,"enemies":"Gremlin Leader","floor":28,"turns":8},{"damage":0,"enemies":"Sentry and Sphere","floor":31,"turns":4},{"damage":0,"enemies":"Champ","floor":33,"turns":13},{"damage":0,"enemies":"3 Shapes","floor":35,"turns":6},{"damage":6,"enemies":"3 Darklings","floor":36,"turns":7},{"damage":0,"enemies":"Writhing Mass","floor":37,"turns":5},{"damage":0,"enemies":"Sphere and 2 Shapes","floor":38,"turns":3},{"damage":0,"enemies":"Maw","floor":39,"turns":6},{"damage":11,"enemies":"Giant Head","floor":40,"turns":9},{"damage":0,"enemies":"Spire Growth","floor":44,"turns":4},{"damage":0,"enemies":"Nemesis","floor":48,"turns":5},{"damage":3,"enemies":"Awakened One","floor":50,"turns":10},{"damage":5,"enemies":"Shield and Spear","floor":54,"turns":6},{"damage":8,"enemies":"The Heart","floor":55,"turns":8}],"seed_played":"6352994853235023704","potions_obtained":[{"floor":5,"key":"Regen Potion"},{"floor":6,"key":"blueLaboratory:HummingbirdPotion"},{"floor":8,"key":"Block Potion"},{"floor":14,"key":"GamblersBrew"},{"floor":28,"key":"ColorlessPotion"},{"floor":33,"key":"Block Potion"},{"floor":36,"key":"blueLaboratory:PlasmaFuel"},{"floor":39,"key":"SteroidPotion"},{"floor":48,"key":"Weak Potion"}],"is_trial":false,"path_per_floor":["M","?","M","M","M","E","R","M","T","T","?","$","M","M","R_BF","B",null,"M","$","?","M","?","R","E","R","T","?","E","$","?","M","R","B",null,"M","M","M","M","M","E","R","$","T","M","$","?","?","E","R_BF","B",null,"R","$","E","B",null],"character_chosen":"DEFECT","items_purchased":["Runic Capacitor","Replay:Rubber Ducky","hubris:EnhanceAbility","Self Repair+1","Golden Egg","Replay:Frozen Program","hubris:PowerSurge","blueLaboratory:ImpenetrablePotion"],"campfire_rested":1,"item_purchase_floors":[19,19,29,42,42,45,53,53],"current_hp_per_floor":[75,60,51,49,49,51,51,51,51,51,51,51,46,46,46,46,75,75,75,75,63,63,63,75,75,75,75,57,50,85,85,85,85,85,85,79,79,71,71,67,67,58,58,61,61,61,61,76,92,92,92,92,83,92,92],"gold":38,"neow_bonus":"RANDOM_EVENT","is_prod":false,"is_daily":false,"chose_seed":false,"campfire_upgraded":5,"win_rate":0,"timestamp":1607490818,"path_taken":["M","?","M","M","M","E","R","M","T","?","?","$","?","M","R_BF","BOSS","M","$","?","?","?","R","E","R","T","?","E","$","?","M","R","BOSS","M","?","M","M","M","E","R","$","T","M","$","?","?","E","R_BF","BOSS","R","$","E","BOSS"],"build_version":"2020-11-30","purchased_purges":0,"victory":true,"max_hp_per_floor":[75,75,75,75,75,75,75,75,75,75,75,75,75,75,75,75,75,75,75,75,75,75,75,75,75,75,75,75,75,85,85,85,85,85,85,85,85,85,85,92,92,92,92,92,92,92,92,92,92,92,92,92,92,92,92],"relic_stats":{"SsserpentHead":350,"Nunchaku":[15],"counters":[26,153],"Mummified Hand":[32],"Bronze Scales":[314],"Prayer Wheel":4,"Black Star":3,"War Paint":["Glacier","Aggregate"],"obtain_stats":[{"Golden Egg":42,"Runic Capacitor":19,"Replay:Rubber Ducky":19,"SsserpentHead":20,"Nunchaku":28,"hubris:Icosahedron":22,"Replay:Frozen Program":45,"HornCleat":48,"Mummified Hand":40,"Strawberry":40,"Prayer Wheel":39,"Replay:Antivirus Software":10,"Cracked Core":0,"halation:SmartPhone":17,"Thread and Needle":47,"Geode":48,"hubris:Towel":11,"War Paint":43,"Anchor":26,"Bronze Scales":24,"ReplayTheSpireMod:TigerMarble":15,"Black Star":34,"Bottled Lightning":54,"Symbiotic Virus":54,"FossilizedHelix":6,"Toy Ornithopter":27},{"Golden Egg":21,"Runic Capacitor":10,"Replay:Rubber Ducky":10,"SsserpentHead":10,"Nunchaku":13,"hubris:Icosahedron":11,"Replay:Frozen Program":22,"HornCleat":23,"Mummified Hand":21,"Strawberry":21,"Prayer Wheel":20,"Replay:Antivirus Software":6,"Cracked Core":0,"halation:SmartPhone":9,"Thread and Needle":22,"Geode":23,"hubris:Towel":6,"War Paint":21,"Anchor":12,"Bronze Scales":12,"ReplayTheSpireMod:TigerMarble":8,"Black Star":15,"Bottled Lightning":25,"Symbiotic Virus":25,"FossilizedHelix":5,"Toy Ornithopter":12},{"Golden Egg":120,"Runic Capacitor":48,"Replay:Rubber Ducky":48,"SsserpentHead":48,"Nunchaku":67,"hubris:Icosahedron":53,"Replay:Frozen Program":124,"HornCleat":129,"Mummified Hand":120,"Strawberry":120,"Prayer Wheel":109,"Replay:Antivirus Software":25,"Cracked Core":0,"halation:SmartPhone":42,"Thread and Needle":124,"Geode":129,"hubris:Towel":25,"War Paint":120,"Anchor":59,"Bronze Scales":59,"ReplayTheSpireMod:TigerMarble":33,"Black Star":84,"Bottled Lightning":145,"Symbiotic Virus":145,"FossilizedHelix":21,"Toy Ornithopter":59}],"Toy Ornithopter":5},"card_choices":[{"not_picked":["Turbo","Stack"],"picked":"Coolheaded","floor":1},{"not_picked":["Melter","Compile Driver"],"picked":"Cold Snap","floor":3},{"not_picked":["Streamline","Rebound"],"picked":"Aggregate","floor":4},{"not_picked":["Double Energy","Storm"],"picked":"hubris:Ukulele","floor":5},{"not_picked":["Go for the Eyes","Static Discharge"],"picked":"ReplayTheSpireMod:Calculation Training","floor":6},{"not_picked":["Steam","BasicCrystalCard","Reinforced Body"],"picked":"SKIP","floor":8},{"not_picked":["Skim","Sweeping Beam"],"picked":"Glacier","floor":13},{"not_picked":["Panic Button","Cold Snap"],"picked":"Consume","floor":14},{"not_picked":["Machine Learning","Biased Cognition"],"picked":"Core Surge","floor":16},{"not_picked":["Redo","Compile Driver+1","Sweeping Beam"],"picked":"SKIP","floor":18},{"not_picked":["Consume+1","Go for the Eyes"],"picked":"Double Energy","floor":21},{"not_picked":["Reinforced Body","ReplaySort","Multi-Cast"],"picked":"SKIP","floor":24},{"not_picked":["Conserve Battery","Reinforced Body"],"picked":"Ball Lightning","floor":28},{"not_picked":["Coolheaded","Leap"],"picked":"Consume","floor":31},{"not_picked":["Redo","Streamline","Steam+1"],"picked":"SKIP","floor":35},{"not_picked":["ReplayTheSpireMod:Fabricate Wheel","Coolheaded+1"],"picked":"Ball Lightning","floor":36},{"not_picked":["Melter+1","Gash+1"],"picked":"White Noise+1","floor":37},{"not_picked":["Go for the Eyes","BasicCrystalCard"],"picked":"ReplayTheSpireMod:Fabricate Wheel","floor":38},{"not_picked":["Undo+1","BasicCrystalCard+1"],"picked":"Doom and Gloom+1","floor":39},{"not_picked":["Steam+1","ReplayTheSpireMod:System Scan+1"],"picked":"Ball Lightning+1","floor":39},{"not_picked":["Turbo+1","Rebound+1","Melter+1"],"picked":"SKIP","floor":40},{"not_picked":["Stack+1","Rip and Tear+1"],"picked":"Cold Snap","floor":44},{"not_picked":["Rebound","hubris:Ukulele+1"],"picked":"Echo Form","floor":44},{"not_picked":["Coolheaded","Steam","Cold Snap+1"],"picked":"SKIP","floor":48},{"not_picked":["Gash","Melter"],"picked":"Force Field+1","floor":54}],"player_experience":1130173,"relics_obtained":[{"floor":6,"key":"FossilizedHelix"},{"floor":10,"key":"Replay:Antivirus Software"},{"floor":15,"key":"ReplayTheSpireMod:TigerMarble"},{"floor":24,"key":"Bronze Scales"},{"floor":26,"key":"Anchor"},{"floor":28,"key":"Nunchaku"},{"floor":40,"key":"Mummified Hand"},{"floor":40,"key":"Strawberry"},{"floor":43,"key":"War Paint"},{"floor":48,"key":"Geode"},{"floor":48,"key":"HornCleat"},{"floor":54,"key":"Bottled Lightning"},{"floor":54,"key":"Symbiotic Virus"}],"event_choices":[{"damage_healed":75,"gold_gain":0,"player_choice":"Upgrade","damage_taken":15,"max_hp_gain":0,"max_hp_loss":75,"event_name":"betterThird:BetterShining","floor":2,"gold_loss":0,"cards_upgraded":["Strike_B","Defend_B"]},{"damage_healed":0,"gold_gain":0,"player_choice":"Trade","damage_taken":0,"relics_obtained":["SsserpentHead"],"max_hp_gain":0,"max_hp_loss":0,"event_name":"FaceTrader","floor":20,"gold_loss":0},{"damage_healed":0,"gold_gain":0,"player_choice":"Obtained Relic","damage_taken":0,"relics_obtained":["Toy Ornithopter"],"max_hp_gain":0,"max_hp_loss":0,"event_name":"Addict","floor":27,"gold_loss":85},{"cards_removed":["Core Surge"],"damage_healed":25,"gold_gain":0,"player_choice":"Offered Rare","damage_taken":0,"max_hp_gain":10,"max_hp_loss":0,"event_name":"Bonfire Elementals","floor":30,"gold_loss":0}],"is_beta":false,"boss_relics":[{"not_picked":["Replay:Bronze Core","hubris:Stopwatch"],"picked":"halation:SmartPhone"},{"not_picked":["FrozenCore","Nuclear Battery"],"picked":"Black Star"}],"items_purged_floors":[],"is_endless":false,"potions_floor_spawned":[5,6,8,14,24,28,33,36,39,48],"ascension_level":0}}