{"host":"04aht2z7d1qbuefv","time":1607472265,"event":{"gold_per_floor":[113,68,68,83,97,97,126,126,126,126,126],"floor_reached":10,"playtime":386,"items_purged":[],"score":98,"play_id":"a0901f07-d591-4d07-9513-cbb4c970af89","local_time":"20201208210425","is_ascension_mode":true,"campfire_choices":[{"floor":6,"key":"RECALL"}],"neow_cost":"NONE","seed_source_timestamp":44617480400000,"circlet_count":0,"master_deck":["Strike_R","Strike_R","Strike_R","Strike_R","Strike_R","Defend_R","Defend_R","Defend_R","Defend_R","Shrug It Off","Warcry","Replay:Undeath\u0027s Touch"],"relics":["Burning Blood","Ginger","Mango"],"potions_floor_usage":[10],"damage_taken":[{"damage":2,"enemies":"2 Louse","floor":1,"turns":3},{"damage":2,"enemies":"Jaw Worm","floor":4,"turns":4},{"damage":2,"enemies":"Cultist","floor":5,"turns":4},{"damage":51,"enemies":"3 Sentries","floor":7,"turns":16},{"damage":97,"enemies":"Gremlin Nob","floor":10,"turns":7}],"seed_played":"-6335178137333019199","potions_obtained":[{"floor":7,"key":"Dexterity Potion"}],"is_trial":false,"path_per_floor":["M","$","?","M","M","R","E","?","T","E"],"character_chosen":"IRONCLAD","items_purchased":["Shrug It Off"],"campfire_rested":0,"item_purchase_floors":[2],"current_hp_per_floor":[88,88,81,85,88,88,57,57,57,0,0],"gold":126,"neow_bonus":"TEN_PERCENT_HP_BONUS","is_prod":false,"is_daily":false,"chose_seed":false,"campfire_upgraded":0,"win_rate":0,"timestamp":1607472265,"path_taken":["M","$","?","M","M","R","E","?","T","E"],"build_version":"2020-11-30","purchased_purges":0,"victory":false,"max_hp_per_floor":[88,88,88,88,88,88,102,102,102,102,102],"card_choices":[{"not_picked":["Body Slam","Headbutt","ReplayTheSpireMod:Limb From Limb"],"picked":"SKIP","floor":1},{"not_picked":["Wild Strike","True Grit"],"picked":"Warcry","floor":4},{"not_picked":["Feel No Pain","Flex","Wild Strike"],"picked":"SKIP","floor":5},{"not_picked":["Infernal Blade","Hemokinesis"],"picked":"Replay:Undeath\u0027s Touch","floor":7}],"player_experience":125585,"relics_obtained":[{"floor":7,"key":"Mango"}],"event_choices":[{"damage_healed":0,"gold_gain":0,"player_choice":"Success","damage_taken":7,"relics_obtained":["Ginger"],"max_hp_gain":0,"max_hp_loss":0,"event_name":"Scrap Ooze","floor":3,"gold_loss":0},{"cards_removed":["Bash"],"damage_healed":0,"gold_gain":0,"player_choice":"Forget","damage_taken":0,"max_hp_gain":0,"max_hp_loss":0,"event_name":"Living Wall","floor":8,"gold_loss":0}],"is_beta":false,"boss_relics":[],"items_purged_floors":[],"is_endless":false,"potions_floor_spawned":[7],"killed_by":"Gremlin Nob","ascension_level":2}}