{"host":"jm9833yuloeli2yd","time":1607558110,"event":{"gold_per_floor":[112,125,137,137,137,137,137,137,137],"floor_reached":8,"playtime":125,"items_purged":[],"score":92,"play_id":"8e71c67e-2cff-4d84-8f03-9d87339076c4","local_time":"20201209185510","is_ascension_mode":true,"campfire_choices":[{"floor":6.0,"key":"REST"}],"neow_cost":"PERCENT_DAMAGE","seed_source_timestamp":784452421195000,"circlet_count":0,"master_deck":["AscendersBane","Strike_B","Strike_B","Strike_B+1","Strike_B","Defend_B","Defend_B","Defend_B","Defend_B+1","Zap","Dualcast","Ball Lightning","Ball Lightning","Hologram","Turbo"],"special_seed":0,"relics":["Cracked Core","Dead Branch"],"potions_floor_usage":[],"damage_taken":[{"damage":2.0,"enemies":"Cultist","floor":1.0,"turns":4.0},{"damage":8.0,"enemies":"2 Louse","floor":2.0,"turns":2.0},{"damage":8.0,"enemies":"Small Slimes","floor":3.0,"turns":3.0},{"damage":45,"enemies":"Gremlin Nob","floor":8,"turns":3}],"seed_played":"1371315452457889461","potions_obtained":[],"is_trial":false,"path_per_floor":["M","M","M","?","?","R","?","E"],"character_chosen":"DEFECT","items_purchased":[],"campfire_rested":1,"item_purchase_floors":[],"current_hp_per_floor":[44,36,28,33,10,32,32,0,0],"gold":137,"neow_bonus":"ONE_RARE_RELIC","is_prod":false,"is_daily":false,"chose_seed":false,"campfire_upgraded":0,"win_rate":0,"timestamp":1607558110,"path_taken":["M","M","?","?","?","R","?","E"],"build_version":"2020-11-30","purchased_purges":0,"victory":false,"max_hp_per_floor":[71,71,71,76,76,76,76,76,76],"card_choices":[{"not_picked":["Gash","Go for the Eyes"],"picked":"Ball Lightning","floor":1.0},{"not_picked":["Gash","Go for the Eyes"],"picked":"Ball Lightning","floor":1.0},{"not_picked":["Stack","Beam Cell"],"picked":"Hologram","floor":2.0},{"not_picked":["Stack","Gash"],"picked":"Turbo","floor":3.0}],"player_experience":982883,"relics_obtained":[],"event_choices":[{"damage_healed":0.0,"max_hp_gain":5.0,"max_hp_loss":0.0,"gold_gain":0.0,"event_name":"Big Fish","player_choice":"Donut","floor":4.0,"gold_loss":0.0,"damage_taken":0.0},{"damage_healed":0.0,"max_hp_gain":0.0,"max_hp_loss":0.0,"gold_gain":0.0,"event_name":"Shining Light","player_choice":"Entered Light","floor":5.0,"gold_loss":0.0,"damage_taken":23.0,"cards_upgraded":["Strike_B","Defend_B"]},{"damage_healed":0.0,"max_hp_gain":0.0,"max_hp_loss":0.0,"gold_gain":0.0,"event_name":"Scrap Ooze","player_choice":"Fled","floor":7.0,"gold_loss":0.0,"damage_taken":0.0}],"is_beta":false,"boss_relics":[],"items_purged_floors":[],"is_endless":false,"potions_floor_spawned":[],"killed_by":"Gremlin Nob","ascension_level":20}}