{"host":"milnbpnt8q6cnpmr","time":1607482492,"event":{"gold_per_floor":[112,131,131,150,162,196,209,236,236,236,236,161,33,48,48,122,122,132,142,142,142,42,42,75,75,98,133,202,117,144,172,184,272,284,314,326,108,122,147,177,177,206,206,226,259,279,0,13,13,13],"floor_reached":51,"playtime":3141,"items_purged":["Defend_MRS","Strike_MRS","MasterSpark"],"score":1470,"play_id":"0d9bc52d-6a6d-49ff-abad-2ad7a40c5a98","local_time":"20201208185452","is_ascension_mode":true,"campfire_choices":[{"data":"EscapeVelocity","floor":10.0,"key":"SMITH"},{"floor":15.0,"key":"REST"},{"floor":23,"key":"REST"},{"data":"BlazingStar","floor":25,"key":"SMITH"},{"floor":32,"key":"REST"},{"floor":41,"key":"REST"},{"data":"PropBag","floor":49,"key":"SMITH"}],"neow_cost":"PERCENT_DAMAGE","seed_source_timestamp":2384052637703600,"circlet_count":0,"master_deck":["AscendersBane","Defend_MRS+1","Defend_MRS","UpSweep","EscapeVelocity+1","WitchLeyline","BlazeAway+1","GasGiant","GravityBeat","PropBag+1","BlazingStar+1","MeteoricShower","WitchLeyline","SprinkleStarSeal","BlazingStar","CurseOfTheBell","SporeBomb","Finesse","OneTimeOff","MilkyWay+1","SuperPerseids+1","BlazeAway+1"],"special_seed":0,"relics":["MiniHakkero","Meat on the Bone","InkBottle","Blue Candle","Empty Cage","Bottled Flame","Blood Vial","White Beast Statue","Darkstone Periapt","The Courier","MawBank","Calling Bell","Happy Flower","Pantograph","Ginger","Ancient Tea Set","Pocketwatch","Matryoshka","PreservedInsect","Akabeko","Bird Faced Urn","Art of War","Red Mask"],"potions_floor_usage":[16,18,24,33,33,35,38,40,42,45,46,50,50],"damage_taken":[{"damage":10.0,"enemies":"Small Slimes","floor":1.0,"turns":3.0},{"damage":0.0,"enemies":"Cultist","floor":2.0,"turns":4.0},{"damage":5.0,"enemies":"2 Louse","floor":4.0,"turns":3.0},{"damage":10.0,"enemies":"2 Fungi Beasts","floor":5.0,"turns":3.0},{"damage":32.0,"enemies":"Gremlin Nob","floor":6.0,"turns":4.0},{"damage":0.0,"enemies":"Large Slime","floor":7.0,"turns":3.0},{"damage":14.0,"enemies":"Lagavulin","floor":8.0,"turns":7.0},{"damage":7.0,"enemies":"Exordium Wildlife","floor":14.0,"turns":3.0},{"damage":17,"enemies":"Slime Boss","floor":16,"turns":7},{"damage":13,"enemies":"Shell Parasite","floor":18,"turns":3},{"damage":30,"enemies":"3 Byrds","floor":19,"turns":6},{"damage":12,"enemies":"Gremlin Leader","floor":24,"turns":4},{"damage":35,"enemies":"Slavers","floor":27,"turns":5},{"damage":15,"enemies":"Gremlin Leader","floor":30,"turns":4},{"damage":5,"enemies":"Snecko","floor":31,"turns":3},{"damage":33,"enemies":"Collector","floor":33,"turns":5},{"damage":0,"enemies":"Orb Walker","floor":35,"turns":1},{"damage":23,"enemies":"3 Darklings","floor":38,"turns":6},{"damage":25,"enemies":"Mind Bloom Boss Battle","floor":39,"turns":4},{"damage":39,"enemies":"Reptomancer","floor":40,"turns":5},{"damage":20,"enemies":"Nemesis","floor":42,"turns":3},{"damage":0,"enemies":"Maw","floor":44,"turns":3},{"damage":0,"enemies":"Giant Head","floor":45,"turns":4},{"damage":17,"enemies":"Writhing Mass","floor":46,"turns":3},{"damage":13,"enemies":"4 Shapes","floor":48,"turns":6},{"damage":54,"enemies":"Donu and Deca","floor":50,"turns":4}],"seed_played":"-1142745044125783587","potions_obtained":[{"floor":1.0,"key":"Energy Potion"},{"floor":2.0,"key":"Dexterity Potion"},{"floor":6.0,"key":"SkillPotion"},{"floor":14.0,"key":"DuplicationPotion"},{"floor":18,"key":"SpeedPotion"},{"floor":30,"key":"Energy Potion"},{"floor":31,"key":"PowerPotion"},{"floor":33,"key":"Energy Potion"},{"floor":35,"key":"SteroidPotion"},{"floor":38,"key":"Dexterity Potion"},{"floor":39,"key":"ColorlessPotion"},{"floor":40,"key":"FearPotion"},{"floor":42,"key":"EssenceOfSteel"},{"floor":45,"key":"SteroidPotion"},{"floor":46,"key":"Energy Potion"},{"floor":48,"key":"Strength Potion"}],"is_trial":false,"path_per_floor":["M","M","?","M","M","E","M","E","T","R","?","?","$","M","R","B",null,"M","M","?","?","$","R","E","R","T","E","T","?","E","M","R","B",null,"M","?","$","M","?","E","R","E","T","M","E","M","?","M","R","B",null],"character_chosen":"MARISA","items_purchased":["Energy Potion","Ancient Tea Set"],"campfire_rested":4,"item_purchase_floors":[13,37],"current_hp_per_floor":[35,35,70,65,55,23,35,33,33,33,12,12,12,17,38,33,61,48,30,30,30,30,51,39,39,39,18,18,18,17,26,47,28,66,68,68,68,47,49,24,46,40,40,44,48,45,45,48,48,35],"gold":13,"neow_bonus":"THREE_RARE_CARDS","is_prod":false,"is_daily":false,"chose_seed":false,"campfire_upgraded":3,"win_rate":0,"timestamp":1607482492,"path_taken":["M","M","?","M","?","E","M","E","T","R","?","?","$","M","R","BOSS","M","M","?","?","?","R","E","R","T","E","?","?","E","M","R","BOSS","M","?","$","M","?","E","R","E","T","M","E","M","?","M","R","BOSS"],"build_version":"2020-11-30","purchased_purges":3,"victory":true,"max_hp_per_floor":[70,70,70,70,70,70,70,70,70,70,70,70,70,70,70,70,70,70,70,70,70,70,70,70,70,70,70,70,70,70,70,70,70,76,76,76,76,76,76,76,76,76,76,76,76,76,76,76,76,76],"card_choices":[{"not_picked":["MaximisePower","JA"],"picked":"EscapeVelocity","floor":0.0},{"not_picked":["DarkSpark","PulseMagic"],"picked":"GasGiant","floor":1.0},{"not_picked":["MilkyWay","OneTimeOff"],"picked":"WitchLeyline","floor":2.0},{"not_picked":["DoubleSpark","OneTimeOff"],"picked":"BlazeAway","floor":4.0},{"not_picked":["GrandCross","AlicesGift","NonDirectionalLaser"],"picked":"SKIP","floor":5.0},{"not_picked":["6A","TreasureHunter"],"picked":"GasGiant","floor":6.0},{"not_picked":["LuminesStrike","OpenUniverse","MysteriousBeam"],"picked":"SKIP","floor":7.0},{"not_picked":["IllusionStar","DragonMeteor"],"picked":"GravityBeat","floor":8.0},{"not_picked":["WitchLeyline","GalacticHalo"],"picked":"PropBag","floor":14.0},{"not_picked":["FinalSpark","StarDustReverie"],"picked":"BlazingStar","floor":16},{"not_picked":["GalacticHalo","DC"],"picked":"MeteoricShower","floor":18},{"not_picked":["ShootingEcho","NonDirectionalLaser"],"picked":"WitchLeyline","floor":19},{"not_picked":["ShootingEcho","ManaRampage","FinalSpark"],"picked":"SKIP","floor":24},{"not_picked":["PowerUp","6A+1","Occultation"],"picked":"SKIP","floor":27},{"not_picked":["GalacticHalo+1","IllusionStar"],"picked":"SprinkleStarSeal","floor":30},{"not_picked":["StarlightTyphoon","NonDirectionalLaser","PowerUp"],"picked":"SKIP","floor":31},{"not_picked":["CasketOfStar","CollectingQuirk"],"picked":"BlazingStar","floor":33},{"not_picked":["WitchLeyline","AsteroidBelt"],"picked":"SporeBomb","floor":35},{"not_picked":["Transmutation","Bandage Up"],"picked":"Finesse","floor":36},{"not_picked":["NonDirectionalLaser+1","SporeBomb","LuminesStrike"],"picked":"SKIP","floor":38},{"not_picked":["6A","GravityBeat"],"picked":"OneTimeOff","floor":39},{"not_picked":["RefractionSpark","ChargeUpSpray+1","WitchOfGreed"],"picked":"SKIP","floor":40},{"not_picked":["MysteriousBeam","GalacticHalo+1"],"picked":"MilkyWay+1","floor":42},{"not_picked":["MeteoricShower","EnergyFlow"],"picked":"SuperPerseids+1","floor":44},{"not_picked":["BlazingStar","GravityBeat","IllusionStar"],"picked":"SKIP","floor":45},{"not_picked":["GalacticHalo","MilkyWay"],"picked":"BlazeAway+1","floor":46},{"not_picked":["Orbital","IllusionStar","6A+1"],"picked":"SKIP","floor":48}],"player_experience":1131430,"relics_obtained":[{"floor":6.0,"key":"Meat on the Bone"},{"floor":8.0,"key":"InkBottle"},{"floor":9.0,"key":"Blue Candle"},{"floor":24,"key":"Bottled Flame"},{"floor":26,"key":"Blood Vial"},{"floor":27,"key":"White Beast Statue"},{"floor":28,"key":"Darkstone Periapt"},{"floor":30,"key":"MawBank"},{"floor":34,"key":"Happy Flower"},{"floor":34,"key":"Pantograph"},{"floor":34,"key":"Ginger"},{"floor":39,"key":"Pocketwatch"},{"floor":40,"key":"Matryoshka"},{"floor":42,"key":"PreservedInsect"},{"floor":43,"key":"Akabeko"},{"floor":43,"key":"Bird Faced Urn"},{"floor":45,"key":"Art of War"}],"event_choices":[{"cards_removed":["GasGiant"],"damage_healed":35.0,"max_hp_gain":0.0,"max_hp_loss":0.0,"gold_gain":0.0,"event_name":"Bonfire Elementals","player_choice":"Offered Uncommon","floor":3.0,"gold_loss":0.0,"damage_taken":0.0},{"damage_healed":0.0,"max_hp_gain":0.0,"max_hp_loss":0.0,"gold_gain":0.0,"event_name":"Shining Light","player_choice":"Entered Light","floor":11.0,"gold_loss":0.0,"damage_taken":21.0,"cards_upgraded":["BlazeAway","Defend_MRS"]},{"cards_removed":["Strike_MRS"],"damage_healed":0.0,"max_hp_gain":0.0,"max_hp_loss":0.0,"gold_gain":0.0,"event_name":"The Cleric","player_choice":"Card Removal","floor":12.0,"gold_loss":75.0,"damage_taken":0.0},{"damage_healed":0,"gold_gain":0,"player_choice":"Ignored","damage_taken":0,"max_hp_gain":0,"max_hp_loss":0,"event_name":"Cursed Tome","floor":20,"gold_loss":0},{"cards_removed":["Strike_MRS"],"damage_healed":0,"gold_gain":0,"player_choice":"Elegance","damage_taken":0,"max_hp_gain":0,"max_hp_loss":0,"event_name":"Back to Basics","floor":21,"gold_loss":0},{"damage_healed":0,"gold_gain":0,"player_choice":"Obtained Relic","damage_taken":0,"relics_obtained":["The Courier"],"max_hp_gain":0,"max_hp_loss":0,"event_name":"Addict","floor":29,"gold_loss":85},{"damage_healed":0,"gold_gain":0,"player_choice":"Memory 1","damage_taken":0,"max_hp_gain":0,"max_hp_loss":0,"event_name":"SensoryStone","floor":36,"gold_loss":0},{"damage_healed":0,"gold_gain":0,"player_choice":"Fight","damage_taken":0,"max_hp_gain":0,"max_hp_loss":0,"event_name":"MindBloom","floor":39,"gold_loss":0},{"damage_healed":0,"gold_gain":0,"player_choice":"Paid","damage_taken":0,"relics_obtained":["Red Mask"],"max_hp_gain":0,"max_hp_loss":0,"event_name":"Tomb of Lord Red Mask","floor":47,"gold_loss":279}],"is_beta":false,"boss_relics":[{"not_picked":["Runic Pyramid","Runic Dome"],"picked":"Empty Cage"},{"not_picked":["BewitchedHakkero","Black Star"],"picked":"Calling Bell"}],"items_purged_floors":[13,22,37],"is_endless":false,"potions_floor_spawned":[1,2,6,14,18,30,31,33,35,38,39,40,42,44,45,46,48],"ascension_level":16}}