{"host":"78hrz0ylpj9lzvi8","time":1607531152,"event":{"gold_per_floor":[110,129,145,162,181,181,211,211,261,53,70,70,89,118,118,196,196,212,225,225,242,9,9,37,37,84,102,102,102,102],"floor_reached":29,"playtime":996,"items_purged":["Strike_P"],"score":664,"play_id":"bdf51d15-694a-4201-bb2e-d1ed0b787ab6","local_time":"20201209132552","is_ascension_mode":true,"campfire_choices":[{"data":"Eruption","floor":6.0,"key":"SMITH"},{"floor":8.0,"key":"REST"},{"data":"SashWhip","floor":15.0,"key":"SMITH"},{"data":"BattleHymn","floor":23.0,"key":"SMITH"},{"floor":28.0,"key":"REST"}],"neow_cost":"PERCENT_DAMAGE","seed_source_timestamp":5098418324300,"circlet_count":0,"master_deck":["AscendersBane","Strike_P","Strike_P","Defend_P","Defend_P","Defend_P","Defend_P","Eruption+1","Vigilance","Secret Weapon","SashWhip+1","BowlingBash","CutThroughFate+1","Brilliance+1","Conclude","Halt","ThirdEye","BattleHymn+1","Vault+1","Vengeance","FlyingSleeves+1","Perseverance","SpiritShield","Evaluate+1"],"special_seed":0,"relics":["PureWater","Whetstone","Bottled Lightning","Philosopher\u0027s Stone","Anchor","Nloth\u0027s Gift","Orichalcum"],"potions_floor_usage":[],"damage_taken":[{"damage":0.0,"enemies":"Small Slimes","floor":1.0,"turns":2.0},{"damage":0.0,"enemies":"Cultist","floor":2.0,"turns":2.0},{"damage":11.0,"enemies":"Jaw Worm","floor":3.0,"turns":4.0},{"damage":5.0,"enemies":"Gremlin Gang","floor":4.0,"turns":3.0},{"damage":4.0,"enemies":"Blue Slaver","floor":5.0,"turns":3.0},{"damage":0.0,"enemies":"Gremlin Nob","floor":7.0,"turns":2.0},{"damage":0.0,"enemies":"Large Slime","floor":11.0,"turns":2.0},{"damage":0.0,"enemies":"Exordium Thugs","floor":13.0,"turns":2.0},{"damage":1.0,"enemies":"3 Sentries","floor":14.0,"turns":3.0},{"damage":0.0,"enemies":"Slime Boss","floor":16.0,"turns":6.0},{"damage":18.0,"enemies":"2 Thieves","floor":18.0,"turns":4.0},{"damage":9.0,"enemies":"Shell Parasite","floor":19.0,"turns":3.0},{"damage":0.0,"enemies":"Sentry and Sphere","floor":21.0,"turns":3.0},{"damage":8.0,"enemies":"Book of Stabbing","floor":24.0,"turns":5.0},{"damage":26.0,"enemies":"Shelled Parasite and Fungi","floor":27.0,"turns":5.0},{"damage":21,"enemies":"Snake Plant","floor":29,"turns":2}],"seed_played":"-6292950026401837097","potions_obtained":[{"floor":1.0,"key":"Fire Potion"},{"floor":3.0,"key":"LiquidMemories"},{"floor":5.0,"key":"AttackPotion"},{"floor":16.0,"key":"DistilledChaos"},{"floor":21.0,"key":"GamblersBrew"}],"is_trial":false,"path_per_floor":["M","M","M","M","M","R","E","R","T","$","M","?","M","E","R","B",null,"M","M","?","M","$","R","E","?","T","M","R","M"],"character_chosen":"WATCHER","items_purchased":["Conclude","BlessingOfTheForge","SpiritShield","Swift Potion"],"campfire_rested":2,"item_purchase_floors":[10,10,22,22],"current_hp_per_floor":[43,43,32,27,23,23,23,43,43,43,43,43,43,42,42,42,62,44,35,35,35,35,35,27,27,27,1,21,0,0],"gold":102,"neow_bonus":"RANDOM_COLORLESS_2","is_prod":false,"is_daily":false,"chose_seed":false,"campfire_upgraded":3,"win_rate":0,"timestamp":1607531152,"path_taken":["M","M","M","M","M","R","E","R","T","$","M","?","M","E","R","BOSS","M","M","?","?","$","R","E","?","T","M","R","M"],"build_version":"2020-11-30","purchased_purges":1,"victory":false,"max_hp_per_floor":[68,68,68,68,68,68,68,68,68,68,68,68,68,68,68,68,68,68,68,68,68,68,68,68,68,68,68,68,68,68],"card_choices":[{"not_picked":["Transmutation","Violence"],"picked":"Secret Weapon","floor":0.0},{"not_picked":["Swivel","CrushJoints"],"picked":"SashWhip","floor":1.0},{"not_picked":["PathToVictory","Worship","WaveOfTheHand"],"picked":"SKIP","floor":2.0},{"not_picked":["PathToVictory","Crescendo"],"picked":"BowlingBash","floor":3.0},{"not_picked":["Collect","Consecrate"],"picked":"CutThroughFate","floor":4.0},{"not_picked":["EmptyBody","Halt"],"picked":"Brilliance","floor":5.0},{"not_picked":["ClearTheMind","PathToVictory","ConjureBlade"],"picked":"SKIP","floor":7.0},{"not_picked":["LikeWater","PathToVictory"],"picked":"Halt","floor":11.0},{"not_picked":["Halt","Evaluate"],"picked":"ThirdEye","floor":13.0},{"not_picked":["JustLucky","EmptyBody"],"picked":"BattleHymn","floor":14.0},{"not_picked":["Devotion","DevaForm"],"picked":"Vault","floor":16.0},{"not_picked":["ClearTheMind","SashWhip"],"picked":"Vengeance","floor":18.0},{"not_picked":["ReachHeaven","Consecrate"],"picked":"FlyingSleeves+1","floor":19.0},{"not_picked":["FlyingSleeves","Consecrate"],"picked":"Perseverance","floor":21.0},{"not_picked":["ThirdEye+1","Consecrate"],"picked":"Evaluate+1","floor":24.0},{"not_picked":["Collect","Crescendo","CarveReality"],"picked":"SKIP","floor":27.0}],"player_experience":899136,"relics_obtained":[{"floor":7.0,"key":"Whetstone"},{"floor":9.0,"key":"Dream Catcher"},{"floor":14.0,"key":"Bottled Lightning"},{"floor":24.0,"key":"Anchor"},{"floor":26.0,"key":"Orichalcum"}],"event_choices":[{"cards_removed":["Strike_P"],"damage_healed":0.0,"max_hp_gain":0.0,"max_hp_loss":0.0,"gold_gain":0.0,"event_name":"Bonfire Elementals","player_choice":"Offered Basic","floor":12.0,"gold_loss":0.0,"damage_taken":0.0},{"damage_healed":0.0,"max_hp_gain":0.0,"max_hp_loss":0.0,"gold_gain":0.0,"event_name":"Accursed Blacksmith","player_choice":"Forge","floor":20.0,"gold_loss":0.0,"damage_taken":0.0,"cards_upgraded":["Vault"]},{"damage_healed":0.0,"max_hp_gain":0.0,"max_hp_loss":0.0,"gold_gain":0.0,"event_name":"N\u0027loth","player_choice":"Traded Relic","floor":25.0,"relics_lost":["Dream Catcher"],"gold_loss":0.0,"damage_taken":0.0,"relics_obtained":["Nloth\u0027s Gift"]}],"is_beta":false,"boss_relics":[{"not_picked":["Runic Pyramid","Ectoplasm"],"picked":"Philosopher\u0027s Stone"}],"items_purged_floors":[10],"is_endless":false,"potions_floor_spawned":[1,3,5,16,21],"killed_by":"Snake Plant","ascension_level":20}}