{"host":"rcuacvep95pje9kw","time":1607480705,"event":{"gold_per_floor":[99,99,99,156,156,234,234,318,363,444,131,191,278,326,326,611,611,665,665,701,701,701,701,782,782,782,878,560,659,35,35,35,341,341,380,380,431,467,512,602,602,602,602,680,680,767,767,803,803,803],"floor_reached":51,"playtime":1585,"items_purged":[],"score":1240,"play_id":"c91500eb-6415-447f-abfb-4c27aa8dbd6e","local_time":"20201208212505","daily_mods":["SealedDeck","Hoarder","DeadlyEvents","Elite Swarm","Midas"],"is_ascension_mode":false,"campfire_choices":[{"floor":7,"key":"REST"},{"floor":23,"key":"REST"},{"floor":25,"key":"REST"},{"floor":32,"key":"REST"},{"floor":49,"key":"REST"}],"neow_cost":"NONE","seed_source_timestamp":142659033960561,"circlet_count":0,"master_deck":["hexamod:PowerFromBeyond","hexamod:PowerFromBeyond","hexamod:PowerFromBeyond","hexamod:SpectersWail","hexamod:SpectersWail","hexamod:SpectersWail","hexamod:Haunt+1","hexamod:Haunt","hexamod:Haunt","hexamod:RainOfEmbers+1","hexamod:RainOfEmbers+1","hexamod:RainOfEmbers","hexamod:FlamesFromBeyond","hexamod:FlamesFromBeyond","hexamod:FlamesFromBeyond","hexamod:SuperheatedStrike","hexamod:SuperheatedStrike","hexamod:Incineration","hexamod:Incineration+1","hexamod:Incineration","hexamod:HeatCrush","hexamod:HeatCrush+1","hexamod:HeatCrush","hexamod:AdvancingGuard","hexamod:AdvancingGuard","hexamod:AdvancingGuard","hexamod:FirstSeal","hexamod:FirstSeal","hexamod:FirstSeal","hexamod:RetreatToShadows","hexamod:RetreatToShadows","hexamod:RetreatToShadows","hexamod:ThermalTransfer+1","hexamod:ThermalTransfer","hexamod:ThermalTransfer","hexamod:FlamesFromBeyond","hexamod:FlamesFromBeyond+1","hexamod:FlamesFromBeyond","hexamod:Firestarter","hexamod:Firestarter","hexamod:Firestarter","hexamod:Firestarter","hexamod:Firestarter","hexamod:Firestarter","hexamod:EmpoweredFlame","hexamod:EmpoweredFlame","hexamod:EmpoweredFlame","hexamod:FirstSeal","hexamod:FirstSeal","hexamod:FirstSeal","hexamod:HeatShield","hexamod:HeatShield","hexamod:HeatShield","hexamod:ThermalTransfer","hexamod:ThermalTransfer","hexamod:ThermalTransfer","hexamod:GhostflameBarrier","hexamod:GhostflameBarrier","hexamod:GhostflameBarrier","hexamod:ThirdSeal","hexamod:ThirdSeal","hexamod:ThirdSeal","hexamod:HexaLevel","hexamod:HexaLevel","hexamod:HexaLevel","hexamod:WildfireWeapon","hexamod:WildfireWeapon+1","hexamod:WildfireWeapon+1","hexamod:CrushingStance","hexamod:CrushingStance+1","hexamod:CrushingStance","hexamod:FifthSeal","hexamod:FifthSeal","hexamod:FifthSeal","hexamod:FastForward","hexamod:FastForward","hexamod:FastForward","hexamod:Toasty","hexamod:Toasty","hexamod:Toasty","hexamod:GiftsFromTheDead","hexamod:GiftsFromTheDead","hexamod:GiftsFromTheDead","hexamod:WildfireWeapon","hexamod:WildfireWeapon","hexamod:WildfireWeapon","hexamod:VolcanoVisage+1","hexamod:VolcanoVisage","hexamod:VolcanoVisage","hexamod:SixthSeal","hexamod:SixthSeal","hexamod:SixthSeal","hexamod:EmpoweringStance","hexamod:EmpoweringStance","hexamod:EmpoweringStance","hexamod:GhostLash","hexamod:GhostLash","hexamod:GhostLash","Necronomicurse","Necronomicurse","Necronomicurse","hexamod:SixthSeal","hexamod:SixthSeal","hexamod:SixthSeal","hexamod:TimeOfNeed","hexamod:TimeOfNeed","hexamod:TimeOfNeed","hexamod:HexaLevel","hexamod:HexaLevel","hexamod:HexaLevel","hexamod:EmpoweredFlame+1","hexamod:EmpoweredFlame+1","hexamod:EmpoweredFlame+1","hexamod:BacktrackSmack+1","hexamod:BacktrackSmack+1","hexamod:BacktrackSmack+1","hexamod:StepThrough+1","hexamod:StepThrough+1","hexamod:StepThrough+1","hexamod:BacktrackSmack+1","hexamod:BacktrackSmack+1","hexamod:BacktrackSmack+1","hexamod:EmpoweringStance+1","hexamod:EmpoweringStance+1","hexamod:EmpoweringStance+1","hexamod:FourthSeal","hexamod:FourthSeal","hexamod:FourthSeal","hexamod:FourthSeal","hexamod:FourthSeal","hexamod:FourthSeal","hexamod:GhostOfSpireFuture","hexamod:GhostOfSpireFuture","hexamod:GhostOfSpireFuture","hexamod:VolcanoVisage+1","hexamod:VolcanoVisage+1","hexamod:VolcanoVisage+1"],"relics":["hexamod:SpiritBrand","Hammer of Thor","Seething Fire","Anvil of the Gods","Ring of Chaos","NeowsBlessing","Ice Cream","Incense Burner","Replay:Rubber Ducky","Replay:Kaleidoscope","Whetstone","Busted Crown","Necronomicon","NeowsBlessing","Nloth\u0027s Gift","StrikeDummy","Pantograph","WingedGreaves","Golden Egg","Bird Faced Urn","Turnip","Centennial Puzzle","Orrery","NeowsBlessing","Painkiller Herb","NeowsBlessing","Bag of Marbles","NeowsBlessing","Bottled Flame","Anchor","Durian"],"potions_floor_usage":[40,50,50],"damage_taken":[{"damage":0,"enemies":"Jaw Worm","floor":4,"turns":1},{"damage":0,"enemies":"Lagavulin","floor":6,"turns":2},{"damage":0,"enemies":"Gremlin Nob","floor":8,"turns":1},{"damage":10,"enemies":"Lagavulin","floor":10,"turns":4},{"damage":0,"enemies":"2 Louse","floor":12,"turns":4},{"damage":9,"enemies":"3 Sentries","floor":13,"turns":5},{"damage":0,"enemies":"Cultist","floor":14,"turns":3},{"damage":6,"enemies":"The Guardian","floor":16,"turns":10},{"damage":0,"enemies":"Chosen","floor":18,"turns":4},{"damage":0,"enemies":"Spheric Guardian","floor":20,"turns":3},{"damage":0,"enemies":"Book of Stabbing","floor":24,"turns":2},{"damage":6,"enemies":"Slavers","floor":27,"turns":3},{"damage":0,"enemies":"Book of Stabbing","floor":29,"turns":1},{"damage":0,"enemies":"Collector","floor":33,"turns":1},{"damage":0,"enemies":"Orb Walker","floor":35,"turns":1},{"damage":0,"enemies":"3 Darklings","floor":37,"turns":1},{"damage":0,"enemies":"Maw","floor":38,"turns":1},{"damage":0,"enemies":"Writhing Mass","floor":39,"turns":1},{"damage":53,"enemies":"Reptomancer","floor":40,"turns":7},{"damage":0,"enemies":"Nemesis","floor":44,"turns":1},{"damage":0,"enemies":"Reptomancer","floor":46,"turns":1},{"damage":0,"enemies":"4 Shapes","floor":48,"turns":1},{"damage":0,"enemies":"Replay:Hell Engine","floor":50,"turns":10}],"seed_played":"2904604142705069062","potions_obtained":[{"floor":10,"key":"AttackPotion"},{"floor":18,"key":"DistilledChaos"},{"floor":27,"key":"ColorlessPotion"},{"floor":40,"key":"Cursed Concoction"}],"is_trial":true,"path_per_floor":["WH","?","WH","M","WH","E","R","E","T","E","$","M","E","M","R","B",null,"M","?","M","WH","?","R","E","R","T","E","$","E","$","WH","R","B",null,"?","WH","?","?","?","E","WH","WH","T","E","?","E","WH","?","T","B",null],"character_chosen":"THE_SPIRIT","items_purchased":["Replay:Kaleidoscope","Golden Egg","hexamod:EmpoweredFlame","Turnip","Centennial Puzzle","Orrery"],"campfire_rested":5,"item_purchase_floors":[11,28,28,30,30,30],"current_hp_per_floor":[70,70,70,70,77,77,77,77,77,74,74,77,75,75,77,77,77,77,61,61,61,61,77,77,77,77,71,71,71,71,71,77,77,77,77,77,77,77,77,69,69,76,76,76,76,83,91,91,97,97],"gold":803,"neow_bonus":"TEN_PERCENT_HP_BONUS","is_prod":false,"is_daily":false,"chose_seed":false,"campfire_upgraded":0,"win_rate":0,"timestamp":1607480705,"path_taken":["WH","?","WH","M","WH","E","R","E","T","E","$","M","E","M","R","BOSS","M","?","M","WH","?","R","E","R","T","E","$","?","$","WH","R","BOSS","?","WH","?","?","?","E","WH","WH","T","E","?","E","WH","?","T","BOSS"],"build_version":"2020-11-30","purchased_purges":0,"victory":true,"max_hp_per_floor":[70,70,70,70,77,77,77,77,77,77,77,77,77,77,77,77,77,77,77,77,77,77,77,77,77,77,77,77,77,77,77,77,77,77,77,77,77,77,77,77,77,84,84,84,84,89,97,97,97,97],"relic_stats":{"Centennial Puzzle":[3],"Busted Crown":60,"counters":[23,68],"Pantograph":0,"Bird Faced Urn":[26],"Turnip":[0],"Necronomicon":[8],"Nloth\u0027s Gift":1,"Whetstone":["hexamod:ThermalTransfer","hexamod:Incineration"],"obtain_stats":[{"Ice Cream":6,"Golden Egg":28,"Painkiller Herb":34,"Hammer of Thor":0,"Incense Burner":8,"Whetstone":13,"Replay:Rubber Ducky":9,"Nunchaku":10,"Centennial Puzzle":30,"Pantograph":26,"WingedGreaves":27,"Necronomicon":19,"hexamod:SpiritBrand":0,"NeowsBlessing":3,"Ring of Chaos":0,"Seething Fire":0,"Replay:Kaleidoscope":11,"Bottled Flame":43,"Anchor":44,"Busted Crown":17,"Anvil of the Gods":0,"Bird Faced Urn":29,"Orrery":30,"Turnip":30,"Nloth\u0027s Gift":22,"Bag of Marbles":40,"Durian":46,"StrikeDummy":24},{"Ice Cream":2,"Golden Egg":12,"Painkiller Herb":14,"Hammer of Thor":0,"Incense Burner":3,"Whetstone":6,"Replay:Rubber Ducky":3,"Nunchaku":4,"Centennial Puzzle":13,"Pantograph":11,"WingedGreaves":12,"Necronomicon":9,"hexamod:SpiritBrand":0,"NeowsBlessing":0,"Ring of Chaos":0,"Seething Fire":0,"Replay:Kaleidoscope":4,"Bottled Flame":19,"Anchor":20,"Busted Crown":8,"Anvil of the Gods":0,"Bird Faced Urn":13,"Orrery":13,"Turnip":13,"Nloth\u0027s Gift":10,"Bag of Marbles":19,"Durian":21,"StrikeDummy":11},{"Ice Cream":3,"Golden Egg":42,"Painkiller Herb":44,"Hammer of Thor":0,"Incense Burner":4,"Whetstone":17,"Replay:Rubber Ducky":4,"Nunchaku":8,"Centennial Puzzle":43,"Pantograph":39,"WingedGreaves":42,"Necronomicon":34,"hexamod:SpiritBrand":0,"NeowsBlessing":0,"Ring of Chaos":0,"Seething Fire":0,"Replay:Kaleidoscope":8,"Bottled Flame":55,"Anchor":56,"Busted Crown":30,"Anvil of the Gods":0,"Bird Faced Urn":43,"Orrery":43,"Turnip":43,"Nloth\u0027s Gift":37,"Bag of Marbles":55,"Durian":57,"StrikeDummy":39}]},"card_choices":[{"not_picked":["hexamod:GhostOfSpirePresent","hexamod:Again","hexamod:ThermalTransfer"],"picked":"SKIP","floor":4},{"not_picked":["hexamod:WildfireWeapon","hexamod:GhostflameInferno"],"picked":"hexamod:HexaLevel","floor":6},{"not_picked":["hexamod:HexaLevel","hexamod:TimeWarp"],"picked":"hexamod:WildfireWeapon","floor":8},{"not_picked":["hexamod:HexaLevel","hexamod:Toasty"],"picked":"hexamod:CrushingStance","floor":10},{"not_picked":["hexamod:WildfireWeapon","hexamod:EmpoweringStance"],"picked":"hexamod:FifthSeal","floor":10},{"not_picked":["hexamod:SpectralSpark","hexamod:InspiringFlames"],"picked":"hexamod:FastForward","floor":12},{"not_picked":["hexamod:TurnItUp","hexamod:ParanormalForm"],"picked":"hexamod:Toasty","floor":13},{"not_picked":["hexamod:TurnItUp","hexamod:WildfireWeapon"],"picked":"hexamod:GiftsFromTheDead","floor":13},{"not_picked":["hexamod:GhostflameInferno","hexamod:HexaLevel","hexamod:WildfireWeapon"],"picked":"SKIP","floor":13},{"not_picked":["hexamod:SwordOfDarkness","hexamod:GhostflameBarrier","hexamod:Hexaguard"],"picked":"SKIP","floor":14},{"not_picked":["hexamod:VolcanoVisage","hexamod:Toasty"],"picked":"hexamod:WildfireWeapon","floor":16},{"not_picked":["hexamod:FifthSeal","hexamod:GhostflameInferno"],"picked":"hexamod:VolcanoVisage","floor":16},{"not_picked":["hexamod:SecondSeal","hexamod:ThirdSeal"],"picked":"hexamod:SixthSeal","floor":16},{"not_picked":["hexamod:CrushingStance","hexamod:Toasty"],"picked":"hexamod:EmpoweringStance","floor":16},{"not_picked":[],"picked":"hexamod:GhostLash","floor":18},{"not_picked":[],"picked":"hexamod:SixthSeal","floor":20},{"not_picked":["hexamod:RainOfEmbers"],"picked":"SKIP","floor":20},{"not_picked":[],"picked":"hexamod:TimeOfNeed","floor":24},{"not_picked":[],"picked":"hexamod:HexaLevel","floor":27},{"not_picked":["hexamod:ParanormalForm"],"picked":"SKIP","floor":29},{"not_picked":[],"picked":"hexamod:BacktrackSmack","floor":30},{"not_picked":[],"picked":"hexamod:StepThrough","floor":30},{"not_picked":[],"picked":"hexamod:BacktrackSmack","floor":30},{"not_picked":[],"picked":"hexamod:EmpoweringStance","floor":33},{"not_picked":["hexamod:DynamicBlow+1"],"picked":"SKIP","floor":35},{"not_picked":["hexamod:NightmareGuise+1"],"picked":"SKIP","floor":37},{"not_picked":["hexamod:GhostShield"],"picked":"SKIP","floor":38},{"not_picked":[],"picked":"hexamod:FourthSeal","floor":39},{"not_picked":["hexamod:ShieldOfDarkness+1"],"picked":"SKIP","floor":39},{"not_picked":[],"picked":"hexamod:FourthSeal","floor":40},{"not_picked":["hexamod:HexaLevel"],"picked":"SKIP","floor":40},{"not_picked":["hexamod:EmpoweringStance"],"picked":"SKIP","floor":40},{"not_picked":["hexamod:EmpoweringStance"],"picked":"SKIP","floor":44},{"not_picked":[],"picked":"hexamod:VolcanoVisage","floor":46},{"not_picked":["hexamod:FifthSeal"],"picked":"SKIP","floor":46},{"not_picked":["hexamod:Hexaguard+1"],"picked":"SKIP","floor":48}],"player_experience":74526,"relics_obtained":[{"floor":6,"key":"Ice Cream"},{"floor":8,"key":"Incense Burner"},{"floor":9,"key":"Replay:Rubber Ducky"},{"floor":10,"key":"Nunchaku"},{"floor":13,"key":"Whetstone"},{"floor":19,"key":"Necronomicon"},{"floor":24,"key":"StrikeDummy"},{"floor":26,"key":"Pantograph"},{"floor":27,"key":"WingedGreaves"},{"floor":29,"key":"Bird Faced Urn"},{"floor":40,"key":"Bag of Marbles"},{"floor":43,"key":"Bottled Flame"},{"floor":44,"key":"Anchor"},{"floor":46,"key":"Durian"}],"event_choices":[{"damage_healed":0,"gold_gain":0,"player_choice":"Obtained Book","damage_taken":16,"max_hp_gain":0,"max_hp_loss":0,"event_name":"Cursed Tome","floor":19,"gold_loss":0},{"damage_healed":0,"gold_gain":0,"player_choice":"Traded Relic","damage_taken":0,"relics_obtained":["Nloth\u0027s Gift"],"max_hp_gain":0,"max_hp_loss":0,"event_name":"N\u0027loth","floor":22,"relics_lost":["Nunchaku"],"gold_loss":0},{"damage_healed":0,"gold_gain":0,"player_choice":"1 cards matched","damage_taken":0,"max_hp_gain":0,"max_hp_loss":0,"event_name":"Match and Keep!","floor":45,"gold_loss":0,"cards_obtained":["hexamod:GhostOfSpireFuture"]}],"is_beta":false,"boss_relics":[{"not_picked":["SacredBark","Velvet Choker"],"picked":"Busted Crown"},{"not_picked":["expansioncontent:StudyCardRelic","Sozu"],"picked":"Painkiller Herb"}],"items_purged_floors":[],"is_endless":false,"potions_floor_spawned":[10,18,27,35,39,48],"ascension_level":0}}