{"host":"hcrpk3ks1jn59x6u","time":1607484663,"event":{"gold_per_floor":[112,112,144,169,195,205,269,269,269,300,300,300,300],"floor_reached":12,"playtime":1069,"items_purged":[],"score":82,"play_id":"c1b9cd99-fdc9-4347-9ad6-30efe01e108d","local_time":"20201209113103","is_ascension_mode":false,"campfire_choices":[{"floor":8,"key":"REST"},{"data":"hermit:TakeAim","floor":11,"key":"SMITH"}],"neow_cost":"NONE","seed_source_timestamp":75739906385700,"circlet_count":0,"master_deck":["hermit:Strike_Hermit","hermit:Strike_Hermit","hermit:Strike_Hermit","hermit:Defend_Hermit","hermit:Defend_Hermit","hermit:Defend_Hermit","hermit:Defend_Hermit","hermit:Snapshot","hermit:Covet","hermit:ItchyTrigger","hermit:DeadOrAlive","hermit:Headshot","hermit:CalledShot","hermit:Quickdraw","hermit:Shortfuse","hermit:TakeAim+1","hermit:Quickdraw"],"relics":["hermit:Momento","halation:KoshaPiece","Bird Faced Urn"],"potions_floor_usage":[5,7],"damage_taken":[{"damage":5,"enemies":"2 Louse","floor":1,"turns":3},{"damage":1,"enemies":"Cultist","floor":3,"turns":4},{"damage":11,"enemies":"conspire:RoseBush","floor":4,"turns":3},{"damage":44,"enemies":"Exordium Thugs","floor":5,"turns":6},{"damage":2,"enemies":"Looter","floor":6,"turns":2},{"damage":3,"enemies":"HollowMod:MossKnight","floor":7,"turns":4},{"damage":22,"enemies":"Large Slime","floor":10,"turns":6},{"damage":26,"enemies":"Exordium Thugs","floor":12,"turns":3}],"seed_played":"7483981238952902003","potions_obtained":[{"floor":4,"key":"SneckoOil"},{"floor":5,"key":"Guardian:BlockOnCardUsePotion"},{"floor":6,"key":"Block Potion"}],"is_trial":false,"path_per_floor":["M","?","M","M","M","M","E","R","T","M","R","M"],"character_chosen":"HERMIT","items_purchased":[],"campfire_rested":1,"item_purchase_floors":[],"current_hp_per_floor":[77,77,76,65,21,19,16,40,40,20,20,0,0],"gold":300,"neow_bonus":"TEN_PERCENT_HP_BONUS","is_prod":false,"is_daily":false,"chose_seed":false,"campfire_upgraded":1,"win_rate":0.0,"timestamp":1607484663,"path_taken":["M","?","M","M","M","M","E","R","T","M","R","?"],"build_version":"2020-11-30","purchased_purges":0,"victory":false,"max_hp_per_floor":[82,82,82,82,82,82,82,82,82,82,82,82,82],"card_choices":[{"not_picked":["hermit:Feint","hermit:Scavenge"],"picked":"hermit:ItchyTrigger","floor":1},{"not_picked":["hermit:HighCaliber","hermit:Misfire"],"picked":"hermit:Headshot","floor":3},{"not_picked":["hermit:FullyLoaded","hermit:Midnight"],"picked":"hermit:CalledShot","floor":4},{"not_picked":["hermit:Spite","hermit:Maintenance"],"picked":"hermit:Quickdraw","floor":5},{"not_picked":["hermit:Enervate","hermit:LoneWolf"],"picked":"hermit:Shortfuse","floor":6},{"not_picked":["hermit:Roulette","hermit:HighCaliber"],"picked":"hermit:TakeAim","floor":7},{"not_picked":["hermit:Roulette","hermit:ShadowCloak"],"picked":"hermit:Quickdraw","floor":10}],"player_experience":217213,"relics_obtained":[{"floor":7,"key":"halation:KoshaPiece"},{"floor":9,"key":"Bird Faced Urn"}],"event_choices":[{"damage_healed":0,"gold_gain":0,"cards_transformed":["hermit:Strike_Hermit"],"player_choice":"Transformed","damage_taken":0,"max_hp_gain":0,"max_hp_loss":0,"event_name":"Transmorgrifier","floor":2,"gold_loss":0,"cards_obtained":["hermit:DeadOrAlive"]}],"is_beta":false,"boss_relics":[],"items_purged_floors":[],"is_endless":false,"potions_floor_spawned":[4,5,6],"killed_by":"Exordium Thugs","ascension_level":0}}