{"host":"43vb3u4kiuosyd1s","time":1607555393,"event":{"gold_per_floor":[80,5,18,18,18,18,31,72,124,164,64,84,101,101,101,231,231,257,132,151,176,101,104,104],"floor_reached":23,"playtime":1537,"items_purged":["Hololive_Strike","Regret","Hololive_Defend"],"score":276,"play_id":"da7c4b80-4cc1-495d-ab56-f31ad424180b","local_time":"20201210080953","is_ascension_mode":false,"campfire_choices":[{"data":"Hololive_CallDoris","floor":6,"key":"SMITH"},{"data":"Hololive_IdolExercise","floor":15,"key":"SMITH"}],"neow_cost":"NONE","seed_source_timestamp":1776751169204900,"circlet_count":0,"master_deck":["Hololive_Defend","Hololive_LuckPotion","Hololive_CallKiryuuCoco","Hololive_CallNakiriAyame","Hololive_CallTokinoSora","Hololive_CallArtia","Hololive_CallDoris+1","Hololive_Psychosis","Hololive_CallUsadaPekora","Hololive_StrengthChampion","Hololive_CallMoonaHoshinova","Hololive_RevenueBasedLive","Hololive_IdolExercise+1","Hololive_Recruit","Hololive_CallUruhaRushia+1","Hololive_CallAkaiHaato"],"relics":["Hololive_TheStar","NeowsBlessing","Golden Idol","Dream Catcher","Sundial","Peace Pipe","FaceOfCleric","SacredBark"],"potions_floor_usage":[16,20,23],"damage_taken":[{"damage":0,"enemies":"Jaw Worm","floor":1,"turns":1},{"damage":0,"enemies":"Small Slimes","floor":3,"turns":1},{"damage":0,"enemies":"Cultist","floor":7,"turns":1},{"damage":0,"enemies":"Lagavulin","floor":8,"turns":5},{"damage":4,"enemies":"Gremlin Nob","floor":10,"turns":4},{"damage":15,"enemies":"Gremlin Gang","floor":12,"turns":7},{"damage":0,"enemies":"Large Slime","floor":13,"turns":3},{"damage":0,"enemies":"Hexaghost","floor":16,"turns":7},{"damage":0,"enemies":"Chosen","floor":18,"turns":4},{"damage":21,"enemies":"2 Thieves","floor":20,"turns":4},{"damage":0,"enemies":"Centurion and Healer","floor":21,"turns":5},{"damage":61,"enemies":"Slavers","floor":23,"turns":4}],"seed_played":"-6058507976989076276","potions_obtained":[{"floor":7,"key":"FearPotion"},{"floor":8,"key":"Fire Potion"},{"floor":10,"key":"BlessingOfTheForge"},{"floor":16,"key":"Explosive Potion"},{"floor":20,"key":"FairyPotion"}],"is_trial":false,"path_per_floor":["M","$","M","?","?","R","M","E","T","E","$","M","M","?","R","B",null,"M","$","M","M","?","E"],"character_chosen":"Hololive_HololiveCharacter","items_purchased":[],"campfire_rested":0,"item_purchase_floors":[],"current_hp_per_floor":[35,35,35,33,33,33,33,33,33,29,29,14,14,14,14,15,34,35,35,15,16,16,0,0],"gold":104,"neow_bonus":"THREE_ENEMY_KILL","is_prod":false,"is_daily":false,"chose_seed":false,"campfire_upgraded":2,"win_rate":0.0,"timestamp":1607555393,"path_taken":["M","$","M","?","?","R","?","E","T","E","$","M","M","?","R","BOSS","M","?","?","M","?","E"],"build_version":"2020-11-30","purchased_purges":3,"victory":false,"max_hp_per_floor":[35,35,35,33,33,33,33,33,33,33,33,33,33,33,33,34,34,35,35,36,37,37,37,37],"card_choices":[{"not_picked":["Hololive_Rebound","Hololive_ILoveYou","Hololive_CocoNews"],"picked":"Hololive_Psychosis","floor":1},{"not_picked":["Hololive_Sequa","Hololive_BringToTrial","Hololive_Psychosis"],"picked":"Hololive_CallUsadaPekora","floor":3},{"not_picked":["Hololive_FlyingPonyTail","Hololive_Spy","Hololive_Sequa"],"picked":"Hololive_StrengthChampion","floor":7},{"not_picked":["Hololive_HuntDinosaur","Hololive_ManjiGathering","Hololive_Spy","Hololive_Drill"],"picked":"SKIP","floor":8},{"not_picked":["Hololive_LuckPotion","Hololive_CallYogiri","Hololive_Trident"],"picked":"Hololive_CallMoonaHoshinova","floor":10},{"not_picked":["Hololive_CallYogiri","Hololive_Rebound","Hololive_StrengthChampion"],"picked":"Hololive_RevenueBasedLive","floor":12},{"not_picked":["Hololive_StrengthChampion","Hololive_FlyingPonyTail","Hololive_Psychosis"],"picked":"Hololive_IdolExercise","floor":13},{"not_picked":["Hololive_OpenUp","Hololive_MaximGun","Hololive_DurableLive"],"picked":"Hololive_Recruit","floor":16},{"not_picked":["Hololive_CallMoonaHoshinova+1","Hololive_CallManoAloe","Hololive_CallYozoraMel","Hololive_CallYukihanaLamy"],"picked":"SKIP","floor":18},{"not_picked":["Hololive_CallMoonaHoshinova+1","Hololive_CallManoAloe","Hololive_CallYozoraMel","Hololive_CallYukihanaLamy"],"picked":"SKIP","floor":18},{"not_picked":["Hololive_Trident","Hololive_CallMoonaHoshinova","Hololive_Sequa"],"picked":"Hololive_CallUruhaRushia+1","floor":20},{"not_picked":["Hololive_Psychosis","Hololive_CallRoboco","Hololive_StrengthChampion+1"],"picked":"Hololive_CallAkaiHaato","floor":21}],"player_experience":143387,"relics_obtained":[{"floor":8,"key":"Sundial"},{"floor":10,"key":"Peace Pipe"}],"event_choices":[{"damage_healed":0,"gold_gain":0,"player_choice":"Lose Max HP","damage_taken":0,"relics_obtained":["Golden Idol"],"max_hp_gain":0,"max_hp_loss":2,"event_name":"Golden Idol","floor":4,"gold_loss":0},{"damage_healed":0,"gold_gain":0,"player_choice":"Box","damage_taken":0,"relics_obtained":["Dream Catcher"],"max_hp_gain":0,"max_hp_loss":0,"event_name":"Big Fish","floor":5,"gold_loss":0,"cards_obtained":["Regret"]},{"damage_healed":0,"gold_gain":0,"player_choice":"Trade","damage_taken":0,"relics_obtained":["FaceOfCleric"],"max_hp_gain":0,"max_hp_loss":0,"event_name":"FaceTrader","floor":14,"gold_loss":0},{"cards_removed":["Hololive_Strike"],"damage_healed":0,"gold_gain":0,"player_choice":"Gave Gold","damage_taken":0,"max_hp_gain":0,"max_hp_loss":0,"event_name":"Beggar","floor":22,"gold_loss":75}],"is_beta":false,"boss_relics":[{"not_picked":["Runic Dome","Velvet Choker"],"picked":"SacredBark"}],"items_purged_floors":[2,11,19],"is_endless":false,"potions_floor_spawned":[7,8,10,16,20],"killed_by":"Slavers","ascension_level":0}}