{"host":"13of4hm0ygc9cmbc","time":1607529481,"event":{"gold_per_floor":[115,132,132,143,154,154,179,197,197,197,197,230,230,241,241,241,241],"floor_reached":16,"playtime":574,"items_purged":[],"score":196,"play_id":"ed1119d4-2036-46e5-9242-f355e1199b12","local_time":"20201210005801","is_ascension_mode":true,"campfire_choices":[{"data":"Bash","floor":6,"key":"SMITH"},{"floor":11,"key":"REST"},{"floor":15,"key":"REST"}],"neow_cost":"TEN_PERCENT_HP_LOSS","seed_source_timestamp":1008461347027800,"circlet_count":0,"master_deck":["AscendersBane","Strike_R","Strike_R","Strike_R","Strike_R+1","Strike_R","Defend_R","Defend_R+1","Defend_R","Defend_R","Bash+1","Offering","Dropkick","Twin Strike"],"special_seed":0,"relics":["Burning Blood","Boot","Molten Egg 2","PreservedInsect","Art of War"],"potions_floor_usage":[7,12,12],"damage_taken":[{"damage":3.0,"enemies":"2 Louse","floor":1.0,"turns":3.0},{"damage":7.0,"enemies":"Jaw Worm","floor":2.0,"turns":3.0},{"damage":6,"enemies":"Cultist","floor":4,"turns":3},{"damage":12,"enemies":"Looter","floor":5,"turns":2},{"damage":31,"enemies":"3 Sentries","floor":7,"turns":8},{"damage":15,"enemies":"Red Slaver","floor":8,"turns":2},{"damage":13,"enemies":"Gremlin Nob","floor":12,"turns":3},{"damage":24,"enemies":"Exordium Thugs","floor":14,"turns":5},{"damage":6,"enemies":"The Guardian","floor":16,"turns":4}],"seed_played":"-5306088757350324805","potions_obtained":[{"floor":2.0,"key":"AttackPotion"},{"floor":5,"key":"ColorlessPotion"},{"floor":7,"key":"Energy Potion"},{"floor":8,"key":"BloodPotion"}],"is_trial":false,"path_per_floor":["M","M","?","M","M","R","E","M","T","?","R","E","T","M","R","B"],"character_chosen":"IRONCLAD","items_purchased":[],"campfire_rested":2,"item_purchase_floors":[],"current_hp_per_floor":[68,67,72,72,66,66,41,32,32,10,31,38,38,20,41,35,35],"gold":241,"neow_bonus":"THREE_RARE_CARDS","is_prod":false,"is_daily":false,"chose_seed":false,"campfire_upgraded":1,"win_rate":0,"timestamp":1607529481,"path_taken":["M","M","?","M","M","R","E","M","T","?","R","E","?","M","R","BOSS"],"build_version":"2020-11-30","purchased_purges":0,"victory":false,"max_hp_per_floor":[68,68,73,73,73,73,73,73,73,73,73,73,73,73,73,73,73],"card_choices":[{"not_picked":["Double Tap","Reaper"],"picked":"Offering","floor":0.0},{"not_picked":["Havoc","Thunderclap","Warcry"],"picked":"SKIP","floor":1.0},{"not_picked":["Entrench","Carnage","Shockwave"],"picked":"SKIP","floor":2.0},{"not_picked":["Shockwave","Clash"],"picked":"Dropkick","floor":4},{"not_picked":["Whirlwind","Flex","Disarm"],"picked":"SKIP","floor":5},{"not_picked":["Thunderclap","Searing Blow","Armaments"],"picked":"SKIP","floor":7},{"not_picked":["Thunderclap","Perfected Strike"],"picked":"Twin Strike","floor":8},{"not_picked":["Sword Boomerang+1","Brutality","Clothesline+1"],"picked":"SKIP","floor":12},{"not_picked":["Rupture","Dual Wield","Carnage+1"],"picked":"SKIP","floor":14}],"player_experience":504752,"relics_obtained":[{"floor":7,"key":"Boot"},{"floor":9,"key":"Molten Egg 2"},{"floor":12,"key":"PreservedInsect"},{"floor":13,"key":"Art of War"}],"event_choices":[{"damage_healed":0,"gold_gain":0,"player_choice":"Donut","damage_taken":0,"max_hp_gain":5,"max_hp_loss":0,"event_name":"Big Fish","floor":3,"gold_loss":0},{"damage_healed":0,"gold_gain":0,"player_choice":"Entered Light","damage_taken":22,"max_hp_gain":0,"max_hp_loss":0,"event_name":"Shining Light","floor":10,"gold_loss":0,"cards_upgraded":["Defend_R","Strike_R"]}],"is_beta":false,"boss_relics":[],"items_purged_floors":[],"is_endless":false,"potions_floor_spawned":[2,5,7,8],"killed_by":"The Guardian","ascension_level":15}}