{"host":"ecaj4hn004xnnrw9","time":1607538598,"event":{"gold_per_floor":[367,380,0,27,47,75,3,30,30,30,41,41,41,6,98,199,199,216,216,67,81,81,114,64,64,112,112,112,143,143,160,160,255,255,274,70,139,194,194,194],"floor_reached":39,"playtime":1185,"items_purged":["Voices","Strike_P"],"score":614,"play_id":"659295ff-e497-49e8-a1bb-ae3e5ef60cf6","local_time":"20201209182958","is_ascension_mode":true,"campfire_choices":[{"data":"Eruption","floor":10,"key":"SMITH"},{"data":"WindmillStrike","floor":13,"key":"SMITH"},{"data":"Replay:DivineShield","floor":25,"key":"SMITH"},{"data":"Wallop","floor":27,"key":"SMITH"},{"data":"Ragnarok","floor":32,"key":"SMITH"}],"neow_cost":"CURSE","seed_source_timestamp":10627753104900,"circlet_count":0,"master_deck":["Strike_P","Strike_P","Defend_P","Defend_P","Defend_P","Defend_P","Eruption+1","Vigilance+1","WindmillStrike+1","BowlingBash","FollowUp","Wallop+1","Replay:AllIn+1","SandsOfTime+1","Replay:DivineShield+1","Consecrate","DevaForm","EmptyFist+1","Protect","Wireheading","Ragnarok+1","LessonLearned+1","Consecrate+1","Halt+1","ClearTheMind"],"relics":["PureWater","ReplayTheSpireMod:Ninjato","Replay:Rubber Ducky","Mercury Hourglass","Kunai","Calipers","ChewingGum","Gremlin Horn","Lantern","MutagenicStrength","CloakClasp","ReplayTheSpireMod:DimensionalGlitch","Guide Book","Replay:Baseball","Torii"],"potions_floor_usage":[6,16,33,33,38,38],"damage_taken":[{"damage":2,"enemies":"Cultist","floor":1,"turns":3},{"damage":5,"enemies":"Small Slimes","floor":2,"turns":3},{"damage":2,"enemies":"2 Louse","floor":5,"turns":2},{"damage":8,"enemies":"3 Sentries","floor":6,"turns":5},{"damage":0,"enemies":"Lagavulin","floor":8,"turns":4},{"damage":1,"enemies":"Large Slime","floor":11,"turns":3},{"damage":53,"enemies":"Hexaghost","floor":16,"turns":6},{"damage":0,"enemies":"3 Byrds","floor":18,"turns":3},{"damage":9,"enemies":"2 Thieves","floor":21,"turns":4},{"damage":0,"enemies":"Gremlin Leader","floor":23,"turns":4},{"damage":3,"enemies":"Book of Stabbing","floor":29,"turns":4},{"damage":0,"enemies":"Cultist and Chosen","floor":31,"turns":3},{"damage":2,"enemies":"Pondfish","floor":33,"turns":4},{"damage":5,"enemies":"3 Darklings","floor":35,"turns":2},{"damage":0,"enemies":"2 Orb Walkers","floor":38,"turns":2}],"seed_played":"-1636998650055084511","potions_obtained":[{"floor":2,"key":"AttackPotion"},{"floor":6,"key":"EssenceOfSteel"},{"floor":8,"key":"Fire Potion"},{"floor":18,"key":"AttackPotion"},{"floor":23,"key":"Milkshake"},{"floor":29,"key":"Adrenaline Potion"},{"floor":33,"key":"Weak Potion"},{"floor":37,"key":"CultistPotion"},{"floor":37,"key":"Flashbang"},{"floor":38,"key":"CultistPotion"}],"is_trial":false,"path_per_floor":["M","M","$","T","M","E","$","E","T","R","M","?","R","?","R","B",null,"M","?","$","M","$","E","$","R","T","R","?","E","?","M","R","B",null,"M","$","?","?","M"],"character_chosen":"WATCHER","items_purchased":["ReplayTheSpireMod:Ninjato","FollowUp","SandsOfTime","Protect","BottledMiracle","Guide Book","BottledMiracle"],"campfire_rested":0,"item_purchase_floors":[3,3,7,20,24,36,36],"current_hp_per_floor":[70,65,65,65,63,55,55,55,55,55,54,54,54,72,72,19,59,59,59,59,50,50,50,50,50,50,50,50,47,47,47,47,45,65,60,60,32,32,0,0],"gold":194,"neow_bonus":"TWO_FIFTY_GOLD","is_prod":false,"is_daily":false,"chose_seed":false,"campfire_upgraded":5,"win_rate":0,"timestamp":1607538598,"path_taken":["M","M","$","?","M","E","$","E","T","R","M","?","R","?","R","BOSS","M","?","$","M","$","E","$","R","T","R","?","E","?","M","R","BOSS","M","$","?","?","M"],"build_version":"2020-11-30","purchased_purges":2,"victory":false,"max_hp_per_floor":[72,72,72,72,72,72,72,72,72,72,72,72,72,72,72,72,72,72,72,72,72,72,72,72,72,72,72,72,72,72,72,72,72,72,72,72,72,72,72,72],"card_choices":[{"not_picked":["FlurryOfBlows","Crescendo"],"picked":"WindmillStrike","floor":1},{"not_picked":["Evaluate","Vengeance"],"picked":"BowlingBash","floor":2},{"not_picked":["Pray","FlyingSleeves"],"picked":"Wallop","floor":5},{"not_picked":["SashWhip","EmptyFist"],"picked":"Replay:AllIn","floor":6},{"not_picked":["Protect","CrushJoints"],"picked":"Replay:DivineShield","floor":8},{"not_picked":["InnerPeace","Replay:BluntJabs"],"picked":"Consecrate","floor":11},{"not_picked":["Alpha","DeusExMachina"],"picked":"DevaForm","floor":16},{"not_picked":["CrushJoints","EmptyBody"],"picked":"EmptyFist+1","floor":18},{"not_picked":["Crescendo+1","PathToVictory"],"picked":"Wireheading","floor":21},{"not_picked":["CutThroughFate","Protect","FlurryOfBlows"],"picked":"SKIP","floor":23},{"not_picked":["Consecrate","PathToVictory","CutThroughFate"],"picked":"SKIP","floor":29},{"not_picked":["Halt","EmptyBody"],"picked":"Ragnarok","floor":31},{"not_picked":["Ragnarok","DeusExMachina"],"picked":"LessonLearned","floor":33},{"not_picked":["ThirdEye+1","Halt"],"picked":"Consecrate+1","floor":35},{"not_picked":["Protect+1","Consecrate+1"],"picked":"Halt+1","floor":37},{"not_picked":["Nirvana+1","SandsOfTime"],"picked":"ClearTheMind","floor":38}],"player_experience":135606,"relics_obtained":[{"floor":4,"key":"Replay:Rubber Ducky"},{"floor":6,"key":"Mercury Hourglass"},{"floor":8,"key":"Kunai"},{"floor":9,"key":"Calipers"},{"floor":23,"key":"Gremlin Horn"},{"floor":26,"key":"Lantern"},{"floor":29,"key":"CloakClasp"},{"floor":37,"key":"Replay:Baseball"},{"floor":38,"key":"Torii"}],"event_choices":[{"damage_healed":18,"gold_gain":0,"player_choice":"Healed","damage_taken":0,"max_hp_gain":0,"max_hp_loss":0,"event_name":"The Cleric","floor":14,"gold_loss":35},{"damage_healed":0,"gold_gain":0,"player_choice":"Ignored","damage_taken":0,"max_hp_gain":0,"max_hp_loss":0,"event_name":"Vampires","floor":19,"gold_loss":0},{"damage_healed":0,"gold_gain":0,"player_choice":"Inject Mutagens","damage_taken":0,"relics_obtained":["MutagenicStrength"],"max_hp_gain":0,"max_hp_loss":0,"event_name":"Drug Dealer","floor":28,"gold_loss":0},{"damage_healed":0,"gold_gain":0,"player_choice":"Upgraded","damage_taken":0,"max_hp_gain":0,"max_hp_loss":0,"event_name":"Upgrade Shrine","floor":30,"gold_loss":0,"cards_upgraded":["SandsOfTime"]},{"damage_healed":0,"gold_gain":0,"player_choice":"Fight","damage_taken":0,"max_hp_gain":0,"max_hp_loss":0,"event_name":"Mysterious Sphere","floor":38,"gold_loss":0}],"is_beta":false,"boss_relics":[{"not_picked":["Painkiller Herb","HolyWater"],"picked":"ChewingGum"},{"not_picked":["Coffee Dripper","Busted Crown"],"picked":"ReplayTheSpireMod:DimensionalGlitch"}],"items_purged_floors":[3,20],"is_endless":false,"potions_floor_spawned":[2,6,8,18,23,29,33,38],"killed_by":"3 Shapes","ascension_level":5}}