{"host":"jgyoyy5iuhtvyvtg","time":1607508960,"event":{"gold_per_floor":[110,110,110,172,233,233,311,311,335,401,401,492,492,572,572,723,723,809,809,105,30,107,107,168,251,337,337,37,37,122,122,122,200,200,269,269,352,352,511,511,559,509,334,334,334,403,403,476,476,476,595,595,595,668,668,822,822,859,922,922,994,994,1090,1090,1090,1117,1153,1206,1238,1309,562,562,568,568],"floor_reached":52,"playtime":2917,"items_purged":["SwitchConfidence","Woodsman"],"score":1332,"play_id":"a963eeb7-d2aa-42c5-bf7a-04dc9063752b","local_time":"20201209021600","is_ascension_mode":false,"campfire_choices":[{"data":"yuri:yuriStab","floor":6.0,"key":"SMITH"},{"data":"yuri:Oolong","floor":8.0,"key":"SMITH"},{"data":"yuri:BlackTea","floor":13.0,"key":"SMITH"},{"data":"yuri:Stalk","floor":15.0,"key":"SMITH"},{"data":"expansioncontent:LastStand","floor":23.0,"key":"SMITH"},{"data":"yuri:HoldBack","floor":6.0,"key":"SMITH"},{"data":"yuri:MagneticKnives","floor":8.0,"key":"SMITH"},{"data":"yuri:BookGreen","floor":11.0,"key":"SMITH"},{"data":"yuri:ThrowingKnives","floor":13.0,"key":"SMITH"},{"data":"yuri:WickedSlash","floor":15.0,"key":"SMITH"},{"data":"yuri:HeavierStrike","floor":27,"key":"SMITH"},{"data":"yuri:Stalk","floor":30,"key":"SMITH"},{"data":"yuri:HoldBack","floor":32,"key":"SMITH"},{"data":"yuri:Torment","floor":41,"key":"SMITH"},{"data":"yuri:Virus","floor":49,"key":"SMITH"}],"neow_cost":"","seed_source_timestamp":466451225482400,"circlet_count":0,"master_deck":["WhiteNight","yuri:yuriStrike","yuri:yuriStrike","yuri:yuriStrike","yuri:yuriStrike","yuri:Oolong+1","yuri:yuriStab+1","yuri:Stare+1","CENSORED","yuri:WickedSlash","UniverseFragment","yuri:ThrowingKnives+1","yuri:WickedSlash+1","yuri:Stalk+1","yuri:BlackTea+1","yuri:WickedSlash+1","expansioncontent:LastStand+1","yuri:BookGreen+1","yuri:GrowingInsanity+1","yuri:ThrowingKnives+1","yuri:HoldBack+1","yuri:MagneticKnives+1","yuri:DisableStrike","yuri:RepairCode","theJungle:Gourd","theJungle:Gourd","theJungle:Gourd","theJungle:Gourd","theJungle:Gourd","yuri:MultiDip","yuri:Stalk+1","yuri:WickedSlash","yuri:HeavierStrike+1","yuri:Suicide","yuri:ThornRemove","yuri:HoldBack+1","HereticApostle","yuri:Torment+1","yuri:BookRed+1","yuri:BookPurple","yuri:Virus+1","yuri:Stalk+1","Parasite","yuri:WickedSlash+1","yuri:Stalk+1"],"special_seed":0,"relics":["yuri:yuriKnife","CogitoBucket","RabbitCall","ReplayTheSpireMod:Ring of Challenge","ReplayTheSpireMod:Ring of Collecting","Vajra","Ring of Fury","Replay:Bandana","PreservedInsect","Iron Hammer","BehaviorAdjustment","Oddly Smooth Stone","Black Star","conspire:TreasureMap","ReplayTheSpireMod:Ninjato","ReplayTheSpireMod:TigerMarble","ReplayFunnel","LetterFromLob","Toy Ornithopter","Whetstone","Pantograph","yuri:GlitchPowder","Ring of Peace","Replay:Baseball","Juzu Bracelet","Coffee Dripper","AspirationHeart","AtMidnight","Prayer Wheel","theJungle:ShellPeas","conspire:TopHat","ZombieTooth","BrokenLever","Matryoshka","Centennial Puzzle","CosmicIsotope","DeathAngel","Replay:Wax Seal","conspire:Dentures","GiantMaggot","RoseTintedShades","yuri:GlassOfWater","Bottled Lightning","conspire:DeflatedDodgeball","Replay:WaspNest"],"potions_floor_usage":[40],"damage_taken":[{"damage":4.0,"enemies":"2 Louse","floor":1.0,"turns":2.0},{"damage":16.0,"enemies":"Small Slimes","floor":4.0,"turns":4.0},{"damage":6.0,"enemies":"Jaw Worm","floor":5.0,"turns":4.0},{"damage":44.0,"enemies":"Lagavulin","floor":7.0,"turns":7.0},{"damage":4.0,"enemies":"Looter","floor":10.0,"turns":1.0},{"damage":10.0,"enemies":"3 Sentries","floor":12.0,"turns":4.0},{"damage":20.0,"enemies":"Exordium Wildlife","floor":14.0,"turns":5.0},{"damage":79.0,"enemies":"The Guardian","floor":16.0,"turns":9.0},{"damage":36.0,"enemies":"theJungle:GiantWrat","floor":18.0,"turns":4.0},{"damage":45.0,"enemies":"theJungle:MUSHROOMGANG","floor":22.0,"turns":5.0},{"damage":0.0,"enemies":"Small Slimes","floor":1.0,"turns":1.0},{"damage":27.0,"enemies":"Jaw Worm","floor":2.0,"turns":5.0},{"damage":0.0,"enemies":"2 Louse","floor":3.0,"turns":1.0},{"damage":0.0,"enemies":"Gremlin Nob","floor":7.0,"turns":2.0},{"damage":0.0,"enemies":"Looter","floor":12.0,"turns":3.0},{"damage":0.0,"enemies":"Blue Slaver","floor":14.0,"turns":3.0},{"damage":41.0,"enemies":"Hexaghost","floor":16.0,"turns":5.0},{"damage":22.0,"enemies":"theJungle:Flameango_and_Byrd","floor":18.0,"turns":5.0},{"damage":0,"enemies":"Shell Parasite","floor":23,"turns":5},{"damage":0,"enemies":"Snake Plant","floor":25,"turns":4},{"damage":16,"enemies":"theJungle:MamaSnecko","floor":28,"turns":4},{"damage":0,"enemies":"theJungle:2_Snecko_Cultists","floor":31,"turns":3},{"damage":4,"enemies":"theJungle:FunGuy","floor":33,"turns":8},{"damage":0,"enemies":"3 Shapes","floor":35,"turns":1},{"damage":131,"enemies":"Orb Walker","floor":36,"turns":9},{"damage":0,"enemies":"Orb Walker","floor":38,"turns":4},{"damage":0,"enemies":"R_Hoarder","floor":40,"turns":5},{"damage":2,"enemies":"Spire Growth","floor":44,"turns":2},{"damage":0,"enemies":"conspire:MimicChest","floor":45,"turns":5},{"damage":0,"enemies":"Transient","floor":46,"turns":5},{"damage":9,"enemies":"Writhing Mass","floor":47,"turns":5},{"damage":76,"enemies":"Awakened One","floor":50,"turns":17}],"seed_played":"8131135469562185477","potions_obtained":[{"floor":4.0,"key":"ColorlessPotion"},{"floor":5.0,"key":"Elixir"},{"floor":12.0,"key":"Toxic Potion"},{"floor":14.0,"key":"CultistPotion"},{"floor":31,"key":"Adrenaline Potion"},{"floor":36,"key":"Dexterity Potion"},{"floor":45,"key":"Reflective Coating"}],"is_trial":false,"path_per_floor":["M","?","?","M","M","R","E","R","T","M","?","E","R","M","R","B",null,"M","?","$","$","M","R","E","M","M","M","?","$","R","E","R","T","?","R","M","R","M","R","B",null,"M","?","?","?","?","M","?","M","T","R","E","?","R","M","R","B",null,"M","M","?","M","?","E","R","?","T","M","?","M","M","$","R","B",null,null],"character_chosen":"YURI","items_purchased":["conspire:TreasureMap","expansioncontent:LastStand","ReplayTheSpireMod:Ninjato","ReplayTheSpireMod:TigerMarble","yuri:BookGreen","Toy Ornithopter","Whetstone","conspire:DeflatedDodgeball","Replay:WaspNest","LiquidMemories","Block Potion"],"campfire_rested":0,"item_purchase_floors":[20,20,20,20,21,5,5,48,48,48,48],"current_hp_per_floor":[80,80,85,73,83,83,57,57,57,53,53,52,52,62,62,45,85,80,80,80,80,82,82,85,85,85,90,90,90,90,90,90,90,90,90,90,90,90,74,90,100,100,100,100,100,100,100,100,100,100,100,100,100,100,100,100,100,100,43,43,76,76,100,100,100,100,100,100,100,100,100,100,68,68],"gold":568,"neow_bonus":"","is_prod":false,"is_daily":false,"chose_seed":false,"campfire_upgraded":15,"win_rate":0,"timestamp":1607508960,"path_taken":["M","?","?","M","M","R","E","R","T","M","?","E","R","?","R","BOSS","M","?","?","$","M","R","E","M","M","M","?","$","R","E","R","T","?","R","M","R","M","R","BOSS","M","?","?","?","?","M","?","M","T","R","E","?","R","M","R","BOSS","M","M","?","M","?","E","R","?","T","M","?","M","M","$","R","BOSS"],"build_version":"2020-11-30","purchased_purges":2,"victory":true,"max_hp_per_floor":[80,80,85,85,85,85,85,85,85,85,85,85,85,85,85,85,85,85,85,85,85,85,85,85,85,85,90,90,90,90,90,90,90,90,90,90,90,90,90,90,100,100,100,100,100,100,100,100,100,100,100,100,100,100,100,100,100,100,100,100,100,100,100,100,100,100,100,100,100,100,100,100,100,100],"card_choices":[{"not_picked":["FairyFestival","MeatLantern","Wellcheers"],"picked":"Singing Bowl","floor":1.0},{"not_picked":["yuri:ReloadGame","yuri:SturdyUniform"],"picked":"yuri:Stare","floor":1.0},{"not_picked":["OldLady","Bloodbath"],"picked":"CENSORED","floor":4.0},{"not_picked":["yuri:GlitchedStrike","yuri:ArmBrace"],"picked":"yuri:WickedSlash","floor":4.0},{"not_picked":["Laetitia","LongBird"],"picked":"UniverseFragment","floor":5.0},{"not_picked":["yuri:BrokenCode","yuri:StealPen"],"picked":"yuri:ThrowingKnives","floor":5.0},{"not_picked":["CherryBlossoms","Bloodbath","OSAHOGD"],"picked":"Singing Bowl","floor":7.0},{"not_picked":["yuri:ThornRemove","yuri:DejaVu"],"picked":"yuri:WickedSlash","floor":7.0},{"not_picked":["DespairKnight","CrumblingArmor","BigBadWolf"],"picked":"Singing Bowl","floor":10.0},{"not_picked":["yuri:Stare","yuri:WickedSlash"],"picked":"yuri:Stalk","floor":10.0},{"not_picked":["Rudolta","BeautyBeast","Porccubus"],"picked":"Singing Bowl","floor":12.0},{"not_picked":["OldLady","MHz"],"picked":"Woodsman","floor":12.0},{"not_picked":["yuri:InsanityDefense","yuri:InduceGlitch"],"picked":"yuri:BlackTea","floor":12.0},{"not_picked":["OldLady","HappyTeddy","SingingMachine"],"picked":"Singing Bowl","floor":14.0},{"not_picked":["yuri:Skip","yuri:GlitchedStrike","yuri:Spin"],"picked":"SKIP","floor":14.0},{"not_picked":["CrumblingArmor","LittleHelper","Funeral"],"picked":"Singing Bowl","floor":16.0},{"not_picked":["Murderer","Wellcheers","RedShoes"],"picked":"Singing Bowl","floor":18.0},{"not_picked":["yuri:SeeingDouble","yuri:ThrowBook"],"picked":"yuri:WickedSlash","floor":18.0},{"not_picked":["Variant","CherryBlossoms","LittleHelper"],"picked":"Singing Bowl","floor":22.0},{"not_picked":["yuri:TPose","yuri:RecklessStrike"],"picked":"yuri:GrowingInsanity+1","floor":22.0},{"not_picked":["BeautyBeast","ShyLook","Bloodbath"],"picked":"Singing Bowl","floor":1.0},{"not_picked":["yuri:Stalk","yuri:GrowingInsanity","yuri:GlitchedStrike"],"picked":"SKIP","floor":1.0},{"not_picked":["Scorched","BeautyBeast","PunishingBird"],"picked":"Singing Bowl","floor":2.0},{"not_picked":["yuri:BookBlue","yuri:AdaptiveAI"],"picked":"yuri:ThrowingKnives","floor":2.0},{"not_picked":["QueenBee","PunishingBird","ShyLook"],"picked":"Singing Bowl","floor":3.0},{"not_picked":["yuri:Stare","yuri:DejaVu"],"picked":"yuri:HoldBack","floor":3.0},{"not_picked":["FairyFestival","Freischutz","GreedKing"],"picked":"Singing Bowl","floor":7.0},{"not_picked":["yuri:BookPurple","yuri:RecklessStrike"],"picked":"yuri:MagneticKnives","floor":7.0},{"not_picked":["BlackSwan","Wellcheers","Murderer"],"picked":"Singing Bowl","floor":12.0},{"not_picked":["yuri:ThornRemove","yuri:ThrowBook","yuri:GlitchedStrike"],"picked":"SKIP","floor":12.0},{"not_picked":["DespairKnight","LaLuna","VoidDream"],"picked":"Singing Bowl","floor":14.0},{"not_picked":["yuri:CorruptHitbox","yuri:yuriQuickStrike","yuri:GreenTea"],"picked":"SKIP","floor":14.0},{"not_picked":["OldLady","SpiderBud","Alriune"],"picked":"Singing Bowl","floor":16.0},{"not_picked":["yuri:DuplicateCode","yuri:MagneticKnives"],"picked":"yuri:DisableStrike","floor":16.0},{"not_picked":["CrumblingArmor","BeautyBeast","MeatLantern"],"picked":"Singing Bowl","floor":18.0},{"not_picked":["yuri:UnstableStrike","yuri:Stalk","yuri:ArmBrace"],"picked":"SKIP","floor":18.0},{"not_picked":["BeautyBeast","QueenBee","Wellcheers"],"picked":"Singing Bowl","floor":23},{"not_picked":["yuri:ThornRemove","yuri:InduceGlitch"],"picked":"yuri:MultiDip","floor":23},{"not_picked":["yuri:GlitchedStrike","yuri:ThrowBook"],"picked":"yuri:Stalk","floor":23},{"not_picked":["RedShoes","BlackSwan","OldLady"],"picked":"Singing Bowl","floor":25},{"not_picked":["yuri:UnstableStrike","yuri:DejaVu"],"picked":"yuri:WickedSlash","floor":25},{"not_picked":["yuri:RelentlessStrikes","yuri:Spin+1"],"picked":"yuri:HeavierStrike","floor":25},{"not_picked":["WallGazer","BlueStar","LongBird"],"picked":"Singing Bowl","floor":28},{"not_picked":["yuri:Spin","yuri:RelentlessStrikes"],"picked":"yuri:Suicide","floor":28},{"not_picked":["DreamingCurrent","BlueStar","Funeral"],"picked":"Singing Bowl","floor":31},{"not_picked":["yuri:WickedSlash","yuri:GreenTea"],"picked":"yuri:HoldBack","floor":31},{"not_picked":["yuri:TPose","yuri:Parry"],"picked":"yuri:BookPurple","floor":31},{"not_picked":["SpiderBud","Variant"],"picked":"WhiteNight","floor":33},{"not_picked":["yuri:RemoveSafetyChecks","yuri:MagneticKnives"],"picked":"yuri:Torment","floor":33},{"not_picked":["Rudolta","LittleHelper","BeautyBeast"],"picked":"Singing Bowl","floor":35},{"not_picked":["yuri:HeavierStrike","yuri:ThrowingKnives+1","yuri:TPose"],"picked":"SKIP","floor":35},{"not_picked":["yuri:ThrowingKnives","yuri:Parry+1","yuri:ArmBrace+1"],"picked":"SKIP","floor":35},{"not_picked":["MeatLantern","Wellcheers","Yin"],"picked":"Singing Bowl","floor":36},{"not_picked":["FieryBird","SingingMachine","Wellcheers"],"picked":"Singing Bowl","floor":38},{"not_picked":["yuri:Stalk","yuri:Parry"],"picked":"yuri:BookRed+1","floor":38},{"not_picked":["yuri:Stalk","yuri:RecklessStrike","yuri:yuriHeavyStrike"],"picked":"SKIP","floor":38},{"not_picked":["FieryBird","LittlePrince","Mercenary"],"picked":"Singing Bowl","floor":40},{"not_picked":["yuri:AdaptiveAI+1","yuri:Stare+1","yuri:ConsumeGlitch"],"picked":"SKIP","floor":40},{"not_picked":["Mercenary","OldLady","FairyFestival"],"picked":"Singing Bowl","floor":44},{"not_picked":["yuri:BookRed","yuri:ChibiInvasion+1"],"picked":"yuri:BookPurple","floor":44},{"not_picked":["yuri:AdaptiveAI+1","yuri:MPose+1","yuri:yuriHeavyStrike"],"picked":"SKIP","floor":44},{"not_picked":["DreamingCurrent","QueenOfHatred","GreedKing"],"picked":"Singing Bowl","floor":45},{"not_picked":["yuri:yuriHeavyStrike+1","yuri:StealPen"],"picked":"yuri:Virus","floor":45},{"not_picked":["PunishingBird","Murderer","Freischutz"],"picked":"Singing Bowl","floor":46},{"not_picked":["yuri:GreenTea","yuri:yuriQuickStrike"],"picked":"yuri:Stalk+1","floor":46},{"not_picked":["yuri:Skip+1","yuri:Stalk","yuri:DebugCard"],"picked":"SKIP","floor":46},{"not_picked":["QueenBee","SilentOrchestra","WhitesApple"],"picked":"Singing Bowl","floor":47},{"not_picked":["yuri:DejaVu+1","yuri:ConsumeGlitch"],"picked":"yuri:WickedSlash+1","floor":47},{"not_picked":["yuri:DejaVu","yuri:HeavierStrike+1"],"picked":"yuri:Stalk+1","floor":47}],"player_experience":3049253,"relics_obtained":[{"floor":1.0,"key":"LetterFromLob"},{"floor":2.0,"key":"ReplayTheSpireMod:Ring of Challenge"},{"floor":2.0,"key":"ReplayTheSpireMod:Ring of Collecting"},{"floor":7.0,"key":"Vajra"},{"floor":9.0,"key":"Ring of Fury"},{"floor":9.0,"key":"Replay:Bandana"},{"floor":10.0,"key":"PreservedInsect"},{"floor":12.0,"key":"Iron Hammer"},{"floor":16.0,"key":"Oddly Smooth Stone"},{"floor":1.0,"key":"ReplayFunnel"},{"floor":1.0,"key":"LetterFromLob"},{"floor":7.0,"key":"Pantograph"},{"floor":7.0,"key":"yuri:GlitchPowder"},{"floor":9.0,"key":"Ring of Peace"},{"floor":9.0,"key":"Replay:Baseball"},{"floor":12.0,"key":"Juzu Bracelet"},{"floor":18.0,"key":"AtMidnight"},{"floor":23,"key":"conspire:TopHat"},{"floor":26,"key":"ZombieTooth"},{"floor":28,"key":"BrokenLever"},{"floor":28,"key":"Matryoshka"},{"floor":31,"key":"Centennial Puzzle"},{"floor":36,"key":"DeathAngel"},{"floor":40,"key":"Replay:Wax Seal"},{"floor":40,"key":"conspire:Dentures"},{"floor":40,"key":"GiantMaggot"},{"floor":43,"key":"RoseTintedShades"},{"floor":43,"key":"yuri:GlassOfWater"},{"floor":45,"key":"Bottled Lightning"}],"event_choices":[{"damage_healed":0.0,"max_hp_gain":5.0,"max_hp_loss":0.0,"gold_gain":0.0,"event_name":"Big Fish","player_choice":"Donut","floor":3.0,"gold_loss":0.0,"damage_taken":0.0},{"damage_healed":0.0,"max_hp_gain":5.0,"max_hp_loss":0.0,"gold_gain":0.0,"event_name":"Big Fish","player_choice":"Donut","floor":4.0,"gold_loss":0.0,"damage_taken":0.0},{"damage_healed":0.0,"max_hp_gain":0.0,"max_hp_loss":0.0,"gold_gain":78.0,"event_name":"Golden Wing","player_choice":"Gained Gold","floor":10.0,"gold_loss":0.0,"damage_taken":0.0},{"damage_healed":0.0,"max_hp_gain":0.0,"max_hp_loss":0.0,"gold_gain":0.0,"event_name":"WeMeetAgain","player_choice":"Paid Gold","floor":19.0,"gold_loss":50.0,"damage_taken":0.0,"relics_obtained":["Prayer Wheel"]},{"damage_healed":0,"gold_gain":0,"cards_transformed":["yuri:yuriStrike"],"player_choice":"Transformed","damage_taken":0,"max_hp_gain":0,"max_hp_loss":0,"event_name":"Transmorgrifier","floor":21,"gold_loss":0,"cards_obtained":["yuri:RepairCode"]},{"damage_healed":0,"gold_gain":0,"player_choice":"1 cards matched","damage_taken":0,"max_hp_gain":0,"max_hp_loss":0,"event_name":"Match and Keep!","floor":29,"gold_loss":0,"cards_obtained":["yuri:ThornRemove"]},{"damage_healed":0,"gold_gain":0,"player_choice":"Bought 0 Potions","damage_taken":0,"max_hp_gain":0,"max_hp_loss":0,"event_name":"The Woman in Blue","floor":37,"gold_loss":0},{"damage_healed":0,"gold_gain":0,"player_choice":"Leave","damage_taken":0,"max_hp_gain":0,"max_hp_loss":0,"event_name":"conspire:Investor","floor":39,"gold_loss":0},{"damage_healed":0,"gold_gain":0,"player_choice":"Ignored","damage_taken":0,"max_hp_gain":0,"max_hp_loss":0,"event_name":"Tomb of Lord Red Mask","floor":42,"gold_loss":0}],"is_beta":false,"boss_relics":[{"not_picked":["Abe\u0027s Treasure","Kintsugi"],"picked":"Black Star"},{"not_picked":["conspire:SlowCooker","Sozu"],"picked":"Coffee Dripper"},{"not_picked":["SacredBark","Astrolabe"],"picked":"CosmicIsotope"}],"items_purged_floors":[20,48],"is_endless":false,"potions_floor_spawned":[4,5,12,14,2,16,23,31,36,45,46],"ascension_level":0}}