{"host":"2461dio7vetlq1z3","time":1607506194,"event":{"gold_per_floor":[110,35,47,65,79,79,79,79],"floor_reached":7,"playtime":532,"items_purged":["Strike_P"],"score":47,"play_id":"47d4a0b4-4de2-42a6-beac-53f7c4907c98","local_time":"20201209102954","is_ascension_mode":true,"campfire_choices":[{"data":"Eruption","floor":6,"key":"SMITH"}],"neow_cost":"","seed_source_timestamp":346548427127600,"circlet_count":0,"master_deck":["Strike_P","Strike_P","Strike_P","Defend_P","Defend_P","Defend_P","Defend_P","Eruption+1","Vigilance","ThirdEye","OldLady","MHz","Protect","PunishingBird","Meditate","DespairKnight","BattleHymn"],"relics":["PureWater","CogitoBucket","LetterFromLob"],"potions_floor_usage":[],"damage_taken":[{"damage":6,"enemies":"2 Louse","floor":1,"turns":2},{"damage":0,"enemies":"Cultist","floor":3,"turns":4},{"damage":3,"enemies":"Small Slimes","floor":4,"turns":4},{"damage":55,"enemies":"Gremlin Gang","floor":5,"turns":14},{"damage":118,"enemies":"Gremlin Nob","floor":7,"turns":4}],"seed_played":"-1851408014438925681","potions_obtained":[{"floor":1,"key":"Dexterity Potion"},{"floor":4,"key":"Dexterity Potion"}],"is_trial":false,"path_per_floor":["M","$","M","M","M","R","E"],"character_chosen":"WATCHER","items_purchased":[],"campfire_rested":0,"item_purchase_floors":[],"current_hp_per_floor":[66,66,66,63,32,32,0,0],"gold":79,"neow_bonus":"","is_prod":false,"is_daily":false,"chose_seed":false,"campfire_upgraded":1,"win_rate":0,"timestamp":1607506194,"path_taken":["M","$","M","M","M","R","E"],"build_version":"2020-11-30","purchased_purges":1,"victory":false,"max_hp_per_floor":[72,72,72,72,72,72,72,72],"relic_stats":{"counters":[5,28],"obtain_stats":[{"CogitoBucket":0,"LetterFromLob":1,"PureWater":0},{"CogitoBucket":0,"LetterFromLob":1,"PureWater":0},{"CogitoBucket":0,"LetterFromLob":2,"PureWater":0}]},"card_choices":[{"not_picked":["CutThroughFate","FearNoEvil"],"picked":"ThirdEye","floor":1},{"not_picked":["Bloodbath","CherryBlossoms"],"picked":"OldLady","floor":1},{"not_picked":["UniverseFragment","Bloodbath"],"picked":"MHz","floor":3},{"not_picked":["EmptyBody","FollowUp"],"picked":"Protect","floor":3},{"not_picked":["GreedKing","Scorched"],"picked":"PunishingBird","floor":4},{"not_picked":["SignatureMove","JustLucky"],"picked":"Meditate","floor":4},{"not_picked":["OSAHOGD","Murderer"],"picked":"DespairKnight","floor":5},{"not_picked":["Evaluate","SashWhip"],"picked":"BattleHymn","floor":5}],"player_experience":581456,"relics_obtained":[{"floor":1,"key":"LetterFromLob"}],"event_choices":[],"is_beta":false,"boss_relics":[],"items_purged_floors":[2],"is_endless":false,"potions_floor_spawned":[1,4],"killed_by":"Gremlin Nob","ascension_level":2}}