{"host":"f5n4tidiz2n5sooh","time":1607484577,"event":{"gold_per_floor":[112,37,37,51,10,39,39,68,68,78,112,52,52,63,63,63,63],"floor_reached":16,"playtime":335,"items_purged":["Strike_G"],"score":336,"play_id":"50154dc7-6a08-4ae7-aa09-cbec703f7513","local_time":"20201208212937","is_ascension_mode":true,"campfire_choices":[{"data":"Accuracy","floor":7,"key":"SMITH"},{"data":"Malaise","floor":13,"key":"SMITH"},{"data":"Dagger Spray","floor":15,"key":"SMITH"}],"neow_cost":"NONE","seed_source_timestamp":5382886352400,"circlet_count":0,"master_deck":["AscendersBane","Strike_G","Strike_G","Strike_G","Defend_G","Defend_G","Defend_G","Defend_G","Defend_G","Survivor","Neutralize+1","Blade Dance","Dagger Spray+1","Accuracy+1","Dash","Malaise+1","Bouncing Flask","Burst","PiercingWail"],"relics":["Ring of the Snake","NeowsBlessing","Ninja Scroll","The Courier","Gremlin Horn","Bottled Flame"],"potions_floor_usage":[11],"damage_taken":[{"damage":0,"enemies":"Jaw Worm","floor":1,"turns":1},{"damage":0,"enemies":"Small Slimes","floor":4,"turns":1},{"damage":0,"enemies":"Gremlin Nob","floor":6,"turns":1},{"damage":26,"enemies":"Lagavulin","floor":8,"turns":6},{"damage":0,"enemies":"Cultist","floor":10,"turns":1},{"damage":0,"enemies":"Gremlin Nob","floor":11,"turns":2},{"damage":0,"enemies":"Blue Slaver","floor":14,"turns":3},{"damage":63,"enemies":"Slime Boss","floor":16,"turns":8}],"seed_played":"-562049113160214802","potions_obtained":[{"floor":8,"key":"GamblersBrew"},{"floor":10,"key":"FairyPotion"}],"is_trial":false,"path_per_floor":["M","?","?","M","$","E","R","E","T","M","E","$","R","M","R","B"],"character_chosen":"THE_SILENT","items_purchased":["Accuracy"],"campfire_rested":0,"item_purchase_floors":[5],"current_hp_per_floor":[59,59,59,59,59,59,59,33,33,33,33,33,33,33,33,0,0],"gold":63,"neow_bonus":"THREE_ENEMY_KILL","is_prod":false,"is_daily":false,"chose_seed":false,"campfire_upgraded":3,"win_rate":0,"timestamp":1607484577,"path_taken":["M","?","?","M","$","E","R","E","T","M","E","$","R","M","R","BOSS"],"build_version":"2020-11-30","purchased_purges":1,"victory":false,"max_hp_per_floor":[66,66,66,66,66,66,66,66,66,66,66,66,66,66,66,66,66],"relic_stats":{"Gremlin Horn":[2,2],"counters":[8,23],"obtain_stats":[{"Bottled Flame":11,"NeowsBlessing":0,"Gremlin Horn":9,"Ninja Scroll":6,"The Courier":8,"Ring of the Snake":0},{"Bottled Flame":6,"NeowsBlessing":0,"Gremlin Horn":4,"Ninja Scroll":3,"The Courier":4,"Ring of the Snake":0},{"Bottled Flame":12,"NeowsBlessing":0,"Gremlin Horn":9,"Ninja Scroll":3,"The Courier":9,"Ring of the Snake":0}],"Ring of the Snake":[16]},"card_choices":[{"not_picked":["Flying Knee","Expertise"],"picked":"Blade Dance","floor":1},{"not_picked":["PiercingWail","Dodge and Roll"],"picked":"Dagger Spray","floor":4},{"not_picked":["Prepared","Cloak And Dagger"],"picked":"Dash","floor":6},{"not_picked":["Setup","Flying Knee"],"picked":"Malaise","floor":8},{"not_picked":["Heel Hook","Acrobatics"],"picked":"Bouncing Flask","floor":10},{"not_picked":["Reflex","Sucker Punch"],"picked":"Burst","floor":11},{"not_picked":["Poisoned Stab","Well Laid Plans"],"picked":"PiercingWail","floor":14}],"player_experience":1859328,"relics_obtained":[{"floor":6,"key":"Ninja Scroll"},{"floor":8,"key":"The Courier"},{"floor":9,"key":"Gremlin Horn"},{"floor":11,"key":"Bottled Flame"}],"event_choices":[{"cards_removed":["Strike_G"],"damage_healed":0,"gold_gain":0,"player_choice":"Card Removal","damage_taken":0,"max_hp_gain":0,"max_hp_loss":0,"event_name":"The Cleric","floor":2,"gold_loss":75},{"damage_healed":0,"gold_gain":0,"player_choice":"Upgraded","damage_taken":0,"max_hp_gain":0,"max_hp_loss":0,"event_name":"Upgrade Shrine","floor":3,"gold_loss":0,"cards_upgraded":["Neutralize"]}],"is_beta":false,"boss_relics":[],"items_purged_floors":[12],"is_endless":false,"potions_floor_spawned":[8,10],"killed_by":"Slime Boss","ascension_level":20}}