{"host":"av29givzkpzpqtbm","time":1607509190,"event":{"gold_per_floor":[112,129,145,161,161,193,221,5,5,180,124,124,82,101,57,153,153,163,118,118,71,71,71,81,42,42,42,317,334,294,311,236,339,339,352,352,330,330,408,368,368,462,462,462,563,639,703,820,430,490,490,8,8,111,180],"floor_reached":56,"playtime":1963,"items_purged":["Strike_R","Strike_R","Defend_R","Defend_R","Doubt","Strike_R","Defend_R+1","Strike_R","Defend_R+1","Bash","Regret","Sword Boomerang+1","Flex+1","Shrug It Off","Pride"],"score":1703,"play_id":"38ca8533-d463-4dc4-9738-db5f45306547","local_time":"20201209181950","is_ascension_mode":false,"campfire_choices":[{"data":"Sword Boomerang","floor":23.0,"key":"SMITH"},{"floor":44,"key":"RECALL"}],"neow_cost":"PUNISHING","seed_source_timestamp":138280443507099,"circlet_count":0,"master_deck":["Body Slam+1","Pummel+1","Shrug It Off+1","Feed+1","MostiFishMod:KingOfFree+1","Voices"],"special_seed":0,"relics":["Burning Blood","DaveBox","testmod-TestBox","MetatronsCube","testmod-NegativeEmotionEnhancer","aspiration:DSix","Question Card","War Paint","Odd Mushroom","Membership Card","The Courier","ImprovedEquipment","Prayer Wheel","Nunchaku","Ornamental Fan","ReplayTheSpireMod:Lightbulb","Mummified Hand","OrangePellets","Snack Pack","testmod-BlackFramedGlasses","aspiration:StickyExplosives","TheAbacus","ImportantClient","Sundial","Chemical X","Technique","aspiration:AnachronicSnailShell","testmod-Hope","Sling","ClockworkSouvenir","Bronze Scales","Golden Egg","aspiration:Stabinomicon","Pocketwatch","Replay:Bottled Flurry","Replay:Baseball","Oddly Smooth Stone","testmod-IndustrialRevolution","Replay:Bandana","Ginger","Strange Spoon","King of Hearts","Bag of Marbles","Blue Candle","Divine Protection","testmod-Maize","testmod-BalancedPeriapt","Unceasing Top","Replay:WaspNest","Vajra","Happy Flower","Pear","Calipers","testmod-ArcanaOfDestiny","testmod-LifeArmor","Kunai","Strawberry","Blood Vial","ReplayTheSpireMod:CursedCoin","Onion Ring","Mercury Hourglass","Replay:Wax Seal","Gremlin Food","aspiration:Lifesprig"],"potions_floor_usage":[55,55],"damage_taken":[{"damage":5.0,"enemies":"Jaw Worm","floor":1.0,"turns":3.0},{"damage":0.0,"enemies":"Small Slimes","floor":2.0,"turns":3.0},{"damage":0.0,"enemies":"Cultist","floor":3.0,"turns":3.0},{"damage":12.0,"enemies":"Lots of Slimes","floor":4.0,"turns":4.0},{"damage":17.0,"enemies":"Replay:BlueRogue","floor":6.0,"turns":5.0},{"damage":20.0,"enemies":"The Mushroom Lair","floor":7.0,"turns":4.0},{"damage":0.0,"enemies":"Exordium Wildlife","floor":14.0,"turns":3.0},{"damage":20.0,"enemies":"Fading Forest","floor":16.0,"turns":11.0},{"damage":0.0,"enemies":"Shell Parasite","floor":18.0,"turns":3.0},{"damage":0.0,"enemies":"Chosen","floor":24.0,"turns":2.0},{"damage":1.0,"enemies":"Sentry and Sphere","floor":29.0,"turns":2.0},{"damage":0.0,"enemies":"Snecko","floor":31.0,"turns":1.0},{"damage":0.0,"enemies":"Champ","floor":33.0,"turns":1.0},{"damage":0.0,"enemies":"3 Darklings","floor":35.0,"turns":1.0},{"damage":0.0,"enemies":"3 Shapes","floor":39.0,"turns":1.0},{"damage":0,"enemies":"Maw","floor":42,"turns":1},{"damage":0,"enemies":"Giant Head","floor":45,"turns":1},{"damage":3,"enemies":"Sphere and 2 Shapes","floor":46,"turns":1},{"damage":0,"enemies":"R_Hoarder","floor":47,"turns":1},{"damage":0,"enemies":"Transient","floor":48,"turns":5},{"damage":0,"enemies":"Time Eater","floor":50,"turns":1},{"damage":0,"enemies":"Shield and Spear","floor":54,"turns":2},{"damage":0,"enemies":"The Heart","floor":55,"turns":2}],"seed_played":"-4012021397689031526","potions_obtained":[{"floor":2.0,"key":"Swift Potion"},{"floor":3.0,"key":"testmod-EscapePotion"},{"floor":4.0,"key":"ColorlessPotion"},{"floor":14.0,"key":"Ancient Potion"},{"floor":29.0,"key":"testmod-SpacePotion"},{"floor":29.0,"key":"testmod-SpacePotion"},{"floor":33.0,"key":"Adrenaline Potion"},{"floor":35.0,"key":"Explosive Potion"},{"floor":39.0,"key":"ColorlessPotion"},{"floor":46,"key":"Adrenaline Potion"}],"is_trial":false,"path_per_floor":["M","M","M","M","?","E","?","R","T","?","R","?","R","M","R","B",null,"M","$","?","$","T","R","M","R","T","?","?","M","$","M","R","B",null,"M","T","$","?","M","R","?","M","T","R","E","M","E","M","R","B",null,"R","$","E","B",null],"character_chosen":"IRONCLAD","items_purchased":["Membership Card","The Courier","ImprovedEquipment","Prayer Wheel","Sword Boomerang","Nunchaku","Ornamental Fan","ReplayTheSpireMod:Lightbulb","Mummified Hand","OrangePellets","Snack Pack","testmod-BlackFramedGlasses","aspiration:StickyExplosives","TheAbacus","Sundial","Chemical X","Technique","Pummel","aspiration:AnachronicSnailShell","testmod-Hope","Sling","ClockworkSouvenir","Bronze Scales","Pocketwatch","Replay:Bottled Flurry","Replay:Baseball","Oddly Smooth Stone","MostiFishMod:KingOfFree","Replay:Bandana","Ginger","Strange Spoon","Divine Protection","testmod-Maize","testmod-BalancedPeriapt","Unceasing Top","Replay:WaspNest","Vajra","Happy Flower","Pear","Calipers","testmod-ArcanaOfDestiny","testmod-LifeArmor","Kunai","Strawberry","Blood Vial","ReplayTheSpireMod:CursedCoin","Onion Ring","Mercury Hourglass","Replay:Wax Seal","Gremlin Food"],"campfire_rested":0,"item_purchase_floors":[8,8,8,8,11,11,11,11,13,13,13,15,15,15,19,19,19,19,21,21,21,25,25,30,30,32,32,37,37,40,40,49,49,49,49,49,49,49,52,52,52,52,52,52,52,52,52,52,52,52],"current_hp_per_floor":[81,82,83,82,82,73,63,63,63,63,63,63,63,74,74,88,88,89,89,89,89,89,89,90,90,90,74,74,88,88,92,92,93,93,94,94,94,85,95,95,95,100,100,100,101,102,103,104,104,104,104,104,104,104,104],"gold":180,"neow_bonus":"DSIX","is_prod":false,"is_daily":false,"chose_seed":false,"campfire_upgraded":1,"win_rate":0,"timestamp":1607509190,"path_taken":["M","M","M","M","?","E","?","R","T","?","R","?","R","M","R","BOSS","M","$","?","$","?","R","?","R","T","?","?","M","$","M","R","BOSS","M","?","$","?","?","R","?","M","T","R","E","M","E","M","R","BOSS","R","$","E","BOSS"],"build_version":"2020-11-30","purchased_purges":15,"victory":true,"max_hp_per_floor":[81,82,83,84,84,85,86,86,86,86,86,86,86,87,87,88,88,89,89,89,89,89,89,90,90,90,90,90,91,91,92,92,93,93,94,94,94,94,95,95,95,100,100,100,101,102,103,104,104,104,104,104,104,104,104],"card_choices":[{"not_picked":["Clothesline","Dual Wield","Abandon"],"picked":"SKIP","floor":1.0},{"not_picked":["Armaments","Pummel","Infernal Blade"],"picked":"Body Slam","floor":2.0},{"not_picked":["Pommel Strike","Thunderclap","Run Through","Abandon"],"picked":"SKIP","floor":3.0},{"not_picked":["Dual Wield","Pommel Strike","Exhume","Feel No Pain"],"picked":"SKIP","floor":4.0},{"not_picked":["Burning Pact","Run Through","Abandon"],"picked":"Flex","floor":6.0},{"not_picked":["Seeing Red","Ghostly Armor","Evolve","Wild Strike"],"picked":"SKIP","floor":14.0},{"not_picked":["Blood for Blood","Shrug It Off","Massacre","Power Through"],"picked":"SKIP","floor":14.0},{"not_picked":["Iron Wave","Reckless Charge+1","Pommel Strike","Feel No Pain"],"picked":"SKIP","floor":18.0},{"not_picked":["Cleave","Replay:Undeath\u0027s Touch+1","Massacre","ReplayTheSpireMod:Strike From Hell"],"picked":"SKIP","floor":18.0},{"not_picked":["Armaments","Cleave","Replay:Undeath\u0027s Touch"],"picked":"Shrug It Off+1","floor":24.0},{"not_picked":["ReplayTheSpireMod:LeadingStrike","Searing Blow","Hemokinesis+1"],"picked":"Shrug It Off","floor":24.0},{"not_picked":["Cleave","Heavy Blade","Sword Boomerang"],"picked":"Feed","floor":29.0},{"not_picked":["Flex","Metallicize","Whirlwind","Armaments"],"picked":"SKIP","floor":29.0},{"not_picked":["Armaments","Cleave+1","Iron Wave+1","Havoc"],"picked":"SKIP","floor":31.0},{"not_picked":["Warcry","Havoc","Disarm","Uppercut"],"picked":"SKIP","floor":31.0},{"not_picked":["Sever Soul+1","Armaments","ReplayTheSpireMod:Strike From Hell","Clothesline"],"picked":"SKIP","floor":35.0},{"not_picked":["Rampage+1","Body Slam","Wild Strike+1","Thunderclap+1"],"picked":"SKIP","floor":35.0},{"not_picked":["Shrug It Off+1","Headbutt","Cleave","Feel No Pain"],"picked":"SKIP","floor":39.0},{"not_picked":["MostiFishMod:DarkDeal","MostiFishMod:BrandingRite+1","Iron Wave+1","Clash"],"picked":"SKIP","floor":39.0},{"not_picked":["Warcry","MostiFishMod:BrandingRite","Bloodletting","Perfected Strike+1"],"picked":"SKIP","floor":42},{"not_picked":["Dropkick","Heavy Blade","Flame Barrier+1","Body Slam"],"picked":"SKIP","floor":42},{"not_picked":["Cleave+1","Blood for Blood+1","Twin Strike+1","Sentinel"],"picked":"SKIP","floor":45},{"not_picked":["Dropkick","Flame Barrier","Pommel Strike+1","Dark Embrace"],"picked":"SKIP","floor":46},{"not_picked":["Body Slam","Run Through","Flame Barrier","MostiFishMod:FireWorks"],"picked":"SKIP","floor":46},{"not_picked":["Intimidate+1","Entrench","Havoc+1","Flex+1"],"picked":"SKIP","floor":47},{"not_picked":["ReplayTheSpireMod:Strike From Hell+1","Burning Pact+1","Power Through+1","Cleave+1"],"picked":"SKIP","floor":48},{"not_picked":["Intimidate","Flame Barrier+1","Massacre+1","Seeing Red"],"picked":"SKIP","floor":48},{"not_picked":["Clash+1","Pommel Strike","Flame Barrier+1","Burning Pact+1"],"picked":"SKIP","floor":54}],"player_experience":348812,"relics_obtained":[{"floor":1.0,"key":"Question Card"},{"floor":6.0,"key":"War Paint"},{"floor":7.0,"key":"Odd Mushroom"},{"floor":16.0,"key":"ImportantClient"},{"floor":26.0,"key":"Golden Egg"},{"floor":27.0,"key":"aspiration:Stabinomicon"},{"floor":36.0,"key":"testmod-IndustrialRevolution"},{"floor":43,"key":"King of Hearts"},{"floor":45,"key":"Bag of Marbles"},{"floor":47,"key":"Blue Candle"},{"floor":54,"key":"aspiration:Lifesprig"}],"event_choices":[{"damage_healed":0.0,"max_hp_gain":0.0,"max_hp_loss":0.0,"gold_gain":0.0,"event_name":"Mushrooms","player_choice":"Fought Mushrooms","floor":7.0,"gold_loss":0.0,"damage_taken":0.0},{"damage_healed":0.0,"max_hp_gain":0.0,"max_hp_loss":0.0,"gold_gain":175.0,"event_name":"Liars Game","player_choice":"AGREE","floor":10.0,"gold_loss":0.0,"damage_taken":0.0,"cards_obtained":["Doubt"]},{"damage_healed":0.0,"max_hp_gain":0.0,"max_hp_loss":0.0,"gold_gain":0.0,"event_name":"Upgrade Shrine","player_choice":"Upgraded","floor":20.0,"gold_loss":0.0,"damage_taken":0.0,"cards_upgraded":["Pummel"]},{"damage_healed":0.0,"max_hp_gain":0.0,"max_hp_loss":0.0,"gold_gain":0.0,"event_name":"Cursed Tome","player_choice":"Obtained Book","floor":27.0,"gold_loss":0.0,"damage_taken":16.0},{"damage_healed":0.0,"max_hp_gain":0.0,"max_hp_loss":0.0,"gold_gain":275.0,"event_name":"Golden Shrine","player_choice":"Desecrate","floor":28.0,"gold_loss":0.0,"damage_taken":0.0,"cards_obtained":["Regret"]},{"damage_healed":0.0,"max_hp_gain":0.0,"max_hp_loss":0.0,"gold_gain":0.0,"event_name":"Wheel of Change","player_choice":"Damaged","floor":38.0,"gold_loss":0.0,"damage_taken":9.0}],"is_beta":false,"boss_relics":[{"not_picked":["Astrolabe","Busted Crown","FixedStarFall"]},{"not_picked":["MostiFishMod:Hod","aspiration:WatcherSkillbook","Empty Cage"]}],"items_purged_floors":[8,8,8,8,11,19,21,25,25,25,30,30,30,40,52],"is_endless":false,"potions_floor_spawned":[2,2,3,4,6,14,16,16,18,18,24,29,29,33,35,39,42,45,46,47,54],"ascension_level":0}}