{"host":"bz6gkvdcavhdnmlv","time":1607556843,"event":{"gold_per_floor":[99,99,99,99,115,25,25,25,125,153,166,186,18,38,51,51,51],"floor_reached":16,"playtime":843,"items_purged":[],"score":100,"play_id":"587298e9-5fb8-4092-ba99-56edf560e275","local_time":"20201209183403","is_ascension_mode":false,"campfire_choices":[{"data":"Slimebound:Tackle","floor":4.0,"key":"SMITH"},{"floor":8.0,"key":"REST"}],"neow_cost":"NONE","seed_source_timestamp":0,"circlet_count":0,"master_deck":["Slimebound:Strike_Slimebound","Slimebound:Strike_Slimebound","Slimebound:Strike_Slimebound","Slimebound:Tackle+1","Slimebound:Defend_Slimebound","Slimebound:Defend_Slimebound+1","Slimebound:Defend_Slimebound+1","Slimebound:Defend_Slimebound","Slimebound:Split+1","Slimebound:CorrosiveSpit+1","Regret","Slimebound:FormOfPuddle","Slimebound:SplitBruiser","Slimebound:PressTheAttack","Slimebound:SplitLeeching","Slimebound:SplitAcid","Slimebound:Schlurp","Slimebound:GoopSpray","Slimebound:RollThrough","Slimebound:RallyTheTroops"],"special_seed":0,"relics":["Slimebound:AbsorbEndCombat","CCEMRelics:CocoNut","Potion Belt","CCEMRelics:TechnogenicHelmet","Bronze Scales"],"potions_floor_usage":[14,16,16],"damage_taken":[{"damage":16.0,"enemies":"2 Louse","floor":5.0,"turns":3.0},{"damage":14.0,"enemies":"downfall:FleeingMerchant","floor":6.0,"turns":4.0},{"damage":45.0,"enemies":"downfall:WomanInBlue","floor":9.0,"turns":8.0},{"damage":34,"enemies":"3 Sentries","floor":10,"turns":5},{"damage":15,"enemies":"Cultist","floor":11,"turns":3},{"damage":8,"enemies":"Small Slimes","floor":12,"turns":2},{"damage":18,"enemies":"downfall:FleeingMerchant","floor":13,"turns":4},{"damage":13,"enemies":"3 Louse","floor":14,"turns":3},{"damage":19,"enemies":"Red Slaver","floor":15,"turns":2},{"damage":50,"enemies":"downfall:CharBossDefect","floor":16,"turns":4}],"seed_played":"-865462018585489725","potions_obtained":[{"floor":5.0,"key":"BlessingOfTheForge"},{"floor":9.0,"key":"Regen Potion"},{"floor":9.0,"key":"Venom Potion"},{"floor":9.0,"key":"Block Potion"},{"floor":10,"key":"Strength Potion"}],"is_trial":false,"path_per_floor":["R_BF","?","?","R","M","$","T","R","?","E","M","M","$","M","M","B"],"character_chosen":"SLIMEBOUND","items_purchased":["Slimebound:SplitBruiser","Slimebound:PressTheAttack","Bronze Scales"],"campfire_rested":1,"item_purchase_floors":[6,6,13],"current_hp_per_floor":[66,66,66,66,61,59,64,71,46,32,37,41,47,42,39,0,0],"gold":51,"neow_bonus":"TEN_PERCENT_HP_BONUS","is_prod":false,"is_daily":false,"chose_seed":false,"campfire_upgraded":1,"win_rate":0.0,"timestamp":1607556843,"path_taken":["R_BF","?","?","R","M","$","T","R","?","E","M","M","$","M","M","BOSS"],"build_version":"2020-11-30","purchased_purges":0,"victory":false,"max_hp_per_floor":[66,66,66,66,66,66,71,71,71,71,71,71,71,71,71,71,71],"card_choices":[{"not_picked":["Slimebound:Equalize","Slimebound:LevelUp"],"picked":"Slimebound:FormOfPuddle","floor":5.0},{"not_picked":["Slimebound:ViciousTackle","Slimebound:SlimeSlap"],"picked":"Slimebound:SplitLeeching","floor":9.0},{"not_picked":["Slimebound:FlameTackle","Slimebound:Grow"],"picked":"Slimebound:SplitAcid","floor":10},{"not_picked":["Slimebound:Nibble","Slimebound:SlimeSlap"],"picked":"Slimebound:Schlurp","floor":11},{"not_picked":["Slimebound:PressTheAttack","Slimebound:SplitAcid"],"picked":"Slimebound:GoopSpray","floor":12},{"not_picked":["Slimebound:LivingWall","Slimebound:SplitMire"],"picked":"Slimebound:RollThrough","floor":14},{"not_picked":["Slimebound:SplitMire","Slimebound:SlimeSpikes"],"picked":"Slimebound:RallyTheTroops","floor":15}],"player_experience":187609,"relics_obtained":[{"floor":7.0,"key":"CCEMRelics:CocoNut"},{"floor":9.0,"key":"Potion Belt"},{"floor":10,"key":"CCEMRelics:TechnogenicHelmet"}],"event_choices":[],"is_beta":false,"boss_relics":[],"items_purged_floors":[],"is_endless":false,"potions_floor_spawned":[5,10],"killed_by":"downfall:CharBossDefect","ascension_level":0}}