{"host":"1sep654oresgee70","time":1607501800,"event":{"gold_per_floor":[450,12,57,57,102,192,192,237,237,237,282,327,372,372,372,672,672,717,56,101,146,191,191,236,281,281,281,326,371,416,416,416,716,716,761,806,63,63,108,108,108,153,178,268,268,313,358,403,403,403],"floor_reached":51,"playtime":2629,"items_purged":[],"score":1116,"play_id":"0080d850-5455-41ed-ad09-097c925e5ab0","local_time":"20201209091640","daily_mods":["Heirloom","Vintage","Midas"],"is_ascension_mode":false,"campfire_choices":[{"floor":15,"key":"DIG"},{"floor":23,"key":"DIG"},{"floor":32,"key":"DIG"},{"floor":40,"key":"DIG"},{"floor":45,"key":"DIG"},{"floor":49,"key":"DIG"}],"neow_cost":"","seed_source_timestamp":0,"circlet_count":0,"master_deck":["conspire:GhostlyStrike","conspire:GhostlyStrike","conspire:GhostlyStrike","conspire:GhostlyStrike","conspire:GhostlyDefend","conspire:GhostlyDefend","conspire:GhostlyDefend","conspire:GhostlyDefend","Eruption","Vigilance","Replay:Cycle+1","BowlingBash","Tantrum","Tantrum","MentalFortress","Injury","DevaForm","BattleHymn","Consecrate","FollowUp","Consecrate","Halt+1","BattleHymn","Halt+1","Halt+1","Bandage Up+1","RitualDagger","DeusExMachina+1","Sadistic Nature","LikeWater","LikeWater","ClearTheMind+1","Replay:Parry+1","Alpha+1","conspire:GhostlyStrike","conspire:GhostlyStrike","conspire:GhostlyStrike","conspire:GhostlyStrike","conspire:GhostlyDefend","conspire:GhostlyDefend","conspire:GhostlyDefend","conspire:GhostlyDefend","Eruption+1","Vigilance+1","Replay:Cycle+1","BowlingBash+1","Tantrum+1","Tantrum+1","MentalFortress","Injury","DevaForm","BattleHymn","Consecrate+1","FollowUp+1","Consecrate+1","Halt+1","BattleHymn","Halt+1","Halt+1","Bandage Up+1","RitualDagger+1","DeusExMachina+1","Sadistic Nature","LikeWater","LikeWater","ClearTheMind+1","Replay:Parry+1","Alpha+1","FlurryOfBlows+1"],"special_seed":18604,"relics":["PureWater","conspire:Boomerang","Replay:Multitool","hubris:EmptyBottle","aspiration:FrozenJewel","ReplayTheSpireMod:Ninjato","hubris:ToyBattleship","aspiration:HiddenCompartment","hubris:Teleporter","Blue Doll","Shovel","Ancient Tea Set","Toxic Egg 2","Eternal Feather","hubris:Backtick","Mummified Hand","MawBank","Akabeko","Orrery","ReplayFunnel","Iron Hammer","conspire:DecoderRing","StrikeDummy","Question Card","Vajra","Simple Rune","conspire:Flyswatter","Dream Catcher","Replay:Wax Seal","aspiration:Lifesprig","Damaru","aspiration:SecretTechniqueScroll","Snack Pack","Molten Egg 2","Centennial Puzzle","Pen Nib","Darkstone Periapt","Nunchaku","Durian","Gremlin Food","Frozen Egg 2","Strawberry","Boot","hubris:SphereOfDissonance","hubris:BottledRain","Chameleon Ring"],"potions_floor_usage":[3,3,6,6,12,16,16,18,18,22,22,22,24,24,28,28,29,33,36,42,42,44,46,46,46,47],"damage_taken":[{"damage":2,"enemies":"Cultist","floor":1,"turns":3},{"damage":0,"enemies":"2 Louse","floor":3,"turns":2},{"damage":9,"enemies":"Jaw Worm","floor":5,"turns":4},{"damage":0,"enemies":"3 Sentries","floor":6,"turns":4},{"damage":21,"enemies":"2 Fungi Beasts","floor":8,"turns":4},{"damage":5,"enemies":"Blue Slaver","floor":11,"turns":4},{"damage":0,"enemies":"Looter","floor":12,"turns":3},{"damage":12,"enemies":"Lots of Slimes","floor":13,"turns":3},{"damage":0,"enemies":"Slime Boss","floor":16,"turns":4},{"damage":0,"enemies":"3 Byrds","floor":18,"turns":4},{"damage":6,"enemies":"Chosen","floor":20,"turns":4},{"damage":0,"enemies":"Centurion and Healer","floor":21,"turns":3},{"damage":0,"enemies":"Cultist and Chosen","floor":22,"turns":3},{"damage":0,"enemies":"Snake Plant","floor":24,"turns":2},{"damage":13,"enemies":"3 Cultists","floor":25,"turns":4},{"damage":6,"enemies":"Centurion and Healer","floor":28,"turns":2},{"damage":0,"enemies":"Chosen and Byrds","floor":29,"turns":2},{"damage":0,"enemies":"Cultist and Chosen","floor":30,"turns":3},{"damage":41,"enemies":"conspire:MysteriousRune","floor":33,"turns":5},{"damage":0,"enemies":"3 Shapes","floor":35,"turns":1},{"damage":0,"enemies":"3 Darklings","floor":36,"turns":1},{"damage":15,"enemies":"Transient","floor":39,"turns":5},{"damage":12,"enemies":"Jaw Worm Horde","floor":42,"turns":3},{"damage":0,"enemies":"Reptomancer","floor":44,"turns":3},{"damage":2,"enemies":"Spire Growth","floor":46,"turns":2},{"damage":0,"enemies":"Transient","floor":47,"turns":5},{"damage":10,"enemies":"3 Darklings","floor":48,"turns":4},{"damage":8,"enemies":"Time Eater","floor":50,"turns":10}],"seed_played":"-3393203535006853122","potions_obtained":[{"floor":5,"key":"ColorlessPotion"},{"floor":8,"key":"Languid Potion"},{"floor":11,"key":"ColorlessPotion"},{"floor":16,"key":"Dexterity Potion"},{"floor":20,"key":"Fire Potion"},{"floor":22,"key":"LiquidBronze"},{"floor":28,"key":"PowerPotion"},{"floor":35,"key":"BlessingOfTheForge"},{"floor":44,"key":"SneckoOil"},{"floor":46,"key":"Fruit Juice"},{"floor":48,"key":"Elixir"}],"is_trial":false,"path_per_floor":["M","$","M","?","M","E","R","M","T","R","M","M","M","?","R","B",null,"M","$","M","M","M","R","M","M","T","?","M","M","M","?","R","B",null,"M","M","$","?","M","R","?","M","T","E","R","M","M","M","R","B",null],"character_chosen":"WATCHER","items_purchased":["Replay:Cycle","BowlingBash","Tantrum","hubris:EmptyBottle","Venom Potion","Elixir","Akabeko","BattleHymn","Orrery","ReplayFunnel","Halt+1","Bandage Up+1","SkillPotion","Centennial Puzzle","Pen Nib","Sadistic Nature","LikeWater","ClearTheMind+1","Replay:Parry+1","AttackPotion","Strength Potion"],"campfire_rested":0,"item_purchase_floors":[2,2,2,2,2,2,19,19,19,19,19,19,19,37,37,37,37,37,37,37,37],"current_hp_per_floor":[70,70,70,70,61,61,72,51,51,72,67,67,55,55,55,55,72,72,72,66,66,72,72,72,59,59,59,53,59,65,59,72,31,72,72,72,72,72,65,72,78,73,73,77,90,100,100,98,100,100],"gold":403,"neow_bonus":"","is_prod":false,"is_daily":true,"chose_seed":false,"campfire_upgraded":0,"win_rate":0,"timestamp":1607501800,"path_taken":["M","$","M","?","M","E","R","M","T","R","M","M","M","?","R","BOSS","M","$","M","M","M","R","M","M","T","?","M","M","M","?","R","BOSS","M","M","$","?","M","R","?","M","T","E","R","M","M","M","R","BOSS"],"build_version":"2020-11-30","purchased_purges":0,"victory":true,"max_hp_per_floor":[72,72,72,72,72,72,72,72,72,72,72,72,72,72,72,72,72,72,72,72,72,72,72,72,72,72,72,72,72,72,72,72,72,72,72,72,72,72,72,72,78,83,83,83,90,100,100,100,100,100],"card_choices":[{"not_picked":["JustLucky","FearNoEvil"],"picked":"MentalFortress","floor":6},{"not_picked":["Wish+1","Devotion"],"picked":"DevaForm","floor":16},{"not_picked":["Replay:AtTheReady+1","SignatureMove"],"picked":"Consecrate","floor":19},{"not_picked":["LikeWater+1","Weave"],"picked":"FollowUp","floor":19},{"not_picked":["Evaluate+1","ForeignInfluence+1"],"picked":"Consecrate","floor":19},{"not_picked":["EmptyFist","Sanctity+1"],"picked":"Halt+1","floor":19},{"not_picked":["FollowUp","SandsOfTime"],"picked":"BattleHymn","floor":19},{"not_picked":["Ragnarok","Judgement+1","LessonLearned"],"picked":"DeusExMachina+1","floor":33},{"not_picked":["Tantrum+1","WaveOfTheHand+1","Replay:Cycle+1"],"picked":"FlurryOfBlows+1","floor":44}],"player_experience":2225374,"relics_obtained":[{"floor":1,"key":"Replay:Multitool"},{"floor":3,"key":"aspiration:FrozenJewel"},{"floor":5,"key":"ReplayTheSpireMod:Ninjato"},{"floor":6,"key":"hubris:ToyBattleship"},{"floor":8,"key":"aspiration:HiddenCompartment"},{"floor":9,"key":"hubris:Teleporter"},{"floor":11,"key":"Blue Doll"},{"floor":12,"key":"Shovel"},{"floor":13,"key":"Ancient Tea Set"},{"floor":15,"key":"Eternal Feather"},{"floor":18,"key":"MawBank"},{"floor":20,"key":"Iron Hammer"},{"floor":21,"key":"conspire:DecoderRing"},{"floor":22,"key":"StrikeDummy"},{"floor":23,"key":"Question Card"},{"floor":24,"key":"Vajra"},{"floor":25,"key":"Simple Rune"},{"floor":26,"key":"conspire:Flyswatter"},{"floor":28,"key":"Dream Catcher"},{"floor":29,"key":"Replay:Wax Seal"},{"floor":30,"key":"aspiration:Lifesprig"},{"floor":32,"key":"Damaru"},{"floor":35,"key":"Snack Pack"},{"floor":36,"key":"Molten Egg 2"},{"floor":39,"key":"Darkstone Periapt"},{"floor":40,"key":"Nunchaku"},{"floor":42,"key":"Durian"},{"floor":43,"key":"Gremlin Food"},{"floor":44,"key":"Frozen Egg 2"},{"floor":45,"key":"Strawberry"},{"floor":46,"key":"Boot"},{"floor":47,"key":"hubris:SphereOfDissonance"},{"floor":48,"key":"hubris:BottledRain"},{"floor":49,"key":"Chameleon Ring"}],"event_choices":[{"damage_healed":0,"gold_gain":0,"player_choice":"Agree","damage_taken":0,"max_hp_gain":0,"max_hp_loss":0,"event_name":"conspire:LoneGhost","floor":4,"gold_loss":0},{"damage_healed":0,"gold_gain":0,"player_choice":"Dagger","damage_taken":6,"max_hp_gain":0,"max_hp_loss":0,"event_name":"betterThird:BetterNest","floor":31,"gold_loss":0,"cards_obtained":["RitualDagger"]},{"damage_healed":0,"gold_gain":3,"player_choice":"4","damage_taken":0,"max_hp_gain":0,"max_hp_loss":0,"event_name":"betterStone:BetterStone","floor":38,"gold_loss":0,"cards_obtained":["Alpha"]}],"is_beta":false,"boss_relics":[{"not_picked":["Replay:Bronze Core","aspiration:DefectSkillbook"],"picked":"hubris:Backtick"},{"not_picked":["Replay:Wanted Poster","Snecko Heart"],"picked":"aspiration:SecretTechniqueScroll"}],"items_purged_floors":[],"is_endless":false,"potions_floor_spawned":[5,8,11,12,13,16,20,22,28,35,44,46,48],"ascension_level":0}}