{"host":"2461dio7vetlq1z3","time":1607524358,"event":{"gold_per_floor":[116,116,131,149,167,167,181,209,235,245,245,279,279,304,304,403,403,423,36,36,46,66,66,92,92,92,126,145,145,145,245,245,350,350,369,369,384,384,384,384,401,418,443,470,482,521,545,592,604,616,628,640,350,382,382],"floor_reached":56,"playtime":4106,"items_purged":["Strike_P","Strike_P+1"],"score":1617,"play_id":"1a5be106-2f32-4fe5-a14f-cec2a16170e7","local_time":"20201209153238","is_ascension_mode":true,"campfire_choices":[{"data":"Eruption","floor":6,"key":"SMITH"},{"data":"Perseverance","floor":11,"key":"SMITH"},{"data":"Vault","floor":13,"key":"SMITH"},{"floor":15,"key":"REST"},{"data":"ConjureBlade","floor":23,"key":"SMITH"},{"data":"Omniscience","floor":25,"key":"SMITH"},{"data":"1","floor":30,"key":"LIFT"},{"data":"2","floor":32,"key":"LIFT"},{"data":"3","floor":40,"key":"LIFT"},{"floor":49,"key":"RECALL"},{"floor":52,"key":"REST"}],"neow_cost":"NONE","seed_source_timestamp":361121016791100,"circlet_count":0,"master_deck":["Strike_P+1","Strike_P+1","Defend_P+1","Defend_P+1","Defend_P+1","Eruption+1","Vigilance+1","ConjureBlade+1","CutThroughFate+1","Consecrate+1","Perseverance+1","Prostrate+1","ReachHeaven+1","WindmillStrike+1","Vault+1","Prostrate+1","SpiritShield+1","MasterReality+1","Omniscience+1","Sanctity+1","Protect+1","Establishment+1","Collect+1","Protect","SpiritShield","JustLucky+1","Omniscience","Devotion"],"relics":["PureWater","NlothsMask","Shuriken","Omamori","Boot","Calling Bell","Happy Flower","Mercury Hourglass","Thread and Needle","TungstenRod","Mango","Blood Vial","CaptainsWheel","Girya","Pocketwatch","Bottled Lightning","Fusion Hammer","Mark of the Bloom","MawBank","GoldenEye","Vajra","Ornamental Fan"],"potions_floor_usage":[12,15,16,27,33,42,55,55],"damage_taken":[{"damage":3,"enemies":"Cultist","floor":1,"turns":4},{"damage":12,"enemies":"Small Slimes","floor":3,"turns":6},{"damage":0,"enemies":"2 Louse","floor":4,"turns":2},{"damage":2,"enemies":"2 Fungi Beasts","floor":5,"turns":5},{"damage":10,"enemies":"Exordium Wildlife","floor":7,"turns":5},{"damage":20,"enemies":"Lagavulin","floor":8,"turns":6},{"damage":2,"enemies":"Gremlin Gang","floor":10,"turns":2},{"damage":0,"enemies":"Gremlin Nob","floor":12,"turns":4},{"damage":10,"enemies":"Lagavulin","floor":14,"turns":6},{"damage":2,"enemies":"Slime Boss","floor":16,"turns":7},{"damage":0,"enemies":"3 Byrds","floor":18,"turns":4},{"damage":0,"enemies":"Spheric Guardian","floor":21,"turns":4},{"damage":0,"enemies":"Snecko","floor":22,"turns":6},{"damage":31,"enemies":"Slavers","floor":24,"turns":7},{"damage":0,"enemies":"Book of Stabbing","floor":27,"turns":5},{"damage":6,"enemies":"Snake Plant","floor":28,"turns":7},{"damage":6,"enemies":"Colosseum Slavers","floor":31,"turns":5},{"damage":3,"enemies":"Colosseum Nobs","floor":31,"turns":7},{"damage":0,"enemies":"Automaton","floor":33,"turns":7},{"damage":1,"enemies":"3 Shapes","floor":35,"turns":4},{"damage":2,"enemies":"3 Darklings","floor":37,"turns":7},{"damage":0,"enemies":"Spire Growth","floor":41,"turns":6},{"damage":0,"enemies":"Transient","floor":42,"turns":6},{"damage":0,"enemies":"Nemesis","floor":44,"turns":8},{"damage":0,"enemies":"Reptomancer","floor":46,"turns":9},{"damage":0,"enemies":"Sphere and 2 Shapes","floor":47,"turns":4},{"damage":0,"enemies":"Giant Head","floor":48,"turns":7},{"damage":0,"enemies":"Donu and Deca","floor":50,"turns":9},{"damage":18,"enemies":"Shield and Spear","floor":54,"turns":8},{"damage":3,"enemies":"The Heart","floor":55,"turns":12}],"seed_played":"4131918060100004905","potions_obtained":[{"floor":8,"key":"Block Potion"},{"floor":12,"key":"EntropicBrew"},{"floor":16,"key":"Explosive Potion"},{"floor":21,"key":"Fruit Juice"},{"floor":24,"key":"AttackPotion"},{"floor":28,"key":"SneckoOil"},{"floor":37,"key":"Strength Potion"},{"floor":42,"key":"SkillPotion"}],"is_trial":false,"path_per_floor":["M","?","M","M","M","R","M","E","T","M","R","E","R","E","R","B",null,"M","$","?","M","M","R","E","R","T","E","M","?","R","?","R","B",null,"M","?","M","?","?","R","M","M","T","E","?","E","M","E","R","B",null,"R","$","E","B",null],"character_chosen":"WATCHER","items_purchased":["TungstenRod","Vajra","Dexterity Potion"],"campfire_rested":2,"item_purchase_floors":[19,53,53],"current_hp_per_floor":[69,69,57,57,55,55,45,25,25,23,23,23,23,13,34,32,72,72,72,72,72,72,72,55,55,55,57,53,53,53,48,48,50,86,85,85,84,82,82,82,82,82,82,82,82,82,82,82,82,82,82,82,82,64,61],"gold":382,"neow_bonus":"ONE_RANDOM_RARE_CARD","is_prod":false,"is_daily":false,"chose_seed":false,"campfire_upgraded":5,"win_rate":0,"timestamp":1607524358,"path_taken":["M","?","M","M","M","R","M","E","T","?","R","E","R","E","R","BOSS","M","$","?","M","?","R","E","R","T","E","M","?","R","?","R","BOSS","M","?","M","?","?","R","M","M","T","E","?","E","M","E","R","BOSS","R","$","E","BOSS"],"build_version":"2020-11-30","purchased_purges":2,"victory":true,"max_hp_per_floor":[72,72,72,72,72,72,72,72,72,72,72,72,72,72,72,72,72,72,72,72,72,72,72,86,86,86,86,86,86,86,86,86,86,86,86,86,86,82,82,82,82,87,87,87,87,87,87,87,87,87,87,87,87,87,87],"relic_stats":{"Mark of the Bloom":136,"Happy Flower":[44],"counters":[30,179],"Boot":[57],"MawBank":108,"GoldenEye":[26],"Mercury Hourglass":[569],"Blood Vial":11,"Shuriken":[21],"Ornamental Fan":[8],"obtain_stats":[{"Girya":29,"Mark of the Bloom":39,"Happy Flower":17,"Vajra":53,"Thread and Needle":17,"Mango":24,"Omamori":12,"Boot":14,"MawBank":44,"GoldenEye":46,"Mercury Hourglass":17,"Calling Bell":17,"Blood Vial":26,"CaptainsWheel":27,"Shuriken":8,"Ornamental Fan":54,"Fusion Hammer":34,"Bottled Lightning":31,"PureWater":0,"TungstenRod":19,"NlothsMask":2,"Pocketwatch":31},{"Girya":16,"Mark of the Bloom":21,"Happy Flower":10,"Vajra":28,"Thread and Needle":10,"Mango":14,"Omamori":8,"Boot":9,"MawBank":24,"GoldenEye":25,"Mercury Hourglass":10,"Calling Bell":10,"Blood Vial":14,"CaptainsWheel":15,"Shuriken":6,"Ornamental Fan":29,"Fusion Hammer":19,"Bottled Lightning":18,"PureWater":0,"TungstenRod":11,"NlothsMask":1,"Pocketwatch":18},{"Girya":80,"Mark of the Bloom":110,"Happy Flower":47,"Vajra":159,"Thread and Needle":47,"Mango":68,"Omamori":34,"Boot":40,"MawBank":130,"GoldenEye":139,"Mercury Hourglass":47,"Calling Bell":47,"Blood Vial":68,"CaptainsWheel":73,"Shuriken":28,"Ornamental Fan":167,"Fusion Hammer":99,"Bottled Lightning":92,"PureWater":0,"TungstenRod":51,"NlothsMask":4,"Pocketwatch":92}],"TungstenRod":21,"Pocketwatch":[52]},"card_choices":[{"not_picked":["FlyingSleeves","Crescendo"],"picked":"CutThroughFate","floor":1},{"not_picked":["EmptyMind","Crescendo"],"picked":"Consecrate","floor":3},{"not_picked":["ThirdEye","Prostrate"],"picked":"Perseverance","floor":4},{"not_picked":["Weave","FollowUp"],"picked":"Prostrate","floor":5},{"not_picked":["Protect","Vengeance"],"picked":"ReachHeaven","floor":7},{"not_picked":["Study","ForeignInfluence"],"picked":"WindmillStrike","floor":8},{"not_picked":["EmptyMind","FlyingSleeves"],"picked":"Vault","floor":10},{"not_picked":["Adaptation","Protect"],"picked":"Prostrate","floor":12},{"not_picked":["EmptyFist","Weave"],"picked":"SpiritShield","floor":14},{"not_picked":["DevaForm","ConjureBlade"],"picked":"MasterReality","floor":16},{"not_picked":["PathToVictory","BowlingBash","FlyingSleeves"],"picked":"SKIP","floor":18},{"not_picked":["Wireheading","EmptyFist","Swivel+1"],"picked":"SKIP","floor":21},{"not_picked":["WheelKick+1","FearNoEvil","Vengeance"],"picked":"SKIP","floor":22},{"not_picked":["Brilliance","ThirdEye+1"],"picked":"Omniscience","floor":24},{"not_picked":["ThirdEye","Pray"],"picked":"Sanctity","floor":27},{"not_picked":["Evaluate","CutThroughFate"],"picked":"Protect","floor":28},{"not_picked":["SpiritShield","Alpha"],"picked":"Establishment","floor":33},{"not_picked":["EmptyMind","FollowUp"],"picked":"Collect","floor":35},{"not_picked":["PathToVictory+1","ThirdEye","Evaluate"],"picked":"SKIP","floor":37},{"not_picked":["FollowUp+1","SashWhip"],"picked":"Protect","floor":41},{"not_picked":["SandsOfTime+1","Halt+1","Wireheading"],"picked":"SKIP","floor":42},{"not_picked":["FlurryOfBlows+1","WreathOfFlame"],"picked":"SpiritShield","floor":44},{"not_picked":["Crescendo+1","Evaluate+1"],"picked":"JustLucky+1","floor":46},{"not_picked":["Halt+1","CutThroughFate+1","Evaluate+1"],"picked":"SKIP","floor":47},{"not_picked":["WreathOfFlame","CutThroughFate"],"picked":"Omniscience","floor":48},{"not_picked":["FlyingSleeves+1","Vengeance+1"],"picked":"Devotion","floor":54}],"player_experience":591444,"relics_obtained":[{"floor":8,"key":"Shuriken"},{"floor":12,"key":"Omamori"},{"floor":14,"key":"Boot"},{"floor":17,"key":"Happy Flower"},{"floor":17,"key":"Mercury Hourglass"},{"floor":17,"key":"Thread and Needle"},{"floor":24,"key":"Mango"},{"floor":26,"key":"Blood Vial"},{"floor":27,"key":"CaptainsWheel"},{"floor":31,"key":"Pocketwatch"},{"floor":31,"key":"Bottled Lightning"},{"floor":44,"key":"MawBank"},{"floor":46,"key":"GoldenEye"},{"floor":54,"key":"Ornamental Fan"}],"event_choices":[{"damage_healed":0,"gold_gain":0,"player_choice":"Trade","damage_taken":0,"relics_obtained":["NlothsMask"],"max_hp_gain":0,"max_hp_loss":0,"event_name":"FaceTrader","floor":2,"gold_loss":0},{"damage_healed":0,"gold_gain":0,"player_choice":"Upgraded","damage_taken":0,"max_hp_gain":0,"max_hp_loss":0,"event_name":"Upgrade Shrine","floor":20,"gold_loss":0,"cards_upgraded":["WindmillStrike"]},{"damage_healed":0,"gold_gain":0,"player_choice":"Opened","damage_taken":0,"relics_obtained":["Girya"],"max_hp_gain":0,"max_hp_loss":0,"event_name":"The Mausoleum","floor":29,"gold_loss":0,"cards_obtained":["Writhe"]},{"damage_healed":0,"gold_gain":0,"player_choice":"Fight","damage_taken":0,"max_hp_gain":0,"max_hp_loss":0,"event_name":"Colosseum","floor":31,"gold_loss":0},{"damage_healed":0,"gold_gain":0,"player_choice":"Fought Nobs","damage_taken":0,"max_hp_gain":0,"max_hp_loss":0,"event_name":"Colosseum","floor":31,"gold_loss":0},{"cards_removed":["Defend_P"],"damage_healed":0,"gold_gain":0,"player_choice":"Removed Skill","damage_taken":0,"max_hp_gain":0,"max_hp_loss":0,"event_name":"Falling","floor":36,"gold_loss":0},{"damage_healed":0,"gold_gain":0,"player_choice":"Max HP","damage_taken":0,"max_hp_gain":0,"max_hp_loss":4,"event_name":"Winding Halls","floor":38,"gold_loss":0},{"damage_healed":0,"gold_gain":0,"player_choice":"Upgrade","damage_taken":0,"relics_obtained":["Mark of the Bloom"],"max_hp_gain":0,"max_hp_loss":0,"event_name":"MindBloom","floor":39,"gold_loss":0,"cards_upgraded":["Strike_P","Strike_P","Strike_P","Defend_P","Defend_P","Defend_P","Vigilance","CutThroughFate","Consecrate","Prostrate","ReachHeaven","Prostrate","SpiritShield","MasterReality","Sanctity","Protect","Establishment","Collect"]}],"is_beta":false,"boss_relics":[{"not_picked":["Sozu","Runic Dome"],"picked":"Calling Bell"},{"not_picked":["HolyWater","Cursed Key"],"picked":"Fusion Hammer"}],"items_purged_floors":[19,53],"is_endless":false,"potions_floor_spawned":[8,12,16,21,24,28,37,42,44],"ascension_level":2}}