{"host":"v0kr0xkqfgnh389p","time":1607472717,"event":{"gold_per_floor":[118,134,149,169,169,13,13,47,94,94,110,142,142,156,156,261,261,281,281,301,301,301,301],"floor_reached":22,"playtime":1273,"items_purged":[],"score":258,"play_id":"1e381539-ddde-4bd6-9c19-fa96d698c16a","local_time":"20201208191157","is_ascension_mode":true,"campfire_choices":[{"floor":10,"key":"REST"},{"floor":13,"key":"RECALL"},{"data":"TalkToTheHand","floor":15,"key":"SMITH"}],"neow_cost":"PERCENT_DAMAGE","seed_source_timestamp":39184292640100,"circlet_count":0,"master_deck":["Strike_P","Strike_P","Strike_P","Defend_P","Defend_P+1","Defend_P","Defend_P","Eruption","Vigilance","Omniscience+1","ClearTheMind","WindmillStrike","Perseverance","Wireheading","Conclude","WindmillStrike","TalkToTheHand+1","PathToVictory","Alpha","FlurryOfBlows","Worship","ReachHeaven+1"],"relics":["PureWater","Sling","Quantum Egg","Replay:Kaleidoscope","hubris:GlazedTorus","hubris:TerracottaHorce","CaptainsWheel"],"potions_floor_usage":[11,14,16],"damage_taken":[{"damage":1,"enemies":"2 Louse","floor":1,"turns":3},{"damage":0,"enemies":"Cultist","floor":2,"turns":2},{"damage":0,"enemies":"Jaw Worm","floor":3,"turns":3},{"damage":18,"enemies":"Gremlin Gang","floor":4,"turns":7},{"damage":11,"enemies":"3 Sentries","floor":8,"turns":9},{"damage":6,"enemies":"3 Louse","floor":11,"turns":2},{"damage":0,"enemies":"Gremlin Nob","floor":12,"turns":2},{"damage":0,"enemies":"Large Slime","floor":14,"turns":3},{"damage":26,"enemies":"Fading Forest","floor":16,"turns":11},{"damage":32,"enemies":"3 Byrds","floor":18,"turns":4},{"damage":12,"enemies":"Shell Parasite","floor":20,"turns":3},{"damage":28,"enemies":"Chosen and Byrds","floor":22,"turns":4}],"seed_played":"-3708666299701835368","potions_obtained":[{"floor":1,"key":"DuplicationPotion"},{"floor":4,"key":"Weak Potion"},{"floor":8,"key":"Ancient Potion"},{"floor":11,"key":"Elixir"},{"floor":12,"key":"Swift Potion"}],"is_trial":false,"path_per_floor":["M","M","M","M","?","$","?","E","T","R","M","E","R","M","R","B",null,"M","?","M","AVR","M"],"character_chosen":"WATCHER","items_purchased":["Sling"],"campfire_rested":1,"item_purchase_floors":[6],"current_hp_per_floor":[50,50,50,32,18,18,18,7,7,28,22,22,22,22,22,21,59,27,27,15,15,0,0],"gold":301,"neow_bonus":"THREE_RARE_CARDS","is_prod":false,"is_daily":false,"chose_seed":false,"campfire_upgraded":1,"win_rate":0,"timestamp":1607472717,"path_taken":["M","M","M","M","?","$","?","E","T","R","?","E","R","M","R","BOSS","M","?","M","AVR","M"],"build_version":"2020-11-30","purchased_purges":0,"victory":false,"max_hp_per_floor":[72,72,72,72,72,72,72,72,72,72,72,72,72,72,72,72,72,72,72,72,72,72,72],"card_choices":[{"not_picked":["Blasphemy","DeusExMachina"],"picked":"Omniscience","floor":0},{"not_picked":["PathToVictory","JustLucky"],"picked":"ClearTheMind","floor":1},{"not_picked":["SashWhip","Consecrate"],"picked":"WindmillStrike","floor":2},{"not_picked":["CutThroughFate","Halt"],"picked":"Perseverance","floor":3},{"not_picked":["Replay:AllIn","Halt"],"picked":"Wireheading","floor":4},{"not_picked":["Weave","Meditate"],"picked":"Conclude","floor":8},{"not_picked":["Replay:ManipulateFuture","ClearTheMind"],"picked":"WindmillStrike","floor":11},{"not_picked":["FearNoEvil","Halt"],"picked":"TalkToTheHand","floor":12},{"not_picked":["FearNoEvil","Prostrate"],"picked":"PathToVictory","floor":14},{"not_picked":["MasterReality","Replay:LoomingThreat"],"picked":"Alpha","floor":16},{"not_picked":["Replay:BluntJabs","FlyingSleeves"],"picked":"FlurryOfBlows","floor":18},{"not_picked":["Replay:Cycle","JustLucky"],"picked":"ReachHeaven+1","floor":20}],"player_experience":665194,"relics_obtained":[{"floor":8,"key":"Replay:Kaleidoscope"},{"floor":12,"key":"hubris:GlazedTorus"}],"event_choices":[{"damage_healed":0,"gold_gain":0,"player_choice":"Entered Light","damage_taken":14,"max_hp_gain":0,"max_hp_loss":0,"event_name":"Shining Light","floor":5,"gold_loss":0,"cards_upgraded":["Defend_P","Omniscience"]},{"damage_healed":0,"gold_gain":0,"player_choice":"Gave Potion","damage_taken":0,"relics_obtained":["Quantum Egg"],"max_hp_gain":0,"max_hp_loss":0,"event_name":"WeMeetAgain","floor":7,"gold_loss":0},{"damage_healed":0,"gold_gain":0,"cards_transformed":["Strike_P"],"player_choice":"Transformed","damage_taken":0,"max_hp_gain":0,"max_hp_loss":0,"event_name":"Transmorgrifier","floor":19,"gold_loss":0,"cards_obtained":["Worship"]}],"is_beta":false,"boss_relics":[{"not_picked":["infinitespire:Cupcake","hubris:Stopwatch"],"picked":"hubris:TerracottaHorce"}],"items_purged_floors":[],"is_endless":false,"potions_floor_spawned":[1,4,8,11,12],"killed_by":"Chosen and Byrds","ascension_level":1}}