{"host":"z26j60ycepuqi9th","time":1607529928,"event":{"gold_per_floor":[119,119,133,143,161,181,197,147,221,221,256,273,273,289,289,391,-1009,-998,-998,18,28,46,78,95,105,130,130,230,230,245,89,89,193,193,212,259,271,285,685,723,723,723,776,776,807,826,826,837,275,326,326,51,51,96,123],"floor_reached":56,"playtime":1248,"items_purged":["Zap","Strike_B","Strike_B","Strike_B"],"score":1485,"play_id":"69a7e8dd-cda5-4ee9-af4f-13075b245041","local_time":"20201210000528","is_ascension_mode":false,"campfire_choices":[{"data":"MostiFishMod:RacingGame","floor":10,"key":"SMITH"},{"data":"White Noise","floor":13,"key":"SMITH"},{"data":"White Noise","floor":15,"key":"SMITH"},{"data":"Recycle","floor":32,"key":"SMITH"},{"floor":41,"key":"RECALL"}],"neow_cost":"NONE","seed_source_timestamp":22833926649700,"circlet_count":0,"master_deck":["Strike_B","MostiFishMod:RacingGame+1","White Noise+1","Cold Snap","Go for the Eyes","Ball Lightning","White Noise","White Noise+1","Recycle+1","Barrage","MostiFishMod:PushDownKick"],"relics":["Cracked Core","Hammer of Thor","Seething Fire","Anvil of the Gods","DaveBox","testmod-TestBox","testmod-IntensifyImprint","DianPoetry","Question Card","Cables","testmod-OneHitWonder","ImportantClient","SynthV:MejaisSoulstealer","testmod-BouquetWithThorns","Dota2Spire:ShivaGuard","Ornamental Fan","Dota2Spire:BlackKingBar","Philosopher\u0027s Stone","ArrowTower","PreservedInsect","Lantern","Dota2Spire:ArcaneBoots","Dota2Spire:MantaStyle","REME_ArchaeologicalTools","Runic Capacitor","StoneCalendar"],"potions_floor_usage":[40],"damage_taken":[{"damage":0,"enemies":"Cultist","floor":1,"turns":2},{"damage":0,"enemies":"2 Louse","floor":3,"turns":2},{"damage":9,"enemies":"Jaw Worm","floor":4,"turns":2},{"damage":3,"enemies":"Blue Slaver","floor":5,"turns":2},{"damage":0,"enemies":"Large Slime","floor":6,"turns":2},{"damage":0,"enemies":"2 Fungi Beasts","floor":7,"turns":2},{"damage":0,"enemies":"Gremlin Nob","floor":11,"turns":2},{"damage":5,"enemies":"Looter","floor":12,"turns":2},{"damage":10,"enemies":"Blue Slaver","floor":14,"turns":2},{"damage":23,"enemies":"The Guardian","floor":16,"turns":3},{"damage":7,"enemies":"Shell Parasite","floor":18,"turns":2},{"damage":6,"enemies":"2 Thieves","floor":20,"turns":1},{"damage":0,"enemies":"Snake Plant","floor":21,"turns":2},{"damage":0,"enemies":"Centurion and Healer","floor":22,"turns":1},{"damage":0,"enemies":"Gremlin Leader","floor":23,"turns":1},{"damage":0,"enemies":"Cultist and Chosen","floor":24,"turns":1},{"damage":0,"enemies":"3 Cultists","floor":25,"turns":2},{"damage":0,"enemies":"Colosseum Slavers","floor":28,"turns":1},{"damage":7,"enemies":"Colosseum Nobs","floor":28,"turns":2},{"damage":0,"enemies":"Snecko","floor":30,"turns":1},{"damage":0,"enemies":"Automaton","floor":33,"turns":2},{"damage":0,"enemies":"3 Shapes","floor":35,"turns":1},{"damage":0,"enemies":"2 Orb Walkers","floor":36,"turns":1},{"damage":0,"enemies":"Orb Walker","floor":37,"turns":1},{"damage":0,"enemies":"Sphere and 2 Shapes","floor":38,"turns":1},{"damage":0,"enemies":"Reptomancer","floor":40,"turns":2},{"damage":0,"enemies":"Nemesis","floor":45,"turns":1},{"damage":30,"enemies":"4 Shapes","floor":46,"turns":2},{"damage":0,"enemies":"Maw","floor":48,"turns":2},{"damage":6,"enemies":"Time Eater","floor":50,"turns":3},{"damage":0,"enemies":"Shield and Spear","floor":54,"turns":1},{"damage":10,"enemies":"The Heart","floor":55,"turns":2}],"seed_played":"1552390314204039562","potions_obtained":[{"floor":3,"key":"DistilledChaos"},{"floor":5,"key":"Dota2Spire:Clarity"},{"floor":11,"key":"Weak Potion"},{"floor":21,"key":"ColorlessPotion"},{"floor":40,"key":"Block Potion"}],"is_trial":false,"path_per_floor":["M","?","M","M","M","M","M","?","T","R","E","M","R","M","R","B",null,"M","?","M","M","M","E","M","M","T","?","?","?","M","$","R","B",null,"M","?","M","M","?","E","R","T","T","?","E","M","?","M","R","B",null,"R","$","E","B",null],"character_chosen":"DEFECT","items_purchased":["Dota2Spire:BlackKingBar","REME_ArchaeologicalTools","Runic Capacitor","testmod-TestPotion"],"campfire_rested":0,"item_purchase_floors":[31,49,49,49],"current_hp_per_floor":[75,75,75,66,63,63,63,63,63,63,63,58,58,48,48,25,75,68,68,62,62,62,62,62,62,62,62,55,55,55,55,55,55,72,72,72,72,72,72,72,72,72,72,72,72,42,42,42,42,36,72,72,72,72,62],"gold":123,"neow_bonus":"REMOVE_CARD","is_prod":false,"is_daily":false,"chose_seed":false,"campfire_upgraded":4,"win_rate":0,"timestamp":1607529928,"path_taken":["M","?","M","M","M","M","M","?","T","R","E","M","R","M","R","BOSS","M","?","M","M","M","E","M","M","T","?","?","?","M","?","R","BOSS","M","?","M","M","?","E","R","?","T","?","E","M","?","M","R","BOSS","R","$","E","BOSS"],"build_version":"2020-11-30","purchased_purges":4,"victory":true,"max_hp_per_floor":[75,75,75,75,75,75,75,75,75,75,75,75,75,75,75,75,75,75,72,72,72,72,72,72,72,72,72,72,72,72,72,72,72,72,72,72,72,72,72,72,72,72,72,72,72,72,72,72,72,72,72,72,72,72,72],"relic_stats":{"counters":[32,53],"Ornamental Fan":[140],"StoneCalendar":[0],"PreservedInsect":115,"Question Card":28,"obtain_stats":[{"Lantern":42,"DaveBox":0,"DianPoetry":0,"StoneCalendar":54,"Hammer of Thor":0,"Runic Capacitor":49,"testmod-BouquetWithThorns":23,"Philosopher\u0027s Stone":34,"REME_ArchaeologicalTools":49,"Dota2Spire:ArcaneBoots":43,"Cracked Core":0,"ImportantClient":16,"testmod-IntensifyImprint":0,"Dota2Spire:MantaStyle":45,"testmod-TestBox":0,"SynthV:MejaisSoulstealer":17,"Dota2Spire:BlackKingBar":31,"Dota2Spire:ShivaGuard":28,"PreservedInsect":40,"Seething Fire":0,"Question Card":1,"Cables":9,"Anvil of the Gods":0,"Ornamental Fan":28,"ArrowTower":36,"testmod-OneHitWonder":11,"REME_ComplimentaryCards":0},{"Lantern":26,"DaveBox":0,"DianPoetry":0,"StoneCalendar":31,"Hammer of Thor":0,"Runic Capacitor":29,"testmod-BouquetWithThorns":15,"Philosopher\u0027s Stone":21,"REME_ArchaeologicalTools":29,"Dota2Spire:ArcaneBoots":26,"Cracked Core":0,"ImportantClient":10,"testmod-IntensifyImprint":0,"Dota2Spire:MantaStyle":27,"testmod-TestBox":0,"SynthV:MejaisSoulstealer":10,"Dota2Spire:BlackKingBar":20,"Dota2Spire:ShivaGuard":19,"PreservedInsect":26,"Seething Fire":0,"Question Card":1,"Cables":6,"Anvil of the Gods":0,"Ornamental Fan":19,"ArrowTower":23,"testmod-OneHitWonder":7,"REME_ComplimentaryCards":0},{"Lantern":42,"DaveBox":0,"DianPoetry":0,"StoneCalendar":51,"Hammer of Thor":0,"Runic Capacitor":47,"testmod-BouquetWithThorns":27,"Philosopher\u0027s Stone":36,"REME_ArchaeologicalTools":47,"Dota2Spire:ArcaneBoots":42,"Cracked Core":0,"ImportantClient":20,"testmod-IntensifyImprint":0,"Dota2Spire:MantaStyle":43,"testmod-TestBox":0,"SynthV:MejaisSoulstealer":20,"Dota2Spire:BlackKingBar":34,"Dota2Spire:ShivaGuard":33,"PreservedInsect":42,"Seething Fire":0,"Question Card":2,"Cables":12,"Anvil of the Gods":0,"Ornamental Fan":33,"ArrowTower":38,"testmod-OneHitWonder":14,"REME_ComplimentaryCards":0}],"Cables":[19,18,1,0,0]},"card_choices":[{"not_picked":["Hologram","Skim"],"picked":"White Noise","floor":1},{"not_picked":["Auto Shields","Chill","Leap"],"picked":"Cold Snap","floor":3},{"not_picked":["Reprogram","Glacier","Steam"],"picked":"Go for the Eyes","floor":4},{"not_picked":["Compile Driver","Lockon","Conserve Battery"],"picked":"Ball Lightning","floor":5},{"not_picked":["Compile Driver","Streamline","Static Discharge","Steam"],"picked":"SKIP","floor":6},{"not_picked":["Chill","Storm","Barrage","Streamline"],"picked":"SKIP","floor":7},{"not_picked":["Storm","Hello World","BootSequence"],"picked":"White Noise","floor":11},{"not_picked":["Steam Power","Auto Shields","Redo","Self Repair"],"picked":"SKIP","floor":12},{"not_picked":["Beam Cell","Gash","Skim"],"picked":"White Noise","floor":14},{"not_picked":["Coolheaded","Steam","Melter","REME_Compress+1"],"picked":"SKIP","floor":18},{"not_picked":["Redo","Steam","Gash+1"],"picked":"Beam Cell","floor":20},{"not_picked":["Double Energy","Force Field","Auto Shields"],"picked":"Recycle","floor":21},{"not_picked":["Reprogram","Hologram","FTL","Recycle"],"picked":"SKIP","floor":22},{"not_picked":["Steam","Turbo","MostiFishMod:IceShield","Capacitor"],"picked":"SKIP","floor":23},{"not_picked":["BootSequence","Chaos","Capacitor"],"picked":"Barrage","floor":24},{"not_picked":["Chill","Conserve Battery","Stack+1","Rebound","Hologram"],"picked":"SKIP","floor":25},{"not_picked":["Beam Cell","Coolheaded","Gash","Sweeping Beam"],"picked":"SKIP","floor":30},{"not_picked":["MostiFishMod:Tomorrow","MostiFishMod:Hijack","Multi-Cast"],"picked":"MostiFishMod:PushDownKick","floor":33},{"not_picked":["Conserve Battery","Go for the Eyes+1","Stack","Sweeping Beam+1"],"picked":"SKIP","floor":35},{"not_picked":["Conserve Battery+1","MostiFishMod:LinkProtocol","Stack+1","Chill+1"],"picked":"SKIP","floor":37},{"not_picked":["Sweeping Beam+1","Barrage","Self Repair","Force Field+1"],"picked":"SKIP","floor":38},{"not_picked":["Coolheaded+1","Turbo","Streamline+1","Consume"],"picked":"SKIP","floor":40},{"not_picked":["Skim+1","Glacier+1","Cold Snap","Coolheaded"],"picked":"SKIP","floor":45},{"not_picked":["Compile Driver","Gash+1","Glacier+1","MostiFishMod:IceShield"],"picked":"SKIP","floor":46},{"not_picked":["Streamline+1","MostiFishMod:ReprogramOld","Loop+1","Stack"],"picked":"SKIP","floor":48},{"not_picked":["Auto Shields","Steam","Hologram","Aggregate+1"],"picked":"SKIP","floor":54}],"player_experience":93261,"relics_obtained":[{"floor":1,"key":"Question Card"},{"floor":9,"key":"Cables"},{"floor":11,"key":"testmod-OneHitWonder"},{"floor":16,"key":"ImportantClient"},{"floor":23,"key":"testmod-BouquetWithThorns"},{"floor":28,"key":"Dota2Spire:ShivaGuard"},{"floor":28,"key":"Ornamental Fan"},{"floor":36,"key":"ArrowTower"},{"floor":40,"key":"PreservedInsect"},{"floor":42,"key":"Lantern"},{"floor":43,"key":"Dota2Spire:ArcaneBoots"},{"floor":45,"key":"Dota2Spire:MantaStyle"},{"floor":54,"key":"StoneCalendar"}],"event_choices":[{"cards_removed":["Defend_B"],"damage_healed":0,"gold_gain":0,"player_choice":"Forget","damage_taken":0,"max_hp_gain":0,"max_hp_loss":0,"event_name":"Living Wall","floor":2,"gold_loss":0},{"cards_removed":["Defend_B"],"damage_healed":0,"gold_gain":0,"player_choice":"Card Removal","damage_taken":0,"max_hp_gain":0,"max_hp_loss":0,"event_name":"The Cleric","floor":8,"gold_loss":50},{"damage_healed":0,"gold_gain":0,"player_choice":"Ignored","damage_taken":0,"max_hp_gain":0,"max_hp_loss":0,"event_name":"Ghosts","floor":27,"gold_loss":0},{"damage_healed":0,"gold_gain":0,"player_choice":"Fight","damage_taken":0,"max_hp_gain":0,"max_hp_loss":0,"event_name":"Colosseum","floor":28,"gold_loss":0},{"damage_healed":0,"gold_gain":0,"player_choice":"Fought Nobs","damage_taken":0,"max_hp_gain":0,"max_hp_loss":0,"event_name":"Colosseum","floor":28,"gold_loss":0},{"cards_removed":["Dualcast"],"damage_healed":0,"gold_gain":0,"player_choice":"Elegance","damage_taken":0,"max_hp_gain":0,"max_hp_loss":0,"event_name":"Back to Basics","floor":29,"gold_loss":0},{"damage_healed":0,"gold_gain":0,"player_choice":"Fight","damage_taken":0,"max_hp_gain":0,"max_hp_loss":0,"event_name":"Mysterious Sphere","floor":36,"gold_loss":0},{"damage_healed":0,"gold_gain":400,"player_choice":"Sell","damage_taken":0,"max_hp_gain":0,"max_hp_loss":0,"event_name":"¶÷ÂåË¹µÄÅÌ×Ó","floor":39,"relics_lost":["REME_ComplimentaryCards"],"gold_loss":0},{"cards_removed":["Beam Cell"],"damage_healed":0,"gold_gain":0,"player_choice":"Removed Attack","damage_taken":0,"max_hp_gain":0,"max_hp_loss":0,"event_name":"Falling","floor":44,"gold_loss":0},{"damage_healed":0,"gold_gain":0,"player_choice":"Ignored","damage_taken":0,"max_hp_gain":0,"max_hp_loss":0,"event_name":"Tomb of Lord Red Mask","floor":47,"gold_loss":0}],"is_beta":false,"boss_relics":[{"not_picked":["Coffee Dripper","REME_DuelDisc"],"picked":"SynthV:MejaisSoulstealer"},{"not_picked":["NightmareShop","TakeMeEscape"],"picked":"Philosopher\u0027s Stone"}],"items_purged_floors":[31,49,52,52],"is_endless":false,"potions_floor_spawned":[3,5,11,16,21,22,24,25,33,37,40,46,48,54],"ascension_level":0}}