{"host":"97bfbul5vt0mksxl","time":1607475927,"event":{"gold_per_floor":[114,134,104,114,125,125,151,163,242,253,312,312,312,19,19,120,120,133,114,130,130,130,130,161,161,161,196,39,39,63,63,63,181,181,238,256,256],"floor_reached":36,"playtime":2428,"items_purged":[],"score":602,"play_id":"6c4feb19-66d3-475d-838b-6fa2996987dc","local_time":"20201208220527","is_ascension_mode":false,"campfire_choices":[{"data":"Eruption","floor":6,"key":"SMITH"},{"floor":15,"key":"REST"},{"floor":23,"key":"REST"},{"floor":32,"key":"REST"}],"neow_cost":"NONE","seed_source_timestamp":2974487904000,"circlet_count":0,"master_deck":["Eruption+1","Vigilance","Adaptation","JustLucky","MentalFortress","FollowUp","BowlingBash","Replay:ManipulateFuture","FlurryOfBlows","MasterReality","Dramatic Entrance","CutThroughFate","Vault","ThirdEye","ThirdEye","Pray","Sanctity","Replay:ManipulateFuture","ThirdEye","FlurryOfBlows","Replay:ManipulateFuture","Prostrate+1","BowlingBash","Writhe","Replay:Hum+1","EmptyFist+1","ReplayTheSpireMod:Restless Dread","Sickly","ReplayTheSpireMod:Black Plague","Judgement","CurseOfTheBell","Pot Of Greed","Pot Of Greed","Pot Of Greed","Prostrate+1"],"relics":["Empty Cage","infinitespire:EmpoweringShard","infinitespire:Bottled Soul","FossilizedHelix","infinitespire:Cubic Diamond","ReplayFunnel","Toolbox","Pandora\u0027s Box","Enchiridion","Strawberry","Mirror","infinitespire:Broken Mirror","Centennial Puzzle","Replay:Bandana","infinitespire:EvilPickle","Calling Bell","Grinning Jar","Replay:Ringing Soul","Torii"],"potions_floor_usage":[5,11,18,19,27,30,30,33,33,33,33,33,33,33],"damage_taken":[{"damage":16,"enemies":"Small Slimes","floor":1,"turns":2},{"damage":12,"enemies":"Cultist","floor":2,"turns":3},{"damage":0,"enemies":"2 Louse","floor":4,"turns":2},{"damage":0,"enemies":"Large Slime","floor":5,"turns":3},{"damage":40,"enemies":"Replay:BlueRogue","floor":7,"turns":4},{"damage":12,"enemies":"Blue Slaver","floor":8,"turns":3},{"damage":13,"enemies":"2 Fungi Beasts","floor":10,"turns":3},{"damage":6,"enemies":"3 Sentries","floor":11,"turns":4},{"damage":11,"enemies":"Slime Boss","floor":16,"turns":6},{"damage":5,"enemies":"Chosen","floor":18,"turns":5},{"damage":10,"enemies":"2 Thieves","floor":19,"turns":4},{"damage":23,"enemies":"Cultist and Chosen","floor":20,"turns":4},{"damage":10,"enemies":"Replay:Snechameleon","floor":24,"turns":9},{"damage":21,"enemies":"Slavers","floor":27,"turns":4},{"damage":11,"enemies":"Sentry and Sphere","floor":30,"turns":5},{"damage":20,"enemies":"Pondfish","floor":33,"turns":7},{"damage":28,"enemies":"3 Darklings","floor":35,"turns":4},{"damage":56,"enemies":"infinitespire:Three Voidlings","floor":36,"turns":3}],"seed_played":"2812623943849721160","potions_obtained":[{"floor":1,"key":"FairyPotion"},{"floor":3,"key":"BlessingOfTheForge"},{"floor":3,"key":"Strength Potion"},{"floor":4,"key":"Explosive Potion"},{"floor":11,"key":"SmokeBomb"},{"floor":18,"key":"Fire Potion"},{"floor":24,"key":"PowerPotion"},{"floor":27,"key":"SpeedPotion"},{"floor":30,"key":"Energy Potion"}],"is_trial":false,"path_per_floor":["M","M","?","M","M","R","E","M","T","M","?","?","?","$","R","B",null,"M","M","M","?","?","R","E","?","T","E","$","$","M","?","R","B",null,"M","?"],"character_chosen":"WATCHER","items_purchased":["Toolbox","Dramatic Entrance","CutThroughFate","Replay:Bandana"],"campfire_rested":3,"item_purchase_floors":[14,14,14,28],"current_hp_per_floor":[56,44,44,44,44,44,4,39,39,26,20,20,20,20,41,30,72,67,57,34,34,18,39,36,36,36,15,15,15,4,4,27,16,79,54,0,0],"gold":256,"neow_bonus":"BOSS_RELIC","is_prod":false,"is_daily":false,"chose_seed":false,"campfire_upgraded":1,"win_rate":0.0,"timestamp":1607475927,"path_taken":["M","M","?","M","?","R","E","M","T","M","?","?","?","$","R","BOSS","M","M","M","?","?","R","E","?","T","E","?","$","?","?","R","BOSS","M","?"],"build_version":"2020-11-30","purchased_purges":0,"victory":false,"max_hp_per_floor":[72,72,72,72,72,72,72,72,72,72,72,72,72,72,72,72,72,72,72,72,72,72,72,79,79,79,79,79,79,79,79,79,79,79,82,82,82],"card_choices":[{"not_picked":["BowlingBash","Replay:ManipulateFuture"],"picked":"Adaptation","floor":1},{"not_picked":["Vengeance","FlyingSleeves"],"picked":"JustLucky","floor":2},{"not_picked":["SashWhip","Pray"],"picked":"MentalFortress","floor":4},{"not_picked":["Omniscience","WreathOfFlame"],"picked":"FollowUp","floor":5},{"not_picked":["Replay:DivineShield","ForeignInfluence"],"picked":"BowlingBash","floor":7},{"not_picked":["WaveOfTheHand","Replay:Hum"],"picked":"Replay:ManipulateFuture","floor":8},{"not_picked":["Pray","Replay:AtTheReady"],"picked":"FlurryOfBlows","floor":10},{"not_picked":["Prostrate","WreathOfFlame"],"picked":"MasterReality","floor":11},{"not_picked":["Brilliance","Omniscience"],"picked":"Vault","floor":16},{"not_picked":["ReachHeaven","PathToVictory+1"],"picked":"FlurryOfBlows","floor":18},{"not_picked":["BowlingBash","FlyingSleeves"],"picked":"Replay:ManipulateFuture","floor":19},{"not_picked":["LikeWater","Replay:Battleflow"],"picked":"Prostrate+1","floor":20},{"not_picked":["Prostrate","Protect"],"picked":"BowlingBash","floor":24},{"not_picked":["MentalFortress","Judgement"],"picked":"Replay:Hum+1","floor":27},{"not_picked":["Replay:Vibes","Meditate"],"picked":"EmptyFist+1","floor":30},{"not_picked":["infinitespire:FinalStrike","ReplayTheSpireMod:Haul"],"picked":"ReplayTheSpireMod:Black Plague","floor":31},{"not_picked":["Vault","Blasphemy"],"picked":"Judgement","floor":33},{"not_picked":["EmptyMind+1","SignatureMove+1"],"picked":"Prostrate+1","floor":35}],"player_experience":126775,"relics_obtained":[{"floor":7,"key":"infinitespire:EmpoweringShard"},{"floor":9,"key":"infinitespire:Bottled Soul"},{"floor":13,"key":"ReplayFunnel"},{"floor":22,"key":"Enchiridion"},{"floor":24,"key":"Strawberry"},{"floor":26,"key":"infinitespire:Broken Mirror"},{"floor":27,"key":"Centennial Puzzle"},{"floor":34,"key":"Grinning Jar"},{"floor":34,"key":"Replay:Ringing Soul"},{"floor":34,"key":"Torii"}],"event_choices":[{"damage_healed":0,"gold_gain":0,"player_choice":"Bought 2 Potions","damage_taken":0,"max_hp_gain":0,"max_hp_loss":0,"event_name":"The Woman in Blue","floor":3,"gold_loss":0},{"damage_healed":0,"gold_gain":0,"player_choice":"Searched \u00272\u0027 times","damage_taken":0,"relics_obtained":["FossilizedHelix"],"max_hp_gain":0,"max_hp_loss":0,"event_name":"Dead Adventurer","floor":11,"gold_loss":0},{"damage_healed":0,"gold_gain":0,"player_choice":"Obtained Book","damage_taken":16,"max_hp_gain":0,"max_hp_loss":0,"event_name":"Cursed Tome","floor":22,"gold_loss":0},{"damage_healed":0,"gold_gain":0,"player_choice":"Opened","damage_taken":0,"relics_obtained":["Mirror"],"max_hp_gain":0,"max_hp_loss":0,"event_name":"The Mausoleum","floor":25,"gold_loss":0,"cards_obtained":["Writhe"]}],"is_beta":false,"boss_relics":[{"not_picked":["Coffee Dripper","Snecko Eye"],"picked":"Pandora\u0027s Box"},{"not_picked":["SlaversCollar","ReplayTheSpireMod:DimensionalGlitch"],"picked":"Calling Bell"}],"items_purged_floors":[],"is_endless":false,"potions_floor_spawned":[1,4,11,18,24,27,30],"killed_by":"infinitespire:Three Voidlings","ascension_level":0}}