{"host":"zk71suw73lg2r165","time":1607528120,"event":{"gold_per_floor":[110,110,130,130,146,189,189,189,216,216,231,247,247,247],"floor_reached":13,"playtime":397,"items_purged":[],"score":170,"play_id":"00515959-b2bc-4b34-8d8e-2597d7964f70","local_time":"20201209103520","is_ascension_mode":true,"campfire_choices":[{"data":"Ball Lightning","floor":8,"key":"SMITH"},{"floor":10,"key":"REST"}],"neow_cost":"NONE","seed_source_timestamp":12150160067923,"circlet_count":0,"master_deck":["AscendersBane","Strike_B","Strike_B","Defend_B","Defend_B","Defend_B","Defend_B","Zap","Dualcast","Consume","Glacier","Hologram+1","White Noise","Ball Lightning+1","Chill","Doom and Gloom"],"relics":["Cracked Core","Golden Idol","Pen Nib","Smiling Mask"],"potions_floor_usage":[6,13],"damage_taken":[{"damage":9,"enemies":"Jaw Worm","floor":1,"turns":4},{"damage":0,"enemies":"2 Louse","floor":3,"turns":4},{"damage":11,"enemies":"Cultist","floor":5,"turns":7},{"damage":22,"enemies":"3 Sentries","floor":6,"turns":16},{"damage":0,"enemies":"3 Louse","floor":11,"turns":2},{"damage":7,"enemies":"Red Slaver","floor":12,"turns":4},{"damage":31,"enemies":"Gremlin Nob","floor":13,"turns":3}],"seed_played":"-6607867379325540755","potions_obtained":[{"floor":3,"key":"Swift Potion"},{"floor":12,"key":"Explosive Potion"}],"is_trial":false,"path_per_floor":["M","?","M","?","M","E","?","R","T","R","M","M","E"],"character_chosen":"DEFECT","items_purchased":[],"campfire_rested":1,"item_purchase_floors":[],"current_hp_per_floor":[55,48,48,48,37,15,15,15,15,34,34,27,0,0],"gold":247,"neow_bonus":"TRANSFORM_CARD","is_prod":false,"is_daily":false,"chose_seed":false,"campfire_upgraded":1,"win_rate":0,"timestamp":1607528120,"path_taken":["M","?","M","?","?","E","?","R","T","R","M","M","E"],"build_version":"2020-11-30","purchased_purges":0,"victory":false,"max_hp_per_floor":[71,71,71,64,64,64,64,64,64,64,64,64,64,64],"relic_stats":{"counters":[7,40],"Golden Idol":18,"Pen Nib":[0],"Smiling Mask":0,"obtain_stats":[{"Golden Idol":4,"Pen Nib":6,"Cracked Core":0,"Smiling Mask":9},{"Golden Idol":2,"Pen Nib":4,"Cracked Core":0,"Smiling Mask":4},{"Golden Idol":8,"Pen Nib":31,"Cracked Core":0,"Smiling Mask":31}]},"card_choices":[{"not_picked":["Cold Snap","Rip and Tear"],"picked":"Glacier","floor":1},{"not_picked":["Recycle","Leap"],"picked":"Hologram","floor":3},{"not_picked":["Stack","Leap"],"picked":"White Noise","floor":5},{"not_picked":["Beam Cell","Undo"],"picked":"Ball Lightning","floor":6},{"not_picked":["Hello World","Rip and Tear"],"picked":"Chill","floor":11},{"not_picked":["Stack","Turbo"],"picked":"Doom and Gloom","floor":12}],"player_experience":1301821,"relics_obtained":[{"floor":6,"key":"Pen Nib"},{"floor":9,"key":"Smiling Mask"}],"event_choices":[{"cards_removed":["Strike_B"],"damage_healed":0,"gold_gain":0,"player_choice":"Card Removal","damage_taken":7,"max_hp_gain":0,"max_hp_loss":0,"event_name":"Golden Wing","floor":2,"gold_loss":0},{"damage_healed":0,"gold_gain":0,"player_choice":"Lose Max HP","damage_taken":0,"relics_obtained":["Golden Idol"],"max_hp_gain":0,"max_hp_loss":7,"event_name":"Golden Idol","floor":4,"gold_loss":0},{"damage_healed":0,"gold_gain":0,"player_choice":"Grow","damage_taken":0,"max_hp_gain":0,"max_hp_loss":0,"event_name":"Living Wall","floor":7,"gold_loss":0,"cards_upgraded":["Hologram"]}],"is_beta":false,"boss_relics":[],"items_purged_floors":[],"is_endless":false,"potions_floor_spawned":[3,12],"killed_by":"Gremlin Nob","ascension_level":20}}