{"host":"58syw52hqfl22t9m","time":1607492787,"event":{"gold_per_floor":[110,110,126,138,156,187,187,201,201,214,232,267,267,45,45,145,145,160,174,174,27,27,27,40,40,40,40,40,40,40,58,58,75,75,75,75],"floor_reached":35,"playtime":2318,"items_purged":[],"score":344,"play_id":"289d508a-b9ad-47e9-b5bb-1f974b1c5327","local_time":"20201208214627","is_ascension_mode":false,"campfire_choices":[{"floor":7,"key":"RECALL"},{"data":"Crescendo","floor":13,"key":"SMITH"},{"floor":15,"key":"REST"},{"data":"Eruption","floor":23,"key":"SMITH"},{"data":"ClearTheMind","floor":25,"key":"SMITH"},{"floor":28,"key":"REST"},{"floor":32,"key":"REST"},{"floor":34,"key":"REST"}],"neow_cost":"","seed_source_timestamp":139238934733000,"circlet_count":0,"master_deck":["Strike_P","Strike_P","Strike_P","Strike_P","Defend_P+1","Defend_P+1","Defend_P+1","Defend_P+1","Eruption+1","Vigilance","MentalFortress+1","ClearTheMind+1","TalkToTheHand+1","FearNoEvil+1","Replay:Vibes+1","Halt","Devotion","Consecrate+1","Conclude+1","Tantrum+1","Adaptation","EmptyBody","Crescendo+1","FlurryOfBlows+1","Judgement","FlurryOfBlows+1","Evaluate+1","FlurryOfBlows+1","TalkToTheHand+1"],"relics":["PureWater","Molten Egg 2","Guide Book","Smiling Mask","hubris:MedicalManual","Lantern","Sozu","hubris:Towel","Juzu Bracelet","Replay:Bottled Eggs"],"potions_floor_usage":[19,19,19],"damage_taken":[{"damage":0,"enemies":"2 Louse","floor":1,"turns":1},{"damage":1,"enemies":"Cultist","floor":3,"turns":5},{"damage":0,"enemies":"Jaw Worm","floor":4,"turns":4},{"damage":0,"enemies":"2 Fungi Beasts","floor":5,"turns":2},{"damage":0,"enemies":"Lagavulin","floor":6,"turns":4},{"damage":2,"enemies":"Large Slime","floor":8,"turns":3},{"damage":0,"enemies":"Exordium Wildlife","floor":10,"turns":3},{"damage":10,"enemies":"Looter","floor":11,"turns":2},{"damage":5,"enemies":"Gremlin Nob","floor":12,"turns":4},{"damage":0,"enemies":"Fading Forest","floor":16,"turns":11},{"damage":0,"enemies":"3 Byrds","floor":18,"turns":3},{"damage":2,"enemies":"2 Thieves","floor":19,"turns":3},{"damage":20,"enemies":"Centurion and Healer","floor":24,"turns":4},{"damage":24,"enemies":"Snecko","floor":31,"turns":4},{"damage":18,"enemies":"Snake Plant","floor":33,"turns":5},{"damage":77,"enemies":"hubris:MusketHawk","floor":35,"turns":6}],"seed_played":"6096663724990473433","potions_obtained":[{"floor":3,"key":"blueLaboratory:HorrorPotion"},{"floor":8,"key":"Toxic Potion"},{"floor":11,"key":"blueLaboratory:ImpenetrablePotion"}],"is_trial":false,"path_per_floor":["M","?","M","M","M","E","R","M","T","M","M","E","R","$","R","B",null,"M","M","?","$","?","R","M","R","T","?","R","PTL","PTL","M","R","M","R","B"],"character_chosen":"WATCHER","items_purchased":["MentalFortress","ClearTheMind","TalkToTheHand","Molten Egg 2","FearNoEvil+1","Replay:Vibes+1","Guide Book","FlurryOfBlows+1","Lantern","ColorlessPotion","Juzu Bracelet"],"campfire_rested":4,"item_purchase_floors":[0,0,0,0,0,0,0,14,14,14,21],"current_hp_per_floor":[72,72,71,71,71,71,71,69,69,69,59,54,54,54,72,72,72,72,70,70,70,70,70,50,50,50,50,71,71,71,47,68,50,71,0,0],"gold":75,"neow_bonus":"","is_prod":false,"is_daily":false,"chose_seed":false,"campfire_upgraded":3,"win_rate":0,"timestamp":1607492787,"path_taken":["M","?","?","M","M","E","R","M","T","M","M","E","R","?","R","BOSS","M","M","?","$","?","R","M","R","T","?","R","PTL","PTL","M","R","M","R","BOSS"],"build_version":"2020-11-30","purchased_purges":0,"victory":false,"max_hp_per_floor":[72,72,72,72,72,72,72,72,72,72,72,72,72,72,72,72,72,72,72,72,72,72,72,72,72,72,72,72,72,72,72,72,72,72,72,72],"relic_stats":{"Sozu":3,"counters":[50,188],"Juzu Bracelet":0,"Smiling Mask":0,"obtain_stats":[{"Lantern":14,"Happy Flower":9,"Golden Idol":12,"Guide Book":0,"Vajra":14,"PreservedInsect":7,"hubris:MedicalManual":12,"Juzu Bracelet":21,"hubris:Towel":3,"Question Card":0,"Ancient Tea Set":0,"Smiling Mask":6,"Mercury Hourglass":0,"Sozu":17,"Tiny Chest":9,"Molten Egg 2":0,"Iron Hammer":0,"Membership Card":0,"PureWater":0,"Toxic Egg 2":0,"Replay:Bottled Eggs":26,"hubris:OldNail":11,"hubris:BottledRain":26},{"Lantern":43,"Happy Flower":12,"Golden Idol":6,"Guide Book":34,"Vajra":26,"PreservedInsect":5,"hubris:MedicalManual":43,"Juzu Bracelet":46,"hubris:Towel":22,"Question Card":20,"Ancient Tea Set":34,"Smiling Mask":39,"Mercury Hourglass":9,"Sozu":44,"Tiny Chest":5,"Molten Egg 2":34,"Iron Hammer":34,"Membership Card":9,"PureWater":0,"Toxic Egg 2":9,"Replay:Bottled Eggs":47,"hubris:OldNail":25,"hubris:BottledRain":31},{"Lantern":152,"Happy Flower":50,"Golden Idol":18,"Guide Book":124,"Vajra":89,"PreservedInsect":16,"hubris:MedicalManual":152,"Juzu Bracelet":169,"hubris:Towel":82,"Question Card":79,"Ancient Tea Set":124,"Smiling Mask":140,"Mercury Hourglass":41,"Sozu":163,"Tiny Chest":16,"Molten Egg 2":124,"Iron Hammer":124,"Membership Card":41,"PureWater":0,"Toxic Egg 2":41,"Replay:Bottled Eggs":173,"hubris:OldNail":87,"hubris:BottledRain":115}]},"card_choices":[{"not_picked":["LikeWater","Replay:Hum"],"picked":"Halt","floor":1},{"not_picked":["TalkToTheHand+1","WheelKick+1"],"picked":"Consecrate+1","floor":3},{"not_picked":["Consecrate+1","EmptyBody"],"picked":"Conclude+1","floor":4},{"not_picked":["EmptyFist+1","ReachHeaven+1"],"picked":"Tantrum+1","floor":5},{"not_picked":["Replay:BluntJabs+1","FlyingSleeves+1"],"picked":"Adaptation","floor":6},{"not_picked":["Replay:DivineShield","Fasting2","Replay:BluntJabs+1"],"picked":"SKIP","floor":8},{"not_picked":["Wireheading","Nirvana"],"picked":"EmptyBody","floor":10},{"not_picked":["Meditate","ThirdEye"],"picked":"Crescendo","floor":11},{"not_picked":["Replay:AllIn","DeceiveReality","EmptyMind"],"picked":"SKIP","floor":12},{"not_picked":["Blasphemy","MasterReality"],"picked":"Judgement","floor":16},{"not_picked":["SignatureMove+1","Protect","EmptyFist+1"],"picked":"SKIP","floor":18},{"not_picked":["Replay:ManipulateFuture","FollowUp+1"],"picked":"FlurryOfBlows+1","floor":19},{"not_picked":["Replay:BluntJabs+1","CutThroughFate+1"],"picked":"Evaluate+1","floor":24},{"not_picked":["SashWhip+1","Halt"],"picked":"FlurryOfBlows+1","floor":31},{"not_picked":["Replay:LoomingThreat","ThirdEye+1"],"picked":"TalkToTheHand+1","floor":33}],"player_experience":404737,"relics_obtained":[{"floor":6,"key":"Smiling Mask"},{"floor":12,"key":"hubris:MedicalManual"},{"floor":26,"key":"Replay:Bottled Eggs"}],"event_choices":[{"cards_removed":["MentalFortress"],"damage_healed":0,"gold_gain":0,"player_choice":"Take \u0026 Give","damage_taken":0,"max_hp_gain":0,"max_hp_loss":0,"event_name":"betterNote:BetterNote","floor":2,"gold_loss":0,"cards_obtained":["Devotion"]},{"damage_healed":0,"gold_gain":2,"player_choice":"1","damage_taken":0,"max_hp_gain":0,"max_hp_loss":0,"event_name":"betterStone:BetterStone","floor":22,"gold_loss":0}],"is_beta":false,"boss_relics":[{"not_picked":["Ectoplasm","Painkiller Herb"],"picked":"Sozu"}],"items_purged_floors":[],"is_endless":false,"potions_floor_spawned":[3,8,10,11,18,24,31],"killed_by":"hubris:MusketHawk","ascension_level":0}}