{"host":"4xaz2wqyxydy1at3","time":1607507237,"event":{"gold_per_floor":[118,293,293,347,297,297,331,346,346,346,357,368,215,227,227,329,329,348,363,379,379,396,396,409,428,428,428,428,428,444,460,460,558,558,576,451,464,478,478,478,478,478,503,516,407,422,433,459,459,459],"floor_reached":51,"playtime":3337,"items_purged":["Wraith"],"score":708,"play_id":"8e28875e-7e20-4e73-8aee-76920e62cc6e","local_time":"20201209174717","is_ascension_mode":false,"campfire_choices":[{"data":"Neutralize","floor":6.0,"key":"SMITH"},{"floor":10.0,"key":"REST"},{"floor":15.0,"key":"RECALL"},{"data":"Eviscerate","floor":23.0,"key":"SMITH"},{"floor":28.0,"key":"REST"},{"data":"Tactician","floor":32.0,"key":"SMITH"},{"data":"Underhanded Strike","floor":40.0,"key":"SMITH"},{"data":"Underhanded Strike","floor":42.0,"key":"SMITH"},{"data":"Dagger Throw","floor":49,"key":"SMITH"}],"neow_cost":"NONE","seed_source_timestamp":1116888368535799,"circlet_count":0,"master_deck":["Strike_G+1","Strike_G+1","Strike_G+1","Strike_G+1","Strike_G+1","Defend_G+1","Defend_G+1","Defend_G+1","Defend_G+1","Defend_G+1","Survivor+1","Neutralize+1","Slice","Underhanded Strike+1","Dagger Throw+1","Footwork+1","Eviscerate+1","Backstab","Wraith Form v2+1","Underhanded Strike+1","Deflect+1","Underhanded Strike+1","Tactician+1","Blur+1","Footwork+1","Blur+1","Backstab+1","Impatience","Caltrops+1","Footwork+1","Setup+1","Caltrops+1"],"special_seed":0,"relics":["Ring of the Snake","Potion Belt","Frozen Egg 2","InkBottle","Pear","Runic Pyramid","Kunai","SacredBark","War Paint","HornCleat"],"potions_floor_usage":[47],"damage_taken":[{"damage":0.0,"enemies":"Small Slimes","floor":1.0,"turns":4.0},{"damage":30.0,"enemies":"Lagavulin","floor":7.0,"turns":10.0},{"damage":2.0,"enemies":"Jaw Worm","floor":8.0,"turns":3.0},{"damage":0.0,"enemies":"2 Louse","floor":11.0,"turns":3.0},{"damage":4.0,"enemies":"2 Fungi Beasts","floor":12.0,"turns":3.0},{"damage":2.0,"enemies":"Looter","floor":14.0,"turns":3.0},{"damage":23.0,"enemies":"Slime Boss","floor":16.0,"turns":13.0},{"damage":0.0,"enemies":"Chosen","floor":18.0,"turns":4.0},{"damage":2.0,"enemies":"Spheric Guardian","floor":19.0,"turns":4.0},{"damage":22.0,"enemies":"Shelled Parasite and Fungi","floor":20.0,"turns":7.0},{"damage":6.0,"enemies":"Snecko","floor":22.0,"turns":5.0},{"damage":4.0,"enemies":"Cultist and Chosen","floor":24.0,"turns":8.0},{"damage":7.0,"enemies":"Snake Plant","floor":25.0,"turns":3.0},{"damage":0.0,"enemies":"Centurion and Healer","floor":30.0,"turns":5.0},{"damage":0.0,"enemies":"Cultist and Chosen","floor":31.0,"turns":7.0},{"damage":0.0,"enemies":"Automaton","floor":33.0,"turns":15.0},{"damage":2.0,"enemies":"3 Shapes","floor":35.0,"turns":6.0},{"damage":0.0,"enemies":"3 Darklings","floor":37.0,"turns":2.0},{"damage":16.0,"enemies":"Spire Growth","floor":38.0,"turns":5.0},{"damage":0.0,"enemies":"Writhing Mass","floor":44.0,"turns":8.0},{"damage":0,"enemies":"4 Shapes","floor":46,"turns":7},{"damage":0,"enemies":"3 Darklings","floor":47,"turns":5},{"damage":9,"enemies":"Reptomancer","floor":48,"turns":14},{"damage":26,"enemies":"Time Eater","floor":50,"turns":12}],"seed_played":"-3617438340820987082","potions_obtained":[{"floor":8.0,"key":"SteroidPotion"},{"floor":14.0,"key":"SkillPotion"},{"floor":20.0,"key":"Dexterity Potion"},{"floor":22.0,"key":"FearPotion"},{"floor":24.0,"key":"CunningPotion"},{"floor":30.0,"key":"Regen Potion"},{"floor":31.0,"key":"EntropicBrew"},{"floor":37.0,"key":"Fire Potion"},{"floor":44.0,"key":"Swift Potion"},{"floor":47,"key":"Energy Potion"},{"floor":48,"key":"SkillPotion"}],"is_trial":false,"path_per_floor":["M","?","?","T","?","R","E","M","T","R","M","M","$","M","R","B",null,"M","M","M","?","M","R","M","M","T","?","R","?","M","M","R","B",null,"M","$","M","M","?","R","?","R","T","M","$","M","M","E","R","B",null],"character_chosen":"THE_SILENT","items_purchased":["Footwork+1","Eviscerate","Footwork+1","Fire Potion","Footwork+1"],"campfire_rested":2,"item_purchase_floors":[13,13,36,36,45],"current_hp_per_floor":[70,70,58,58,58,58,28,26,36,60,60,56,56,54,54,31,80,80,78,56,56,50,50,46,39,39,39,63,63,63,63,63,63,80,78,78,78,80,80,80,80,80,80,80,80,80,80,71,71,45],"gold":459,"neow_bonus":"RANDOM_COMMON_RELIC","is_prod":false,"is_daily":false,"chose_seed":false,"campfire_upgraded":6,"win_rate":0,"timestamp":1607507237,"path_taken":["M","?","?","?","?","R","E","M","T","R","M","M","$","M","R","BOSS","M","M","M","?","M","R","M","M","T","?","R","?","M","M","R","BOSS","M","$","M","M","?","R","?","R","T","M","$","M","M","E","R","BOSS"],"build_version":"2020-11-30","purchased_purges":1,"victory":true,"max_hp_per_floor":[70,70,70,70,70,70,70,70,80,80,80,80,80,80,80,80,80,80,80,80,80,80,80,80,80,80,80,80,80,80,80,80,80,80,80,80,80,80,80,80,80,80,80,80,80,80,80,80,80,80],"card_choices":[{"not_picked":["Escape Plan","Poisoned Stab"],"picked":"Slice","floor":1.0},{"not_picked":["Cloak And Dagger","Heel Hook","Expertise"],"picked":"SKIP","floor":7.0},{"not_picked":["Poisoned Stab","Prepared"],"picked":"Underhanded Strike","floor":8.0},{"not_picked":["Noxious Fumes+1","Setup"],"picked":"Dagger Throw","floor":11.0},{"not_picked":["Backflip","Die Die Die","Cloak And Dagger"],"picked":"SKIP","floor":12.0},{"not_picked":["Cloak And Dagger","Flechettes"],"picked":"Backstab","floor":14.0},{"not_picked":["Die Die Die","Doppelganger"],"picked":"Wraith Form v2+1","floor":16.0},{"not_picked":["Outmaneuver","Backflip+1"],"picked":"Underhanded Strike","floor":18.0},{"not_picked":["Slice","Accuracy+1","Bane"],"picked":"SKIP","floor":19.0},{"not_picked":["Infinite Blades+1","Crippling Poison"],"picked":"Deflect+1","floor":20.0},{"not_picked":["Setup","Calculated Gamble+1","Prepared+1"],"picked":"SKIP","floor":22.0},{"not_picked":["Sucker Punch","Corpse Explosion","Backflip"],"picked":"SKIP","floor":24.0},{"not_picked":["Finisher","Blade Dance"],"picked":"Underhanded Strike+1","floor":25.0},{"not_picked":["Accuracy+1","Crippling Poison"],"picked":"Blur+1","floor":30.0},{"not_picked":["Finisher+1","Crippling Poison","Flying Knee"],"picked":"SKIP","floor":31.0},{"not_picked":["Backflip+1","Outmaneuver","Deadly Poison+1"],"picked":"SKIP","floor":35.0},{"not_picked":["Deadly Poison","Acrobatics"],"picked":"Blur","floor":37.0},{"not_picked":["All Out Attack+1","Bane"],"picked":"Backstab+1","floor":38.0},{"not_picked":["PanicButton","HandOfGreed"],"picked":"Impatience","floor":41.0},{"not_picked":["Bouncing Flask+1","Outmaneuver"],"picked":"Caltrops+1","floor":44.0},{"not_picked":["PiercingWail+1","Cloak And Dagger+1","Poisoned Stab+1"],"picked":"SKIP","floor":46},{"not_picked":["Blade Dance+1","Well Laid Plans+1"],"picked":"Setup+1","floor":47},{"not_picked":["Venomology","Burst"],"picked":"Caltrops+1","floor":48}],"player_experience":305212,"relics_obtained":[{"floor":7.0,"key":"InkBottle"},{"floor":9.0,"key":"Pear"},{"floor":26.0,"key":"Kunai"},{"floor":43.0,"key":"War Paint"},{"floor":48,"key":"HornCleat"}],"event_choices":[{"damage_healed":0.0,"max_hp_gain":0.0,"max_hp_loss":0.0,"gold_gain":175.0,"event_name":"Liars Game","player_choice":"AGREE","floor":2.0,"gold_loss":0.0,"damage_taken":0.0,"cards_obtained":["Doubt"]},{"damage_healed":0.0,"max_hp_gain":0.0,"max_hp_loss":0.0,"gold_gain":0.0,"event_name":"Scrap Ooze","player_choice":"Success","floor":3.0,"gold_loss":0.0,"damage_taken":12.0,"relics_obtained":["Frozen Egg 2"]},{"cards_removed":["Doubt"],"damage_healed":0.0,"max_hp_gain":0.0,"max_hp_loss":0.0,"gold_gain":0.0,"event_name":"The Cleric","player_choice":"Card Removal","floor":5.0,"gold_loss":50.0,"damage_taken":0.0},{"damage_healed":0.0,"max_hp_gain":0.0,"max_hp_loss":0.0,"gold_gain":0.0,"event_name":"Vampires","player_choice":"Ignored","floor":21.0,"gold_loss":0.0,"damage_taken":0.0},{"damage_healed":0.0,"max_hp_gain":0.0,"max_hp_loss":0.0,"gold_gain":0.0,"event_name":"The Library","player_choice":"Read","floor":27.0,"gold_loss":0.0,"damage_taken":0.0,"cards_obtained":["Tactician"]},{"damage_healed":0.0,"max_hp_gain":0.0,"max_hp_loss":0.0,"gold_gain":0.0,"event_name":"Back to Basics","player_choice":"Simplicity","floor":29.0,"gold_loss":0.0,"damage_taken":0.0,"cards_upgraded":["Strike_G","Strike_G","Strike_G","Strike_G","Strike_G","Defend_G","Defend_G","Defend_G","Defend_G","Defend_G"]},{"damage_healed":0.0,"max_hp_gain":0.0,"max_hp_loss":0.0,"gold_gain":0.0,"event_name":"OrinTheCat","player_choice":"Ignored","floor":39.0,"gold_loss":0.0,"damage_taken":0.0},{"damage_healed":0.0,"max_hp_gain":0.0,"max_hp_loss":0.0,"gold_gain":0.0,"event_name":"SensoryStone","player_choice":"Memory 1","floor":41.0,"gold_loss":0.0,"damage_taken":0.0}],"is_beta":false,"boss_relics":[{"not_picked":["Black Star","Ring of the Serpent"],"picked":"Runic Pyramid"},{"not_picked":["Sozu","Astrolabe"],"picked":"SacredBark"}],"items_purged_floors":[45],"is_endless":false,"potions_floor_spawned":[8,14,20,22,24,30,31,37,44,47,48],"ascension_level":0}}