{"host":"cm50tejdnd7ps8b8","time":1607506251,"event":{"gold_per_floor":[111,111,111,140,154,154,154],"floor_reached":6,"playtime":545,"items_purged":[],"score":40,"play_id":"153f94cd-c30d-49c8-b878-a8b39310ab9c","local_time":"20201209103051","is_ascension_mode":true,"campfire_choices":[],"neow_cost":"NONE","seed_source_timestamp":102905471175300,"circlet_count":0,"master_deck":["animator:Strike_Konosuba","animator:Defend_Konosuba","animator:Strike","animator:Strike","animator:Strike","animator:Defend","animator:Defend","animator:Defend","animator:Kazuma","animator:Aqua","animator:Aqua","animator:Darkness","animator:Spearman"],"relics":["animator:LivingPicture","animator:TheMissingPiece","animator:PurgingStone","NeowsBlessing","DemoMod:Bottle"],"potions_floor_usage":[6],"damage_taken":[{"damage":0,"enemies":"Cultist","floor":1,"turns":1},{"damage":0,"enemies":"Jaw Worm","floor":4,"turns":2},{"damage":0,"enemies":"2 Louse","floor":5,"turns":1},{"damage":83,"enemies":"HollowMod:MossKnight","floor":6,"turns":36}],"seed_played":"-2989155603083649739","potions_obtained":[{"floor":1,"key":"DistilledChaos"},{"floor":4,"key":"Regen Potion"}],"is_trial":false,"path_per_floor":["M","?","?","M","M","E"],"character_chosen":"THE_ANIMATOR","items_purchased":[],"campfire_rested":0,"item_purchase_floors":[],"current_hp_per_floor":[66,54,54,58,58,0,0],"gold":154,"neow_bonus":"THREE_ENEMY_KILL","is_prod":false,"is_daily":false,"chose_seed":false,"campfire_upgraded":0,"win_rate":0,"timestamp":1607506251,"path_taken":["M","?","?","M","?","E"],"build_version":"2020-11-30","purchased_purges":0,"victory":false,"max_hp_per_floor":[66,66,66,66,66,66,66],"card_choices":[{"not_picked":["animator:Gillette","animator:Shigure"],"picked":"animator:IzunaHatsuse","floor":1},{"not_picked":["animator:Viivi","animator:DolaStephanie"],"picked":"animator:Darkness","floor":4},{"not_picked":["animator:TsurugaMeisai","animator:Melzalgald"],"picked":"animator:Spearman","floor":5}],"player_experience":213313,"relics_obtained":[],"event_choices":[{"damage_healed":0,"gold_gain":0,"player_choice":"Success","damage_taken":12,"relics_obtained":["DemoMod:Bottle"],"max_hp_gain":0,"max_hp_loss":0,"event_name":"Scrap Ooze","floor":2,"gold_loss":0},{"damage_healed":0,"gold_gain":0,"cards_transformed":["animator:IzunaHatsuse"],"player_choice":"Transformed","damage_taken":0,"max_hp_gain":0,"max_hp_loss":0,"event_name":"Transmorgrifier","floor":3,"gold_loss":0,"cards_obtained":["animator:Aqua"]}],"is_beta":false,"boss_relics":[],"items_purged_floors":[],"is_endless":false,"potions_floor_spawned":[1,4],"killed_by":"HollowMod:MossKnight","ascension_level":2}}