{"host":"lbe9fxtv54j53bcs","time":1607516843,"event":{"gold_per_floor":[117,127,142,217,229,255,255,286,286,286,321,17,71,86,86,181,181,192,244,260,275,275,275,302,302,302,317,351,365,365,379,379,475,475,489,489,489,489,507,533,533,533,533,633,248,281,301,301,301,301],"floor_reached":51,"playtime":4397,"items_purged":["Clumsy","True Grit"],"score":877,"play_id":"424ed171-0460-4a56-bac7-775ae3d367df","local_time":"20201209142723","is_ascension_mode":true,"campfire_choices":[{"floor":7.0,"key":"REST"},{"data":"1","floor":10.0,"key":"LIFT"},{"data":"2","floor":15.0,"key":"LIFT"},{"data":"3","floor":23.0,"key":"LIFT"},{"data":"Heavy Blade","floor":32.0,"key":"SMITH"},{"data":"Heavy Blade","floor":41.0,"key":"SMITH"},{"floor":49,"key":"DIG"}],"neow_cost":"","seed_source_timestamp":184315895884800,"circlet_count":0,"master_deck":["Strike_R+1","Strike_R+1","Strike_R+1","Strike_R+1","Defend_R+1","Defend_R+1","Defend_R+1","Defend_R+1","Bash","Combust","Whirlwind","Run Through","Iron Wave","Heavy Blade+1","Cleave","Flame Barrier","Rage","Inflame","Heavy Blade+1","Limit Break","Thunderclap","Inflame","Pummel","Pommel Strike+1","Headbutt+1","Demon Form","infinitespire:FinalStrike","Perfected Strike+1","Sword Boomerang+1","Madness","Madness"],"special_seed":0,"relics":["Burning Blood","Membership Card","Snack Pack","Girya","PreservedInsect","Ginger","Bronze Scales","Shuriken","infinitespire:WardingShard","Regal Pillow","Mirror","Replay:Towering Pillar of Hats","Orichalcum","Coffee Dripper","Art of War","Calipers","Busted Crown","Ancient Tea Set","Meat on the Bone","White Beast Statue","Empty Cage","Lizard Tail","ReplayTheSpireMod:Shallot","Replay:Multitool","Sling","Ice Cream","Pear","OrangePellets","KratosMod:amulet","Quantum Egg","Turnip"],"potions_floor_usage":[50],"damage_taken":[{"damage":5.0,"enemies":"Small Slimes","floor":1.0,"turns":3.0},{"damage":1.0,"enemies":"Cultist","floor":2.0,"turns":3.0},{"damage":5.0,"enemies":"Jaw Worm","floor":3.0,"turns":3.0},{"damage":14.0,"enemies":"Blue Slaver","floor":5.0,"turns":4.0},{"damage":20.0,"enemies":"Lagavulin","floor":6.0,"turns":5.0},{"damage":14.0,"enemies":"Gremlin Nob","floor":8.0,"turns":3.0},{"damage":21.0,"enemies":"Lagavulin","floor":11.0,"turns":4.0},{"damage":0.0,"enemies":"Lots of Slimes","floor":14.0,"turns":1.0},{"damage":32.0,"enemies":"The Guardian","floor":16.0,"turns":7.0},{"damage":2.0,"enemies":"Chosen","floor":18.0,"turns":3.0},{"damage":0.0,"enemies":"3 Byrds","floor":20.0,"turns":3.0},{"damage":8.0,"enemies":"Centurion and Healer","floor":21.0,"turns":4.0},{"damage":0.0,"enemies":"Gremlin Leader","floor":24.0,"turns":3.0},{"damage":9.0,"enemies":"Shelled Parasite and Fungi","floor":27.0,"turns":2.0},{"damage":2.0,"enemies":"Replay:Snechameleon","floor":28.0,"turns":2.0},{"damage":0.0,"enemies":"Snake Plant","floor":29.0,"turns":2.0},{"damage":0.0,"enemies":"Centurion and Healer","floor":31.0,"turns":3.0},{"damage":36.0,"enemies":"Collector","floor":33.0,"turns":4.0},{"damage":7.0,"enemies":"Orb Walker","floor":35.0,"turns":2.0},{"damage":5.0,"enemies":"3 Darklings","floor":39.0,"turns":3.0},{"damage":0.0,"enemies":"Giant Head","floor":40.0,"turns":5.0},{"damage":8.0,"enemies":"infinitespire:Three Voidlings","floor":44.0,"turns":2.0},{"damage":85.0,"enemies":"Nightmare_Alpha","floor":44.0,"turns":6.0},{"damage":27,"enemies":"Nightmare","floor":46,"turns":3},{"damage":0,"enemies":"Jaw Worm Horde","floor":47,"turns":2},{"damage":45,"enemies":"infinitespire:MassOfShapes","floor":50,"turns":6}],"seed_played":"2264228598691606575","potions_obtained":[{"floor":2.0,"key":"Strength Potion"},{"floor":3.0,"key":"Weak Potion"},{"floor":8.0,"key":"HeartOfIron"},{"floor":14.0,"key":"Elixir"},{"floor":19.0,"key":"Adrenaline Potion"},{"floor":19.0,"key":"Flashbang"},{"floor":20.0,"key":"Swift Potion"},{"floor":29.0,"key":"Explosive Potion"},{"floor":31.0,"key":"BloodPotion"},{"floor":44,"key":"PowerPotion"}],"is_trial":false,"path_per_floor":["M","M","M","?","M","E","R","E","T","R","E","$","T","M","R","B",null,"M","?","M","M","?","R","E","AVR","T","M","E","M","?","M","R","B",null,"M","?","?","?","M","E","R","?","T","?","$","NM","M","?","R","B",null],"character_chosen":"IRONCLAD","items_purchased":["Membership Card","Snack Pack","Combust","PreservedInsect","Ginger","Whirlwind","Mirror","Replay:Towering Pillar of Hats","Inflame","Sling","Ice Cream","Pear","OrangePellets","KratosMod:amulet"],"campfire_rested":1,"item_purchase_floors":[0,0,0,0,0,0,12,12,12,45,45,45,45,45],"current_hp_per_floor":[45,52,57,49,43,33,57,51,51,51,38,38,38,46,46,22,80,80,80,80,78,78,78,80,80,80,77,80,80,80,80,80,53,80,79,79,63,63,66,76,76,76,76,58,68,61,71,60,60,50],"gold":301,"neow_bonus":"","is_prod":false,"is_daily":false,"chose_seed":false,"campfire_upgraded":2,"win_rate":0,"timestamp":1607516843,"path_taken":["M","M","M","?","M","E","R","E","T","R","E","$","?","M","R","BOSS","M","?","M","?","?","R","E","AVR","T","?","E","M","?","M","R","BOSS","M","?","?","?","M","E","R","?","T","?","$","NM","M","?","R","BOSS"],"build_version":"2020-11-30","purchased_purges":2,"victory":true,"max_hp_per_floor":[80,80,80,80,80,80,80,80,80,80,80,80,80,80,80,80,80,80,80,80,80,80,80,80,80,80,80,80,80,80,80,80,80,80,80,80,80,80,80,80,80,80,80,80,90,90,90,90,90,90],"relic_stats":{"Regal Pillow":0,"counters":[26,88],"PreservedInsect":479,"Ginger":[7],"Orichalcum":[126],"Burning Blood":129,"OrangePellets":[1],"Lizard Tail":40,"Busted Crown":42,"Shuriken":[24],"Bronze Scales":[199],"Turnip":[0],"Art of War":[1],"obtain_stats":[{"Ice Cream":45,"Regal Pillow":11,"Calipers":24,"Replay:Multitool":44,"Ginger":0,"Ancient Tea Set":25,"Empty Cage":34,"Sling":45,"Burning Blood":0,"Lizard Tail":40,"KratosMod:amulet":45,"Girya":0,"Pear":45,"Replay:Towering Pillar of Hats":12,"Quantum Egg":46,"PreservedInsect":0,"Orichalcum":13,"White Beast Statue":28,"OrangePellets":45,"Busted Crown":25,"infinitespire:WardingShard":9,"ReplayTheSpireMod:Shallot":43,"Shuriken":8,"Bronze Scales":6,"Turnip":49,"Snack Pack":0,"Coffee Dripper":17,"Art of War":19,"Membership Card":0,"Mirror":12,"Meat on the Bone":26},{"Ice Cream":23,"Regal Pillow":7,"Calipers":13,"Replay:Multitool":23,"Ginger":0,"Ancient Tea Set":13,"Empty Cage":18,"Sling":23,"Burning Blood":0,"Lizard Tail":21,"KratosMod:amulet":23,"Girya":0,"Pear":23,"Replay:Towering Pillar of Hats":7,"Quantum Egg":24,"PreservedInsect":0,"Orichalcum":7,"White Beast Statue":15,"OrangePellets":23,"Busted Crown":13,"infinitespire:WardingShard":6,"ReplayTheSpireMod:Shallot":21,"Shuriken":6,"Bronze Scales":5,"Turnip":25,"Snack Pack":0,"Coffee Dripper":9,"Art of War":10,"Membership Card":0,"Mirror":7,"Meat on the Bone":13},{"Ice Cream":77,"Regal Pillow":25,"Calipers":46,"Replay:Multitool":77,"Ginger":0,"Ancient Tea Set":46,"Empty Cage":59,"Sling":77,"Burning Blood":0,"Lizard Tail":69,"KratosMod:amulet":77,"Girya":0,"Pear":77,"Replay:Towering Pillar of Hats":25,"Quantum Egg":80,"PreservedInsect":0,"Orichalcum":25,"White Beast Statue":50,"OrangePellets":77,"Busted Crown":46,"infinitespire:WardingShard":21,"ReplayTheSpireMod:Shallot":69,"Shuriken":21,"Bronze Scales":18,"Turnip":82,"Snack Pack":0,"Coffee Dripper":33,"Art of War":36,"Membership Card":0,"Mirror":25,"Meat on the Bone":46}],"Meat on the Bone":38},"card_choices":[{"not_picked":["ReplayReversal","Evolve"],"picked":"Run Through","floor":1.0},{"not_picked":["Warcry","Body Slam"],"picked":"Iron Wave","floor":2.0},{"not_picked":["Armaments","Replay:Undeath\u0027s Touch"],"picked":"Heavy Blade","floor":3.0},{"not_picked":["Double Tap","Carnage"],"picked":"Cleave","floor":5.0},{"not_picked":["Run Through","Hemogenesis"],"picked":"Flame Barrier","floor":6.0},{"not_picked":["Blood for Blood","Burning Pact"],"picked":"Rage","floor":8.0},{"not_picked":["Fiend Fire","Dropkick","Reckless Charge"],"picked":"SKIP","floor":11.0},{"not_picked":["Iron Wave","Run Through"],"picked":"Heavy Blade","floor":14.0},{"not_picked":["Immolate","Exhume"],"picked":"Limit Break","floor":16.0},{"not_picked":["Disarm","Armaments"],"picked":"Thunderclap","floor":18.0},{"not_picked":["Anger","Iron Wave"],"picked":"Berserk","floor":19.0},{"not_picked":["Iron Wave","Run Through"],"picked":"Inflame","floor":20.0},{"not_picked":["Thunderclap","Shrug It Off"],"picked":"Pummel","floor":21.0},{"not_picked":["Battle Trance","Shockwave+1"],"picked":"Pommel Strike+1","floor":24.0},{"not_picked":["Blood for Blood"],"picked":"SKIP","floor":27.0},{"not_picked":[],"picked":"Headbutt+1","floor":28.0},{"not_picked":["Dual Wield"],"picked":"SKIP","floor":29.0},{"not_picked":[],"picked":"Dual Wield","floor":29.0},{"not_picked":["Pommel Strike"],"picked":"SKIP","floor":31.0},{"not_picked":["Headbutt"],"picked":"SKIP","floor":35.0},{"not_picked":["Run Through+1"],"picked":"SKIP","floor":39.0},{"not_picked":["Thunderclap"],"picked":"SKIP","floor":40.0},{"not_picked":["ReplayTheSpireMod:Echoes of Time","ReplayTheSpireMod:Book of Names"],"picked":"infinitespire:FinalStrike","floor":44},{"not_picked":["Anger+1"],"picked":"SKIP","floor":44},{"not_picked":[],"picked":"Perfected Strike+1","floor":46},{"not_picked":[],"picked":"Sword Boomerang+1","floor":47}],"player_experience":174524,"relics_obtained":[{"floor":6.0,"key":"Bronze Scales"},{"floor":8.0,"key":"Shuriken"},{"floor":9.0,"key":"infinitespire:WardingShard"},{"floor":11.0,"key":"Regal Pillow"},{"floor":13.0,"key":"Orichalcum"},{"floor":19.0,"key":"Art of War"},{"floor":24.0,"key":"Calipers"},{"floor":26.0,"key":"Meat on the Bone"},{"floor":28.0,"key":"White Beast Statue"},{"floor":40.0,"key":"Lizard Tail"},{"floor":43.0,"key":"ReplayTheSpireMod:Shallot"},{"floor":44,"key":"Replay:Multitool"},{"floor":46,"key":"Quantum Egg"},{"floor":49,"key":"Turnip"}],"event_choices":[{"damage_healed":0.0,"max_hp_gain":0.0,"max_hp_loss":0.0,"gold_gain":75.0,"event_name":"FaceTrader","player_choice":"Touch","floor":4.0,"gold_loss":0.0,"damage_taken":8.0},{"damage_healed":0.0,"max_hp_gain":0.0,"max_hp_loss":0.0,"gold_gain":0.0,"cards_transformed":["Strike_R"],"event_name":"Transmorgrifier","player_choice":"Transformed","floor":22.0,"gold_loss":0.0,"damage_taken":0.0,"cards_obtained":["True Grit"]},{"damage_healed":0.0,"max_hp_gain":0.0,"max_hp_loss":8.0,"gold_gain":0.0,"event_name":"betterThird:BetterWriting","player_choice":"Simplicity","floor":30.0,"gold_loss":0.0,"damage_taken":0.0},{"damage_healed":0.0,"max_hp_gain":0.0,"max_hp_loss":16.0,"gold_gain":3.0,"event_name":"betterStone:BetterStone","player_choice":"2","floor":37.0,"gold_loss":0.0,"damage_taken":0.0},{"damage_healed":0.0,"max_hp_gain":0.0,"max_hp_loss":0.0,"gold_gain":0.0,"event_name":"Tomb of Lord Red Mask","player_choice":"Ignored","floor":42.0,"gold_loss":0.0,"damage_taken":0.0},{"damage_healed":0,"gold_gain":0,"player_choice":"Embrace Madness","damage_taken":11,"max_hp_gain":0,"max_hp_loss":0,"event_name":"Winding Halls","floor":48,"gold_loss":0,"cards_obtained":["Madness","Madness"]}],"is_beta":false,"boss_relics":[{"not_picked":["Black Star","Honey Jar"],"picked":"Coffee Dripper"},{"not_picked":["Mark of Pain","Velvet Choker"],"picked":"Empty Cage"}],"items_purged_floors":[0,25],"is_endless":false,"potions_floor_spawned":[2,3,8,14,20,29,31,33,35,39,40,44,44,46,47],"ascension_level":1}}