{"host":"y76x98twjnyyxs83","time":1607533234,"event":{"gold_per_floor":[111,131,148,163,438,438,451,161,186,203,203,203],"floor_reached":11,"playtime":425,"items_purged":["Regret"],"score":124,"play_id":"73469444-b5ed-45a5-b312-37c31992ae83","local_time":"20201210010034","is_ascension_mode":true,"campfire_choices":[{"data":"Armaments","floor":6,"key":"SMITH"}],"neow_cost":"NONE","seed_source_timestamp":161026422058600,"circlet_count":0,"master_deck":["AscendersBane","Bash","Reckless Charge","Sentinel","Pommel Strike","Brutality","Carnage","Dark Embrace","Sword Boomerang","Rage","Limit Break","Shrug It Off","Armaments+1","Cleave","Reaper","Whirlwind","Blood for Blood"],"relics":["Pandora\u0027s Box","Orrery","Centennial Puzzle"],"potions_floor_usage":[11],"damage_taken":[{"damage":2,"enemies":"Cultist","floor":1,"turns":3},{"damage":1,"enemies":"Jaw Worm","floor":2,"turns":2},{"damage":14,"enemies":"2 Louse","floor":3,"turns":2},{"damage":14,"enemies":"Lots of Slimes","floor":4,"turns":5},{"damage":10,"enemies":"Blue Slaver","floor":7,"turns":3},{"damage":9,"enemies":"Red Slaver","floor":10,"turns":2},{"damage":32,"enemies":"Gremlin Nob","floor":11,"turns":3}],"seed_played":"2633251461918053078","potions_obtained":[{"floor":3,"key":"Dexterity Potion"},{"floor":4,"key":"ColorlessPotion"}],"is_trial":false,"path_per_floor":["M","M","M","M","?","R","M","$","T","M","E"],"character_chosen":"IRONCLAD","items_purchased":["Orrery","BlessingOfTheForge"],"campfire_rested":0,"item_purchase_floors":[8,8],"current_hp_per_floor":[66,65,51,37,37,37,27,27,27,18,0,0],"gold":203,"neow_bonus":"BOSS_RELIC","is_prod":false,"is_daily":false,"chose_seed":false,"campfire_upgraded":1,"win_rate":0,"timestamp":1607533234,"path_taken":["M","M","?","M","?","R","M","$","T","?","E"],"build_version":"2020-11-30","purchased_purges":1,"victory":false,"max_hp_per_floor":[75,75,75,75,75,75,75,75,75,75,75,75],"relic_stats":{"Centennial Puzzle":[6],"counters":[7,20],"Pandora\u0027s Box":["Reckless Charge","Sentinel","Pommel Strike","Brutality","Carnage","Dark Embrace","Sword Boomerang","Rage","Limit Break"],"obtain_stats":[{"Centennial Puzzle":9,"Orrery":8,"Pandora\u0027s Box":0,"Burning Blood":0},{"Centennial Puzzle":5,"Orrery":5,"Pandora\u0027s Box":0,"Burning Blood":0},{"Centennial Puzzle":15,"Orrery":15,"Pandora\u0027s Box":0,"Burning Blood":0}]},"card_choices":[{"not_picked":["Body Slam","Inflame"],"picked":"Shrug It Off","floor":1},{"not_picked":["Perfected Strike","Headbutt","Flex"],"picked":"SKIP","floor":2},{"not_picked":["True Grit","Havoc"],"picked":"Armaments","floor":3},{"not_picked":["Havoc","Evolve"],"picked":"Cleave","floor":4},{"not_picked":["Double Tap","Cleave","Burning Pact"],"picked":"SKIP","floor":7},{"not_picked":["Inflame","Clothesline"],"picked":"Reaper","floor":8},{"not_picked":["Perfected Strike","Shrug It Off"],"picked":"Whirlwind","floor":8},{"not_picked":["Searing Blow","Power Through"],"picked":"Blood for Blood","floor":8},{"not_picked":["Iron Wave","Entrench","Warcry"],"picked":"SKIP","floor":10}],"player_experience":1071530,"relics_obtained":[{"floor":9,"key":"Centennial Puzzle"}],"event_choices":[{"damage_healed":0,"gold_gain":275,"player_choice":"Desecrate","damage_taken":0,"max_hp_gain":0,"max_hp_loss":0,"event_name":"Golden Shrine","floor":5,"gold_loss":0,"cards_obtained":["Regret"]}],"is_beta":false,"boss_relics":[],"items_purged_floors":[8],"is_endless":false,"potions_floor_spawned":[3,4],"killed_by":"Gremlin Nob","ascension_level":17}}