{"host":"J","time":1607548161,"event":{"gold_per_floor":[111,130,146,159,309,309,309],"floor_reached":6,"playtime":920,"items_purged":[],"score":76,"play_id":"eb51d52a-65a9-4055-8052-a93d401c9c06","local_time":"20201209220921","is_ascension_mode":true,"campfire_choices":[],"neow_cost":"TEN_PERCENT_HP_LOSS","seed_source_timestamp":16048026728300,"circlet_count":0,"master_deck":["AscendersBane","Strike_G","Strike_G","Strike_G","Strike_G","Strike_G","Defend_G","Defend_G","Defend_G","Defend_G","Defend_G","Survivor","Neutralize","Bullet Time","Endless Agony","Accuracy","Dash","Backflip","Doubt"],"special_seed":0,"relics":["Ring of the Snake"],"potions_floor_usage":[],"damage_taken":[{"damage":10,"enemies":"Cultist","floor":1,"turns":5},{"damage":2,"enemies":"Jaw Worm","floor":2,"turns":7},{"damage":6,"enemies":"2 Louse","floor":3,"turns":4},{"damage":4,"enemies":"Blue Slaver","floor":4,"turns":4},{"damage":38,"enemies":"Gremlin Nob","floor":6,"turns":4}],"seed_played":"-1456536104468161530","potions_obtained":[{"floor":1,"key":"SpeedPotion"},{"floor":2,"key":"Energy Potion"}],"is_trial":false,"path_per_floor":["M","M","M","M","?","E"],"character_chosen":"THE_SILENT","items_purchased":[],"campfire_rested":0,"item_purchase_floors":[],"current_hp_per_floor":[49,47,41,37,37,0,0],"gold":309,"neow_bonus":"THREE_RARE_CARDS","is_prod":false,"is_daily":false,"chose_seed":false,"campfire_upgraded":0,"win_rate":0,"timestamp":1607548161,"path_taken":["M","M","M","M","?","E"],"build_version":"2020-12-07","purchased_purges":0,"victory":false,"max_hp_per_floor":[60,60,60,60,60,60,60],"relic_stats":{"counters":[5,24],"obtain_stats":[{"Ring of the Snake":0},{"Ring of the Snake":0},{"Ring of the Snake":0}],"Ring of the Snake":[11]},"card_choices":[{"not_picked":["Wraith Form v2","Malaise"],"picked":"Bullet Time","floor":0},{"not_picked":["Tactician","Slice"],"picked":"Endless Agony","floor":1},{"not_picked":["Sucker Punch","Dagger Spray"],"picked":"Accuracy","floor":2},{"not_picked":["Setup","Sucker Punch"],"picked":"Dash","floor":3},{"not_picked":["Distraction","Riddle With Holes"],"picked":"Backflip","floor":4}],"player_experience":214359,"relics_obtained":[],"event_choices":[{"damage_healed":0,"gold_gain":150,"player_choice":"AGREE","damage_taken":0,"max_hp_gain":0,"max_hp_loss":0,"event_name":"Liars Game","floor":5,"gold_loss":0,"cards_obtained":["Doubt"]}],"is_beta":true,"boss_relics":[],"items_purged_floors":[],"is_endless":false,"potions_floor_spawned":[1,2],"killed_by":"Gremlin Nob","ascension_level":20}}