{"host":"a484oiac96svwyi6","time":1607497008,"event":{"gold_per_floor":[517,517,536,556,573,602,386,245,272,272,272],"floor_reached":10,"playtime":478,"items_purged":[],"score":68,"play_id":"3aecd291-39cb-47ee-81da-99ec7e6458f1","local_time":"20201209015648","is_ascension_mode":false,"campfire_choices":[],"neow_cost":"NONE","seed_source_timestamp":782097066413300,"circlet_count":0,"master_deck":["luka_mod:StrikeLukaOne","luka_mod:StrikeLukaTwo","luka_mod:StrikeLukaThree","luka_mod:StrikeLukaFour","luka_mod:StrikeLukaFive","luka_mod:StrikeLukaSix","luka_mod:Salt","luka_mod:Guard","luka_mod:Wait","luka_mod:Edging","luka_mod:FlailWildly","luka_mod:Meditation","luka_mod:Surrender","luka_mod:StressRelief","luka_mod:LightningSwordFlash","luka_mod:Tamamo","luka_mod:PrayToIlias","luka_mod:Feel","luka_mod:Gnome","luka_mod:Sara","luka_mod:VaporizingRebellionSword"],"relics":["luka_mod:KeepsakeRing","hubris:Icosahedron","HowToJump","StuffTheSpire:HeavyRock","Turnip","TheAbacus","Replay:Rubber Ducky"],"potions_floor_usage":[6,10],"damage_taken":[{"damage":3,"enemies":"Small Slimes","floor":1,"turns":4},{"damage":9,"enemies":"Jaw Worm","floor":3,"turns":4},{"damage":0,"enemies":"Cultist","floor":4,"turns":3},{"damage":25,"enemies":"Blue Slaver","floor":5,"turns":5},{"damage":31,"enemies":"Lagavulin","floor":6,"turns":6},{"damage":6,"enemies":"3 Sentries","floor":10,"turns":1}],"seed_played":"-7411410521472715111","potions_obtained":[{"floor":4,"key":"DistilledChaos"},{"floor":5,"key":"PowerPotion"}],"is_trial":false,"path_per_floor":["M","?","M","M","M","E","$","$","T","E"],"character_chosen":"LUKA_CLASS","items_purchased":["luka_mod:Gnome","TheAbacus","luka_mod:Sara","luka_mod:VaporizingRebellionSword"],"campfire_rested":0,"item_purchase_floors":[7,7,8,8],"current_hp_per_floor":[40,40,40,40,35,4,4,4,4,0,0],"gold":272,"neow_bonus":"RANDOM_COMMON_RELIC","is_prod":false,"is_daily":false,"chose_seed":false,"campfire_upgraded":0,"win_rate":0.0,"timestamp":1607497008,"path_taken":["M","?","M","M","M","E","?","$","T","E"],"build_version":"2020-11-30","purchased_purges":0,"victory":false,"max_hp_per_floor":[40,40,40,40,40,40,40,40,40,40,40],"relic_stats":{"TheAbacus":[0],"counters":[6,23],"Turnip":[0],"obtain_stats":[{"luka_mod:KeepsakeRing":0,"hubris:Icosahedron":2,"TheAbacus":7,"HowToJump":0,"StuffTheSpire:HeavyRock":0,"Turnip":6,"Replay:Rubber Ducky":9},{"luka_mod:KeepsakeRing":0,"hubris:Icosahedron":1,"TheAbacus":5,"HowToJump":0,"StuffTheSpire:HeavyRock":0,"Turnip":5,"Replay:Rubber Ducky":5},{"luka_mod:KeepsakeRing":0,"hubris:Icosahedron":4,"TheAbacus":22,"HowToJump":0,"StuffTheSpire:HeavyRock":0,"Turnip":22,"Replay:Rubber Ducky":22}]},"card_choices":[{"not_picked":["luka_mod:FlashKill","luka_mod:Struggle"],"picked":"luka_mod:StressRelief","floor":1},{"not_picked":["luka_mod:StrikeLuka","luka_mod:Intense"],"picked":"luka_mod:LightningSwordFlash","floor":3},{"not_picked":["luka_mod:FireSlash","luka_mod:EarthSlash"],"picked":"luka_mod:Tamamo","floor":4},{"not_picked":["luka_mod:HeroicStrike","luka_mod:WaterSlash"],"picked":"luka_mod:PrayToIlias","floor":5},{"not_picked":["luka_mod:Intense","luka_mod:WindSlash"],"picked":"luka_mod:Feel","floor":6}],"player_experience":263585,"relics_obtained":[{"floor":6,"key":"Turnip"},{"floor":9,"key":"Replay:Rubber Ducky"}],"event_choices":[],"is_beta":false,"boss_relics":[],"items_purged_floors":[],"is_endless":false,"potions_floor_spawned":[4,5],"killed_by":"3 Sentries","ascension_level":0}}