{"host":"p7k06irs9cq031u7","time":1607506032,"event":{"gold_per_floor":[113,113,128,146,71,71,96,96,173,198,198,217,217,243,243,342,342,353,110,126,1,14,14,45,45,45,45,56,56,0,100,100,195,195,214,214,214],"floor_reached":36,"playtime":2309,"items_purged":["Doubt","Strike_G","Strike_G"],"score":575,"play_id":"27a65b49-67f3-460c-99ec-9a7a1948cc36","local_time":"20201209112712","is_ascension_mode":true,"campfire_choices":[{"data":"Terror","floor":6.0,"key":"SMITH"},{"data":"All Out Attack","floor":8.0,"key":"SMITH"},{"floor":11.0,"key":"REST"},{"floor":13.0,"key":"REST"},{"data":"Unload","floor":15.0,"key":"SMITH"},{"floor":23.0,"key":"REST"},{"floor":25.0,"key":"REST"},{"floor":29.0,"key":"RECALL"},{"data":"Footwork","floor":32.0,"key":"SMITH"}],"neow_cost":"CURSE","seed_source_timestamp":46402296643600,"circlet_count":0,"master_deck":["Strike_G","Strike_G","Strike_G","Defend_G","Defend_G","Defend_G","Defend_G","Defend_G","Survivor","Neutralize+1","Unload+1","All Out Attack+1","Terror+1","Distraction","Night Terror","Footwork+1","Rebound","Creative AI","BootSequence+1","Machine Learning+1"],"special_seed":0,"relics":["Ring of the Snake","Ancient Tea Set","Vajra","Lizard Tail","SlaversCollar","PrismaticShard","Mummified Hand","Frozen Egg 2","Mango","Mercury Hourglass","Philosopher\u0027s Stone"],"potions_floor_usage":[36],"damage_taken":[{"damage":2.0,"enemies":"Jaw Worm","floor":1.0,"turns":4.0},{"damage":0.0,"enemies":"Cultist","floor":3.0,"turns":3.0},{"damage":0.0,"enemies":"Small Slimes","floor":4.0,"turns":3.0},{"damage":20.0,"enemies":"3 Sentries","floor":7.0,"turns":9.0},{"damage":29.0,"enemies":"Lagavulin","floor":10.0,"turns":6.0},{"damage":0.0,"enemies":"3 Louse","floor":12.0,"turns":1.0},{"damage":0.0,"enemies":"Gremlin Nob","floor":14.0,"turns":2.0},{"damage":24.0,"enemies":"The Guardian","floor":16.0,"turns":10.0},{"damage":12.0,"enemies":"Chosen","floor":18.0,"turns":3.0},{"damage":20.0,"enemies":"Spheric Guardian","floor":20.0,"turns":4.0},{"damage":16.0,"enemies":"Centurion and Healer","floor":22.0,"turns":7.0},{"damage":18.0,"enemies":"Book of Stabbing","floor":24.0,"turns":5.0},{"damage":10.0,"enemies":"Chosen and Byrds","floor":28.0,"turns":3.0},{"damage":8.0,"enemies":"Colosseum Slavers","floor":31.0,"turns":2.0},{"damage":20.0,"enemies":"Colosseum Nobs","floor":31.0,"turns":4.0},{"damage":30.0,"enemies":"Automaton","floor":33.0,"turns":12.0},{"damage":67,"enemies":"3 Darklings","floor":35,"turns":4},{"damage":52,"enemies":"Orb Walker","floor":36,"turns":5}],"seed_played":"-1334181547022770583","potions_obtained":[{"floor":4.0,"key":"Fruit Juice"},{"floor":7.0,"key":"DistilledChaos"},{"floor":10.0,"key":"EssenceOfSteel"},{"floor":18.0,"key":"AttackPotion"},{"floor":35,"key":"DuplicationPotion"}],"is_trial":false,"path_per_floor":["M","?","M","M","$","R","E","R","T","E","R","M","R","E","R","B",null,"M","$","M","$","M","R","E","R","T","?","M","R","?","?","R","B",null,"M","M"],"character_chosen":"THE_SILENT","items_purchased":["Footwork","PrismaticShard"],"campfire_rested":4,"item_purchase_floors":[19,19],"current_hp_per_floor":[61,61,61,66,66,66,46,46,46,17,39,39,61,61,61,37,66,54,54,34,34,18,40,22,44,44,69,59,59,59,45,45,15,71,4,0,0],"gold":214,"neow_bonus":"THREE_RARE_CARDS","is_prod":false,"is_daily":false,"chose_seed":false,"campfire_upgraded":4,"win_rate":0,"timestamp":1607506032,"path_taken":["M","?","M","?","$","R","E","R","T","E","R","?","R","E","R","BOSS","M","$","M","$","M","R","E","R","T","?","M","R","?","?","R","BOSS","M","M"],"build_version":"2020-11-30","purchased_purges":3,"victory":false,"max_hp_per_floor":[70,70,70,75,75,75,75,75,75,75,75,75,75,75,75,75,75,75,75,75,75,75,75,75,75,75,75,75,75,75,89,89,89,89,89,89,89],"card_choices":[{"not_picked":["Glass Knife","Wraith Form v2"],"picked":"Unload","floor":0.0},{"not_picked":["Quick Slash","Poisoned Stab","Deflect"],"picked":"SKIP","floor":1.0},{"not_picked":["Caltrops","Heel Hook"],"picked":"All Out Attack","floor":3.0},{"not_picked":["Prepared","PiercingWail"],"picked":"Terror","floor":4.0},{"not_picked":["Sucker Punch","Endless Agony"],"picked":"Distraction","floor":7.0},{"not_picked":["Backstab","Underhanded Strike","Dodge and Roll"],"picked":"SKIP","floor":10.0},{"not_picked":["Outmaneuver","Accuracy","Escape Plan"],"picked":"SKIP","floor":12.0},{"not_picked":["Dagger Throw","Malaise","Masterful Stab"],"picked":"SKIP","floor":14.0},{"not_picked":["Burst","Venomology"],"picked":"Night Terror","floor":16.0},{"not_picked":["Deadly Poison+1","Dagger Spray","Bane"],"picked":"SKIP","floor":18.0},{"not_picked":["Crippling Poison+1","BowlingBash+1"],"picked":"Rebound","floor":20.0},{"not_picked":["FollowUp","Perfected Strike+1","Halt"],"picked":"SKIP","floor":22.0},{"not_picked":["Halt","Dropkick"],"picked":"Creative AI","floor":24.0},{"not_picked":["Quick Slash","Backstab","Consecrate"],"picked":"SKIP","floor":28.0},{"not_picked":["BowlingBash","Clothesline"],"picked":"BootSequence+1","floor":31.0},{"not_picked":["Unload","Reboot"],"picked":"Machine Learning+1","floor":33.0},{"not_picked":["Crescendo","Quick Slash+1","Nirvana+1"],"picked":"SKIP","floor":35}],"player_experience":322135,"relics_obtained":[{"floor":7.0,"key":"Ancient Tea Set"},{"floor":10.0,"key":"Vajra"},{"floor":14.0,"key":"Lizard Tail"},{"floor":24.0,"key":"Mummified Hand"},{"floor":26.0,"key":"Frozen Egg 2"},{"floor":31.0,"key":"Mango"},{"floor":31.0,"key":"Mercury Hourglass"}],"event_choices":[{"damage_healed":0.0,"max_hp_gain":0.0,"max_hp_loss":0.0,"gold_gain":0.0,"event_name":"Upgrade Shrine","player_choice":"Upgraded","floor":2.0,"gold_loss":0.0,"damage_taken":0.0,"cards_upgraded":["Neutralize"]},{"damage_healed":25.0,"max_hp_gain":0.0,"max_hp_loss":0.0,"gold_gain":0.0,"event_name":"The Library","player_choice":"Heal","floor":27.0,"gold_loss":0.0,"damage_taken":0.0},{"damage_healed":0.0,"max_hp_gain":0.0,"max_hp_loss":0.0,"gold_gain":0.0,"event_name":"Masked Bandits","player_choice":"Paid Fearfully","floor":30.0,"gold_loss":56.0,"damage_taken":0.0},{"damage_healed":0.0,"max_hp_gain":0.0,"max_hp_loss":0.0,"gold_gain":0.0,"event_name":"Colosseum","player_choice":"Fight","floor":31.0,"gold_loss":0.0,"damage_taken":0.0},{"damage_healed":0.0,"max_hp_gain":0.0,"max_hp_loss":0.0,"gold_gain":0.0,"event_name":"Colosseum","player_choice":"Fought Nobs","floor":31.0,"gold_loss":0.0,"damage_taken":0.0}],"is_beta":false,"boss_relics":[{"not_picked":["Fusion Hammer","Snecko Eye"],"picked":"SlaversCollar"},{"not_picked":["Calling Bell","Runic Pyramid"],"picked":"Philosopher\u0027s Stone"}],"items_purged_floors":[5,19,21],"is_endless":false,"potions_floor_spawned":[4,7,10,18,20,22,31,35],"killed_by":"Orb Walker","ascension_level":6}}