{"host":"av29givzkpzpqtbm","time":1607510858,"event":{"gold_per_floor":[118,136,52,63,0,0,0,35,35,35,0,35,35,55,55,132,132,143,160,146,146,62,590,367,380,403,369,369,404,418,437,294,368,368,398,0,0,520,73,16,542,1076,1129,320,348,887,916,955,52,57,67,67,42,2,47,58],"floor_reached":57,"playtime":1507,"items_purged":["Defend_R","Defend_R","Defend_R","Strike_R","Strike_R","Strike_R","Bash","Ghostly Armor","Power Through","Entrench","Body Slam+1","ReplayTheSpireMod:Restless Dread","Injury","CommonCold","Anger+1","Carnage+1","True Grit+1","True Grit+1","Replay:Undeath\u0027s Touch+1","Twin Strike+1","Shrug It Off+1","Havoc+1","Power Through+1","Power Through+1","Searing Blow+1","Cleave+1","Iron Wave+1","ReplayTheSpireMod:Limb From Limb+1","Perfected Strike+1","Carnage+1","Perfected Strike+1","Blood for Blood+1","Heavy Blade+1","Thunderclap+1","Body Slam+1"],"score":4013,"play_id":"64940003-6827-42e8-a6bc-db1ec82b1f40","local_time":"20201209184738","is_ascension_mode":true,"campfire_choices":[{"data":"Heavy Blade","floor":6.0,"key":"SMITH"},{"floor":15.0,"key":"RECALL"}],"neow_cost":"TEN_PERCENT_HP_LOSS","seed_source_timestamp":142227238987700,"circlet_count":0,"master_deck":["AscendersBane","Heavy Blade+1","MostiFishMod:404NotFound+1","Limit Break+1","testmod-AssimilatedRune+1","Feed+1","Anger+1"],"special_seed":0,"relics":["Burning Blood","DaveBox","testmod-TestBox","ShadowXiaoBlade","testmod-CrystalShield","Question Card","Replay:Baseball","Sling","Membership Card","Replay:Wax Seal","Ornamental Fan","Juzu Bracelet","testmod-AssaultLearning","BrkXgEgg","Centennial Puzzle","ImportantClient","Philosopher\u0027s Stone","Runic Dome","Black Star","testmod-Temperance","ReplayTheSpireMod:Ring of Challenge","aspiration:StickyExplosives","Medical Kit","Replay:Multitool","Matryoshka","The Courier","King of Hearts","Replay:Bottled Steam","Toxic Egg 2","Bag of Marbles","testmod-Nyarlathotep","Nunchaku","ClockworkSouvenir","aspiration:FrozenJewel","Whetstone","Kunai","Orrery","Civilization","Red Skull","testmod-ArcanaOfDestiny","Molten Egg 2","ReplayTheSpireMod:CursedCoin","ReplayFunnel","testmod-Acrobat","Mango","Bronze Scales","Replay:Ancient Bell","MawBank","Golden Egg","Pondfish Scales","HandDrill","Gremlin Horn","Question Card","Ice Cream","PreservedInsect","Ancient Tea Set","TungstenRod","TheAbacus","Meat on the Bone","aspiration:Nostalgia","Cracked Core","WingedGreaves","Sundial","testmod-IndustrialRevolution","testmod-Hope","ReplayTheSpireMod:Ninjato","testmod-Register","ArrowTower","Quantum Egg","Happy Flower","aspiration:Lifesprig","aspiration:FetidBarrel","Mirror","testmod-Muramasa","Brimstone","DaCapo","aspiration:HummingbirdHeart","Guide Book","Replay:Bandana","Dream Catcher","Replay:Towering Pillar of Hats","War Paint","Oddly Smooth Stone","White Beast Statue","Blue Candle","Bag of Preparation","aspiration:HatOfInfinitePower","Vajra","Onion Ring","Divine Protection","Snack Pack","SynthV:C4","testmod-Maize","Lantern","Garlic","Pear","Self Forming Clay","Chemical X","testmod-BalancedPeriapt","Dodecahedron","Champion Belt","Torii"],"potions_floor_usage":[53],"damage_taken":[{"damage":0.0,"enemies":"Cultist","floor":1.0,"turns":2.0},{"damage":5.0,"enemies":"Small Slimes","floor":2.0,"turns":3.0},{"damage":0.0,"enemies":"Jaw Worm","floor":4.0,"turns":2.0},{"damage":0.0,"enemies":"Gremlin Nob","floor":8.0,"turns":2.0},{"damage":0.0,"enemies":"3 Sentries","floor":12.0,"turns":1.0},{"damage":0.0,"enemies":"3 Louse","floor":14.0,"turns":1.0},{"damage":0.0,"enemies":"Hexaghost","floor":16.0,"turns":1.0},{"damage":0.0,"enemies":"3 Byrds","floor":18.0,"turns":2.0},{"damage":0.0,"enemies":"Shell Parasite","floor":19.0,"turns":2.0},{"damage":0.0,"enemies":"Gremlin Leader","floor":23.0,"turns":1.0},{"damage":0.0,"enemies":"Centurion and Healer","floor":25.0,"turns":1.0},{"damage":14.0,"enemies":"Book of Stabbing","floor":29.0,"turns":2.0},{"damage":0.0,"enemies":"Snecko","floor":30.0,"turns":1.0},{"damage":0.0,"enemies":"Snake Plant","floor":31.0,"turns":1.0},{"damage":0.0,"enemies":"Pondfish","floor":33.0,"turns":1.0},{"damage":0.0,"enemies":"Orb Walker","floor":35.0,"turns":1.0},{"damage":4.0,"enemies":"3 Shapes","floor":38.0,"turns":1.0},{"damage":0.0,"enemies":"R_Hoarder","floor":41.0,"turns":1.0},{"damage":0.0,"enemies":"Giant Head","floor":42.0,"turns":1.0},{"damage":0,"enemies":"R_Hoarder","floor":45,"turns":1},{"damage":0,"enemies":"Giant Head","floor":46,"turns":1},{"damage":4,"enemies":"Sphere and 2 Shapes","floor":47,"turns":1},{"damage":0,"enemies":"R_Hoarder","floor":48,"turns":1},{"damage":0,"enemies":"Time Eater","floor":50,"turns":1},{"damage":0,"enemies":"Donu and Deca","floor":51,"turns":1},{"damage":0,"enemies":"Shield and Spear","floor":55,"turns":1},{"damage":0,"enemies":"The Heart","floor":56,"turns":1}],"seed_played":"6105823939713834473","potions_obtained":[{"floor":2.0,"key":"Dexterity Potion"},{"floor":4.0,"key":"Swift Potion"},{"floor":14.0,"key":"BlessingOfTheForge"},{"floor":14.0,"key":"Elixir"},{"floor":55,"key":"DistilledChaos"}],"is_trial":false,"path_per_floor":["M","M","$","M","$","R","?","E","T","?","$","E","?","M","R","B",null,"M","M","$","?","$","E","R","M","T","R","?","E","M","M","R","B",null,"M","$","?","M","$","R","E","E","T","R","E","E","M","E","R","B","B",null,"R","$","E","B",null],"character_chosen":"IRONCLAD","items_purchased":["Replay:Baseball","Sling","Membership Card","Replay:Wax Seal","Ornamental Fan","BrkXgEgg","MostiFishMod:404NotFound+1","aspiration:StickyExplosives","Medical Kit","Replay:Multitool","Matryoshka","Toxic Egg 2","Bag of Marbles","testmod-Nyarlathotep","Nunchaku","ClockworkSouvenir","testmod-AssimilatedRune+1","FairyPotion","Kunai","Orrery","Molten Egg 2","ReplayTheSpireMod:CursedCoin","ReplayFunnel","testmod-Acrobat","Mango","Bronze Scales","HandDrill","Gremlin Horn","Question Card","Ice Cream","PreservedInsect","Ancient Tea Set","TungstenRod","TheAbacus","Meat on the Bone","aspiration:Nostalgia","WingedGreaves","Sundial","testmod-IndustrialRevolution","testmod-Hope","testmod-SpacePotion","Elixir","Anger+1","Carnage+1","Flex+1","True Grit+1","ReplayTheSpireMod:Ninjato","testmod-Register","True Grit+1","Searing Blow+1","Replay:Undeath\u0027s Touch+1","testmod-Muramasa","Brimstone","DaCapo","aspiration:HummingbirdHeart","Twin Strike+1","Sever Soul+1","Shrug It Off+1","Havoc+1","Warcry+1","Power Through+1","Power Through+1","Reckless Charge+1","Searing Blow+1","Cleave+1","Heavy Blade+1","Thunderclap+1","ReplayTheSpireMod:Limb From Limb+1","Cleave+1","Perfected Strike+1","Headbutt+1","Carnage+1","Perfected Strike+1","Dropkick+1","Uppercut+1","Blood for Blood+1","Heavy Blade+1","Iron Wave+1","Feed+1","Guide Book","Bag of Preparation","aspiration:HatOfInfinitePower","Vajra","Onion Ring","Divine Protection","Snack Pack","SynthV:C4","testmod-Maize","Lantern","Garlic","Pear","Self Forming Clay","Chemical X","testmod-BalancedPeriapt","testmod-SpacePotion","Body Slam+1","Dodecahedron","MostiFishMod:OrdinaryWorld+1","Anger+1","testmod-TimePotion"],"campfire_rested":0,"item_purchase_floors":[3,3,5,5,5,11,11,22,22,22,22,24,24,24,24,24,24,24,27,27,32,32,32,32,32,32,36,36,36,36,36,36,36,36,39,39,39,39,39,39,39,39,39,39,39,39,40,40,40,40,40,44,44,44,44,44,44,44,44,44,44,44,44,44,44,44,44,44,44,44,44,44,44,44,44,44,44,44,44,44,49,49,49,49,49,49,49,49,49,49,49,49,49,49,53,53,53,54,54,54],"current_hp_per_floor":[68,68,68,68,68,68,68,68,68,61,61,67,67,68,68,68,68,68,68,68,68,68,68,68,68,68,68,68,61,69,74,88,94,94,101,101,101,111,111,111,122,134,134,134,147,165,186,204,214,214,214,214,214,214,214,214],"gold":58,"neow_bonus":"TRANSFORM_TWO_CARDS","is_prod":false,"is_daily":false,"chose_seed":false,"campfire_upgraded":1,"win_rate":0,"timestamp":1607510858,"path_taken":["M","?","$","M","$","R","?","E","T","?","$","E","?","M","R","BOSS","M","M","$","?","$","E","R","M","T","R","?","E","M","M","R","BOSS","M","$","?","M","$","R","E","E","T","R","E","E","M","E","R","BOSS","BOSS","R","$","E","BOSS"],"build_version":"2020-11-30","purchased_purges":35,"victory":true,"max_hp_per_floor":[68,68,68,68,68,68,68,68,68,68,68,68,68,68,68,68,68,68,68,68,68,68,68,68,68,68,68,68,69,71,74,88,94,94,101,101,101,111,111,111,122,134,134,134,147,165,186,204,214,214,214,214,214,214,214,214],"card_choices":[{"not_picked":["Rupture","Clash"],"picked":"Heavy Blade","floor":1.0},{"not_picked":["Dropkick","Ghostly Armor","Cleave"],"picked":"Entrench","floor":2.0},{"not_picked":["Headbutt","Clothesline","Perfected Strike","Clash"],"picked":"SKIP","floor":4.0},{"not_picked":["Warcry","Inflame","Clothesline"],"picked":"Whirlwind","floor":8.0},{"not_picked":["Heavy Blade","ReplayTheSpireMod:Stacked","Perfected Strike","Hemokinesis"],"picked":"SKIP","floor":12.0},{"not_picked":["Rampage","Anger","Reaper+1","Iron Wave"],"picked":"SKIP","floor":14.0},{"not_picked":["Impervious+1","Offering+1","MostiFishMod:WingOfPhoenix+1"],"picked":"Limit Break+1","floor":16.0},{"not_picked":["Havoc","Wild Strike+1","Cleave"],"picked":"Body Slam","floor":18.0},{"not_picked":["Warcry+1","ReplayReversal","Flex","True Grit"],"picked":"SKIP","floor":19.0},{"not_picked":["True Grit","Offering+1","Wild Strike","Heavy Blade"],"picked":"SKIP","floor":23.0},{"not_picked":["Flex+1","Intimidate+1","Thunderclap","Burning Pact+1"],"picked":"SKIP","floor":25.0},{"not_picked":["Life Link","Sword Boomerang","Wild Strike","Shrug It Off+1"],"picked":"SKIP","floor":29.0},{"not_picked":["Sword Boomerang","Run Through","Iron Wave","Searing Blow"],"picked":"SKIP","floor":30.0},{"not_picked":["Double Tap+1","Shockwave+1","Warcry+1","Replay:Undeath\u0027s Touch"],"picked":"SKIP","floor":31.0},{"not_picked":["Parasite","Doubt","ReplayTheSpireMod:Splinters"],"picked":"Sickly","floor":34.0},{"not_picked":["ReplayTheSpireMod:Splinters","Spreading Infection","ReplayTheSpireMod:IOU"],"picked":"Injury","floor":34.0},{"not_picked":["Replay:Hysterical Blindness","Decay","Doubt"],"picked":"CommonCold","floor":34.0},{"not_picked":["Havoc+1","Twin Strike+1","Whirlwind+1","ReplayTheSpireMod:Strike From Hell+1"],"picked":"SKIP","floor":35.0},{"not_picked":["Offering+1","Thunderclap+1","Flex+1","Anger+1","Inflame"],"picked":"SKIP","floor":38.0},{"not_picked":["Perfected Strike+1","Replay:Undeath\u0027s Touch+1","Armaments+1","Run Through+1","True Grit+1"],"picked":"SKIP","floor":41.0},{"not_picked":["Clothesline+1","Anger+1","Second Wind+1","ReplayTheSpireMod:Strike From Hell+1","Inflame"],"picked":"SKIP","floor":42.0},{"not_picked":["Dropkick+1","MostiFishMod:OrdinaryWorld+1","Blood for Blood+1","Intimidate+1","Cleave+1"],"picked":"SKIP","floor":45},{"not_picked":["Impervious+1","Thunderclap+1","Disarm+1","Cleave+1","Pummel+1"],"picked":"SKIP","floor":46},{"not_picked":["Rampage+1","Whirlwind+1","Heavy Blade+1","Pommel Strike+1","Iron Wave+1"],"picked":"SKIP","floor":47},{"not_picked":["Sword Boomerang+1","Flame Barrier+1","MostiFishMod:ChineseTea+1","Replay:Undeath\u0027s Touch+1","Anger+1"],"picked":"SKIP","floor":48},{"not_picked":["Armaments+1","Life Link","Wild Strike+1","Rupture","Warcry+1"],"picked":"SKIP","floor":55}],"player_experience":350775,"relics_obtained":[{"floor":1.0,"key":"Question Card"},{"floor":8.0,"key":"Juzu Bracelet"},{"floor":9.0,"key":"testmod-AssaultLearning"},{"floor":12.0,"key":"Centennial Puzzle"},{"floor":16.0,"key":"ImportantClient"},{"floor":21.0,"key":"ReplayTheSpireMod:Ring of Challenge"},{"floor":23.0,"key":"The Courier"},{"floor":23.0,"key":"King of Hearts"},{"floor":23.0,"key":"Replay:Bottled Steam"},{"floor":26.0,"key":"aspiration:FrozenJewel"},{"floor":26.0,"key":"Whetstone"},{"floor":29.0,"key":"Red Skull"},{"floor":29.0,"key":"testmod-ArcanaOfDestiny"},{"floor":41.0,"key":"ArrowTower"},{"floor":41.0,"key":"Quantum Egg"},{"floor":41.0,"key":"Happy Flower"},{"floor":42.0,"key":"aspiration:Lifesprig"},{"floor":42.0,"key":"aspiration:FetidBarrel"},{"floor":43,"key":"Mirror"},{"floor":45,"key":"Replay:Bandana"},{"floor":45,"key":"Dream Catcher"},{"floor":46,"key":"Replay:Towering Pillar of Hats"},{"floor":46,"key":"War Paint"},{"floor":46,"key":"Oddly Smooth Stone"},{"floor":48,"key":"White Beast Statue"},{"floor":48,"key":"Blue Candle"},{"floor":55,"key":"Champion Belt"},{"floor":55,"key":"Torii"}],"event_choices":[{"cards_removed":["Strike_R"],"damage_healed":0.0,"max_hp_gain":0.0,"max_hp_loss":0.0,"gold_gain":0.0,"event_name":"Golden Wing","player_choice":"Card Removal","floor":10.0,"gold_loss":0.0,"damage_taken":7.0},{"damage_healed":0.0,"max_hp_gain":0.0,"max_hp_loss":0.0,"gold_gain":0.0,"event_name":"给自己的盒子","player_choice":"Swap Relic","floor":28.0,"relics_lost":["Replay:Grab Bag"],"gold_loss":0.0,"damage_taken":0.0,"relics_obtained":["Civilization"]},{"damage_healed":0.0,"max_hp_gain":0.0,"max_hp_loss":0.0,"gold_gain":0.0,"event_name":"Lab","player_choice":"Got Potions","floor":37.0,"gold_loss":0.0,"damage_taken":0.0}],"is_beta":false,"boss_relics":[{"not_picked":["MostiFishMod:Hod","Black Blood"],"picked":"Replay:Grab Bag"},{"not_picked":["SlaversCollar","Ooze Armor"],"picked":"Philosopher\u0027s Stone"},{"not_picked":["Cursed Key","Velvet Choker"],"picked":"Runic Dome"},{"not_picked":["FixedStarFall","testmod-D_4"],"picked":"Black Star"},{"not_picked":["testmod-IncinerationGenerator","testmod-HarvestTotem"],"picked":"testmod-Temperance"},{"not_picked":["TimeKeys","MoonlightInvasionPlan"],"picked":"Replay:Ancient Bell"},{"not_picked":["CeramicFish","ReplayTheSpireMod:Lightbulb"],"picked":"MawBank"},{"not_picked":["Eternal Feather","Chameleon Ring"],"picked":"Golden Egg"},{"not_picked":["Calipers","testmod-ThousandKnives"],"picked":"Pondfish Scales"}],"items_purged_floors":[3,3,3,3,11,11,20,20,20,32,32,32,36,36,39,39,39,40,40,44,44,44,44,44,44,44,44,44,44,44,44,44,44,44,54],"is_endless":false,"potions_floor_spawned":[2,2,4,12,14,14,16,16,19,23,25,29,30,30,31,33,35,35,41,42,42,45,45,46,46,47,55,55],"ascension_level":20}}