{"host":"b6iqmq74l2bwzb3l","time":1607494225,"event":{"gold_per_floor":[117,217,108,124,124,154,154,172,172,72,72,72,91,119,119,222,222,237,162,13,24,41,41,41,54,135,235,235,254,254,106,106,205,205,217,261,111,111,111,123,0,0,0,15,34,34,34,34,34,34,34],"floor_reached":50,"playtime":1322,"items_purged":["Strike_P","Strike_P"],"score":473,"play_id":"58c88ea0-aa7e-43ba-a39a-f9ede4f69194","local_time":"20201209151025","is_ascension_mode":false,"campfire_choices":[{"data":"Adaptation","floor":7,"key":"SMITH"},{"data":"TalkToTheHand","floor":11,"key":"SMITH"},{"data":"Tantrum","floor":15,"key":"SMITH"},{"data":"Wish","floor":23,"key":"SMITH"},{"data":"CarveReality","floor":30,"key":"SMITH"},{"data":"FlurryOfBlows","floor":32,"key":"SMITH"},{"floor":47,"key":"REST"},{"data":"Wraith","floor":49,"key":"PURGE"}],"neow_cost":"NONE","seed_source_timestamp":1086224794952099,"circlet_count":0,"master_deck":["Defend_P","Defend_P","Defend_P","Eruption+1","Vigilance","TalkToTheHand+1","Adaptation+1","FlurryOfBlows","CarveReality","Tantrum+1","CarveReality+1","Wish+1","FearNoEvil+1","FlurryOfBlows+1","WindmillStrike","Establishment","FlyingSleeves+1","Protect+1"],"relics":["PureWater","NeowsBlessing","Darkstone Periapt","Orichalcum","Tiny Chest","Astrolabe","TheAbacus","Letter Opener","Blood Vial","Toy Ornithopter","Busted Crown","Juzu Bracelet","Red Mask","Mercury Hourglass","Peace Pipe"],"potions_floor_usage":[14,33,33,45,50,50],"damage_taken":[{"damage":0,"enemies":"2 Louse","floor":1,"turns":1},{"damage":0,"enemies":"Cultist","floor":4,"turns":1},{"damage":0,"enemies":"3 Sentries","floor":6,"turns":2},{"damage":0,"enemies":"Small Slimes","floor":8,"turns":1},{"damage":0,"enemies":"2 Fungi Beasts","floor":13,"turns":2},{"damage":10,"enemies":"Lagavulin","floor":14,"turns":3},{"damage":16,"enemies":"Slime Boss","floor":16,"turns":4},{"damage":5,"enemies":"3 Byrds","floor":18,"turns":4},{"damage":0,"enemies":"Chosen","floor":21,"turns":2},{"damage":0,"enemies":"Snake Plant","floor":22,"turns":4},{"damage":10,"enemies":"Snecko","floor":25,"turns":3},{"damage":9,"enemies":"Shelled Parasite and Fungi","floor":29,"turns":3},{"damage":38,"enemies":"Champ","floor":33,"turns":7},{"damage":33,"enemies":"3 Shapes","floor":35,"turns":3},{"damage":5,"enemies":"3 Darklings","floor":36,"turns":4},{"damage":0,"enemies":"Transient","floor":40,"turns":5},{"damage":19,"enemies":"Spire Growth","floor":44,"turns":3},{"damage":17,"enemies":"Maw","floor":45,"turns":5},{"damage":71,"enemies":"Donu and Deca","floor":50,"turns":4}],"seed_played":"-4567892478405989434","potions_obtained":[{"floor":4,"key":"Fire Potion"},{"floor":14,"key":"GamblersBrew"},{"floor":16,"key":"Explosive Potion"},{"floor":29,"key":"LiquidMemories"},{"floor":36,"key":"AttackPotion"},{"floor":44,"key":"Regen Potion"}],"is_trial":false,"path_per_floor":["M","?","$","M","?","E","R","M","T","$","R","?","M","E","R","B",null,"M","?","$","M","M","R","?","M","T","?","T","M","R","$","R","B",null,"M","M","$","?","?","M","?","T","T","M","M","$","R","?","R","B"],"character_chosen":"WATCHER","items_purchased":["Adaptation","TheAbacus","Toy Ornithopter","Juzu Bracelet"],"campfire_rested":1,"item_purchase_floors":[3,20,31,37],"current_hp_per_floor":[72,72,72,72,77,77,77,77,77,77,77,77,77,67,67,51,77,72,72,72,72,72,72,72,62,62,62,62,55,55,55,55,29,77,44,41,41,41,41,43,43,43,43,26,30,30,53,59,59,0,0],"gold":34,"neow_bonus":"THREE_ENEMY_KILL","is_prod":false,"is_daily":false,"chose_seed":false,"campfire_upgraded":6,"win_rate":0,"timestamp":1607494225,"path_taken":["M","?","?","M","?","E","R","M","T","$","R","?","?","E","R","BOSS","M","?","$","M","M","R","?","M","T","?","?","M","R","$","R","BOSS","M","M","$","?","?","M","?","?","T","M","M","$","R","?","R","BOSS"],"build_version":"2020-11-30","purchased_purges":2,"victory":false,"max_hp_per_floor":[72,72,72,72,77,77,77,77,77,77,77,77,77,77,77,77,77,77,77,77,77,77,77,77,77,77,77,77,77,77,77,77,77,77,77,77,77,77,77,77,77,77,77,77,77,77,77,83,83,83,83],"card_choices":[{"not_picked":["FlyingSleeves","CrushJoints"],"picked":"TalkToTheHand","floor":1},{"not_picked":["Collect","Crescendo"],"picked":"FlurryOfBlows","floor":4},{"not_picked":["EmptyFist","FlurryOfBlows"],"picked":"CarveReality","floor":6},{"not_picked":["BattleHymn","Consecrate","CrushJoints"],"picked":"SKIP","floor":8},{"not_picked":["FlyingSleeves","CutThroughFate"],"picked":"Tantrum","floor":13},{"not_picked":["Tantrum","Meditate"],"picked":"CarveReality","floor":14},{"not_picked":["LessonLearned","Blasphemy"],"picked":"Wish","floor":16},{"not_picked":["CrushJoints","ClearTheMind+1","Fasting2"],"picked":"SKIP","floor":18},{"not_picked":["JustLucky","Halt"],"picked":"FlurryOfBlows","floor":21},{"not_picked":["Crescendo","WindmillStrike","Evaluate"],"picked":"SKIP","floor":22},{"not_picked":["Crescendo","Evaluate"],"picked":"WindmillStrike","floor":22},{"not_picked":["Crescendo","CutThroughFate+1","PathToVictory+1"],"picked":"SKIP","floor":25},{"not_picked":["ThirdEye","ClearTheMind","Scrawl"],"picked":"SKIP","floor":29},{"not_picked":["Ragnarok","Wish"],"picked":"Establishment","floor":33},{"not_picked":["PathToVictory"],"picked":"SKIP","floor":35},{"not_picked":["CrushJoints"],"picked":"SKIP","floor":36},{"not_picked":[],"picked":"FlyingSleeves+1","floor":40},{"not_picked":[],"picked":"Protect+1","floor":44},{"not_picked":["CutThroughFate+1"],"picked":"SKIP","floor":45}],"player_experience":281692,"relics_obtained":[{"floor":6,"key":"Darkstone Periapt"},{"floor":9,"key":"Orichalcum"},{"floor":14,"key":"Tiny Chest"},{"floor":26,"key":"Letter Opener"},{"floor":28,"key":"Blood Vial"},{"floor":42,"key":"Mercury Hourglass"},{"floor":43,"key":"Peace Pipe"}],"event_choices":[{"damage_healed":0,"gold_gain":100,"player_choice":"Pray","damage_taken":0,"max_hp_gain":0,"max_hp_loss":0,"event_name":"Golden Shrine","floor":2,"gold_loss":0},{"damage_healed":0,"gold_gain":0,"player_choice":"Donut","damage_taken":0,"max_hp_gain":5,"max_hp_loss":0,"event_name":"Big Fish","floor":5,"gold_loss":0},{"damage_healed":0,"gold_gain":0,"player_choice":"Upgraded","damage_taken":0,"max_hp_gain":0,"max_hp_loss":0,"event_name":"Upgrade Shrine","floor":12,"gold_loss":0,"cards_upgraded":["Eruption"]},{"cards_removed":["Nirvana"],"damage_healed":0,"gold_gain":0,"player_choice":"Gave Gold","damage_taken":0,"max_hp_gain":0,"max_hp_loss":0,"event_name":"Beggar","floor":19,"gold_loss":75},{"damage_healed":0,"gold_gain":0,"player_choice":"Ignored","damage_taken":0,"max_hp_gain":0,"max_hp_loss":0,"event_name":"Ghosts","floor":24,"gold_loss":0},{"damage_healed":0,"gold_gain":100,"player_choice":"Pray","damage_taken":0,"max_hp_gain":0,"max_hp_loss":0,"event_name":"Golden Shrine","floor":27,"gold_loss":0},{"damage_healed":0,"gold_gain":0,"player_choice":"Memory 1","damage_taken":0,"max_hp_gain":0,"max_hp_loss":0,"event_name":"SensoryStone","floor":38,"gold_loss":0},{"cards_removed":["EmptyMind"],"damage_healed":0,"gold_gain":0,"player_choice":"Removed Skill","damage_taken":0,"max_hp_gain":0,"max_hp_loss":0,"event_name":"Falling","floor":39,"gold_loss":0},{"damage_healed":0,"gold_gain":0,"player_choice":"Paid","damage_taken":0,"relics_obtained":["Red Mask"],"max_hp_gain":0,"max_hp_loss":0,"event_name":"Tomb of Lord Red Mask","floor":41,"gold_loss":123},{"damage_healed":0,"gold_gain":0,"player_choice":"Ignored","damage_taken":0,"max_hp_gain":0,"max_hp_loss":0,"event_name":"OrinTheCat","floor":48,"gold_loss":0}],"is_beta":false,"boss_relics":[{"not_picked":["Velvet Choker","Empty Cage"],"picked":"Astrolabe"},{"not_picked":["SacredBark","Black Star"],"picked":"Busted Crown"}],"items_purged_floors":[3,10],"is_endless":false,"potions_floor_spawned":[4,14,16,29,36,44],"killed_by":"Donu and Deca","ascension_level":0}}