{"host":"tnhjz9cb8p0320p2","time":1607491263,"event":{"gold_per_floor":[117,93,110,110,131,169,169,194,218,218,218],"floor_reached":10,"playtime":363,"items_purged":[],"score":78,"play_id":"80b831d4-1600-4cb1-9e87-c7eea2a655df","local_time":"20201208232103","is_ascension_mode":true,"campfire_choices":[{"floor":7,"key":"REST"}],"neow_cost":"PERCENT_DAMAGE","seed_source_timestamp":542164613587399,"circlet_count":0,"master_deck":["Runesmith:Strike_RS","Runesmith:Strike_RS","Runesmith:Strike_RS","Runesmith:Strike_RS","Runesmith:Defend_RS","Runesmith:Defend_RS","Runesmith:Defend_RS","Runesmith:Defend_RS","Runesmith:CraftFirestone","Runesmith:Fortify","Runesmith:ChaoticBlast","Runesmith:CraftProtectio","Runesmith:HammerAndChisel","Runesmith:ShiftingStrike","Runesmith:FrozenChisel"],"relics":["Runesmith:BrokenRuby","Runesmith:Locket","betterThird:SlimedRelic","Golden Idol","Toy Ornithopter","Potion Belt"],"potions_floor_usage":[],"damage_taken":[{"damage":1,"enemies":"Jaw Worm","floor":1,"turns":3},{"damage":4,"enemies":"Small Slimes","floor":3,"turns":4},{"damage":0,"enemies":"2 Louse","floor":5,"turns":1},{"damage":28,"enemies":"Lagavulin","floor":6,"turns":8},{"damage":0,"enemies":"Looter","floor":8,"turns":4}],"seed_played":"-4699670459098243539","potions_obtained":[{"floor":6,"key":"Energy Potion"},{"floor":8,"key":"construct:ShiftPotion"}],"is_trial":false,"path_per_floor":["M","?","M","?","M","E","R","M","T","?"],"character_chosen":"RUNESMITH_CLASS","items_purchased":[],"campfire_rested":1,"item_purchase_floors":[],"current_hp_per_floor":[48,37,33,33,33,5,24,24,24,0,0],"gold":218,"neow_bonus":"ONE_RARE_RELIC","is_prod":false,"is_daily":false,"chose_seed":false,"campfire_upgraded":0,"win_rate":0,"timestamp":1607491263,"path_taken":["M","?","M","?","M","E","R","M","T","?"],"build_version":"2020-11-30","purchased_purges":0,"victory":false,"max_hp_per_floor":[70,70,70,65,65,65,65,65,65,65,65],"relic_stats":{"counters":[5,20],"Golden Idol":17,"obtain_stats":[{"Potion Belt":9,"Runesmith:BrokenRuby":0,"Golden Idol":4,"betterThird:SlimedRelic":2,"Runesmith:Locket":0,"Toy Ornithopter":6},{"Potion Belt":5,"Runesmith:BrokenRuby":0,"Golden Idol":2,"betterThird:SlimedRelic":1,"Runesmith:Locket":0,"Toy Ornithopter":4},{"Potion Belt":20,"Runesmith:BrokenRuby":0,"Golden Idol":7,"betterThird:SlimedRelic":3,"Runesmith:Locket":0,"Toy Ornithopter":16}],"Toy Ornithopter":0},"card_choices":[{"not_picked":["Runesmith:Repurpose","Runesmith:UnstableHammer"],"picked":"Runesmith:ChaoticBlast","floor":1},{"not_picked":["Runesmith:ChiselStab","Runesmith:Overpower"],"picked":"Runesmith:CraftProtectio","floor":3},{"not_picked":["Runesmith:CraftMagma","Runesmith:Repurpose"],"picked":"Runesmith:HammerAndChisel","floor":5},{"not_picked":["Runesmith:UnstableHammer","Runesmith:Overpower"],"picked":"Runesmith:ShiftingStrike","floor":6},{"not_picked":["Runesmith:EarthShield","Runesmith:WhiteBalance"],"picked":"Runesmith:FrozenChisel","floor":8}],"player_experience":1948148,"relics_obtained":[{"floor":6,"key":"Toy Ornithopter"},{"floor":9,"key":"Potion Belt"}],"event_choices":[{"damage_healed":0,"gold_gain":0,"player_choice":"Slimed","damage_taken":11,"max_hp_gain":0,"max_hp_loss":0,"event_name":"betterThird:BetterGoop","floor":2,"gold_loss":24},{"damage_healed":0,"gold_gain":0,"player_choice":"Lose Max HP","damage_taken":0,"relics_obtained":["Golden Idol"],"max_hp_gain":0,"max_hp_loss":5,"event_name":"Golden Idol","floor":4,"gold_loss":0}],"is_beta":false,"boss_relics":[],"items_purged_floors":[],"is_endless":false,"potions_floor_spawned":[6,8],"ascension_level":3}}