{"host":"e1zuqie93klo2ncl","time":1607509576,"event":{"gold_per_floor":[114,141,169,192,192,192,20,20,20],"floor_reached":8,"playtime":484,"items_purged":["Defend_G"],"score":96,"play_id":"d59c095f-9613-4eef-8fda-3871f4255bb2","local_time":"20201209102616","is_ascension_mode":true,"campfire_choices":[{"floor":6,"key":"REST"}],"neow_cost":"NONE","seed_source_timestamp":4604372838100,"circlet_count":0,"master_deck":["AscendersBane","Strike_G","Strike_G","Strike_G","Strike_G","Strike_G","Defend_G","Defend_G","Defend_G","Defend_G","Survivor","Neutralize","Quick Slash","Poisoned Stab","Deadly Poison","Well Laid Plans","Deflect"],"relics":["Ring of the Snake","CeramicFish","Golden Idol"],"potions_floor_usage":[8],"damage_taken":[{"damage":6,"enemies":"Jaw Worm","floor":1,"turns":7},{"damage":1,"enemies":"2 Louse","floor":2,"turns":3},{"damage":2,"enemies":"Small Slimes","floor":3,"turns":5},{"damage":14,"enemies":"3 Louse","floor":4,"turns":4},{"damage":55,"enemies":"Gremlin Nob","floor":8,"turns":4}],"seed_played":"919018197140564740","potions_obtained":[{"floor":1,"key":"Ancient Potion"},{"floor":3,"key":"EssenceOfSteel"}],"is_trial":false,"path_per_floor":["M","M","M","M","?","R","$","E"],"character_chosen":"THE_SILENT","items_purchased":["Well Laid Plans","Deflect"],"campfire_rested":1,"item_purchase_floors":[7,7],"current_hp_per_floor":[53,52,50,36,36,54,54,0,0],"gold":20,"neow_bonus":"RANDOM_COMMON_RELIC","is_prod":false,"is_daily":false,"chose_seed":false,"campfire_upgraded":0,"win_rate":0,"timestamp":1607509576,"path_taken":["M","M","M","M","?","R","$","E"],"build_version":"2020-11-30","purchased_purges":1,"victory":false,"max_hp_per_floor":[66,66,66,66,60,60,60,60,60],"relic_stats":{"counters":[5,23],"Golden Idol":0,"CeramicFish":45,"obtain_stats":[{"Golden Idol":5,"CeramicFish":0,"Ring of the Snake":0},{"Golden Idol":4,"CeramicFish":0,"Ring of the Snake":0},{"Golden Idol":19,"CeramicFish":0,"Ring of the Snake":0}],"Ring of the Snake":[10]},"card_choices":[{"not_picked":["Distraction","Expertise","Concentrate"],"picked":"SKIP","floor":1},{"not_picked":["Distraction","Tactician"],"picked":"Quick Slash","floor":2},{"not_picked":["Endless Agony","Tactician"],"picked":"Poisoned Stab","floor":3},{"not_picked":["Cloak And Dagger","Dodge and Roll"],"picked":"Deadly Poison","floor":4}],"player_experience":770455,"relics_obtained":[],"event_choices":[{"damage_healed":0,"gold_gain":0,"player_choice":"Lose Max HP","damage_taken":0,"relics_obtained":["Golden Idol"],"max_hp_gain":0,"max_hp_loss":6,"event_name":"Golden Idol","floor":5,"gold_loss":0}],"is_beta":false,"boss_relics":[],"items_purged_floors":[7],"is_endless":false,"potions_floor_spawned":[1,3],"killed_by":"Gremlin Nob","ascension_level":20}}