{"host":"d0y5v5lostuas3k8","time":1607495696,"event":{"gold_per_floor":[110,127,145,164,183,183,213,213,237,237,237,237],"floor_reached":11,"playtime":457,"items_purged":[],"score":75,"play_id":"4124014f-c4b6-4c85-8bae-aead9c7b4802","local_time":"20201209153456","is_ascension_mode":false,"campfire_choices":[{"data":"Terror","floor":6.0,"key":"SMITH"},{"data":"Adrenaline","floor":8,"key":"SMITH"}],"neow_cost":"NONE","seed_source_timestamp":9905883961300,"circlet_count":0,"master_deck":["Strike_G","Strike_G","Strike_G","Strike_G","Strike_G","Defend_G","Defend_G","Defend_G","Defend_G","Defend_G","Survivor","Neutralize","Terror+1","Adrenaline+1"],"special_seed":0,"relics":["Ring of the Snake","Snake Skull","Anchor","Dream Catcher","Orichalcum"],"potions_floor_usage":[7,7,7],"damage_taken":[{"damage":0.0,"enemies":"2 Louse","floor":1.0,"turns":3.0},{"damage":0.0,"enemies":"Cultist","floor":2.0,"turns":4.0},{"damage":0.0,"enemies":"Small Slimes","floor":3.0,"turns":6.0},{"damage":1.0,"enemies":"3 Louse","floor":4.0,"turns":5.0},{"damage":6.0,"enemies":"Blue Slaver","floor":5.0,"turns":5.0},{"damage":26,"enemies":"Lagavulin","floor":7,"turns":7},{"damage":37,"enemies":"3 Sentries","floor":11,"turns":10}],"seed_played":"3886626077657175615","potions_obtained":[{"floor":1.0,"key":"SkillPotion"},{"floor":3.0,"key":"SkillPotion"},{"floor":5.0,"key":"LiquidBronze"}],"is_trial":false,"path_per_floor":["M","M","M","M","M","R","E","R","T","?","E"],"character_chosen":"THE_SILENT","items_purchased":[],"campfire_rested":0,"item_purchase_floors":[],"current_hp_per_floor":[70,70,70,69,63,63,37,37,37,37,0,0],"gold":237,"neow_bonus":"RANDOM_COMMON_RELIC","is_prod":false,"is_daily":false,"chose_seed":false,"campfire_upgraded":2,"win_rate":0.0,"timestamp":1607495696,"path_taken":["M","M","M","M","M","R","E","R","T","?","E"],"build_version":"2020-11-30","purchased_purges":0,"victory":false,"max_hp_per_floor":[70,70,70,70,70,70,70,70,70,70,70,70],"card_choices":[{"not_picked":["Finisher","Accuracy","Setup"],"picked":"SKIP","floor":1.0},{"not_picked":["Reflex","Deflect","Cloak And Dagger"],"picked":"SKIP","floor":2.0},{"not_picked":["Prepared","Underhanded Strike"],"picked":"Dagger Throw","floor":3.0},{"not_picked":["Underhanded Strike","Deflect","Flechettes"],"picked":"SKIP","floor":4.0},{"not_picked":["Dagger Throw","Flying Knee"],"picked":"Terror","floor":5.0},{"not_picked":["Dash","Setup"],"picked":"Adrenaline","floor":7}],"player_experience":386561,"relics_obtained":[{"floor":7,"key":"Anchor"},{"floor":9,"key":"Dream Catcher"}],"event_choices":[{"cards_removed":["Dagger Throw"],"damage_healed":0,"gold_gain":0,"player_choice":"Gave Card","damage_taken":0,"relics_obtained":["Orichalcum"],"max_hp_gain":0,"max_hp_loss":0,"event_name":"WeMeetAgain","floor":10,"gold_loss":0}],"is_beta":false,"boss_relics":[],"items_purged_floors":[],"is_endless":false,"potions_floor_spawned":[1,3,5],"killed_by":"3 Sentries","ascension_level":0}}