{"host":"hyrsuayny3efwwum","time":1607474140,"event":{"gold_per_floor":[14,30,48,48,48,81,81,81,81],"floor_reached":8,"playtime":389,"items_purged":[],"score":78,"play_id":"2f90e8f1-d950-40df-adf0-595fdcce0a47","local_time":"20201208193540","is_ascension_mode":true,"campfire_choices":[],"neow_cost":"NO_GOLD","seed_source_timestamp":0,"circlet_count":0,"master_deck":["Strike_G","Strike_G","Strike_G","Strike_G","Strike_G","Defend_G","Defend_G","Defend_G","Defend_G","Defend_G","Survivor+1","Neutralize","Infinite Blades","Cloak And Dagger","PiercingWail+1","Regret","Noxious Fumes","Parasite"],"special_seed":0,"relics":["Ring of the Snake","Calipers","Snake Skull","Akabeko","War Paint"],"potions_floor_usage":[6,8],"damage_taken":[{"damage":0,"enemies":"Small Slimes","floor":1,"turns":3},{"damage":2,"enemies":"Jaw Worm","floor":2,"turns":5},{"damage":0,"enemies":"2 Louse","floor":3,"turns":3},{"damage":43,"enemies":"Gremlin Nob","floor":6,"turns":5},{"damage":38,"enemies":"3 Sentries","floor":8,"turns":6}],"seed_played":"1957308245205026703","potions_obtained":[{"floor":2,"key":"Regen Potion"},{"floor":3,"key":"SteroidPotion"}],"is_trial":false,"path_per_floor":["M","M","M","?","?","E","?","E"],"character_chosen":"THE_SILENT","items_purchased":[],"campfire_rested":0,"item_purchase_floors":[],"current_hp_per_floor":[63,61,61,61,49,6,23,0,0],"gold":81,"neow_bonus":"ONE_RARE_RELIC","is_prod":false,"is_daily":false,"chose_seed":false,"campfire_upgraded":0,"win_rate":0,"timestamp":1607474140,"path_taken":["M","M","M","?","?","E","?","E"],"build_version":"2020-11-30","purchased_purges":0,"victory":false,"max_hp_per_floor":[70,70,70,70,70,70,70,70,70],"relic_stats":{"counters":[5,22],"Snake Skull":[11],"War Paint":["PiercingWail","Survivor"],"obtain_stats":[{"Calipers":0,"Snake Skull":4,"War Paint":6,"Akabeko":5,"Ring of the Snake":0},{"Calipers":0,"Snake Skull":3,"War Paint":4,"Akabeko":3,"Ring of the Snake":0},{"Calipers":0,"Snake Skull":11,"War Paint":16,"Akabeko":11,"Ring of the Snake":0}],"Ring of the Snake":[10]},"card_choices":[{"not_picked":["Sucker Punch","Deflect"],"picked":"Infinite Blades","floor":1},{"not_picked":["Deflect","Calculated Gamble"],"picked":"Cloak And Dagger","floor":2},{"not_picked":["Tactician","Bane"],"picked":"PiercingWail","floor":3},{"not_picked":["Dagger Spray","Bouncing Flask"],"picked":"Noxious Fumes","floor":6}],"player_experience":739314,"relics_obtained":[{"floor":6,"key":"War Paint"}],"event_choices":[{"damage_healed":0,"gold_gain":0,"player_choice":"Box","damage_taken":0,"relics_obtained":["Snake Skull"],"max_hp_gain":0,"max_hp_loss":0,"event_name":"Big Fish","floor":4,"gold_loss":0,"cards_obtained":["Regret"]},{"damage_healed":0,"gold_gain":0,"player_choice":"Success","damage_taken":12,"relics_obtained":["Akabeko"],"max_hp_gain":0,"max_hp_loss":0,"event_name":"Scrap Ooze","floor":5,"gold_loss":0},{"damage_healed":17,"gold_gain":0,"player_choice":"Healed and dodged fight","damage_taken":0,"max_hp_gain":0,"max_hp_loss":0,"event_name":"Mushrooms","floor":7,"gold_loss":0,"cards_obtained":["Parasite"]}],"is_beta":false,"boss_relics":[],"items_purged_floors":[],"is_endless":false,"potions_floor_spawned":[2,3],"killed_by":"3 Sentries","ascension_level":8}}