{"host":"yzlg3mitc00v31o1","time":1607519031,"event":{"gold_per_floor":[759,60,79,97,110,110,122,144,193,258,258,285,304,163,163,263,263,273,285,285,297,297,297,325,59,59,93,93,127,142,156,156,257,257,267,267,316,327,103,103,118,134,157,172,182,182,213,232,232,232,232,232,27,53,53],"floor_reached":56,"playtime":2868,"items_purged":["Defend_R","Defend_R","Strike_R","Strike_R","Flame Barrier","Strike_R","Anger"],"score":1266,"play_id":"25411f0f-27f5-410f-94cd-abb1600a3969","local_time":"20201209220351","is_ascension_mode":false,"campfire_choices":[{"data":"Double Tap","floor":6.0,"key":"SMITH"},{"floor":11.0,"key":"REST"},{"data":"Spot Weakness","floor":15.0,"key":"SMITH"},{"data":"J.A.X.","floor":23,"key":"SMITH"},{"data":"Seeing Red","floor":28,"key":"SMITH"},{"data":"Limit Break","floor":32,"key":"SMITH"},{"floor":40,"key":"RECALL"},{"data":"Shrug It Off","floor":49,"key":"SMITH"},{"data":"Dramatic Entrance","floor":52,"key":"SMITH"}],"neow_cost":"NONE","seed_source_timestamp":0,"circlet_count":0,"master_deck":["Strike_R","Strike_R","Defend_R+1","Defend_R+1","Double Tap+1","Inflame","Spot Weakness+1","Ghostly Armor","Shrug It Off+1","Limit Break+1","Searing Blow+1","J.A.X.+1","Flame Barrier+1","Seeing Red+1","Spot Weakness+1","Anger+1","Dramatic Entrance+1","Madness"],"special_seed":0,"relics":["Black Blood","War Paint","Self Forming Clay","Regal Pillow","Odd Mushroom","Orichalcum","Shuriken","Bronze Scales","TungstenRod","Bottled Lightning","Oddly Smooth Stone","Centennial Puzzle","HornCleat","Busted Crown","Dead Branch","PreservedInsect","ClockworkSouvenir","Strawberry","Magic Flower","Orrery","Vajra"],"potions_floor_usage":[54],"damage_taken":[{"damage":3.0,"enemies":"Jaw Worm","floor":1.0,"turns":3.0},{"damage":0.0,"enemies":"Small Slimes","floor":3.0,"turns":3.0},{"damage":6.0,"enemies":"Cultist","floor":4.0,"turns":3.0},{"damage":11.0,"enemies":"2 Fungi Beasts","floor":5.0,"turns":4.0},{"damage":4.0,"enemies":"3 Louse","floor":7.0,"turns":4.0},{"damage":44.0,"enemies":"The Mushroom Lair","floor":8.0,"turns":5.0},{"damage":16.0,"enemies":"3 Sentries","floor":10.0,"turns":11.0},{"damage":32.0,"enemies":"3 Sentries","floor":12.0,"turns":10.0},{"damage":2.0,"enemies":"Blue Slaver","floor":13.0,"turns":3.0},{"damage":23.0,"enemies":"Slime Boss","floor":16.0,"turns":7.0},{"damage":9,"enemies":"Spheric Guardian","floor":18,"turns":4},{"damage":0,"enemies":"3 Byrds","floor":19,"turns":2},{"damage":16,"enemies":"3 Cultists","floor":21,"turns":6},{"damage":10,"enemies":"Gremlin Leader","floor":24,"turns":5},{"damage":11,"enemies":"Slavers","floor":27,"turns":6},{"damage":4,"enemies":"Book of Stabbing","floor":29,"turns":4},{"damage":4,"enemies":"Snake Plant","floor":30,"turns":2},{"damage":12,"enemies":"Sentry and Sphere","floor":31,"turns":4},{"damage":26,"enemies":"Collector","floor":33,"turns":6},{"damage":2,"enemies":"3 Shapes","floor":35,"turns":3},{"damage":29,"enemies":"2 Orb Walkers","floor":37,"turns":4},{"damage":5,"enemies":"Orb Walker","floor":38,"turns":3},{"damage":22,"enemies":"4 Shapes","floor":41,"turns":1},{"damage":4,"enemies":"3 Darklings","floor":42,"turns":5},{"damage":15,"enemies":"Writhing Mass","floor":44,"turns":3},{"damage":8,"enemies":"4 Shapes","floor":45,"turns":5},{"damage":11,"enemies":"Nemesis","floor":47,"turns":5},{"damage":22,"enemies":"Sphere and 2 Shapes","floor":48,"turns":4},{"damage":44,"enemies":"Awakened One","floor":50,"turns":7},{"damage":4,"enemies":"Shield and Spear","floor":54,"turns":4},{"damage":61,"enemies":"The Heart","floor":55,"turns":8}],"seed_played":"3590005902530814381","potions_obtained":[{"floor":3.0,"key":"LiquidMemories"},{"floor":5.0,"key":"ElixirPotion"},{"floor":7.0,"key":"FearPotion"},{"floor":12.0,"key":"SpeedPotion"},{"floor":16.0,"key":"Dexterity Potion"},{"floor":19,"key":"LiquidMemories"},{"floor":31,"key":"DuplicationPotion"}],"is_trial":false,"path_per_floor":["M","$","M","M","M","R","M","?","T","?","R","E","M","$","R","B",null,"M","M","?","M","?","R","E","$","T","E","R","E","M","M","R","B",null,"M","?","?","M","$","R","M","M","T","M","M","?","E","M","R","B",null,"R","$","E","B",null],"character_chosen":"IRONCLAD","items_purchased":["Double Tap","Self Forming Clay","Regal Pillow","Inflame","Shrug It Off","TungstenRod","Seeing Red","Oddly Smooth Stone","PreservedInsect","ClockworkSouvenir","Madness","Orrery"],"campfire_rested":1,"item_purchase_floors":[2,2,2,2,14,14,25,25,39,39,53,53],"current_hp_per_floor":[80,80,80,80,75,75,77,39,39,29,68,42,46,46,46,29,80,80,80,80,76,76,76,78,78,78,79,79,80,80,80,80,66,80,80,80,63,70,70,70,60,68,75,72,76,76,77,73,73,47,87,87,87,87,44],"gold":53,"neow_bonus":"RANDOM_COMMON_RELIC","is_prod":false,"is_daily":false,"chose_seed":false,"campfire_upgraded":7,"win_rate":0,"timestamp":1607519031,"path_taken":["M","$","M","M","M","R","M","?","T","?","R","E","M","?","R","BOSS","M","M","?","?","?","R","E","$","T","E","R","E","M","M","R","BOSS","M","?","?","M","?","R","?","M","T","M","M","?","E","M","R","BOSS","R","$","E","BOSS"],"build_version":"2020-11-30","purchased_purges":7,"victory":true,"max_hp_per_floor":[80,80,80,80,80,80,80,80,80,80,80,80,80,80,80,80,80,80,80,80,80,80,80,80,80,80,80,80,80,80,80,80,80,80,80,80,80,80,80,80,80,80,87,87,87,87,87,87,87,87,87,87,87,87,87],"card_choices":[{"not_picked":["True Grit","Warcry","Clothesline"],"picked":"SKIP","floor":1.0},{"not_picked":["Body Slam","Berserk"],"picked":"Spot Weakness","floor":3.0},{"not_picked":["Perfected Strike","Shrug It Off","Wild Strike"],"picked":"SKIP","floor":4.0},{"not_picked":["Body Slam","Pommel Strike"],"picked":"Flame Barrier","floor":5.0},{"not_picked":["Armaments","Perfected Strike","Iron Wave"],"picked":"SKIP","floor":7.0},{"not_picked":["Perfected Strike","Wild Strike"],"picked":"Ghostly Armor","floor":8.0},{"not_picked":["Combust","Armaments"],"picked":"Anger","floor":12.0},{"not_picked":["Headbutt","Infernal Blade","Wild Strike"],"picked":"SKIP","floor":13.0},{"not_picked":["Immolate","Juggernaut"],"picked":"Limit Break","floor":16.0},{"not_picked":["Wild Strike","Sword Boomerang","Carnage"],"picked":"SKIP","floor":18},{"not_picked":["Iron Wave","Wild Strike","True Grit+1"],"picked":"SKIP","floor":19},{"not_picked":["Anger+1","Shrug It Off"],"picked":"Searing Blow+1","floor":21},{"not_picked":["Feel No Pain","Rupture"],"picked":"Flame Barrier+1","floor":24},{"not_picked":["Entrench","Juggernaut"],"picked":"Spot Weakness+1","floor":27},{"not_picked":["Wild Strike","Sword Boomerang","Dual Wield"],"picked":"SKIP","floor":29},{"not_picked":["Sever Soul","Sentinel","Wild Strike"],"picked":"SKIP","floor":30},{"not_picked":["Spot Weakness","Cleave+1"],"picked":"Anger+1","floor":31},{"not_picked":["Battle Trance+1"],"picked":"SKIP","floor":35},{"not_picked":[],"picked":"Dramatic Entrance","floor":36},{"not_picked":["Thunderclap+1"],"picked":"SKIP","floor":38},{"not_picked":["Flex+1"],"picked":"SKIP","floor":41},{"not_picked":["Thunderclap"],"picked":"SKIP","floor":42},{"not_picked":["Feel No Pain+1"],"picked":"SKIP","floor":44},{"not_picked":["Reckless Charge+1"],"picked":"SKIP","floor":45},{"not_picked":["Body Slam+1"],"picked":"SKIP","floor":47},{"not_picked":["Bloodletting"],"picked":"SKIP","floor":48},{"not_picked":["Combust"],"picked":"SKIP","floor":54}],"player_experience":68687,"relics_obtained":[{"floor":8.0,"key":"Odd Mushroom"},{"floor":9.0,"key":"Orichalcum"},{"floor":10.0,"key":"Shuriken"},{"floor":12.0,"key":"Bronze Scales"},{"floor":24,"key":"Bottled Lightning"},{"floor":27,"key":"Centennial Puzzle"},{"floor":29,"key":"HornCleat"},{"floor":37,"key":"Dead Branch"},{"floor":43,"key":"Strawberry"},{"floor":47,"key":"Magic Flower"},{"floor":54,"key":"Vajra"}],"event_choices":[{"damage_healed":0.0,"max_hp_gain":0.0,"max_hp_loss":0.0,"gold_gain":0.0,"event_name":"Mushrooms","player_choice":"Fought Mushrooms","floor":8.0,"gold_loss":0.0,"damage_taken":0.0},{"damage_healed":0.0,"max_hp_gain":0.0,"max_hp_loss":0.0,"gold_gain":0.0,"event_name":"Dead Adventurer","player_choice":"Searched \u00271\u0027 times","floor":10.0,"gold_loss":0.0,"damage_taken":0.0},{"cards_removed":["Bash"],"damage_healed":0,"gold_gain":0,"player_choice":"Purged","damage_taken":0,"max_hp_gain":0,"max_hp_loss":0,"event_name":"Purifier","floor":20,"gold_loss":0},{"damage_healed":0,"gold_gain":0,"player_choice":"Obtain J.A.X.","damage_taken":0,"max_hp_gain":0,"max_hp_loss":0,"event_name":"Drug Dealer","floor":22,"gold_loss":0,"cards_obtained":["J.A.X."]},{"damage_healed":0,"gold_gain":0,"player_choice":"Memory 1","damage_taken":0,"max_hp_gain":0,"max_hp_loss":0,"event_name":"SensoryStone","floor":36,"gold_loss":0},{"damage_healed":0,"gold_gain":0,"player_choice":"Fight","damage_taken":0,"max_hp_gain":0,"max_hp_loss":0,"event_name":"Mysterious Sphere","floor":37,"gold_loss":0},{"damage_healed":0,"gold_gain":0,"player_choice":"Ignored","damage_taken":0,"max_hp_gain":0,"max_hp_loss":0,"event_name":"Tomb of Lord Red Mask","floor":46,"gold_loss":0}],"is_beta":false,"boss_relics":[{"not_picked":["Coffee Dripper","Velvet Choker"],"picked":"Black Blood"},{"not_picked":["Runic Pyramid","Astrolabe"],"picked":"Busted Crown"}],"items_purged_floors":[2,2,2,2,25,25,39],"is_endless":false,"potions_floor_spawned":[3,5,7,12,16,19,31,33,38,42,44,45,54],"ascension_level":0}}