{"host":"xodzlm10r37577ou","time":1607472400,"event":{"gold_per_floor":[114,124,124,138,149,149,167,186,186,196,196,271,283,299,299,299,299],"floor_reached":16,"playtime":461,"items_purged":[],"score":191,"play_id":"8a039dfd-da41-4e90-84ae-b0923669dfe0","local_time":"20201209080640","is_ascension_mode":true,"campfire_choices":[{"data":"Toxin Wave","floor":6,"key":"SMITH"},{"data":"Toxin Wave","floor":11,"key":"SMITH"},{"data":"Neutralize","floor":15,"key":"SMITH"}],"neow_cost":"NONE","seed_source_timestamp":318126547029500,"circlet_count":0,"master_deck":["AscendersBane","Strike_G","Strike_G","Strike_G","Strike_G","Strike_G","Defend_G","Defend_G","Defend_G","Defend_G","Defend_G","Survivor","Neutralize+1","Toxin Wave+1","Backflip","Unload","PiercingWail","ReplayTheSpireMod:Speed Training","Expertise","Toxin Wave+1"],"relics":["Ring of the Snake","NeowsBlessing","Onion Ring"],"potions_floor_usage":[16],"damage_taken":[{"damage":0,"enemies":"2 Louse","floor":1,"turns":1},{"damage":0,"enemies":"Jaw Worm","floor":2,"turns":1},{"damage":0,"enemies":"Small Slimes","floor":4,"turns":1},{"damage":10,"enemies":"3 Louse","floor":5,"turns":3},{"damage":0,"enemies":"2 Fungi Beasts","floor":7,"turns":4},{"damage":0,"enemies":"Lots of Slimes","floor":8,"turns":2},{"damage":1,"enemies":"Large Slime","floor":10,"turns":4},{"damage":1,"enemies":"Red Slaver","floor":13,"turns":5},{"damage":7,"enemies":"Blue Slaver","floor":14,"turns":4},{"damage":33,"enemies":"Hexaghost","floor":16,"turns":11}],"seed_played":"6116476882613139443","potions_obtained":[{"floor":4,"key":"CunningPotion"},{"floor":7,"key":"SpeedPotion"},{"floor":13,"key":"Fire Potion"},{"floor":14,"key":"Swift Potion"}],"is_trial":false,"path_per_floor":["M","M","?","M","M","R","M","M","T","M","R","?","M","M","R","B"],"character_chosen":"THE_SILENT","items_purchased":[],"campfire_rested":0,"item_purchase_floors":[],"current_hp_per_floor":[59,59,59,59,49,49,49,49,49,48,48,37,36,29,29,0,0],"gold":299,"neow_bonus":"THREE_ENEMY_KILL","is_prod":false,"is_daily":false,"chose_seed":false,"campfire_upgraded":3,"win_rate":0,"timestamp":1607472400,"path_taken":["M","M","?","M","M","R","M","M","T","M","R","?","M","M","R","BOSS"],"build_version":"2020-11-30","purchased_purges":0,"victory":false,"max_hp_per_floor":[66,66,66,66,66,66,66,66,66,66,66,66,66,66,66,66,66],"card_choices":[{"not_picked":["Bane","Fluid Movement"],"picked":"Toxin Wave","floor":1},{"not_picked":["Sucker Punch","Dagger Spray"],"picked":"Backflip","floor":2},{"not_picked":["Dagger Throw","Prepared"],"picked":"Unload","floor":4},{"not_picked":["Slice","Cloak And Dagger"],"picked":"PiercingWail","floor":5},{"not_picked":["Poisoned Stab","Caltrops"],"picked":"ReplayTheSpireMod:Speed Training","floor":7},{"not_picked":["Dagger Throw","Slice"],"picked":"Expertise","floor":8},{"not_picked":["Acrobatics","Eviscerate"],"picked":"Toxin Wave","floor":10},{"not_picked":["Deadly Poison","Backflip","Riddle With Holes"],"picked":"SKIP","floor":13},{"not_picked":["Blade Dance","Poisoned Stab","Quick Slash"],"picked":"SKIP","floor":14}],"player_experience":391023,"relics_obtained":[{"floor":9,"key":"Onion Ring"}],"event_choices":[{"damage_healed":0,"gold_gain":0,"player_choice":"Ignored","damage_taken":0,"max_hp_gain":0,"max_hp_loss":0,"event_name":"Liars Game","floor":3,"gold_loss":0},{"damage_healed":0,"gold_gain":75,"player_choice":"Gather Gold","damage_taken":11,"max_hp_gain":0,"max_hp_loss":0,"event_name":"World of Goop","floor":12,"gold_loss":0}],"is_beta":false,"boss_relics":[],"items_purged_floors":[],"is_endless":false,"potions_floor_spawned":[4,7,13,14],"killed_by":"Hexaghost","ascension_level":19}}