{"host":"brlhu57vzmgrzvkq","time":1607538465,"event":{"gold_per_floor":[110,110,126,126,143,143,157,175,200,200,220,233,233,263,263,368,368,382,395,408,408,408],"floor_reached":21,"playtime":828,"items_purged":[],"score":194,"play_id":"e725e227-2a58-49aa-8cb9-4b3a849abcc3","local_time":"20201209112745","is_ascension_mode":true,"campfire_choices":[{"data":"Crescendo","floor":6.0,"key":"SMITH"},{"data":"Eruption","floor":10.0,"key":"SMITH"},{"data":"Tantrum","floor":15.0,"key":"SMITH"}],"neow_cost":"NONE","seed_source_timestamp":721613815062200,"circlet_count":0,"master_deck":["Strike_P","Strike_P","Defend_P","Defend_P","Defend_P","Defend_P","Eruption+1","Vigilance","Protect","ReachHeaven","Crescendo+1","LikeWater","DeceiveReality","DeceiveReality","Halt","Tantrum+1","Devotion","EmptyFist","Protect","DevaForm"],"special_seed":0,"relics":["PureWater","Centennial Puzzle","Juzu Bracelet","Black Star"],"potions_floor_usage":[20],"damage_taken":[{"damage":0.0,"enemies":"Cultist","floor":1.0,"turns":4.0},{"damage":14.0,"enemies":"2 Louse","floor":3.0,"turns":3.0},{"damage":0.0,"enemies":"Jaw Worm","floor":5.0,"turns":2.0},{"damage":12.0,"enemies":"3 Louse","floor":7.0,"turns":3.0},{"damage":5.0,"enemies":"Gremlin Gang","floor":8.0,"turns":7.0},{"damage":6.0,"enemies":"2 Fungi Beasts","floor":11.0,"turns":3.0},{"damage":0.0,"enemies":"Large Slime","floor":12.0,"turns":3.0},{"damage":7.0,"enemies":"Gremlin Nob","floor":14.0,"turns":4.0},{"damage":14.0,"enemies":"The Guardian","floor":16.0,"turns":8.0},{"damage":35,"enemies":"Spheric Guardian","floor":18,"turns":8},{"damage":13,"enemies":"2 Thieves","floor":19,"turns":4},{"damage":17,"enemies":"Snake Plant","floor":20,"turns":5}],"seed_played":"1060318551198450656","potions_obtained":[{"floor":1.0,"key":"BlessingOfTheForge"},{"floor":7.0,"key":"PowerPotion"},{"floor":8.0,"key":"PowerPotion"},{"floor":14.0,"key":"Dexterity Potion"},{"floor":18,"key":"Weak Potion"}],"is_trial":false,"path_per_floor":["M","?","M","?","M","R","M","M","T","R","M","M","?","E","R","B",null,"M","M","M","?"],"character_chosen":"WATCHER","items_purchased":[],"campfire_rested":0,"item_purchase_floors":[],"current_hp_per_floor":[72,77,63,56,56,56,44,39,39,39,33,33,33,26,26,12,77,42,29,12,0,0],"gold":408,"neow_bonus":"THREE_CARDS","is_prod":false,"is_daily":false,"chose_seed":false,"campfire_upgraded":3,"win_rate":0,"timestamp":1607538465,"path_taken":["M","?","M","?","M","R","M","M","T","R","M","?","?","E","R","BOSS","M","M","M","?"],"build_version":"2020-11-30","purchased_purges":0,"victory":false,"max_hp_per_floor":[72,77,77,77,77,77,77,77,77,77,77,77,77,77,77,77,77,77,77,77,77,77],"card_choices":[{"not_picked":["JustLucky","Halt"],"picked":"Protect","floor":0.0},{"not_picked":["Halt","FlurryOfBlows"],"picked":"ReachHeaven","floor":1.0},{"not_picked":["Protect","Perseverance"],"picked":"Crescendo","floor":3.0},{"not_picked":["JustLucky","InnerPeace"],"picked":"LikeWater","floor":5.0},{"not_picked":["Weave","WheelKick","Sanctity"],"picked":"SKIP","floor":7.0},{"not_picked":["CrushJoints","Consecrate"],"picked":"DeceiveReality","floor":8.0},{"not_picked":["PathToVictory","FlyingSleeves"],"picked":"DeceiveReality","floor":11.0},{"not_picked":["FlurryOfBlows","Adaptation"],"picked":"Halt","floor":12.0},{"not_picked":["BowlingBash","FlyingSleeves"],"picked":"Tantrum","floor":14.0},{"not_picked":["Brilliance","Judgement"],"picked":"Devotion","floor":16.0},{"not_picked":["JustLucky+1","Evaluate"],"picked":"EmptyFist","floor":18},{"not_picked":["PathToVictory+1","CarveReality+1"],"picked":"Protect","floor":19},{"not_picked":["FlyingSleeves+1","FollowUp"],"picked":"DevaForm","floor":20}],"player_experience":50000,"relics_obtained":[{"floor":9.0,"key":"Centennial Puzzle"},{"floor":14.0,"key":"Juzu Bracelet"}],"event_choices":[{"damage_healed":0.0,"max_hp_gain":5.0,"max_hp_loss":0.0,"gold_gain":0.0,"event_name":"Big Fish","player_choice":"Donut","floor":2.0,"gold_loss":0.0,"damage_taken":0.0},{"cards_removed":["Strike_P"],"damage_healed":0.0,"max_hp_gain":0.0,"max_hp_loss":0.0,"gold_gain":0.0,"event_name":"Golden Wing","player_choice":"Card Removal","floor":4.0,"gold_loss":0.0,"damage_taken":7.0},{"cards_removed":["Strike_P"],"damage_healed":0.0,"max_hp_gain":0.0,"max_hp_loss":0.0,"gold_gain":0.0,"event_name":"Purifier","player_choice":"Purged","floor":13.0,"gold_loss":0.0,"damage_taken":0.0}],"is_beta":false,"boss_relics":[{"not_picked":["Astrolabe","Coffee Dripper"],"picked":"Black Star"}],"items_purged_floors":[],"is_endless":false,"potions_floor_spawned":[1,7,8,12,14,18,19],"ascension_level":1}}