{"host":"kux12pw67lc1ca9q","time":1607541740,"event":{"gold_per_floor":[369,165,177,52,67,67,99,99,99,99,130,130,148,166,166,239,239,254,274,189,189,189,189,189,189],"floor_reached":24,"playtime":799,"items_purged":["StuffTheSpire:GnomedCurse"],"score":438,"play_id":"8bfa434a-5815-49a9-a2c8-d7311a84d2a5","local_time":"20201209192220","is_ascension_mode":true,"campfire_choices":[{"data":"WordoMod:SoulSpear","floor":6,"key":"SMITH"},{"data":"WordoMod:Hysteria","floor":8,"key":"SMITH"},{"data":"WordoMod:BreakChains","floor":10,"key":"SMITH"},{"floor":15,"key":"REST"},{"data":"Endless Agony","floor":23,"key":"SMITH"}],"neow_cost":"PERCENT_DAMAGE","seed_source_timestamp":356091914660100,"circlet_count":0,"master_deck":["AscendersBane","WordoMod:StrikeCard","WordoMod:DefendCard","WordoMod:DefendCard","WordoMod:DefendCard","WordoMod:DefendCard","WordoMod:Accursed","WordoMod:IllWill","WordoMod:SoulSpear+1","WordoMod:ShackleGuard","WordoMod:GreatSeal+1","Clumsy","WordoMod:BreakChains+1","WordoMod:Hysteria+1","WordoMod:Resurrection","Clumsy","WordoMod:Retaliate","WordoMod:ThornedFist","WordoMod:Repent","WordoMod:WipingAllOut","Bane","Endless Agony+1","ShadowRift"],"relics":["WordoMod:Obsidian","WordoMod:Effigy","ReplayTheSpireMod:CursedCoin","Mercury Hourglass","Sundial","The Courier","StuffTheSpire:Nightcore","ReplayTheSpireMod:Ring of Challenge","Philosopher\u0027s Stone","infinitespire:Satchel"],"potions_floor_usage":[11,13,13,16],"damage_taken":[{"damage":7,"enemies":"Menagerie:MonstrousExperiment","floor":1,"turns":3},{"damage":1,"enemies":"Menagerie:WhisperingWraith","floor":3,"turns":4},{"damage":2,"enemies":"Menagerie:2_RABBITS","floor":5,"turns":3},{"damage":0,"enemies":"Menagerie:MaskedSummoner","floor":7,"turns":4},{"damage":6,"enemies":"Menagerie:Hydra","floor":11,"turns":3},{"damage":9,"enemies":"Menagerie:KEEPER_AND_YOUNG_SUNEATER","floor":13,"turns":3},{"damage":0,"enemies":"Menagerie:3_RABBITS","floor":14,"turns":4},{"damage":39,"enemies":"Menagerie:Suneater","floor":16,"turns":6},{"damage":20,"enemies":"Spheric Guardian","floor":18,"turns":4},{"damage":1,"enemies":"3 Byrds","floor":19,"turns":2},{"damage":6,"enemies":"Gremlin Leader","floor":24,"turns":2}],"seed_played":"7756977608033860228","potions_obtained":[{"floor":5,"key":"AttackPotion"},{"floor":7,"key":"SCP261:BostonMolassesPotion"},{"floor":11,"key":"Energy Potion"},{"floor":13,"key":"SCP261:SweetSwarmPotion"},{"floor":19,"key":"Venom Potion"}],"is_trial":false,"path_per_floor":["M","$","M","?","M","R","E","R","T","R","E","?","M","M","R","B",null,"M","M","?","?","?","R","E"],"character_chosen":"JUDGE_CLASS","items_purchased":["ReplayTheSpireMod:CursedCoin","Mercury Hourglass"],"campfire_rested":1,"item_purchase_floors":[2,2],"current_hp_per_floor":[43,43,42,42,40,40,40,40,40,40,34,34,25,25,47,8,58,38,37,37,37,37,37,31,31],"gold":189,"neow_bonus":"TWO_FIFTY_GOLD","is_prod":false,"is_daily":false,"chose_seed":false,"campfire_upgraded":4,"win_rate":0,"timestamp":1607541740,"path_taken":["M","$","M","?","M","R","E","R","T","R","E","?","M","M","R","BOSS","M","M","?","?","?","R","E"],"build_version":"2020-11-30","purchased_purges":1,"victory":false,"max_hp_per_floor":[75,75,75,75,75,75,75,75,75,75,75,75,75,75,75,75,75,75,75,75,75,75,75,75,75],"card_choices":[{"not_picked":["WordoMod:CurseBuckler","WordoMod:RiskTaker"],"picked":"WordoMod:SoulSpear","floor":1},{"not_picked":["WordoMod:RiskTaker","WordoMod:MentalFortitude"],"picked":"WordoMod:ShackleGuard","floor":3},{"not_picked":["WordoMod:SurgicalPrecision+1","WordoMod:UltimateSacrifice+1"],"picked":"WordoMod:GreatSeal+1","floor":4},{"not_picked":["Gensokyo:AllTheWorldsEvil","Pain"],"picked":"Clumsy","floor":5},{"not_picked":["WordoMod:Vulgarity","WordoMod:Unchained"],"picked":"WordoMod:BreakChains","floor":5},{"not_picked":["WordoMod:SecondChance","WordoMod:Unchained"],"picked":"WordoMod:Hysteria","floor":7},{"not_picked":["WordoMod:ShackleGuard","WordoMod:Reading"],"picked":"WordoMod:Resurrection","floor":11},{"not_picked":["Notoriety","Pain"],"picked":"Clumsy","floor":13},{"not_picked":["WordoMod:LordOfTheFlies","WordoMod:TheCure"],"picked":"WordoMod:Retaliate","floor":13},{"not_picked":["WordoMod:BloodThinning","WordoMod:ShackleGuard"],"picked":"WordoMod:ThornedFist","floor":14},{"not_picked":["WordoMod:Parry","WordoMod:InfectiousCulture"],"picked":"WordoMod:Repent","floor":18},{"not_picked":["WordoMod:BoundlessGreed","WordoMod:SoulSpear"],"picked":"WordoMod:WipingAllOut","floor":19}],"player_experience":1305483,"relics_obtained":[{"floor":7,"key":"Sundial"},{"floor":9,"key":"The Courier"},{"floor":11,"key":"StuffTheSpire:Nightcore"},{"floor":12,"key":"ReplayTheSpireMod:Ring of Challenge"}],"event_choices":[{"damage_healed":0,"gold_gain":0,"player_choice":"2","damage_taken":0,"max_hp_gain":0,"max_hp_loss":0,"event_name":"betterMatch:BetterMatch","floor":4,"gold_loss":0,"cards_obtained":["betterMatch:RareCard"]},{"damage_healed":0,"gold_gain":0,"player_choice":"Obtained Relic","damage_taken":0,"relics_obtained":["infinitespire:Satchel"],"max_hp_gain":0,"max_hp_loss":0,"event_name":"Addict","floor":20,"gold_loss":85},{"damage_healed":0,"gold_gain":0,"player_choice":"Ignored","damage_taken":0,"max_hp_gain":0,"max_hp_loss":0,"event_name":"Ghosts","floor":21,"gold_loss":0}],"is_beta":false,"boss_relics":[{"not_picked":["ReplayTheSpireMod:SealedPack","vexMod:MysteryBossChallenge"],"picked":"Philosopher\u0027s Stone"}],"items_purged_floors":[2],"is_endless":false,"potions_floor_spawned":[5,7,11,13,19],"killed_by":"Gremlin Leader","ascension_level":20}}