{"host":"aygt75jb8cs7sa4f","time":1607482241,"event":{"gold_per_floor":[114,114,130,130,147,147,147,177,201,201,201,201,236,253,253,355,355,369,452,463,220,239,239,239,239,262,262,119,119,134,161,161,259,259,278,278,290,290,67,67,67,67,67,93,93,119,119,136,136,237,237,248,262,273,284,284,284,284,284,284,313,313,313],"floor_reached":62,"playtime":5720,"items_purged":["Looming Evil"],"score":975,"play_id":"7826643a-a638-4946-9b31-c048b1077996","local_time":"20201208215041","daily_mods":["SealedDeck","Flight","Elite Swarm"],"is_ascension_mode":false,"campfire_choices":[{"data":"HollowMod:NewJinnsSoul","floor":6.0,"key":"SMITH"},{"data":"HollowMod:NewGlowingWomb","floor":7.0,"key":"SMITH"},{"data":"HollowMod:NewInfectedGuardian","floor":10.0,"key":"SMITH"},{"data":"HollowMod:DungDefenderAura","floor":11.0,"key":"SMITH"},{"data":"HollowMod:DungDefenderAura","floor":12.0,"key":"SMITH"},{"data":"HollowMod:MothsMistake","floor":15.0,"key":"SMITH"},{"data":"HollowMod:NewInfectedGuardian","floor":23.0,"key":"SMITH"},{"data":"HollowMod:MawleksShell","floor":24.0,"key":"SMITH"},{"data":"HollowMod:InfectedCysts","floor":25.0,"key":"SMITH"},{"data":"HollowMod:TaintedHusks","floor":27.0,"key":"SMITH"},{"data":"HollowMod:CloakDash","floor":29.0,"key":"SMITH"},{"floor":32.0,"key":"REST"},{"data":"HollowMod:Hiveblood","floor":40.0,"key":"SMITH"},{"data":"HollowMod:NewJinnsSoul","floor":41.0,"key":"SMITH"},{"floor":42.0,"key":"REST"},{"data":"HollowMod:NewInfectedGuardian","floor":45.0,"key":"SMITH"},{"data":"HollowMod:InfectionAssault","floor":45.0,"key":"SMITH"},{"data":"HollowMod:Hiveblood","floor":47.0,"key":"SMITH"},{"data":"HollowMod:MothsMistake","floor":47.0,"key":"SMITH"},{"floor":49.0,"key":"REST"},{"data":"Pot Of Greed","floor":57,"key":"SMITH"},{"data":"HollowMod:TaintedHusks","floor":57,"key":"SMITH"},{"data":"HollowMod:InfectedCysts","floor":58,"key":"SMITH"},{"data":"HollowMod:InfectedCysts","floor":58,"key":"SMITH"},{"data":"HollowMod:InfectedAttack","floor":59,"key":"SMITH"},{"data":"HollowMod:CornifersMapStart","floor":59,"key":"SMITH"}],"neow_cost":"","seed_source_timestamp":0,"circlet_count":0,"master_deck":["HollowMod:CornifersMapStart+1","HollowMod:InfectedCysts+1","HollowMod:InfectedCysts+1","HollowMod:InfectedCysts+1","HollowMod:NewJinnsSoul+1","HollowMod:NewJinnsSoul+1","HollowMod:NewGlowingWomb+1","HollowMod:DungDefenderAura+1","HollowMod:InfectedAttack+1","HollowMod:MothsMistake+1","HollowMod:DungDefenderAura+1","HollowMod:NewInfectedGuardian+1","HollowMod:TaintedHusks+1","HollowMod:NewInfectedGuardian+1","HollowMod:MawleksShell+1","HollowMod:TaintedHusks+1","Assess+1","Pot Of Greed+1","Pot Of Greed+1","HollowMod:NewJinnsSoul+1","HollowMod:CloakDash+1","HollowMod:SoulStrike+1","HollowMod:Hiveblood+1","HollowMod:NewInfectedGuardian+1","HollowMod:TaintedHusks+1","Hallownest:curseDreamersLament","HollowMod:MothsMistake+1","HollowMod:InfectionAssault+1","HollowMod:Hiveblood+1","HollowMod:InfectionAssault+1"],"special_seed":0,"relics":["HollowMod:VesselMask","replay:Trail_Library","Blood Vial","Bag of Preparation","Art of War","Bag of Marbles","Grinning Jar","HollowMod:MillibellesNoteRelic","Guide Book","Bird Faced Urn","Hallownest:BeastSealRelic","Ring of Fury","ReplayTheSpireMod:Ring of Challenge","HollowMod:KingsBrand","halation:PenCase","ReplayTheSpireMod:Lightbulb","Torii","Philosopher\u0027s Stone","halation:SelfBoilingWater"],"potions_floor_usage":[],"damage_taken":[{"damage":9.0,"enemies":"Hallownest:2_Baldur","floor":1.0,"turns":3.0},{"damage":4.0,"enemies":"Hallownest:monsterHuskWarrior","floor":3.0,"turns":4.0},{"damage":0.0,"enemies":"Hallownest:monsterHuskGuard","floor":5.0,"turns":4.0},{"damage":6.0,"enemies":"Hallownest:eliteMossKnight","floor":8.0,"turns":6.0},{"damage":13.0,"enemies":"Hallownest:eliteVengeflyKing","floor":13.0,"turns":5.0},{"damage":0.0,"enemies":"Hallownest:MossCreep_and_Mosskin","floor":14.0,"turns":4.0},{"damage":33.0,"enemies":"Hallownest:BossFalseKnight","floor":16.0,"turns":8.0},{"damage":6.0,"enemies":"Hallownest:3_Youths","floor":18.0,"turns":4.0},{"damage":0.0,"enemies":"Hallownest:2_Mistakes","floor":20.0,"turns":4.0},{"damage":6.0,"enemies":"Hallownest:monsterMisterMushroom","floor":22.0,"turns":5.0},{"damage":20.0,"enemies":"Hallownest:Master_and_Novice","floor":30.0,"turns":3.0},{"damage":16.0,"enemies":"Hallownest:eliteSoulWarrior","floor":31.0,"turns":5.0},{"damage":22.0,"enemies":"Hallownest:BossSoulMaster","floor":33.0,"turns":8.0},{"damage":0.0,"enemies":"Hallownest:3_Siblings","floor":35.0,"turns":4.0},{"damage":68.0,"enemies":"Hallownest:2_Littles","floor":37.0,"turns":4.0},{"damage":19.0,"enemies":"Hallownest:eliteCollector","floor":44.0,"turns":4.0},{"damage":25.0,"enemies":"Hallownest:StalkingDevout","floor":46.0,"turns":6.0},{"damage":49.0,"enemies":"Hallownest:Xero_Hu_Marmu","floor":48.0,"turns":5.0},{"damage":97.0,"enemies":"Hallownest:BossGreyPrinceZote","floor":50.0,"turns":9.0},{"damage":1,"enemies":"Hallownest:2_Tiktiks_and_1_Crawlid","floor":52,"turns":2},{"damage":1,"enemies":"Hallownest:monsterHuskGuard","floor":53,"turns":1},{"damage":0,"enemies":"Hallownest:2_MossCreeps","floor":54,"turns":1},{"damage":50,"enemies":"Hallownest:1_Baldur_1_Crawlid_1_Warrior","floor":55,"turns":3},{"damage":35,"enemies":"Hallownest:eliteCrystalGuardian","floor":61,"turns":3},{"damage":32,"enemies":"Hallownest:eliteVengeflyKing","floor":62,"turns":1}],"seed_played":"5898517247072458255","potions_obtained":[{"floor":3.0,"key":"Regen Potion"},{"floor":5.0,"key":"Adrenaline Potion"},{"floor":13.0,"key":"CultistPotion"},{"floor":16.0,"key":"AttackPotion"},{"floor":30.0,"key":"Swift Potion"},{"floor":31.0,"key":"Toxic Potion"},{"floor":35.0,"key":"Fire Potion"},{"floor":37.0,"key":"SneckoOil"},{"floor":50.0,"key":"Death Potion"},{"floor":52,"key":"AttackPotion"},{"floor":53,"key":"Dexterity Potion"}],"is_trial":true,"path_per_floor":["M","?","M","?","M","R","R","E","T","R","R","R","E","M","R","B",null,"M","?","M","$","M","R","R","R","T","R","$","R","M","E","R","B",null,"M","?","M","?","$","R","R","R","T","E","R","E","R","M","R","B",null,"M","M","M","M","?","R","R","R","T","E","E"],"character_chosen":"THE_BUGKNIGHT","items_purchased":["Assess","Grinning Jar","Guide Book","HollowMod:KingsBrand"],"campfire_rested":3,"item_purchase_floors":[21,21,28,39],"current_hp_per_floor":[66,66,62,62,62,62,62,56,56,56,56,56,60,62,62,31,75,69,39,41,41,37,37,37,37,37,37,37,37,19,5,27,26,75,75,75,19,19,19,19,19,41,41,30,30,40,40,21,43,16,75,74,74,75,27,27,27,27,27,27,16,0,0],"gold":313,"neow_bonus":"","is_prod":false,"is_daily":false,"chose_seed":false,"campfire_upgraded":23,"win_rate":0,"timestamp":1607482241,"path_taken":["M","?","M","?","M","R","R","E","T","R","R","R","E","M","R","BOSS","M","?","M","$","M","R","R","R","T","R","$","R","M","E","R","BOSS","M","?","M","?","$","R","R","R","T","E","R","E","R","?","R","BOSS","M","M","M","M","?","R","R","R","T","E","E"],"build_version":"2020-11-30","purchased_purges":1,"victory":false,"max_hp_per_floor":[75,75,75,75,75,75,75,75,75,75,75,75,75,75,75,75,75,75,75,75,75,75,75,75,75,75,75,75,75,75,75,75,75,75,75,75,75,75,75,75,75,75,75,75,75,75,75,75,75,75,75,75,75,75,75,75,75,75,75,75,75,75,75],"card_choices":[{"not_picked":["HollowMod:VengefulVoid","HollowMod:SoulShaman","HollowMod:SoulVessel"],"picked":"SKIP","floor":1.0},{"not_picked":["HollowMod:SoulStrike","HollowMod:BlackTendrils"],"picked":"HollowMod:DungDefenderAura","floor":3.0},{"not_picked":["HollowMod:HowlingWraiths","HollowMod:CoiledNail","HollowMod:SharpenedNail"],"picked":"SKIP","floor":5.0},{"not_picked":["HollowMod:AwokenDreamNail","HollowMod:HornetsHelp"],"picked":"HollowMod:NewInfectedGuardian","floor":8.0},{"not_picked":["HollowMod:SoulMaster","HollowMod:VoidDash","HollowMod:AwokenDreamNail"],"picked":"SKIP","floor":13.0},{"not_picked":["HollowMod:MantisMark","HollowMod:DungDefenderAura","HollowMod:NewJinnsSoul"],"picked":"SKIP","floor":14.0},{"not_picked":["HollowMod:SoulMaster","HollowMod:MidwifesHunger"],"picked":"HollowMod:NewInfectedGuardian","floor":16.0},{"not_picked":["HollowMod:SoulShaman","HollowMod:DungDefenderAura"],"picked":"HollowMod:MawleksShell","floor":18.0},{"not_picked":["HollowMod:DesolateDive+1","HollowMod:ChannelNail+1"],"picked":"HollowMod:TaintedHusks","floor":19.0},{"not_picked":["HollowMod:CoiledNail","HollowMod:QuirrelsAssistance","HollowMod:HowlingWraiths+1"],"picked":"SKIP","floor":20.0},{"not_picked":["HollowMod:InfectedCysts","HollowMod:LifebloodCocoon+1"],"picked":"HollowMod:NewJinnsSoul","floor":22.0},{"not_picked":["HollowMod:VengefulVoid","HollowMod:InfectedCysts"],"picked":"HollowMod:SoulStrike+1","floor":30.0},{"not_picked":["HollowMod:AwokenDreamNail","HollowMod:LifebloodCore"],"picked":"HollowMod:Hiveblood","floor":31.0},{"not_picked":["HollowMod:SlysStrikes","HollowMod:MidwifesHunger"],"picked":"HollowMod:NewInfectedGuardian","floor":33.0},{"not_picked":["HollowMod:NewJinnsSoul","HollowMod:Grubsong+1"],"picked":"HollowMod:TaintedHusks+1","floor":35.0},{"not_picked":["HollowMod:SiblingsSouls","HollowMod:DreamGate+1"],"picked":"HollowMod:MothsMistake","floor":37.0},{"not_picked":["HollowMod:VoidDash","HollowMod:HornetsHelp","HollowMod:MidwifesHunger"],"picked":"SKIP","floor":44.0},{"not_picked":["HollowMod:MidwifesHunger","HollowMod:AwokenDreamNail"],"picked":"HollowMod:Hiveblood","floor":46.0},{"not_picked":["HollowMod:DescendingDark","HollowMod:InfectedAttack","HollowMod:DashSlash+1"],"picked":"SKIP","floor":48.0},{"not_picked":["HollowMod:BaldurShell","HollowMod:SoulSplash","HollowMod:SoulVessel"],"picked":"SKIP","floor":52},{"not_picked":["HollowMod:SoulShaman","HollowMod:ShadowDash","HollowMod:DungDefenderAura"],"picked":"SKIP","floor":53},{"not_picked":["HollowMod:InfectedAttack","HollowMod:CloakDash","HollowMod:NewLittleFool"],"picked":"SKIP","floor":54},{"not_picked":["HollowMod:WraithStrike","HollowMod:VengefulVoid"],"picked":"HollowMod:InfectionAssault","floor":55},{"not_picked":["HollowMod:AwokenDreamNail","HollowMod:SoulMaster","HollowMod:Weaversong"],"picked":"SKIP","floor":61}],"player_experience":348930,"relics_obtained":[{"floor":8.0,"key":"Blood Vial"},{"floor":9.0,"key":"Bag of Preparation"},{"floor":13.0,"key":"Art of War"},{"floor":19.0,"key":"Bag of Marbles"},{"floor":26.0,"key":"HollowMod:MillibellesNoteRelic"},{"floor":31.0,"key":"Bird Faced Urn"},{"floor":38.0,"key":"Ring of Fury"},{"floor":38.0,"key":"ReplayTheSpireMod:Ring of Challenge"},{"floor":43.0,"key":"halation:PenCase"},{"floor":44.0,"key":"ReplayTheSpireMod:Lightbulb"},{"floor":46.0,"key":"Torii"},{"floor":60,"key":"halation:SelfBoilingWater"}],"event_choices":[],"is_beta":false,"boss_relics":[{"not_picked":["Velvet Choker","ReplayTheSpireMod:DimensionalGlitch","halation:CatFaceCupcake"]},{"not_picked":["Painkiller Herb","halation:PlatinumPhoenix","Replay:Grab Bag"]},{"not_picked":["halation:Yufonium","Replay:Ancient Bell"],"picked":"Philosopher\u0027s Stone"}],"items_purged_floors":[39],"is_endless":true,"potions_floor_spawned":[3,5,13,16,30,31,35,37,50,52,53],"killed_by":"Hallownest:eliteVengeflyKing","ascension_level":0}}