{"host":"6z6y4ky8uzsz1dpj","time":1607518520,"event":{"gold_per_floor":[940,188,307,423,539,539,75,75,195,195,195],"floor_reached":10,"playtime":750,"items_purged":["Strike_W","Blood_for_Blood+1","Strike_W"],"score":358,"play_id":"b24d4a03-4111-4784-9f2b-6e08c2c17d64","local_time":"20201209075520","daily_mods":["challengethespire:Bronze Difficulty","challengethespire:Boss Rush","Uncertain Future"],"is_ascension_mode":false,"campfire_choices":[{"floor":8,"key":"REST"}],"neow_cost":"","seed_source_timestamp":253819909468900,"circlet_count":0,"master_deck":["Strike_W","Strike_W","Defend_W+1","Defend_W","Defend_W","Defend_W+1","Negative_Energy_Arrows","Bone_Wall","Bone_Armor+1","Bone_Shift+1","Whirlwind_of_Bones+1","Summon_Undead_Army+1","Summon_Lich+1","Summon_Undead_Army+1","Summon_Undead_Army+1","Bone_Armory+1","Bone_Armory+1","Bone_Bullets+1","Skeleton_Dragon+1","Bone_Armor+1","Bones_to_Steel+1"],"relics":["Vampire_Amulet","The Courier","Molten Egg 2","Toxic Egg 2","Frozen Egg 2","War Paint","Boot","Replay:Accelerometer","Quantum Egg","Fusion Hammer","Orichalcum","Lantern","Bag of Preparation","hubris:BottledRain"],"potions_floor_usage":[],"damage_taken":[{"damage":19,"enemies":"The Guardian","floor":3,"turns":11},{"damage":34,"enemies":"Slime Boss","floor":4,"turns":7},{"damage":18,"enemies":"Hexaghost","floor":5,"turns":7},{"damage":25,"enemies":"Automaton","floor":9,"turns":9},{"damage":22,"enemies":"Champ","floor":10,"turns":7}],"seed_played":"4258469500696328260","potions_obtained":[{"floor":3,"key":"Adrenaline Potion"},{"floor":4,"key":"FearPotion"},{"floor":5,"key":"Cursed Concoction"}],"is_trial":true,"path_per_floor":["$","$","M","M","M","T","$","R","M","M"],"character_chosen":"NECROMANCER","items_purchased":["Bone_Armor+1","Bone_Shift+1","Whirlwind_of_Bones+1","Blood_for_Blood+1","Summon_Undead_Army+1","Summon_Lich+1","Summon_Undead_Army+1","Summon_Undead_Army+1","Bone_Armory+1","Bone_Armory+1","War Paint","Orichalcum","Lantern","Bag of Preparation"],"campfire_rested":1,"item_purchase_floors":[2,2,2,2,2,2,2,2,2,2,2,7,7,7],"current_hp_per_floor":[75,75,58,30,14,14,14,36,17,0,0],"gold":195,"neow_bonus":"","is_prod":false,"is_daily":false,"chose_seed":false,"campfire_upgraded":0,"win_rate":0,"timestamp":1607518520,"path_taken":["$","$","M","M","M","T","$","R","M","M"],"build_version":"2020-11-30","purchased_purges":3,"victory":false,"max_hp_per_floor":[75,75,75,75,75,75,75,75,75,75,75],"card_choices":[],"player_experience":151806,"relics_obtained":[{"floor":3,"key":"Boot"},{"floor":4,"key":"Replay:Accelerometer"},{"floor":5,"key":"Quantum Egg"},{"floor":9,"key":"hubris:BottledRain"}],"event_choices":[],"is_beta":false,"boss_relics":[{"not_picked":["SlaversCollar","Replay:Bronze Core"],"picked":"Fusion Hammer"}],"items_purged_floors":[1,2,7],"is_endless":false,"potions_floor_spawned":[3,4,5],"killed_by":"Champ","ascension_level":0}}