{"host":"y76clbnovzmw9ubx","time":1607479885,"event":{"gold_per_floor":[113,123,5,5,24,56,56,85,112,77,88,108,142,162,162,241,241,257,83,83,103,121,121,121],"floor_reached":23,"playtime":1761,"items_purged":["Strike_B","Strike_B"],"score":426,"play_id":"fa5da720-3900-4a9d-a7a3-03d662790a7a","local_time":"20201208211125","is_ascension_mode":true,"campfire_choices":[{"data":"Sunder","floor":7,"key":"SMITH"},{"data":"Capacitor","floor":15,"key":"SMITH"}],"neow_cost":"NONE","seed_source_timestamp":5787467343308,"circlet_count":0,"master_deck":["AscendersBane","Strike_B","Strike_B","Defend_B","Defend_B","Defend_B","Defend_B","Zap","Dualcast","Reinforced Body","Ball Lightning","Capacitor+1","Coolheaded","Sunder+1","Skim","Genetic Algorithm","Coolheaded","Rainbow","Electrodynamics","Defragment","Decay","Barrage","Compile Driver"],"special_seed":0,"relics":["Nuclear Battery","Bag of Preparation","Pen Nib","Nunchaku","White Beast Statue","Inserter"],"potions_floor_usage":[18,21,22,23],"damage_taken":[{"damage":13.0,"enemies":"2 Louse","floor":1.0,"turns":3.0},{"damage":7.0,"enemies":"Small Slimes","floor":2.0,"turns":5.0},{"damage":7.0,"enemies":"Jaw Worm","floor":5.0,"turns":4.0},{"damage":10,"enemies":"Lagavulin","floor":6,"turns":8},{"damage":11,"enemies":"3 Sentries","floor":8,"turns":6},{"damage":0,"enemies":"3 Louse","floor":11,"turns":3},{"damage":0,"enemies":"Exordium Thugs","floor":12,"turns":3},{"damage":6,"enemies":"Lagavulin","floor":13,"turns":6},{"damage":1,"enemies":"Blue Slaver","floor":14,"turns":4},{"damage":9,"enemies":"The Guardian","floor":16,"turns":15},{"damage":7,"enemies":"3 Byrds","floor":18,"turns":4},{"damage":1,"enemies":"Shell Parasite","floor":21,"turns":3},{"damage":7,"enemies":"Snecko","floor":22,"turns":5},{"damage":46,"enemies":"Book of Stabbing","floor":23,"turns":5}],"seed_played":"-502942875952999195","potions_obtained":[{"floor":1.0,"key":"LiquidMemories"},{"floor":2.0,"key":"Energy Potion"},{"floor":18,"key":"Weak Potion"},{"floor":21,"key":"Explosive Potion"},{"floor":22,"key":"FocusPotion"}],"is_trial":false,"path_per_floor":["M","M","$","?","M","E","R","E","T","?","M","M","E","M","R","B",null,"M","$","?","M","M","E"],"character_chosen":"DEFECT","items_purchased":["Capacitor","Defragment"],"campfire_rested":0,"item_purchase_floors":[3,19],"current_hp_per_floor":[51,44,44,44,37,27,27,16,16,33,33,33,27,26,26,17,58,51,51,51,50,43,0,0],"gold":121,"neow_bonus":"BOSS_RELIC","is_prod":false,"is_daily":false,"chose_seed":false,"campfire_upgraded":2,"win_rate":0,"timestamp":1607479885,"path_taken":["M","M","$","?","M","E","R","E","T","?","M","M","E","M","R","BOSS","M","$","?","M","M","E"],"build_version":"2020-11-30","purchased_purges":2,"victory":false,"max_hp_per_floor":[71,71,71,71,71,71,71,71,71,71,71,71,71,71,71,71,71,71,71,71,71,71,71,71],"relic_stats":{"Nunchaku":[4],"Inserter":[8],"counters":[14,74],"Pen Nib":[4],"Bag of Preparation":[20],"obtain_stats":[{"Nunchaku":9,"Inserter":17,"Pen Nib":8,"Bag of Preparation":6,"Cracked Core":0,"White Beast Statue":13,"Nuclear Battery":0},{"Nunchaku":5,"Inserter":10,"Pen Nib":5,"Bag of Preparation":4,"Cracked Core":0,"White Beast Statue":8,"Nuclear Battery":0},{"Nunchaku":26,"Inserter":57,"Pen Nib":26,"Bag of Preparation":20,"Cracked Core":0,"White Beast Statue":38,"Nuclear Battery":0}]},"card_choices":[{"not_picked":["Static Discharge","Steam"],"picked":"Reinforced Body","floor":1.0},{"not_picked":["Storm","Force Field"],"picked":"Ball Lightning","floor":2.0},{"not_picked":["Scrape","Skim"],"picked":"Coolheaded","floor":5},{"not_picked":["Leap","Recycle"],"picked":"Sunder","floor":6},{"not_picked":["Gash","Conserve Battery"],"picked":"Skim","floor":8},{"not_picked":["Storm","Steam"],"picked":"Genetic Algorithm","floor":11},{"not_picked":["Reprogram","Storm"],"picked":"Coolheaded","floor":12},{"not_picked":["Beam Cell","Redo","Sweeping Beam"],"picked":"SKIP","floor":13},{"not_picked":["Barrage","Coolheaded"],"picked":"Rainbow","floor":14},{"not_picked":["Rainbow","Amplify"],"picked":"Electrodynamics","floor":16},{"not_picked":["Stack","Cold Snap","Conserve Battery"],"picked":"SKIP","floor":18},{"not_picked":["White Noise","Sunder"],"picked":"Barrage","floor":21},{"not_picked":["Streamline","Darkness+1"],"picked":"Compile Driver","floor":22}],"player_experience":2788978,"relics_obtained":[{"floor":6,"key":"Bag of Preparation"},{"floor":8,"key":"Pen Nib"},{"floor":9,"key":"Nunchaku"},{"floor":13,"key":"White Beast Statue"}],"event_choices":[{"damage_healed":0.0,"max_hp_gain":0.0,"max_hp_loss":0.0,"gold_gain":0.0,"event_name":"Liars Game","player_choice":"Ignored","floor":4.0,"gold_loss":0.0,"damage_taken":0.0},{"damage_healed":17,"gold_gain":0,"player_choice":"Healed","damage_taken":0,"max_hp_gain":0,"max_hp_loss":0,"event_name":"The Cleric","floor":10,"gold_loss":35},{"damage_healed":0,"gold_gain":0,"player_choice":"Smashed Altar","damage_taken":0,"max_hp_gain":0,"max_hp_loss":0,"event_name":"Forgotten Altar","floor":20,"gold_loss":0,"cards_obtained":["Decay"]}],"is_beta":false,"boss_relics":[{"not_picked":["Coffee Dripper","Runic Pyramid"],"picked":"Inserter"}],"items_purged_floors":[3,19],"is_endless":false,"potions_floor_spawned":[1,2,8,14,16,18,21,22],"killed_by":"Book of Stabbing","ascension_level":20}}