{"host":"za7hqrlivmswb7pj","time":1607478554,"event":{"gold_per_floor":[112,123,123,141,109,136,150,178,236,248,260,260],"floor_reached":11,"playtime":1238,"items_purged":[],"score":85,"play_id":"aeca3c94-3afc-4c18-91ec-2d220cbc198d","local_time":"20201208174914","is_ascension_mode":false,"campfire_choices":[{"floor":10,"key":"REST"}],"neow_cost":"NONE","seed_source_timestamp":117182519828300,"circlet_count":0,"master_deck":["Strike_G","Strike_G","Strike_G","Strike_G","Defend_G","Defend_G","Defend_G","Defend_G","Defend_G","Survivor","Neutralize","Leg Sweep","Noxious Fumes","Acrobatics","Deflect","Leg Sweep"],"relics":["Ring of the Snake","NeowsBlessing","Blue Candle","MawBank"],"potions_floor_usage":[8,8,11],"damage_taken":[{"damage":0,"enemies":"Cultist","floor":1,"turns":1},{"damage":0,"enemies":"Jaw Worm","floor":2,"turns":1},{"damage":0,"enemies":"2 Louse","floor":4,"turns":1},{"damage":17,"enemies":"Exordium Thugs","floor":5,"turns":7},{"damage":19,"enemies":"3 Sentries","floor":6,"turns":11},{"damage":0,"enemies":"Exordium Wildlife","floor":7,"turns":6},{"damage":15,"enemies":"Lagavulin","floor":8,"turns":11},{"damage":42,"enemies":"Gremlin Nob","floor":11,"turns":7}],"seed_played":"1655016757961064086","potions_obtained":[{"floor":1,"key":"Block Potion"},{"floor":5,"key":"LiquidBronze"},{"floor":8,"key":"AttackPotion"}],"is_trial":false,"path_per_floor":["M","M","?","M","M","E","M","E","T","R","E"],"character_chosen":"THE_SILENT","items_purchased":[],"campfire_rested":1,"item_purchase_floors":[],"current_hp_per_floor":[70,70,70,70,53,34,34,19,19,40,0,0],"gold":260,"neow_bonus":"THREE_ENEMY_KILL","is_prod":false,"is_daily":false,"chose_seed":false,"campfire_upgraded":0,"win_rate":0,"timestamp":1607478554,"path_taken":["M","M","?","M","M","E","?","E","T","R","E"],"build_version":"2020-11-30","purchased_purges":0,"victory":false,"max_hp_per_floor":[70,70,70,70,70,70,70,70,70,70,70,70],"card_choices":[{"not_picked":["Tactician","Poisoned Stab"],"picked":"Leg Sweep","floor":1},{"not_picked":["PiercingWail","Calculated Gamble"],"picked":"Noxious Fumes","floor":2},{"not_picked":["Prepared","PiercingWail"],"picked":"Acrobatics","floor":4},{"not_picked":["Dodge and Roll","Acrobatics"],"picked":"Deflect","floor":5},{"not_picked":["Expertise","Distraction","Dagger Spray"],"picked":"SKIP","floor":6},{"not_picked":["Poisoned Stab","Wraith Form v2","Sucker Punch"],"picked":"SKIP","floor":7},{"not_picked":["Crippling Poison","Flying Knee"],"picked":"Leg Sweep","floor":8}],"player_experience":3751160,"relics_obtained":[{"floor":6,"key":"Blue Candle"},{"floor":8,"key":"MawBank"}],"event_choices":[{"cards_removed":["Strike_G"],"damage_healed":0,"gold_gain":0,"player_choice":"Purged","damage_taken":0,"max_hp_gain":0,"max_hp_loss":0,"event_name":"Purifier","floor":3,"gold_loss":0}],"is_beta":false,"boss_relics":[],"items_purged_floors":[],"is_endless":false,"potions_floor_spawned":[1,5,8],"killed_by":"Gremlin Nob","ascension_level":0}}