{"host":"vmlckwo776x86um0","time":1607552672,"event":{"gold_per_floor":[117,127,127,140,140,140,162,181,233,247,247,247,259,294,294,395,395,414,434,434,28,55,55,55,66,66,78,112,132,147,176,176,274,274,292,292,305,305,321,353,353,372,372,395,406,425,445,455,455,455,455,455,254,281,281,281],"floor_reached":55,"playtime":3130,"items_purged":[],"score":820,"play_id":"084888c1-2118-47cc-902d-9f5f70047b33","local_time":"20201210092432","is_ascension_mode":false,"campfire_choices":[{"data":"beaked:Evade","floor":6,"key":"SMITH"},{"data":"beaked:Windmill","floor":12,"key":"SMITH"},{"data":"beaked:AwakenedForm","floor":23,"key":"SMITH"},{"data":"beaked:Evade","floor":32,"key":"SMITH"},{"data":"beaked:Evade","floor":41,"key":"SMITH"},{"floor":49,"key":"RECALL"}],"neow_cost":"TEN_PERCENT_HP_LOSS","seed_source_timestamp":2067371033366400,"circlet_count":0,"master_deck":["beaked:Strike_Y","beaked:Strike_Y","beaked:Strike_Y","beaked:Strike_Y","beaked:Strike_Y","beaked:Strike_Y","beaked:Defend_Y","beaked:Defend_Y+1","beaked:Defend_Y","beaked:Defend_Y","beaked:Ceremony","beaked:Ceremony","beaked:Evade+1","beaked:DigDeep","beaked:DigDeep+1","beaked:HuntressSpirit","beaked:Windmill+1","beaked:MimicMachine","beaked:BraceForImpact","beaked:SacrificialAttack","beaked:AwakenedForm+1","beaked:Insight","beaked:Foresight","beaked:AwakenedForm+1","beaked:Tweet+1","beaked:Roost","beaked:Pecker","beaked:Tweet+1","beaked:Windmill+1","beaked:Evade+1","beaked:KnowThyFoe","beaked:Roost+1","beaked:Poke+1","beaked:Evade+1","beaked:BraceForImpact+1","beaked:MimicHuntress+1","beaked:BraceForImpact+1","beaked:BraceForImpact+1","beaked:WarriorEssence","beaked:Flinch","beaked:WarriorEssence","beaked:Brace+1"],"relics":["beaked:MendingPlumage","qcfpunch:Lotus_Statue","Odd Mushroom","Tiny Chest","qcfpunch:Red_Beret","trackpad:IceCube","vexMod:TanglingVine","relicPack:OneForAll","qcfpunch:Primary_Brush","trackpad:Compendium","hubris:Towel","qcfpunch:Chain_With_Nametags","qcfpunch:Black_Training_Shirt","Blood Vial","vexMod:CursedCompass","conspire:BottledYoYo","Strawberry","trackpad:PocketGalaxy","trackpad:DisasterInABottle"],"potions_floor_usage":[16,28,28,42],"damage_taken":[{"damage":5,"enemies":"2 Louse","floor":1,"turns":4},{"damage":14,"enemies":"Jaw Worm","floor":2,"turns":6},{"damage":24,"enemies":"Small Slimes","floor":4,"turns":5},{"damage":37,"enemies":"The Mushroom Lair","floor":7,"turns":6},{"damage":8,"enemies":"Red Slaver","floor":8,"turns":5},{"damage":5,"enemies":"Blue Slaver","floor":10,"turns":5},{"damage":23,"enemies":"3 Louse","floor":13,"turns":5},{"damage":23,"enemies":"Replay:BlueRogue","floor":14,"turns":5},{"damage":28,"enemies":"Fading Forest","floor":16,"turns":11},{"damage":25,"enemies":"Spheric Guardian","floor":18,"turns":5},{"damage":34,"enemies":"Chosen","floor":19,"turns":8},{"damage":9,"enemies":"Snecko","floor":25,"turns":3},{"damage":14,"enemies":"Chosen and Byrds","floor":27,"turns":5},{"damage":2,"enemies":"Book of Stabbing","floor":28,"turns":3},{"damage":0,"enemies":"Centurion and Healer","floor":29,"turns":3},{"damage":7,"enemies":"Snake Plant","floor":30,"turns":3},{"damage":21,"enemies":"Gremlin Leader","floor":31,"turns":5},{"damage":9,"enemies":"conspire:MysteriousRune","floor":33,"turns":4},{"damage":0,"enemies":"3 Shapes","floor":35,"turns":2},{"damage":34,"enemies":"3 Darklings","floor":37,"turns":4},{"damage":0,"enemies":"Maw","floor":39,"turns":4},{"damage":0,"enemies":"beaked:SuperParasite","floor":40,"turns":4},{"damage":9,"enemies":"Sphere and 2 Shapes","floor":42,"turns":4},{"damage":7,"enemies":"Spire Growth","floor":45,"turns":3},{"damage":0,"enemies":"3 Darklings","floor":46,"turns":1},{"damage":1,"enemies":"Maw","floor":47,"turns":4},{"damage":29,"enemies":"Sphere and 2 Shapes","floor":48,"turns":3},{"damage":31,"enemies":"Time Eater","floor":50,"turns":8},{"damage":0,"enemies":"Shield and Spear","floor":54,"turns":1},{"damage":64,"enemies":"The Heart","floor":55,"turns":3}],"seed_played":"650149188482597512","potions_obtained":[{"floor":1,"key":"ColorlessPotion"},{"floor":2,"key":"Swift Potion"},{"floor":8,"key":"Weak Potion"},{"floor":25,"key":"GamblersBrew"},{"floor":27,"key":"Strength Potion"},{"floor":28,"key":"PowerPotion"},{"floor":29,"key":"AttackPotion"},{"floor":33,"key":"jedi:StrikingPotion"},{"floor":35,"key":"LiquidMemories"},{"floor":45,"key":"Doom Potion"}],"is_trial":false,"path_per_floor":["M","M","?","M","?","R","?","M","T","M","?","R","M","E","R_BF","B",null,"M","M","?","$","T","R","?","M","T","M","E","M","M","E","R","B",null,"M","$","M","?","M","E","R","M","T","T","M","M","M","M","R_BF","B",null,"R","$","E","B"],"character_chosen":"BEAKED_THE_CULTIST","items_purchased":["beaked:AwakenedForm+1","qcfpunch:Primary_Brush","beaked:WarriorEssence","trackpad:PocketGalaxy"],"campfire_rested":0,"item_purchase_floors":[21,21,53,53],"current_hp_per_floor":[43,42,42,37,42,42,38,45,45,45,42,42,38,36,45,45,45,39,43,43,43,43,43,43,45,45,32,45,45,45,45,45,45,45,45,45,45,45,45,45,45,45,45,52,52,52,52,42,42,52,52,52,52,52,0,0],"gold":281,"neow_bonus":"ONE_RARE_RELIC","is_prod":false,"is_daily":false,"chose_seed":false,"campfire_upgraded":5,"win_rate":0,"timestamp":1607552672,"path_taken":["M","M","?","M","?","R","?","M","T","?","?","R","M","E","R_BF","BOSS","M","M","?","$","?","R","?","M","T","M","E","?","M","E","R","BOSS","M","$","M","?","M","E","R","M","T","?","M","?","M","M","R_BF","BOSS","R","$","E","BOSS"],"build_version":"2020-11-30","purchased_purges":0,"victory":false,"max_hp_per_floor":[45,45,45,45,45,45,45,45,45,45,45,45,45,45,45,45,45,45,45,45,45,45,45,45,45,45,45,45,45,45,45,45,45,45,45,45,45,45,45,45,45,45,45,52,52,52,52,52,52,52,52,52,52,52,52,52],"card_choices":[{"not_picked":["beaked:Roost","beaked:Overexert"],"picked":"beaked:Evade","floor":1},{"not_picked":["beaked:SurvivalInstinct","beaked:MachineSpirit"],"picked":"beaked:DigDeep","floor":2},{"not_picked":["beaked:Daydream","beaked:Tweet"],"picked":"beaked:DigDeep","floor":4},{"not_picked":["beaked:Pecker","beaked:BarbedWire"],"picked":"beaked:HuntressSpirit","floor":7},{"not_picked":["beaked:Foresight","beaked:Brace"],"picked":"beaked:Windmill","floor":8},{"not_picked":["beaked:FullHouse","beaked:DigDeep"],"picked":"beaked:MimicMachine","floor":10},{"not_picked":["beaked:Devastation","beaked:Windmill"],"picked":"beaked:BraceForImpact","floor":13},{"not_picked":["beaked:TuckingFeathers","beaked:LiftOff"],"picked":"beaked:SacrificialAttack","floor":14},{"not_picked":["beaked:FullHouse","beaked:WildInstinct"],"picked":"beaked:AwakenedForm","floor":16},{"not_picked":["beaked:SurvivalInstinct","beaked:HuntressSpirit+1"],"picked":"beaked:Insight","floor":18},{"not_picked":["beaked:Tweet","beaked:Tradeoff"],"picked":"beaked:Foresight","floor":19},{"not_picked":["beaked:Tradeoff","beaked:Foresight"],"picked":"beaked:Tweet+1","floor":25},{"not_picked":["beaked:SacrificialAttack","beaked:Foresight"],"picked":"beaked:Roost","floor":27},{"not_picked":["ReplayTheSpireMod:RavenHex+1","beaked:Mantra"],"picked":"beaked:Pecker","floor":28},{"not_picked":["beaked:DigDeep","beaked:Cower"],"picked":"beaked:Tweet+1","floor":29},{"not_picked":["beaked:WarriorSpirit","beaked:CursingBlood+1"],"picked":"beaked:Windmill+1","floor":30},{"not_picked":["beaked:SacrificialDive","beaked:DigDeeper+1"],"picked":"beaked:Evade","floor":31},{"not_picked":["beaked:Sacrifice","beaked:VolatileMisfortune"],"picked":"beaked:KnowThyFoe","floor":33},{"not_picked":["beaked:Redirect","beaked:Flinch+1"],"picked":"beaked:Roost+1","floor":35},{"not_picked":["beaked:Molting+1","beaked:DigDeeper+1"],"picked":"beaked:Poke+1","floor":37},{"not_picked":["beaked:Flinch+1","beaked:TuckingFeathers"],"picked":"beaked:Evade","floor":39},{"not_picked":["beaked:VolatileMisfortune","beaked:BloodForTheGods"],"picked":"beaked:BraceForImpact+1","floor":40},{"not_picked":["beaked:FeelMyPain","beaked:Brainwash"],"picked":"beaked:MimicHuntress+1","floor":42},{"not_picked":["beaked:CrazyRituals","beaked:StunningBlow+1"],"picked":"beaked:BraceForImpact+1","floor":45},{"not_picked":["beaked:Brace","ReplayTheSpireMod:Prepare the Ceremony+1"],"picked":"beaked:BraceForImpact+1","floor":46},{"not_picked":["beaked:Brace","beaked:Resilience+1"],"picked":"beaked:WarriorEssence","floor":47},{"not_picked":["beaked:ShadowFade","beaked:Tradeoff+1"],"picked":"beaked:Flinch","floor":48},{"not_picked":["beaked:Cower+1","beaked:MaddeningMurmurs"],"picked":"beaked:Brace+1","floor":54}],"player_experience":78121,"relics_obtained":[{"floor":7,"key":"Odd Mushroom"},{"floor":9,"key":"Tiny Chest"},{"floor":14,"key":"trackpad:IceCube"},{"floor":22,"key":"trackpad:Compendium"},{"floor":26,"key":"qcfpunch:Chain_With_Nametags"},{"floor":28,"key":"qcfpunch:Black_Training_Shirt"},{"floor":31,"key":"Blood Vial"},{"floor":40,"key":"conspire:BottledYoYo"},{"floor":44,"key":"Strawberry"},{"floor":54,"key":"trackpad:DisasterInABottle"}],"event_choices":[{"damage_healed":0,"gold_gain":0,"player_choice":"Fought Mushrooms","damage_taken":0,"max_hp_gain":0,"max_hp_loss":0,"event_name":"Mushrooms","floor":7,"gold_loss":0},{"damage_healed":0,"gold_gain":0,"player_choice":"Success","damage_taken":3,"relics_obtained":["qcfpunch:Red_Beret"],"max_hp_gain":0,"max_hp_loss":0,"event_name":"Scrap Ooze","floor":11,"gold_loss":0},{"cards_removed":["beaked:Ceremony"],"damage_healed":0,"gold_gain":0,"player_choice":"Offered Basic","damage_taken":0,"max_hp_gain":0,"max_hp_loss":0,"event_name":"Bonfire Elementals","floor":38,"gold_loss":0}],"is_beta":false,"boss_relics":[{"not_picked":["Cursed Key","Painkiller Herb"],"picked":"vexMod:TanglingVine"},{"not_picked":["halation:MonkeysPaw","Runic Dome"],"picked":"vexMod:CursedCompass"}],"items_purged_floors":[],"is_endless":false,"potions_floor_spawned":[1,2,8,25,27,28,29,33,35,40,45,48,54],"killed_by":"The Heart","ascension_level":0}}