{"host":"ecaj4hn004xnnrw9","time":1607540673,"event":{"gold_per_floor":[164,164,164,17,48,48,80,80,80,111,111,127,157,171,171,171,171],"floor_reached":16,"playtime":500,"items_purged":["Strike_P"],"score":208,"play_id":"3c2a52dd-90c7-4389-83fc-df5e8fa1515d","local_time":"20201209190433","is_ascension_mode":true,"campfire_choices":[{"data":"Vigilance","floor":6,"key":"SMITH"},{"data":"FlurryOfBlows","floor":8,"key":"SMITH"},{"data":"Blasphemy","floor":11,"key":"SMITH"},{"floor":15,"key":"REST"}],"neow_cost":"NONE","seed_source_timestamp":13390048029900,"circlet_count":0,"master_deck":["Strike_P","Strike_P","Strike_P","Defend_P","Defend_P","Defend_P","Eruption+1","Vigilance+1","FollowUp","Consecrate","LikeWater","EmptyFist","FlurryOfBlows+1","Blasphemy+1","Tantrum","Pot Of Greed","Pot Of Greed","BowlingBash","Halt"],"relics":["Tiny House","Torii","Replay:Purple Gloves","Oddly Smooth Stone","Nunchaku","Smiling Mask","Grinning Jar"],"potions_floor_usage":[7,16],"damage_taken":[{"damage":5,"enemies":"Jaw Worm","floor":1,"turns":5},{"damage":0,"enemies":"Gremlin Nob","floor":7,"turns":2},{"damage":20,"enemies":"Lagavulin","floor":10,"turns":5},{"damage":0,"enemies":"2 Louse","floor":12,"turns":1},{"damage":0,"enemies":"3 Sentries","floor":13,"turns":2},{"damage":6,"enemies":"Small Slimes","floor":14,"turns":2},{"damage":100008,"enemies":"Fading Forest","floor":16,"turns":11}],"seed_played":"9177479754707441070","potions_obtained":[{"floor":0,"key":"Fire Potion"},{"floor":7,"key":"Ancient Potion"},{"floor":14,"key":"BottledMiracle"}],"is_trial":false,"path_per_floor":["M","?","?","$","?","R","E","R","T","E","R","M","E","M","R","B"],"character_chosen":"WATCHER","items_purchased":["LikeWater"],"campfire_rested":1,"item_purchase_floors":[4],"current_hp_per_floor":[72,60,60,60,30,30,30,30,30,10,10,10,10,4,27,0,0],"gold":171,"neow_bonus":"BOSS_RELIC","is_prod":false,"is_daily":false,"chose_seed":false,"campfire_upgraded":3,"win_rate":0,"timestamp":1607540673,"path_taken":["M","?","?","$","?","R","E","R","T","E","R","?","E","M","R","BOSS"],"build_version":"2020-11-30","purchased_purges":1,"victory":false,"max_hp_per_floor":[77,77,77,77,77,77,77,77,77,77,77,77,77,77,77,77,77],"card_choices":[{"not_picked":["PathToVictory","ClearTheMind"],"picked":"FollowUp","floor":0},{"not_picked":["Protect","Replay:ManipulateFuture"],"picked":"Consecrate","floor":1},{"not_picked":["Replay:Anticipation","Halt"],"picked":"EmptyFist","floor":5},{"not_picked":["ClearTheMind","Crescendo"],"picked":"FlurryOfBlows","floor":7},{"not_picked":["Consecrate","JustLucky"],"picked":"Blasphemy","floor":10},{"not_picked":["CrushJoints","BattleHymn"],"picked":"Tantrum","floor":12},{"not_picked":["ThirdEye","Replay:ManipulateFuture"],"picked":"BowlingBash","floor":13},{"not_picked":["BowlingBash","Replay:AtTheReady"],"picked":"Halt","floor":14}],"player_experience":135606,"relics_obtained":[{"floor":5,"key":"Replay:Purple Gloves"},{"floor":7,"key":"Oddly Smooth Stone"},{"floor":9,"key":"Nunchaku"},{"floor":10,"key":"Smiling Mask"},{"floor":13,"key":"Grinning Jar"}],"event_choices":[{"damage_healed":0,"gold_gain":0,"player_choice":"Success","damage_taken":12,"relics_obtained":["Torii"],"max_hp_gain":0,"max_hp_loss":0,"event_name":"Scrap Ooze","floor":2,"gold_loss":0}],"is_beta":false,"boss_relics":[],"items_purged_floors":[4],"is_endless":false,"potions_floor_spawned":[7,14],"killed_by":"Fading Forest","ascension_level":5}}