{"host":"91n1pc4te07j54gv","time":1607522912,"event":{"gold_per_floor":[118,138,88,88,103,103,133,133,133,164,164,21,53,67,67,163,163,177,196,196,208,219,250,250,275,324,324,324],"floor_reached":27,"playtime":1197,"items_purged":[],"score":285,"play_id":"8a5e2aab-d05d-4606-af63-08bb431a9c53","local_time":"20201209220832","is_ascension_mode":true,"campfire_choices":[{"data":"Thunder Strike","floor":11.0,"key":"SMITH"},{"data":"Redo","floor":15.0,"key":"SMITH"},{"data":"Fission","floor":24.0,"key":"SMITH"}],"neow_cost":"NONE","seed_source_timestamp":0,"circlet_count":0,"master_deck":["Strike_B","Strike_B+1","Defend_B","Zap","Dualcast","Barrage+1","BootSequence","Redo+1","Core Surge+1","Ball Lightning","Thunder Strike+1","Scrape","Compile Driver","ReplayTheSpireMod:GoodbyeWorld","Seek","Overencumbered","m_Survivalism","Creative AI","expansioncontent:Collect","infinitespire:UltimateForm","Ball Lightning+1","Aggregate","sneckomod:Bewildered","White Noise+1","Coolheaded","Fission+1","Self Repair","Chill"],"special_seed":0,"relics":["Cracked Core","NeowsBlessing","Oddly Smooth Stone","Lantern","infinitespire:FocusingShard","Replay:PocketPolymizer","Lee\u0027s Waffle","Mirror","Replay:Grab Bag","Coffee Dripper","Philosopher\u0027s Stone","Black Star","ReplayTheSpireMod:SealedPack","sneckomod:BabySnecko","Divine Protection","Symbiotic Virus","Blue Doll","Pet Ghost","DataDisk"],"potions_floor_usage":[25],"damage_taken":[{"damage":0.0,"enemies":"Jaw Worm","floor":1.0,"turns":1.0},{"damage":0.0,"enemies":"2 Louse","floor":2.0,"turns":1.0},{"damage":0.0,"enemies":"Small Slimes","floor":5.0,"turns":1.0},{"damage":26.0,"enemies":"Lagavulin","floor":7.0,"turns":5.0},{"damage":18.0,"enemies":"3 Sentries","floor":10.0,"turns":7.0},{"damage":6.0,"enemies":"Gremlin Nob","floor":13.0,"turns":3.0},{"damage":0.0,"enemies":"Looter","floor":14.0,"turns":2.0},{"damage":15.0,"enemies":"Slime Boss","floor":16.0,"turns":5.0},{"damage":9.0,"enemies":"Shell Parasite","floor":18.0,"turns":4.0},{"damage":15.0,"enemies":"3 Byrds","floor":19.0,"turns":3.0},{"damage":15.0,"enemies":"3 Cultists","floor":21.0,"turns":4.0},{"damage":0.0,"enemies":"Centurion and Healer","floor":22.0,"turns":5.0},{"damage":19.0,"enemies":"Replay:Snechameleon","floor":23.0,"turns":5.0},{"damage":14,"enemies":"Slavers","floor":25,"turns":3},{"damage":18,"enemies":"Replay:Snechameleon","floor":27,"turns":4}],"seed_played":"-5428987350768543642","potions_obtained":[{"floor":2.0,"key":"hexamod:EctoCoolerPotion"},{"floor":7.0,"key":"SpeedPotion"},{"floor":10.0,"key":"SneckoOil"},{"floor":13.0,"key":"Explosive Potion"},{"floor":18.0,"key":"LifebloodPotion"},{"floor":19.0,"key":"SkillPotion"},{"floor":23.0,"key":"Explosive Potion"}],"is_trial":false,"path_per_floor":["M","M","?","?","M","?","E","?","T","E","R","$","E","M","R","B",null,"M","M","?","M","M","E","R","E","T","E"],"character_chosen":"DEFECT","items_purchased":["Lee\u0027s Waffle"],"campfire_rested":0,"item_purchase_floors":[12],"current_hp_per_floor":[75,75,75,60,60,60,34,31,31,13,13,82,76,76,76,61,82,73,58,58,43,43,24,24,17,17,0,0],"gold":324,"neow_bonus":"THREE_ENEMY_KILL","is_prod":false,"is_daily":false,"chose_seed":false,"campfire_upgraded":3,"win_rate":0,"timestamp":1607522912,"path_taken":["M","M","?","?","M","?","E","?","T","E","R","?","E","M","R","BOSS","M","?","?","M","M","E","R","E","T","E"],"build_version":"2020-11-30","purchased_purges":0,"victory":false,"max_hp_per_floor":[75,75,75,75,75,75,75,75,75,75,75,82,82,82,82,82,82,82,82,82,82,82,82,82,82,82,82,82],"relic_stats":{"Lee\u0027s Waffle":69,"counters":[15,53],"Black Star":2,"obtain_stats":[{"Divine Protection":23,"Lantern":8,"Lee\u0027s Waffle":12,"Replay:PocketPolymizer":10,"NeowsBlessing":0,"Replay:Grab Bag":17,"Oddly Smooth Stone":7,"Blue Doll":25,"infinitespire:FocusingShard":9,"ReplayTheSpireMod:SealedPack":17,"Pet Ghost":25,"sneckomod:BabySnecko":20,"DataDisk":26,"Philosopher\u0027s Stone":17,"Coffee Dripper":17,"Black Star":17,"Cracked Core":0,"Mirror":13,"Symbiotic Virus":23},{"Divine Protection":13,"Lantern":4,"Lee\u0027s Waffle":5,"Replay:PocketPolymizer":5,"NeowsBlessing":0,"Replay:Grab Bag":8,"Oddly Smooth Stone":4,"Blue Doll":14,"infinitespire:FocusingShard":4,"ReplayTheSpireMod:SealedPack":8,"Pet Ghost":14,"sneckomod:BabySnecko":10,"DataDisk":14,"Philosopher\u0027s Stone":8,"Coffee Dripper":8,"Black Star":8,"Cracked Core":0,"Mirror":6,"Symbiotic Virus":13},{"Divine Protection":46,"Lantern":8,"Lee\u0027s Waffle":15,"Replay:PocketPolymizer":15,"NeowsBlessing":0,"Replay:Grab Bag":25,"Oddly Smooth Stone":8,"Blue Doll":49,"infinitespire:FocusingShard":8,"ReplayTheSpireMod:SealedPack":25,"Pet Ghost":49,"sneckomod:BabySnecko":32,"DataDisk":49,"Philosopher\u0027s Stone":25,"Coffee Dripper":25,"Black Star":25,"Cracked Core":0,"Mirror":18,"Symbiotic Virus":46}]},"card_choices":[{"not_picked":["Fusion","Rebound"],"picked":"Barrage","floor":1.0},{"not_picked":["Redo","Gash"],"picked":"BootSequence","floor":2.0},{"not_picked":["Auto Shields","Panic Button"],"picked":"Redo","floor":5.0},{"not_picked":["Stack","ReplayGash"],"picked":"Ball Lightning","floor":7.0},{"not_picked":["Cold Snap","Aggregate"],"picked":"Thunder Strike","floor":10.0},{"not_picked":["Double Energy","Rebound"],"picked":"Compile Driver","floor":13.0},{"not_picked":["Sweeping Beam","Panic Button","Reprogram"],"picked":"SKIP","floor":14.0},{"not_picked":["Buffer","All For One"],"picked":"Seek","floor":16.0},{"not_picked":["Neutralize","sneckomod:TailWhip"],"picked":"m_Survivalism","floor":17.0},{"not_picked":["Thunder Strike","Core Surge"],"picked":"Creative AI","floor":17.0},{"not_picked":["expansioncontent:Torchfire","expansioncontent:Hexaburn"],"picked":"expansioncontent:Collect","floor":17.0},{"not_picked":["infinitespire:SealOfDarkness+","ReplayTheSpireMod:Black Plague"],"picked":"infinitespire:UltimateForm","floor":17.0},{"not_picked":["Tempest+1","Barrage"],"picked":"Ball Lightning+1","floor":18.0},{"not_picked":["ReplaySort","Gash"],"picked":"Aggregate","floor":19.0},{"not_picked":["BasicCrystalCard","Conserve Battery"],"picked":"White Noise+1","floor":21.0},{"not_picked":["ReplayTheSpireMod:Repulse","Turbo"],"picked":"Coolheaded","floor":22.0},{"not_picked":["Sweeping Beam+1","Rebound"],"picked":"Fission","floor":23.0},{"not_picked":["ReplaySort","Beam Cell+1"],"picked":"Chill","floor":25}],"player_experience":909718,"relics_obtained":[{"floor":7.0,"key":"Oddly Smooth Stone"},{"floor":9.0,"key":"infinitespire:FocusingShard"},{"floor":10.0,"key":"Replay:PocketPolymizer"},{"floor":13.0,"key":"Mirror"},{"floor":23.0,"key":"Divine Protection"},{"floor":23.0,"key":"Symbiotic Virus"},{"floor":25,"key":"Blue Doll"},{"floor":25,"key":"Pet Ghost"},{"floor":26,"key":"DataDisk"}],"event_choices":[{"cards_removed":["Defend_B"],"damage_healed":0.0,"max_hp_gain":0.0,"max_hp_loss":0.0,"gold_gain":0.0,"event_name":"The Cleric","player_choice":"Card Removal","floor":3.0,"gold_loss":50.0,"damage_taken":0.0},{"damage_healed":0.0,"max_hp_gain":0.0,"max_hp_loss":0.0,"gold_gain":0.0,"event_name":"Shining Light","player_choice":"Entered Light","floor":4.0,"gold_loss":0.0,"damage_taken":15.0,"cards_upgraded":["Barrage","Strike_B"]},{"damage_healed":0.0,"max_hp_gain":0.0,"max_hp_loss":0.0,"gold_gain":0.0,"event_name":"Scrap Ooze","player_choice":"Success","floor":8.0,"gold_loss":0.0,"damage_taken":3.0,"relics_obtained":["Lantern"]}],"is_beta":false,"boss_relics":[{"not_picked":["SacredBark","Inserter"],"picked":"Replay:Grab Bag"},{"not_picked":["Sozu","SlaversCollar"],"picked":"Coffee Dripper"},{"not_picked":["Fusion Hammer","Cursed Key"],"picked":"Philosopher\u0027s Stone"},{"not_picked":["Honey Jar","FrozenCore"],"picked":"Black Star"},{"not_picked":["Tiny House","Snecko Heart"],"picked":"ReplayTheSpireMod:SealedPack"}],"items_purged_floors":[],"is_endless":false,"potions_floor_spawned":[2,7,10,13,18,19,23],"killed_by":"Replay:Snechameleon","ascension_level":1}}