{"host":"126yiuos2nq86se7","time":1607490985,"event":{"gold_per_floor":[110,110,123,123,136,136,149,149,149,23,23,23,23,33,33,137,137,153,153,16,31,231,231,250,265,265,280,280,296,310,330,330,426,426,437,21,38,53,72,72,84,97,97,107,107,107,107,107,107,107,107],"floor_reached":50,"playtime":1695,"items_purged":["Dualcast","Strike_B","Strike_B"],"score":462,"play_id":"6f07fcaf-e831-41d6-9343-86216c177cf2","local_time":"20201209161625","is_ascension_mode":true,"campfire_choices":[{"data":"Leap","floor":6,"key":"SMITH"},{"data":"ReplayTheSpireMod:System Scan","floor":8,"key":"SMITH"},{"data":"Reinforced Body","floor":13,"key":"SMITH"},{"floor":15,"key":"REST"},{"data":"Hologram","floor":23,"key":"SMITH"},{"floor":28,"key":"REST"},{"floor":32,"key":"REST"},{"data":"Gash","floor":40,"key":"SMITH"},{"floor":45,"key":"REST"},{"data":"Reboot","floor":47,"key":"SMITH"},{"data":"Compile Driver","floor":49,"key":"SMITH"}],"neow_cost":"NONE","seed_source_timestamp":1869446639023800,"circlet_count":0,"master_deck":["Strike_B","Strike_B","Defend_B","Defend_B","Defend_B","Defend_B","Rebound+1","FTL+1","Leap+1","ReplayTheSpireMod:System Scan+1","Gash+1","Reinforced Body+1","Reboot+1","Compile Driver+1","Necronomicurse","Gash+1","Hologram+1","Coolheaded","Reinforced Body+1","Sweeping Beam","All For One","Force Field+1","Coolheaded","Compile Driver+1","Gash+1","Rebound+1","Parasite"],"relics":["Cracked Core","Art of War","hubris:MysteriousPyramids","hubris:ScarierMask","Necronomicon","Solar Panel","Sozu","TungstenRod","Replay:Accelerometer"],"potions_floor_usage":[16,16,33,33,50],"damage_taken":[{"damage":3,"enemies":"2 Louse","floor":1,"turns":2},{"damage":6,"enemies":"Cultist","floor":3,"turns":3},{"damage":7,"enemies":"Small Slimes","floor":5,"turns":2},{"damage":9,"enemies":"Exordium Thugs","floor":7,"turns":5},{"damage":0,"enemies":"Blue Slaver","floor":14,"turns":4},{"damage":23,"enemies":"The Guardian","floor":16,"turns":11},{"damage":0,"enemies":"2 Thieves","floor":18,"turns":3},{"damage":4,"enemies":"Spheric Guardian","floor":21,"turns":6},{"damage":24,"enemies":"Snake Plant","floor":24,"turns":8},{"damage":9,"enemies":"3 Cultists","floor":25,"turns":4},{"damage":0,"enemies":"Cultist and Chosen","floor":27,"turns":6},{"damage":11,"enemies":"Centurion and Healer","floor":29,"turns":5},{"damage":10,"enemies":"Shelled Parasite and Fungi","floor":30,"turns":6},{"damage":17,"enemies":"Snecko","floor":31,"turns":8},{"damage":83,"enemies":"Automaton","floor":33,"turns":11},{"damage":11,"enemies":"3 Darklings","floor":35,"turns":6},{"damage":5,"enemies":"Orb Walker","floor":37,"turns":4},{"damage":17,"enemies":"Spire Growth","floor":38,"turns":6},{"damage":18,"enemies":"3 Darklings","floor":39,"turns":4},{"damage":0,"enemies":"4 Shapes","floor":41,"turns":10},{"damage":4,"enemies":"Sphere and 2 Shapes","floor":42,"turns":4},{"damage":36,"enemies":"Writhing Mass","floor":44,"turns":10},{"damage":75,"enemies":"Time Eater","floor":50,"turns":7}],"seed_played":"1352653886539946943","potions_obtained":[{"floor":1,"key":"Strength Potion"},{"floor":3,"key":"SneckoOil"},{"floor":7,"key":"AttackPotion"},{"floor":18,"key":"PotionOfCapacity"},{"floor":21,"key":"FairyPotion"},{"floor":29,"key":"BlessingOfTheForge"},{"floor":31,"key":"FearPotion"},{"floor":33,"key":"Ancient Potion"}],"is_trial":false,"path_per_floor":["M","?","M","?","M","R","M","R","T","$","?","?","R","M","R","B",null,"M","?","$","M","?","R","M","M","T","M","R","M","M","M","R","B",null,"M","$","M","M","M","R","M","M","T","M","R","?","R","$","R","B"],"character_chosen":"DEFECT","items_purchased":["Gash","Gash+1","TungstenRod"],"campfire_rested":4,"item_purchase_floors":[10,20,36],"current_hp_per_floor":[72,72,66,66,59,59,50,50,50,50,50,50,50,50,72,49,75,75,59,59,55,55,55,31,22,22,34,56,57,59,44,66,19,75,75,75,75,70,64,64,74,75,75,49,71,71,71,71,71,0,0],"gold":107,"neow_bonus":"RANDOM_COMMON_RELIC","is_prod":false,"is_daily":false,"chose_seed":false,"campfire_upgraded":7,"win_rate":0,"timestamp":1607490985,"path_taken":["M","?","M","?","?","R","M","R","T","$","?","?","R","?","R","BOSS","M","?","$","M","?","R","M","M","T","M","R","?","M","M","R","BOSS","M","$","M","?","M","R","M","M","T","M","R","?","R","?","R","BOSS"],"build_version":"2020-11-30","purchased_purges":3,"victory":false,"max_hp_per_floor":[75,75,75,75,75,75,75,75,75,75,75,75,75,75,75,75,75,75,75,75,75,75,75,75,75,75,75,75,75,75,75,75,75,75,75,75,75,75,75,75,75,75,75,75,75,75,75,75,75,75,75],"card_choices":[{"not_picked":["Aggregate","Beam Cell","Panic Button"],"picked":"SKIP","floor":1},{"not_picked":["Go for the Eyes","Loop"],"picked":"FTL","floor":3},{"not_picked":["Chaos","Ball Lightning"],"picked":"Leap","floor":5},{"not_picked":["Coolheaded","ReplaySort"],"picked":"ReplayTheSpireMod:System Scan","floor":7},{"not_picked":["Steam","Steam Power","BasicCrystalCard"],"picked":"SKIP","floor":14},{"not_picked":["Electrodynamics","Rainbow"],"picked":"Reboot","floor":16},{"not_picked":["Redo","Beam Cell"],"picked":"Compile Driver","floor":18},{"not_picked":["Beam Cell","Static Discharge"],"picked":"Hologram","floor":21},{"not_picked":["Capacitor","Recycle","ReplayTheSpireMod:Reroute Power+1"],"picked":"SKIP","floor":24},{"not_picked":["Leap+1","Blizzard"],"picked":"Self Repair+1","floor":25},{"not_picked":["Defragment+1","Consume"],"picked":"Coolheaded","floor":27},{"not_picked":["Ball Lightning","Conserve Battery","ReplayTheSpireMod:Reroute Power"],"picked":"SKIP","floor":29},{"not_picked":["Coolheaded","Turbo"],"picked":"Reinforced Body+1","floor":30},{"not_picked":["Panic Button+1","Ball Lightning"],"picked":"Sweeping Beam","floor":31},{"not_picked":["Rainbow","Creative AI"],"picked":"All For One","floor":33},{"not_picked":["Melter+1","BootSequence"],"picked":"Force Field+1","floor":35},{"not_picked":["Go for the Eyes","Capacitor+1","Beam Cell"],"picked":"SKIP","floor":37},{"not_picked":["Beam Cell+1","Undo+1"],"picked":"Coolheaded","floor":38},{"not_picked":["Go for the Eyes+1","Loop+1"],"picked":"Compile Driver+1","floor":39},{"not_picked":["Streamline+1","Scrape"],"picked":"Gash+1","floor":41},{"not_picked":["Go for the Eyes+1","Coolheaded+1"],"picked":"Rebound+1","floor":42},{"not_picked":["Cold Snap","Turbo+1","Hyperbeam"],"picked":"SKIP","floor":44}],"player_experience":1508285,"relics_obtained":[{"floor":9,"key":"hubris:MysteriousPyramids"},{"floor":19,"key":"Necronomicon"},{"floor":26,"key":"Solar Panel"},{"floor":43,"key":"Replay:Accelerometer"}],"event_choices":[{"damage_healed":0,"gold_gain":0,"player_choice":"Forge","damage_taken":0,"max_hp_gain":0,"max_hp_loss":0,"event_name":"Accursed Blacksmith","floor":4,"gold_loss":0,"cards_upgraded":["FTL"]},{"damage_healed":0,"gold_gain":0,"player_choice":"Searched \u00270\u0027 times","damage_taken":0,"max_hp_gain":0,"max_hp_loss":0,"event_name":"Dead Adventurer","floor":11,"gold_loss":0},{"damage_healed":0,"gold_gain":0,"player_choice":"1 cards matched","damage_taken":0,"max_hp_gain":0,"max_hp_loss":0,"event_name":"Match and Keep!","floor":12,"gold_loss":0,"cards_obtained":["Reinforced Body"]},{"damage_healed":0,"gold_gain":0,"player_choice":"Obtained Book","damage_taken":16,"max_hp_gain":0,"max_hp_loss":0,"event_name":"Cursed Tome","floor":19,"gold_loss":0},{"damage_healed":0,"gold_gain":200,"player_choice":"Gold","damage_taken":0,"max_hp_gain":0,"max_hp_loss":0,"event_name":"Wheel of Change","floor":22,"gold_loss":0},{"cards_removed":["Self Repair"],"damage_healed":0,"gold_gain":0,"player_choice":"Removed Power","damage_taken":0,"max_hp_gain":0,"max_hp_loss":0,"event_name":"Falling","floor":46,"gold_loss":0}],"is_beta":false,"boss_relics":[{"not_picked":["Inserter","hubris:CrackedHourglass"],"picked":"hubris:ScarierMask"},{"not_picked":["Nuclear Battery","Pandora\u0027s Box"],"picked":"Sozu"}],"items_purged_floors":[10,20,36],"is_endless":false,"potions_floor_spawned":[1,3,7,18,21,29,31,33,35,42,44],"killed_by":"Time Eater","ascension_level":1}}