{"host":"hjw1ay65n7jm40lc","time":1607487927,"event":{"gold_per_floor":[112,21,21,32,100,126,126,153,179,206,219,219,248,298,298,398,398,411,428,393,406,456,456,456],"floor_reached":23,"playtime":2000,"items_purged":[],"score":256,"play_id":"3140f963-0806-4274-899d-acda8bd183d0","local_time":"20201208232527","is_ascension_mode":true,"campfire_choices":[{"floor":7.0,"key":"REST"},{"floor":12.0,"key":"REST"},{"floor":15.0,"key":"REST"}],"neow_cost":"NONE","seed_source_timestamp":0,"circlet_count":0,"master_deck":["Strike_G","Strike_G","Strike_G","Strike_G","Strike_G","Defend_G","Defend_G","Defend_G","Defend_G","Defend_G","Survivor","Neutralize","Well Laid Plans","Dagger Throw","Riddle With Holes","Dagger Spray","Predator","PiercingWail","Crippling Poison","PiercingWail","Noxious Fumes","Burst+1","Die Die Die"],"special_seed":0,"relics":["Fusion Hammer","SsserpentHead","Strawberry","Juzu Bracelet","Happy Flower","Lantern","Bird Faced Urn","Toxic Egg 2","Sozu","WingedGreaves","Enchiridion"],"potions_floor_usage":[],"damage_taken":[{"damage":1.0,"enemies":"2 Louse","floor":1.0,"turns":3.0},{"damage":1.0,"enemies":"Cultist","floor":4.0,"turns":3.0},{"damage":0.0,"enemies":"Small Slimes","floor":5.0,"turns":3.0},{"damage":21.0,"enemies":"3 Sentries","floor":6.0,"turns":7.0},{"damage":25.0,"enemies":"Gremlin Nob","floor":8.0,"turns":4.0},{"damage":18.0,"enemies":"Lagavulin","floor":10.0,"turns":6.0},{"damage":2.0,"enemies":"3 Louse","floor":11.0,"turns":2.0},{"damage":0.0,"enemies":"3 Sentries","floor":13.0,"turns":4.0},{"damage":22.0,"enemies":"The Guardian","floor":16.0,"turns":12.0},{"damage":6.0,"enemies":"3 Byrds","floor":18.0,"turns":5.0},{"damage":3,"enemies":"Chosen","floor":19,"turns":5},{"damage":14,"enemies":"Shelled Parasite and Fungi","floor":21,"turns":6},{"damage":25,"enemies":"Book of Stabbing","floor":23,"turns":5}],"seed_played":"2525828460182402191","potions_obtained":[{"floor":6.0,"key":"BlessingOfTheForge"},{"floor":8.0,"key":"SkillPotion"},{"floor":10.0,"key":"EssenceOfSteel"},{"floor":11.0,"key":"AttackPotion"}],"is_trial":false,"path_per_floor":["M","$","?","M","M","E","R","E","T","E","M","R","E","?","R","B",null,"M","M","?","M","?","E"],"character_chosen":"THE_SILENT","items_purchased":["Well Laid Plans","Dagger Throw"],"campfire_rested":3,"item_purchase_floors":[2,2],"current_hp_per_floor":[69,69,69,68,68,54,77,52,52,34,32,55,55,55,77,55,77,75,74,74,64,48,29,29],"gold":456,"neow_bonus":"BOSS_RELIC","is_prod":false,"is_daily":false,"chose_seed":false,"campfire_upgraded":0,"win_rate":0,"timestamp":1607487927,"path_taken":["M","$","?","M","?","E","R","E","T","E","M","R","E","?","R","BOSS","M","M","?","M","?","E"],"build_version":"2020-11-30","purchased_purges":0,"victory":false,"max_hp_per_floor":[70,70,70,70,70,77,77,77,77,77,77,77,77,77,77,77,77,77,77,77,77,77,77,77],"relic_stats":{"Sozu":2,"SsserpentHead":200,"Happy Flower":[15],"counters":[13,65],"Bird Faced Urn":[16],"Juzu Bracelet":1,"obtain_stats":[{"Sozu":17,"SsserpentHead":3,"Lantern":10,"Happy Flower":9,"Strawberry":6,"Bird Faced Urn":13,"Enchiridion":22,"Fusion Hammer":0,"WingedGreaves":20,"Juzu Bracelet":8,"Toxic Egg 2":14,"Ring of the Snake":0},{"Sozu":9,"SsserpentHead":1,"Lantern":6,"Happy Flower":5,"Strawberry":4,"Bird Faced Urn":8,"Enchiridion":12,"Fusion Hammer":0,"WingedGreaves":11,"Juzu Bracelet":5,"Toxic Egg 2":8,"Ring of the Snake":0},{"Sozu":44,"SsserpentHead":3,"Lantern":26,"Happy Flower":20,"Strawberry":16,"Bird Faced Urn":32,"Enchiridion":60,"Fusion Hammer":0,"WingedGreaves":54,"Juzu Bracelet":20,"Toxic Egg 2":32,"Ring of the Snake":0}]},"card_choices":[{"not_picked":["Outmaneuver","Masterful Stab","Infinite Blades"],"picked":"SKIP","floor":1.0},{"not_picked":["Eviscerate","Slice"],"picked":"Riddle With Holes","floor":4.0},{"not_picked":["Eviscerate","Backflip"],"picked":"Dagger Spray","floor":5.0},{"not_picked":["Skewer","Acrobatics"],"picked":"Predator","floor":6.0},{"not_picked":["Dagger Spray","Backstab"],"picked":"PiercingWail","floor":8.0},{"not_picked":["Heel Hook","Blade Dance"],"picked":"Crippling Poison","floor":10.0},{"not_picked":["Acrobatics","Dagger Spray"],"picked":"PiercingWail","floor":11.0},{"not_picked":["Infinite Blades","Sucker Punch"],"picked":"Noxious Fumes","floor":13.0},{"not_picked":["Phantasmal Killer+1","Tools of the Trade"],"picked":"Burst+1","floor":16.0},{"not_picked":["Bane","Dagger Throw+1","Underhanded Strike"],"picked":"SKIP","floor":18.0},{"not_picked":["Bane","Dagger Throw+1","Underhanded Strike"],"picked":"SKIP","floor":18.0},{"not_picked":["PiercingWail+1","Choke","Deflect+1"],"picked":"SKIP","floor":19},{"not_picked":["Deadly Poison+1","PiercingWail+1"],"picked":"Die Die Die","floor":21}],"player_experience":67248,"relics_obtained":[{"floor":6.0,"key":"Strawberry"},{"floor":8.0,"key":"Juzu Bracelet"},{"floor":9.0,"key":"Happy Flower"},{"floor":10.0,"key":"Lantern"},{"floor":13.0,"key":"Bird Faced Urn"},{"floor":22,"key":"Enchiridion"}],"event_choices":[{"damage_healed":0.0,"max_hp_gain":0.0,"max_hp_loss":0.0,"gold_gain":0.0,"event_name":"FaceTrader","player_choice":"Trade","floor":3.0,"gold_loss":0.0,"damage_taken":0.0,"relics_obtained":["SsserpentHead"]},{"damage_healed":0.0,"max_hp_gain":0.0,"max_hp_loss":0.0,"gold_gain":0.0,"event_name":"Dead Adventurer","player_choice":"Searched \u00272\u0027 times","floor":14.0,"gold_loss":0.0,"damage_taken":0.0,"relics_obtained":["Toxic Egg 2"]},{"damage_healed":0,"gold_gain":0,"player_choice":"Obtained Relic","damage_taken":0,"relics_obtained":["WingedGreaves"],"max_hp_gain":0,"max_hp_loss":0,"event_name":"Addict","floor":20,"gold_loss":85},{"damage_healed":0,"gold_gain":0,"player_choice":"Obtained Book","damage_taken":16,"max_hp_gain":0,"max_hp_loss":0,"event_name":"Cursed Tome","floor":22,"gold_loss":0}],"is_beta":false,"boss_relics":[{"not_picked":["HoveringKite","Velvet Choker"],"picked":"Sozu"}],"items_purged_floors":[],"is_endless":false,"potions_floor_spawned":[6,8,10,11,19,21],"killed_by":"Book of Stabbing","ascension_level":1}}