{"host":"b0dcklafnoly879c","time":1607504840,"event":{"gold_per_floor":[111,111,111,111,123,149,149,178,256,256,282,293,12,12,12,132,132,132,132,132,132,132,132,132,132,132,132,132,132,132,132,132,132,132,132,132,132,132,132,132,132,132,132,132,132,132,60,60,60,60,60,60,11,11,11],"floor_reached":56,"playtime":4216,"items_purged":[],"score":1652,"play_id":"8c749a8b-7640-464b-b43c-423360899260","local_time":"20201209180720","is_ascension_mode":true,"campfire_choices":[{"data":"Backflip","floor":7.0,"key":"SMITH"},{"floor":10.0,"key":"REST"},{"data":"Poisoned Stab","floor":15.0,"key":"SMITH"},{"data":"After Image","floor":30,"key":"SMITH"},{"floor":32,"key":"REST"},{"data":"1","floor":41,"key":"LIFT"},{"data":"2","floor":46,"key":"LIFT"},{"floor":49,"key":"RECALL"},{"data":"3","floor":52,"key":"LIFT"}],"neow_cost":"NONE","seed_source_timestamp":341789047141700,"circlet_count":0,"master_deck":["Strike_G","Strike_G","Strike_G","Defend_G","Defend_G+1","Defend_G+1","Defend_G+1","Defend_G","Survivor","Neutralize","Dagger Throw","Backflip+1","Poisoned Stab+1","Underhanded Strike","PiercingWail+1","Distraction+1","After Image+1","Tactician+1","Catalyst+1","Deadly Poison+1","Acrobatics+1","Well Laid Plans","Prepared+1","CurseOfTheBell","Blur+1","Calculated Gamble+1","Backflip+1","Bouncing Flask+1","PiercingWail+1"],"special_seed":0,"relics":["Ring of the Snake","NeowsBlessing","PreservedInsect","Regal Pillow","Bag of Marbles","Matryoshka","Pocketwatch","Toxic Egg 2","Golden Idol","Ectoplasm","Ninja Scroll","Art of War","Gremlin Horn","Boot","Centennial Puzzle","War Paint","Peace Pipe","Calling Bell","Meat on the Bone","Potion Belt","Girya","StoneCalendar","Oddly Smooth Stone","Pen Nib","MealTicket","Bronze Scales","Dead Branch"],"potions_floor_usage":[29,39,40,40,50,54,55,55,55,55,55,55,55,55,55],"damage_taken":[{"damage":0.0,"enemies":"Small Slimes","floor":1.0,"turns":1.0},{"damage":0.0,"enemies":"2 Louse","floor":5.0,"turns":1.0},{"damage":0.0,"enemies":"Gremlin Nob","floor":6.0,"turns":1.0},{"damage":21.0,"enemies":"Lagavulin","floor":8.0,"turns":7.0},{"damage":9.0,"enemies":"3 Sentries","floor":11.0,"turns":7.0},{"damage":0.0,"enemies":"Jaw Worm","floor":12.0,"turns":2.0},{"damage":21.0,"enemies":"Slime Boss","floor":16.0,"turns":19.0},{"damage":0.0,"enemies":"Shell Parasite","floor":18.0,"turns":6.0},{"damage":6.0,"enemies":"theJungle:5_Spyders","floor":19.0,"turns":8.0},{"damage":1.0,"enemies":"theJungle:Lyon","floor":20.0,"turns":5.0},{"damage":29.0,"enemies":"JungleHuntersEvent","floor":21.0,"turns":13.0},{"damage":4.0,"enemies":"theJungle:Snecko_Cultist_And_Trap","floor":22.0,"turns":6.0},{"damage":0.0,"enemies":"theJungle:MamaSnecko","floor":23.0,"turns":3.0},{"damage":1.0,"enemies":"theJungle:2_Phrogs","floor":25.0,"turns":6.0},{"damage":0.0,"enemies":"theJungle:MamaSnecko","floor":27.0,"turns":3.0},{"damage":5.0,"enemies":"Snake Plant","floor":28.0,"turns":2.0},{"damage":8,"enemies":"theJungle:Cassacara","floor":29,"turns":3},{"damage":0,"enemies":"theJungle:2_Phrogs","floor":31,"turns":6},{"damage":52,"enemies":"theJungle:TotemBoss","floor":33,"turns":10},{"damage":5,"enemies":"3 Shapes","floor":35,"turns":5},{"damage":9,"enemies":"3 Darklings","floor":38,"turns":10},{"damage":1,"enemies":"Writhing Mass","floor":39,"turns":3},{"damage":3,"enemies":"Reptomancer","floor":40,"turns":5},{"damage":38,"enemies":"Nemesis","floor":42,"turns":5},{"damage":19,"enemies":"Giant Head","floor":44,"turns":8},{"damage":0,"enemies":"Spire Growth","floor":45,"turns":4},{"damage":0,"enemies":"3 Darklings","floor":48,"turns":3},{"damage":49,"enemies":"Awakened One","floor":50,"turns":12},{"damage":0,"enemies":"Shield and Spear","floor":54,"turns":5},{"damage":71,"enemies":"The Heart","floor":55,"turns":9}],"seed_played":"1715315147702030495","potions_obtained":[{"floor":8.0,"key":"Fruit Juice"},{"floor":11.0,"key":"Energy Potion"},{"floor":12.0,"key":"PowerPotion"},{"floor":16.0,"key":"CunningPotion"},{"floor":20.0,"key":"Ancient Potion"},{"floor":22.0,"key":"LiquidMemories"},{"floor":23.0,"key":"Regen Potion"},{"floor":27.0,"key":"Weak Potion"},{"floor":31,"key":"DuplicationPotion"},{"floor":33,"key":"SpeedPotion"},{"floor":35,"key":"Fire Potion"},{"floor":38,"key":"PowerPotion"},{"floor":44,"key":"EntropicBrew"},{"floor":45,"key":"ColorlessPotion"},{"floor":54,"key":"CunningPotion"}],"is_trial":false,"path_per_floor":["M","?","?","?","M","E","R","E","T","R","E","M","$","?","R","B",null,"M","M","M","?","M","E","?","E","T","E","M","E","R","E","R","B",null,"M","?","?","M","M","E","R","E","T","E","M","R","$","M","R","B",null,"R","$","E","B",null],"character_chosen":"THE_SILENT","items_purchased":["Toxic Egg 2","Distraction+1","Bouncing Flask+1","Strength Potion"],"campfire_rested":2,"item_purchase_floors":[13,13,47,53],"current_hp_per_floor":[70,63,49,42,42,42,42,26,26,63,54,54,54,36,36,15,75,75,69,68,39,35,35,35,34,34,34,29,33,33,33,70,18,75,70,70,70,61,60,57,57,31,31,24,36,36,51,51,51,14,75,75,75,75,16],"gold":11,"neow_bonus":"THREE_ENEMY_KILL","is_prod":false,"is_daily":false,"chose_seed":false,"campfire_upgraded":3,"win_rate":0,"timestamp":1607504840,"path_taken":["M","?","?","?","M","E","R","E","T","R","E","M","$","?","R","BOSS","M","M","M","?","M","E","?","E","T","E","M","E","R","E","R","BOSS","M","?","?","M","M","E","R","E","T","E","M","R","$","M","R","BOSS","R","$","E","BOSS"],"build_version":"2020-11-30","purchased_purges":0,"victory":true,"max_hp_per_floor":[70,70,70,70,70,70,70,75,75,75,75,75,75,75,75,75,75,75,75,75,75,75,75,75,75,75,75,75,75,75,75,75,75,75,75,75,75,75,75,75,75,75,75,75,75,75,75,75,75,75,75,75,75,75,75],"card_choices":[{"not_picked":["Deflect","Reflex"],"picked":"Dagger Throw","floor":1.0},{"not_picked":["Outmaneuver","Deadly Poison"],"picked":"Backflip","floor":5.0},{"not_picked":["Acrobatics","Calculated Gamble"],"picked":"Poisoned Stab","floor":6.0},{"not_picked":["Backstab","Predator","Dash"],"picked":"SKIP","floor":8.0},{"not_picked":["Dash","PiercingWail"],"picked":"Underhanded Strike","floor":11.0},{"not_picked":["Predator","Slice"],"picked":"PiercingWail","floor":12.0},{"not_picked":["Phantasmal Killer+1","Doppelganger+1"],"picked":"After Image","floor":16.0},{"not_picked":["Underhanded Strike+1","Blade Dance+1","Finisher"],"picked":"SKIP","floor":18.0},{"not_picked":["Acrobatics+1","Quick Slash+1"],"picked":"Tactician+1","floor":19.0},{"not_picked":["Backflip+1","Skewer"],"picked":"Catalyst+1","floor":20.0},{"not_picked":["Bullet Time+1","Prepared+1"],"picked":"Deadly Poison+1","floor":22.0},{"not_picked":["Distraction+1","Bane"],"picked":"Acrobatics+1","floor":23.0},{"not_picked":["Dagger Spray","Storm of Steel+1","Blade Dance+1"],"picked":"SKIP","floor":25.0},{"not_picked":["Acrobatics+1","Eviscerate","Bane+1"],"picked":"SKIP","floor":27.0},{"not_picked":["Flying Knee+1","Slice+1","Outmaneuver+1"],"picked":"SKIP","floor":28.0},{"not_picked":["Dagger Throw","Dodge and Roll+1"],"picked":"Well Laid Plans","floor":29},{"not_picked":["Riddle With Holes","Envenom"],"picked":"Prepared+1","floor":31},{"not_picked":["Dagger Throw+1","Bane"],"picked":"Blur+1","floor":35},{"not_picked":["Backstab","Blur+1"],"picked":"Calculated Gamble+1","floor":38},{"not_picked":["Wraith Form v2","Skewer+1","Blade Dance+1"],"picked":"SKIP","floor":39},{"not_picked":["Endless Agony","Deadly Poison+1","Eviscerate+1"],"picked":"SKIP","floor":40},{"not_picked":["Poisoned Stab","Finisher","Acrobatics+1"],"picked":"SKIP","floor":42},{"not_picked":["Outmaneuver+1","PiercingWail+1","Poisoned Stab"],"picked":"SKIP","floor":44},{"not_picked":["Deadly Poison+1","Caltrops"],"picked":"Backflip+1","floor":45},{"not_picked":["Doppelganger+1","Accuracy","Distraction+1"],"picked":"SKIP","floor":48},{"not_picked":["Bouncing Flask+1","Backflip+1"],"picked":"PiercingWail+1","floor":54}],"player_experience":269028,"relics_obtained":[{"floor":6.0,"key":"Regal Pillow"},{"floor":8.0,"key":"Bag of Marbles"},{"floor":9.0,"key":"Matryoshka"},{"floor":11.0,"key":"Pocketwatch"},{"floor":21.0,"key":"Ninja Scroll"},{"floor":23.0,"key":"Art of War"},{"floor":25.0,"key":"Gremlin Horn"},{"floor":26.0,"key":"Boot"},{"floor":27.0,"key":"Centennial Puzzle"},{"floor":29,"key":"War Paint"},{"floor":31,"key":"Peace Pipe"},{"floor":34,"key":"Meat on the Bone"},{"floor":34,"key":"Potion Belt"},{"floor":34,"key":"Girya"},{"floor":40,"key":"StoneCalendar"},{"floor":42,"key":"Oddly Smooth Stone"},{"floor":43,"key":"Pen Nib"},{"floor":43,"key":"MealTicket"},{"floor":44,"key":"Bronze Scales"},{"floor":54,"key":"Dead Branch"}],"event_choices":[{"cards_removed":["Strike_G"],"damage_healed":0.0,"max_hp_gain":0.0,"max_hp_loss":0.0,"gold_gain":0.0,"event_name":"Golden Wing","player_choice":"Card Removal","floor":2.0,"gold_loss":0.0,"damage_taken":7.0},{"damage_healed":0.0,"max_hp_gain":0.0,"max_hp_loss":0.0,"gold_gain":0.0,"event_name":"Shining Light","player_choice":"Entered Light","floor":3.0,"gold_loss":0.0,"damage_taken":14.0,"cards_upgraded":["Defend_G","Defend_G"]},{"damage_healed":0.0,"max_hp_gain":0.0,"max_hp_loss":0.0,"gold_gain":0.0,"event_name":"Scrap Ooze","player_choice":"Success","floor":4.0,"gold_loss":0.0,"damage_taken":7.0,"relics_obtained":["PreservedInsect"]},{"damage_healed":0.0,"max_hp_gain":0.0,"max_hp_loss":0.0,"gold_gain":0.0,"event_name":"Golden Idol","player_choice":"Take Damage","floor":14.0,"gold_loss":0.0,"damage_taken":18.0,"relics_obtained":["Golden Idol"]},{"damage_healed":0,"gold_gain":0,"player_choice":"Ignored","damage_taken":0,"max_hp_gain":0,"max_hp_loss":0,"event_name":"Tomb of Lord Red Mask","floor":36,"gold_loss":0},{"cards_removed":["Strike_G"],"damage_healed":0,"gold_gain":0,"player_choice":"Removed Attack","damage_taken":0,"max_hp_gain":0,"max_hp_loss":0,"event_name":"Falling","floor":37,"gold_loss":0}],"is_beta":false,"boss_relics":[{"not_picked":["SacredBark","Astrolabe"],"picked":"Ectoplasm"},{"not_picked":["Tiny House","Pandora\u0027s Box"],"picked":"Calling Bell"}],"items_purged_floors":[],"is_endless":false,"potions_floor_spawned":[8,11,12,16,20,22,23,27,31,33,35,38,44,45,54],"ascension_level":3}}