{"host":"90396wkrku3on26u","time":1607519681,"event":{"gold_per_floor":[113,43,43,53,53,53,93,93,120,132,144,185,206,244,256,381,393,421,213,213,213],"floor_reached":20,"playtime":996,"items_purged":["HollowMod:QuickDashStart"],"score":194,"play_id":"8f93a4db-6a26-413f-9f31-640b91a4acfb","local_time":"20201209211441","is_ascension_mode":true,"campfire_choices":[{"data":"HollowMod:HuntersJournal","floor":6,"key":"SMITH"},{"floor":8,"key":"REST"},{"data":"HollowMod:MonarchWings","floor":10,"key":"SMITH"},{"data":"HollowMod:QuirrelsAssistance","floor":15,"key":"SMITH"}],"neow_cost":"NONE","seed_source_timestamp":29621702481100,"circlet_count":0,"master_deck":["HollowMod:NailStrikeStart","HollowMod:QuickDashStart","HollowMod:QuickDashStart","HollowMod:QuickDashStart","HollowMod:FocusHealStart","HollowMod:PogoStrike","HollowMod:MonarchWings+1","HollowMod:HuntersJournal+1","HollowMod:SiblingsSouls","HollowMod:QuirrelsAssistance+1","HollowMod:FallenFury","HollowMod:MantisMark","HollowMod:Weaversong"],"relics":["HollowMod:VesselMask","Hallownest:StagBellRelic1","CeramicFish","MawBank","Hallownest:DreamNailRelic","Black Star","HandDrill"],"potions_floor_usage":[7,16,18],"damage_taken":[{"damage":4,"enemies":"Hallownest:monsterHuskGuard","floor":1,"turns":4},{"damage":4,"enemies":"2_ Uuma","floor":4,"turns":5},{"damage":50,"enemies":"Hallownest:eliteVengeflyKing","floor":7,"turns":11},{"damage":2,"enemies":"Hallownest:2_Baldur","floor":12,"turns":4},{"damage":7,"enemies":"Hallownest:1_Baldur_1_Crawlid_1_Warrior","floor":14,"turns":8},{"damage":22,"enemies":"Hallownest:BossFalseKnight","floor":16,"turns":11},{"damage":52,"enemies":"Hallownest:3_Youths","floor":18,"turns":5},{"damage":8,"enemies":"Hallownest:2_Mistakes","floor":20,"turns":2}],"seed_played":"-3648978912901413842","potions_obtained":[{"floor":1,"key":"FearPotion"},{"floor":4,"key":"AttackPotion"},{"floor":12,"key":"Swift Potion"},{"floor":14,"key":"LiquidBronze"}],"is_trial":false,"path_per_floor":["M","?","?","M","?","R","E","R","T","R","?","M","?","M","R","B",null,"M","$","M"],"character_chosen":"THE_BUGKNIGHT","items_purchased":["HandDrill"],"campfire_rested":1,"item_purchase_floors":[19],"current_hp_per_floor":[78,78,78,74,74,74,34,58,58,58,58,66,66,65,65,55,82,30,30,22,22],"gold":213,"neow_bonus":"TEN_PERCENT_HP_BONUS","is_prod":false,"is_daily":false,"chose_seed":false,"campfire_upgraded":3,"win_rate":0,"timestamp":1607519681,"path_taken":["M","?","?","M","?","R","E","R","T","R","?","?","?","M","R","BOSS","M","$","M"],"build_version":"2020-11-30","purchased_purges":1,"victory":false,"max_hp_per_floor":[82,82,82,82,82,82,82,82,82,82,82,82,82,82,82,82,82,82,82,82,82],"card_choices":[{"not_picked":["HollowMod:InfectedCysts","HollowMod:DungDefenderAura"],"picked":"HollowMod:MonarchWings","floor":1},{"not_picked":["HollowMod:Grubsong","HollowMod:DashSlash"],"picked":"HollowMod:HuntersJournal","floor":4},{"not_picked":["HollowMod:NewLittleFool","HollowMod:HowlingWraiths"],"picked":"HollowMod:SiblingsSouls","floor":7},{"not_picked":["HollowMod:DescendingDark","HollowMod:VengefulVoid"],"picked":"HollowMod:QuirrelsAssistance","floor":12},{"not_picked":["HollowMod:LifebloodCocoon","HollowMod:SiblingsSouls"],"picked":"HollowMod:MantisMark","floor":14},{"not_picked":["HollowMod:LordofShades","HollowMod:SlysStrikes"],"picked":"HollowMod:Weaversong","floor":16},{"not_picked":["HollowMod:DescendingDark","HollowMod:SoulSplash+1","HollowMod:GoodIntentions"],"picked":"SKIP","floor":18}],"player_experience":595273,"relics_obtained":[{"floor":7,"key":"CeramicFish"},{"floor":9,"key":"MawBank"}],"event_choices":[],"is_beta":false,"boss_relics":[{"not_picked":["HollowMod:VoidIdolRelic","Coffee Dripper"],"picked":"Black Star"}],"items_purged_floors":[19],"is_endless":false,"potions_floor_spawned":[1,4,12,14],"killed_by":"Hallownest:2_Mistakes","ascension_level":3}}