{"host":"zaewvcigpm0efuvp","time":1607525546,"event":{"gold_per_floor":[112,125,125,5,5,5,38,38,38,38,55,55,68,68,68,170,170,182,182,26,26,42,42,18,18,18],"floor_reached":25,"playtime":1221,"items_purged":[],"score":197,"play_id":"254e2721-7d04-4618-b604-909c8f0b5df4","local_time":"20201209155226","is_ascension_mode":false,"campfire_choices":[{"data":"Glacier","floor":6,"key":"SMITH"},{"data":"Double Energy","floor":8,"key":"SMITH"},{"data":"Clawfect:Clawter","floor":10,"key":"SMITH"},{"data":"Clawfect:ClawLightning","floor":12,"key":"SMITH"},{"data":"StuffTheSpire:Rend","floor":15,"key":"SMITH"},{"data":"Leap","floor":23,"key":"SMITH"}],"neow_cost":"NONE","seed_source_timestamp":716651035200400,"circlet_count":0,"master_deck":["Gash","Gash","Defend_B","Defend_B","Defend_B","Defend_B","Defend_B","Glacier+1","Darkness","Flechettes","Masterful Stab","Strike_G","Clawfect:ClawSnap","Clawfect:ClawSnap","Leap+1","jedi:hex","Clawfect:ClawingBeam","ReplayRNGCard","jedi:BurstLightning","Reaper+1","Time Bomb+1","ReplaySolidLightProjector+1","jedi:BurstFrost"],"relics":["HushsDoor","halation:SimulatedSpire","SatanicBible","halation:YellowSoulGem","Replay:Bottled Snecko","CCEMRelics:GrapeVine","aspiration:EmptySkull","Busted Crown"],"potions_floor_usage":[25,25,25],"damage_taken":[{"damage":0,"enemies":"2 Louse","floor":1,"turns":4},{"damage":0,"enemies":"Small Slimes","floor":2,"turns":2},{"damage":10,"enemies":"Gremlin Nob","floor":7,"turns":4},{"damage":0,"enemies":"Jaw Worm","floor":11,"turns":3},{"damage":0,"enemies":"Large Slime","floor":13,"turns":4},{"damage":15,"enemies":"Hexaghost","floor":16,"turns":6},{"damage":64,"enemies":"3 Byrds","floor":18,"turns":6},{"damage":3,"enemies":"Spheric Guardian","floor":22,"turns":5},{"damage":11,"enemies":"Nightmare","floor":25,"turns":5}],"seed_played":"3966758694369973015","potions_obtained":[{"floor":7,"key":"FearPotion"},{"floor":13,"key":"LiquidMemories"},{"floor":22,"key":"sneckomod:MuddlingPotion"}],"is_trial":false,"path_per_floor":["M","M","?","$","?","R","E","R","T","R","M","R","M","?","R","B",null,"M","?","$","?","M","R","$","NM"],"character_chosen":"DEFECT","items_purchased":["Clawfect:ClawSnap","Time Bomb+1","jedi:BurstFrost"],"campfire_rested":0,"item_purchase_floors":[4,20,24],"current_hp_per_floor":[75,75,75,75,75,75,65,65,65,65,65,65,65,50,50,35,75,11,11,11,11,8,8,8,0,0],"gold":18,"neow_bonus":"SIMULATED_SPIRE","is_prod":false,"is_daily":false,"chose_seed":false,"campfire_upgraded":6,"win_rate":0.0,"timestamp":1607525546,"path_taken":["M","M","?","$","?","R","E","R","T","R","M","R","M","?","R","BOSS","M","?","$","?","?","R","?","NM"],"build_version":"2020-11-30","purchased_purges":0,"victory":false,"max_hp_per_floor":[75,75,75,75,75,75,75,75,75,75,75,75,75,75,75,75,75,75,75,75,75,75,75,75,75,75],"card_choices":[{"not_picked":["jedi:readyaimfire","Clawfect:ClawCell"],"picked":"Glacier","floor":1},{"not_picked":["Loop","Bomb"],"picked":"Darkness","floor":2},{"not_picked":["Steam Power","Pulse"],"picked":"Leap","floor":7},{"not_picked":["StuffTheSpire:ShieldGenerator","jedi:locknload"],"picked":"jedi:hex","floor":11},{"not_picked":["Buffer","White Noise"],"picked":"Clawfect:ClawingBeam","floor":13},{"not_picked":["StuffTheSpire:LaunchingStrike","hubris:SpecializedCircuitry"],"picked":"ReplayRNGCard","floor":16},{"not_picked":[],"picked":"jedi:BurstLightning","floor":18},{"not_picked":[],"picked":"ReplaySolidLightProjector+1","floor":22}],"player_experience":3968,"relics_obtained":[{"floor":7,"key":"Replay:Bottled Snecko"},{"floor":9,"key":"CCEMRelics:GrapeVine"}],"event_choices":[{"damage_healed":0,"gold_gain":0,"player_choice":"Take","damage_taken":0,"max_hp_gain":0,"max_hp_loss":0,"event_name":"betterNote:BetterNote","floor":19,"gold_loss":0,"cards_obtained":["Reaper"]}],"is_beta":false,"boss_relics":[{"not_picked":["aspiration:RitualDagger","hubris:RunicObelisk"],"picked":"Busted Crown"},{"not_picked":[]}],"items_purged_floors":[],"is_endless":false,"potions_floor_spawned":[7,13,22],"killed_by":"Nightmare","ascension_level":0}}