{"host":"uohgqexxxcaim5wq","time":1607474225,"event":{"gold_per_floor":[99,111,125,25,91,91,116,116,116],"floor_reached":8,"playtime":353,"items_purged":[],"score":54,"play_id":"c9c169e8-6b46-4651-8371-f32778e59c66","local_time":"20201208193705","is_ascension_mode":true,"campfire_choices":[{"floor":1,"key":"RECALL"}],"neow_cost":"NONE","seed_source_timestamp":128790401112500,"circlet_count":0,"master_deck":["Decade_Attack+1","Decade_Attack+1","Decade_Attack+1","Decade_Attack+1","KamenRide+1","Decade_SpecialSkill+1","Decade_Defend+1","Decade_Defend+1","Decade_Defend+1","Decade_Defend+1","UnarmedAttack5","FormRideJack","conspire:SpireCoStock","conspire:SpireCoStock"],"relics":["Decadriver","TOEIDeficitBill","testmod-TestBox","testmod-FatalChain","Omamori","testmod-Antiphasic"],"potions_floor_usage":[],"damage_taken":[{"damage":2,"enemies":"Hallownest:monsterHuskWarrior","floor":2,"turns":4},{"damage":5,"enemies":"Hallownest:2_Baldur","floor":3,"turns":2},{"damage":5,"enemies":"Hallownest:eliteCrystalGuardian","floor":5,"turns":3},{"damage":1,"enemies":"Hallownest:2_Tiktiks_and_1_Crawlid","floor":8,"turns":1}],"seed_played":"6732662611048717416","potions_obtained":[{"floor":5,"key":"Elixir"}],"is_trial":false,"path_per_floor":["R","M","M","?","E","?","T","M"],"character_chosen":"Decade","items_purchased":[],"campfire_rested":0,"item_purchase_floors":[],"current_hp_per_floor":[70,68,63,63,58,4,4,6,6],"gold":116,"neow_bonus":"RANDOM_COMMON_RELIC","is_prod":false,"is_daily":false,"chose_seed":false,"campfire_upgraded":0,"win_rate":0,"timestamp":1607474225,"path_taken":["R","M","M","?","E","?","T","M"],"build_version":"2020-11-30","purchased_purges":0,"victory":false,"max_hp_per_floor":[70,70,70,70,70,63,63,63,63],"card_choices":[{"not_picked":["DenO_Sword","FormRideDogga"],"picked":"Hibiki_Attack1","floor":2},{"not_picked":["UnarmedAttack7","RideBooker_Skill_2"],"picked":"UnarmedAttack5","floor":2},{"not_picked":["Dragreder","Hibiki_Attack2"],"picked":"FormRideJack","floor":3},{"not_picked":["Kiva_Frozen","Decade_Illusion"],"picked":"DenO_Rod","floor":3}],"player_experience":159732,"relics_obtained":[{"floor":5,"key":"testmod-Antiphasic"}],"event_choices":[{"damage_healed":0,"gold_gain":0,"player_choice":"Invest 2","damage_taken":0,"max_hp_gain":0,"max_hp_loss":0,"event_name":"conspire:Investor","floor":4,"gold_loss":0}],"is_beta":false,"boss_relics":[],"items_purged_floors":[],"is_endless":false,"potions_floor_spawned":[5],"killed_by":"Hallownest:2_Tiktiks_and_1_Crawlid","ascension_level":0}}