{"host":"i2z4n8754xwu57nm","time":1607517025,"event":{"gold_per_floor":[112,122,6,25,25,25,25,25,51,85,10,21,21,50,50,127,127,137,151,167,179,198,198,212,247,247,247,247,84,84,101,101,180,180,195,195,195,206,225,225,241,241,241],"floor_reached":42,"playtime":1667,"items_purged":["Strike_B"],"score":936,"play_id":"ea6ee3e4-316b-4dff-b535-b22ed6729e32","local_time":"20201209213025","is_ascension_mode":true,"campfire_choices":[{"floor":6.0,"key":"REST"},{"data":"Defragment","floor":8.0,"key":"SMITH"},{"floor":13.0,"key":"REST"},{"data":"Buffer","floor":15.0,"key":"SMITH"},{"data":"Biased Cognition","floor":23.0,"key":"SMITH"},{"data":"Reinforced Body","floor":27.0,"key":"SMITH"},{"data":"Creative AI","floor":32.0,"key":"SMITH"},{"floor":40.0,"key":"REST"}],"neow_cost":"NONE","seed_source_timestamp":6569248526444,"circlet_count":0,"master_deck":["AscendersBane","Strike_B+1","Strike_B+1","Defend_B+1","Defend_B","Defend_B","Defend_B+1","Zap+1","Dualcast+1","Defragment+1","Hologram+1","Biased Cognition+1","Ball Lightning","Buffer+1","Electrodynamics","Leap","Reinforced Body+1","Steam+1","Conserve Battery","Fusion+1","Seek","Creative AI+1","Core Surge","Coolheaded+1"],"special_seed":0,"relics":["Cracked Core","Whetstone","War Paint","Bronze Scales","Akabeko","Sozu","Vajra","Unceasing Top","FaceOfCleric","SlaversCollar"],"potions_floor_usage":[],"damage_taken":[{"damage":3.0,"enemies":"2 Louse","floor":1.0,"turns":2.0},{"damage":12.0,"enemies":"Jaw Worm","floor":2.0,"turns":4.0},{"damage":7.0,"enemies":"Small Slimes","floor":4.0,"turns":3.0},{"damage":35.0,"enemies":"3 Sentries","floor":10.0,"turns":8.0},{"damage":0.0,"enemies":"2 Fungi Beasts","floor":12.0,"turns":2.0},{"damage":27.0,"enemies":"Lagavulin","floor":14.0,"turns":6.0},{"damage":19.0,"enemies":"The Guardian","floor":16.0,"turns":10.0},{"damage":0.0,"enemies":"3 Byrds","floor":18.0,"turns":2.0},{"damage":6.0,"enemies":"Spheric Guardian","floor":19.0,"turns":3.0},{"damage":1.0,"enemies":"Centurion and Healer","floor":20.0,"turns":3.0},{"damage":5.0,"enemies":"Shelled Parasite and Fungi","floor":21.0,"turns":3.0},{"damage":0.0,"enemies":"Sentry and Sphere","floor":22.0,"turns":4.0},{"damage":7.0,"enemies":"Centurion and Healer","floor":24.0,"turns":3.0},{"damage":14.0,"enemies":"Book of Stabbing","floor":25.0,"turns":5.0},{"damage":0.0,"enemies":"Shelled Parasite and Fungi","floor":31.0,"turns":3.0},{"damage":0.0,"enemies":"Automaton","floor":33.0,"turns":8.0},{"damage":23.0,"enemies":"3 Darklings","floor":35.0,"turns":3.0},{"damage":21.0,"enemies":"Orb Walker","floor":38.0,"turns":4.0},{"damage":12.0,"enemies":"3 Darklings","floor":39.0,"turns":2.0},{"damage":27.0,"enemies":"4 Shapes","floor":41.0,"turns":5.0},{"damage":15,"enemies":"Maw","floor":42,"turns":7}],"seed_played":"-9195206508613745676","potions_obtained":[{"floor":1.0,"key":"FairyPotion"},{"floor":2.0,"key":"Strength Potion"},{"floor":10.0,"key":"EssenceOfDarkness"},{"floor":16.0,"key":"Ancient Potion"}],"is_trial":false,"path_per_floor":["M","M","$","M","?","R","T","R","T","E","?","M","R","E","R","B",null,"M","M","M","M","M","R","M","E","T","R","?","$","?","M","R","B",null,"M","?","?","M","M","R","M","M"],"character_chosen":"DEFECT","items_purchased":["Fruit Juice","Seek"],"campfire_rested":3,"item_purchase_floors":[3,29],"current_hp_per_floor":[61,49,54,47,24,46,46,46,46,11,11,11,33,6,6,13,60,60,54,53,48,48,48,41,27,27,27,27,27,27,28,28,29,66,44,44,44,24,13,36,10,0,0],"gold":241,"neow_bonus":"UPGRADE_CARD","is_prod":false,"is_daily":false,"chose_seed":false,"campfire_upgraded":5,"win_rate":0,"timestamp":1607517025,"path_taken":["M","M","$","M","?","R","?","R","T","E","?","M","R","E","R","BOSS","M","M","M","M","M","R","M","E","T","R","?","$","?","?","R","BOSS","M","?","?","M","M","R","?","M"],"build_version":"2020-11-30","purchased_purges":1,"victory":false,"max_hp_per_floor":[71,71,76,76,76,76,76,76,76,76,76,76,76,76,76,76,76,76,76,76,76,76,76,76,76,76,76,76,76,76,77,77,78,78,79,75,75,76,77,77,78,78,78],"card_choices":[{"not_picked":["Leap","Go for the Eyes"],"picked":"Defragment","floor":1.0},{"not_picked":["Self Repair","Compile Driver"],"picked":"Hologram","floor":2.0},{"not_picked":["Redo","Barrage","Beam Cell"],"picked":"SKIP","floor":4.0},{"not_picked":["Hello World","Fusion"],"picked":"Biased Cognition","floor":10.0},{"not_picked":["Leap","Undo"],"picked":"Ball Lightning","floor":12.0},{"not_picked":["Hologram","Hello World"],"picked":"Buffer","floor":14.0},{"not_picked":["Meteor Strike","Seek"],"picked":"Electrodynamics","floor":16.0},{"not_picked":["Sweeping Beam","Tempest","Compile Driver"],"picked":"SKIP","floor":18.0},{"not_picked":["Static Discharge","Beam Cell"],"picked":"Leap","floor":19.0},{"not_picked":["Blizzard","Compile Driver"],"picked":"Reinforced Body","floor":20.0},{"not_picked":["Redo","Beam Cell"],"picked":"Steam+1","floor":21.0},{"not_picked":["Turbo","Ball Lightning"],"picked":"Conserve Battery","floor":22.0},{"not_picked":["Hyperbeam","Beam Cell"],"picked":"Fusion+1","floor":24.0},{"not_picked":["Redo","Ball Lightning","Compile Driver"],"picked":"SKIP","floor":25.0},{"not_picked":["FTL+1","Ball Lightning"],"picked":"Creative AI","floor":31.0},{"not_picked":["Rainbow","Meteor Strike"],"picked":"Core Surge","floor":33.0},{"not_picked":["Conserve Battery","Steam"],"picked":"Coolheaded","floor":35.0},{"not_picked":["Sweeping Beam","Ball Lightning+1","Gash"],"picked":"SKIP","floor":38.0},{"not_picked":["Steam+1","Streamline","FTL"],"picked":"SKIP","floor":39.0},{"not_picked":["Doom and Gloom","Ball Lightning","Blizzard+1"],"picked":"SKIP","floor":41.0}],"player_experience":918083,"relics_obtained":[{"floor":7.0,"key":"Whetstone"},{"floor":9.0,"key":"War Paint"},{"floor":10.0,"key":"Bronze Scales"},{"floor":14.0,"key":"Akabeko"},{"floor":25.0,"key":"Vajra"},{"floor":26.0,"key":"Unceasing Top"}],"event_choices":[{"damage_healed":0.0,"max_hp_gain":0.0,"max_hp_loss":0.0,"gold_gain":0.0,"event_name":"Shining Light","player_choice":"Entered Light","floor":5.0,"gold_loss":0.0,"damage_taken":23.0,"cards_upgraded":["Defend_B","Dualcast"]},{"cards_removed":["Strike_B"],"damage_healed":0.0,"max_hp_gain":0.0,"max_hp_loss":0.0,"gold_gain":0.0,"event_name":"The Cleric","player_choice":"Card Removal","floor":11.0,"gold_loss":75.0,"damage_taken":0.0},{"damage_healed":0.0,"max_hp_gain":0.0,"max_hp_loss":0.0,"gold_gain":0.0,"event_name":"Ghosts","player_choice":"Ignored","floor":28.0,"gold_loss":0.0,"damage_taken":0.0},{"damage_healed":0.0,"max_hp_gain":0.0,"max_hp_loss":0.0,"gold_gain":0.0,"event_name":"FaceTrader","player_choice":"Trade","floor":30.0,"gold_loss":0.0,"damage_taken":0.0,"relics_obtained":["FaceOfCleric"]},{"damage_healed":0.0,"max_hp_gain":0.0,"max_hp_loss":4.0,"gold_gain":0.0,"event_name":"Winding Halls","player_choice":"Max HP","floor":36.0,"gold_loss":0.0,"damage_taken":0.0},{"damage_healed":0.0,"max_hp_gain":0.0,"max_hp_loss":0.0,"gold_gain":0.0,"event_name":"Upgrade Shrine","player_choice":"Upgraded","floor":37.0,"gold_loss":0.0,"damage_taken":0.0,"cards_upgraded":["Coolheaded"]}],"is_beta":false,"boss_relics":[{"not_picked":["Nuclear Battery","Runic Dome"],"picked":"Sozu"},{"not_picked":["Coffee Dripper","Snecko Eye"],"picked":"SlaversCollar"}],"items_purged_floors":[29],"is_endless":false,"potions_floor_spawned":[1,2,10,16,20,21,24,31,39],"killed_by":"Maw","ascension_level":19}}