{"host":"qnt9s4mv9nwe7jg7","time":1607541849,"event":{"gold_per_floor":[19,34,45,45,63,90,90,117,144,170,182,210,210,40,40,139,139,159,185,35,35,45,80,91,91,114,143,161,9,9,9,9,108,108,120,120,120,120,174,201,251,282,307,324,324,340,340,368,368,368,368,368,39,66,66],"floor_reached":56,"playtime":4838,"items_purged":[],"score":1587,"play_id":"5271553f-cb7b-4d0a-9b66-257e2223671f","local_time":"20201209192409","is_ascension_mode":true,"campfire_choices":[{"floor":7,"key":"REST"},{"data":"Apotheosis","floor":15,"key":"SMITH"},{"floor":30,"key":"REST"},{"data":"Self Repair","floor":32,"key":"SMITH"},{"floor":45,"key":"RECALL"},{"floor":49,"key":"REST"},{"data":"Creative AI","floor":52,"key":"SMITH"}],"neow_cost":"NO_GOLD","seed_source_timestamp":-9007900859495056086,"circlet_count":0,"master_deck":["Zap","Dualcast","Biased Cognition","Ball Lightning","Steam","Beam Cell","Storm","All For One","Coolheaded","Skim+1","Sunder","Apotheosis+1","Core Surge","Amplify","Capacitor","Turbo+1","Amplify","Heatsinks","Consume","Chill","Stack","Defragment","Biased Cognition","Creative AI+1","Glacier","Self Repair+1","Fission","Lockon","Multi-Cast","Reboot"],"relics":["Cracked Core","Emotion Chip","Happy Flower","Bag of Preparation","Lantern","Odd Mushroom","Pandora\u0027s Box","Red Mask","DataDisk","Ancient Tea Set","Orichalcum","Juzu Bracelet","Runic Capacitor","Sozu","Bottled Lightning","Turnip","Anchor","Du-Vu Doll","Mango","Ornamental Fan","War Paint","HornCleat","Shuriken"],"potions_floor_usage":[3,10,10,16,16,22,27,28,28,55,55],"damage_taken":[{"damage":0,"enemies":"Small Slimes","floor":1,"turns":2},{"damage":2,"enemies":"Jaw Worm","floor":2,"turns":2},{"damage":0,"enemies":"Cultist","floor":3,"turns":3},{"damage":14,"enemies":"3 Louse","floor":5,"turns":3},{"damage":12,"enemies":"Gremlin Nob","floor":6,"turns":3},{"damage":14,"enemies":"Lagavulin","floor":8,"turns":5},{"damage":10,"enemies":"3 Sentries","floor":10,"turns":3},{"damage":0,"enemies":"Exordium Thugs","floor":11,"turns":3},{"damage":0,"enemies":"The Mushroom Lair","floor":12,"turns":3},{"damage":36,"enemies":"Hexaghost","floor":16,"turns":4},{"damage":12,"enemies":"Shell Parasite","floor":18,"turns":2},{"damage":0,"enemies":"Masked Bandits","floor":19,"turns":3},{"damage":0,"enemies":"3 Byrds","floor":22,"turns":3},{"damage":13,"enemies":"Gremlin Leader","floor":23,"turns":4},{"damage":8,"enemies":"Cultist and Chosen","floor":24,"turns":3},{"damage":4,"enemies":"Slavers","floor":27,"turns":3},{"damage":0,"enemies":"Snake Plant","floor":28,"turns":1},{"damage":0,"enemies":"Automaton","floor":33,"turns":6},{"damage":0,"enemies":"Orb Walker","floor":35,"turns":3},{"damage":0,"enemies":"2 Orb Walkers","floor":39,"turns":3},{"damage":0,"enemies":"Giant Head","floor":40,"turns":4},{"damage":17,"enemies":"Mind Bloom Boss Battle","floor":41,"turns":4},{"damage":9,"enemies":"Nemesis","floor":42,"turns":5},{"damage":5,"enemies":"3 Darklings","floor":44,"turns":2},{"damage":5,"enemies":"Maw","floor":46,"turns":4},{"damage":29,"enemies":"Reptomancer","floor":48,"turns":3},{"damage":0,"enemies":"Time Eater","floor":50,"turns":4},{"damage":1,"enemies":"Shield and Spear","floor":54,"turns":4},{"damage":60,"enemies":"The Heart","floor":55,"turns":5}],"seed_played":"-5787937341701223652","potions_obtained":[{"floor":3,"key":"EntropicBrew"},{"floor":10,"key":"DuplicationPotion"},{"floor":11,"key":"Energy Potion"},{"floor":18,"key":"FearPotion"},{"floor":22,"key":"Strength Potion"},{"floor":23,"key":"ColorlessPotion"},{"floor":27,"key":"Energy Potion"},{"floor":33,"key":"LiquidMemories"}],"is_trial":false,"path_per_floor":["M","M","M","?","M","E","R","E","T","E","M","?","?","$","R","B",null,"M","?","$","?","M","E","M","?","T","E","M","$","R","?","R","B",null,"M","?","T","$","?","E","?","E","T","M","R","M","T","E","R","B",null,"R","$","E","B",null],"character_chosen":"DEFECT","items_purchased":["Apotheosis","DataDisk","Runic Capacitor","HornCleat","Reboot"],"campfire_rested":3,"item_purchase_floors":[14,20,29,53,53],"current_hp_per_floor":[75,73,73,73,59,47,69,55,55,45,45,45,70,70,70,34,75,63,63,63,63,63,50,42,42,42,38,38,38,60,60,60,70,75,75,75,75,75,75,75,75,89,89,84,84,89,89,70,89,89,89,89,89,89,49],"gold":66,"neow_bonus":"THREE_RARE_CARDS","is_prod":false,"is_daily":false,"chose_seed":false,"campfire_upgraded":3,"win_rate":0,"timestamp":1607541849,"path_taken":["M","M","M","?","M","E","R","E","T","E","M","?","?","?","R","BOSS","M","?","$","?","M","E","?","?","T","E","M","$","R","?","R","BOSS","M","?","?","$","?","E","?","E","T","M","R","M","?","E","R","BOSS","R","$","E","BOSS"],"build_version":"2020-11-30","purchased_purges":0,"victory":true,"max_hp_per_floor":[75,75,75,75,75,75,75,75,75,75,75,75,75,75,75,75,75,75,75,75,75,75,75,75,75,75,75,75,75,75,75,75,75,75,75,75,75,75,75,75,75,89,89,89,89,89,89,89,89,89,89,89,89,89,89],"relic_stats":{"Happy Flower":[26],"counters":[29,97],"Bag of Preparation":[46],"Juzu Bracelet":0,"Orichalcum":[60],"War Paint":["Skim","Turbo"],"Sozu":2,"Emotion Chip":[58,41,14,0,3],"Ornamental Fan":[16],"Shuriken":[2],"Pandora\u0027s Box":["Amplify","Capacitor","Turbo","Amplify","Heatsinks","Consume","Chill","Stack"],"Turnip":[5],"obtain_stats":[{"Lantern":10,"Happy Flower":8,"Mango":42,"Bag of Preparation":9,"Juzu Bracelet":27,"Runic Capacitor":29,"Odd Mushroom":12,"Orichalcum":26,"War Paint":48,"Ancient Tea Set":23,"Sozu":34,"Du-Vu Doll":41,"Emotion Chip":6,"DataDisk":20,"Anchor":40,"HornCleat":53,"Ornamental Fan":47,"Shuriken":54,"Pandora\u0027s Box":17,"Turnip":39,"Red Mask":19,"Bottled Lightning":37,"Cracked Core":0},{"Lantern":7,"Happy Flower":6,"Mango":23,"Bag of Preparation":6,"Juzu Bracelet":16,"Runic Capacitor":17,"Odd Mushroom":9,"Orichalcum":15,"War Paint":26,"Ancient Tea Set":14,"Sozu":18,"Du-Vu Doll":22,"Emotion Chip":5,"DataDisk":12,"Anchor":21,"HornCleat":27,"Ornamental Fan":25,"Shuriken":28,"Pandora\u0027s Box":10,"Turnip":20,"Red Mask":12,"Bottled Lightning":19,"Cracked Core":0},{"Lantern":21,"Happy Flower":18,"Mango":75,"Bag of Preparation":18,"Juzu Bracelet":49,"Runic Capacitor":50,"Odd Mushroom":27,"Orichalcum":46,"War Paint":84,"Ancient Tea Set":43,"Sozu":56,"Du-Vu Doll":70,"Emotion Chip":13,"DataDisk":36,"Anchor":66,"HornCleat":88,"Ornamental Fan":81,"Shuriken":92,"Pandora\u0027s Box":31,"Turnip":62,"Red Mask":36,"Bottled Lightning":59,"Cracked Core":0}]},"card_choices":[{"not_picked":["Meteor Strike","Buffer"],"picked":"Biased Cognition","floor":0},{"not_picked":["Blizzard","Capacitor"],"picked":"Ball Lightning","floor":1},{"not_picked":["Reprogram","Stack"],"picked":"Steam","floor":2},{"not_picked":["Turbo","Compile Driver"],"picked":"Beam Cell","floor":3},{"not_picked":["Go for the Eyes","Steam"],"picked":"Storm","floor":5},{"not_picked":["Hologram","Heatsinks"],"picked":"All For One","floor":6},{"not_picked":["Scrape","Turbo"],"picked":"Coolheaded","floor":8},{"not_picked":["Doom and Gloom","Meteor Strike"],"picked":"Skim","floor":10},{"not_picked":["Rip and Tear","Stack"],"picked":"Sunder","floor":11},{"not_picked":["Barrage","Sweeping Beam"],"picked":"Cold Snap","floor":12},{"not_picked":["Multi-Cast","Biased Cognition"],"picked":"Core Surge","floor":16},{"not_picked":["Beam Cell","Streamline+1"],"picked":"Defragment","floor":18},{"not_picked":["Conserve Battery","Compile Driver","Heatsinks"],"picked":"SKIP","floor":22},{"not_picked":["BootSequence","Stack+1","Barrage"],"picked":"SKIP","floor":23},{"not_picked":["Redo","Glacier+1"],"picked":"Creative AI","floor":24},{"not_picked":["Beam Cell","Force Field+1"],"picked":"Glacier","floor":27},{"not_picked":["Scrape","Auto Shields","Coolheaded+1"],"picked":"SKIP","floor":28},{"not_picked":["Creative AI","Buffer"],"picked":"Fission","floor":33},{"not_picked":["Streamline+1","Stack+1","Double Energy"],"picked":"SKIP","floor":35},{"not_picked":["Go for the Eyes+1","Leap"],"picked":"Lockon","floor":39},{"not_picked":["Turbo+1","Beam Cell+1"],"picked":"Multi-Cast","floor":40},{"not_picked":["Conserve Battery+1","Scrape+1","BootSequence"],"picked":"SKIP","floor":42},{"not_picked":["Steam Power","White Noise","Compile Driver"],"picked":"SKIP","floor":44},{"not_picked":["Capacitor+1","Stack","Barrage+1"],"picked":"SKIP","floor":46},{"not_picked":["Melter","Darkness","Hello World+1"],"picked":"SKIP","floor":48},{"not_picked":["Capacitor","Sunder","Steam+1"],"picked":"SKIP","floor":54}],"player_experience":216968,"relics_obtained":[{"floor":6,"key":"Emotion Chip"},{"floor":8,"key":"Happy Flower"},{"floor":9,"key":"Bag of Preparation"},{"floor":10,"key":"Lantern"},{"floor":12,"key":"Odd Mushroom"},{"floor":19,"key":"Red Mask"},{"floor":23,"key":"Ancient Tea Set"},{"floor":26,"key":"Orichalcum"},{"floor":27,"key":"Juzu Bracelet"},{"floor":37,"key":"Bottled Lightning"},{"floor":39,"key":"Turnip"},{"floor":40,"key":"Anchor"},{"floor":41,"key":"Du-Vu Doll"},{"floor":42,"key":"Mango"},{"floor":47,"key":"Ornamental Fan"},{"floor":48,"key":"War Paint"},{"floor":54,"key":"Shuriken"}],"event_choices":[{"damage_healed":0,"gold_gain":0,"player_choice":"Ignored","damage_taken":0,"max_hp_gain":0,"max_hp_loss":0,"event_name":"Liars Game","floor":4,"gold_loss":0},{"damage_healed":0,"gold_gain":0,"player_choice":"Fought Mushrooms","damage_taken":0,"max_hp_gain":0,"max_hp_loss":0,"event_name":"Mushrooms","floor":12,"gold_loss":0},{"damage_healed":25,"gold_gain":0,"player_choice":"Banana","damage_taken":0,"max_hp_gain":0,"max_hp_loss":0,"event_name":"Big Fish","floor":13,"gold_loss":0},{"damage_healed":0,"gold_gain":0,"player_choice":"Fought Bandits","damage_taken":0,"max_hp_gain":0,"max_hp_loss":0,"event_name":"Masked Bandits","floor":19,"gold_loss":0},{"damage_healed":0,"gold_gain":0,"player_choice":"Copied","damage_taken":0,"max_hp_gain":0,"max_hp_loss":0,"event_name":"Duplicator","floor":21,"gold_loss":0,"cards_obtained":["Biased Cognition"]},{"cards_removed":["Cold Snap"],"damage_healed":0,"gold_gain":0,"player_choice":"Elegance","damage_taken":0,"max_hp_gain":0,"max_hp_loss":0,"event_name":"Back to Basics","floor":25,"gold_loss":0},{"damage_healed":0,"gold_gain":0,"player_choice":"Read","damage_taken":0,"max_hp_gain":0,"max_hp_loss":0,"event_name":"The Library","floor":31,"gold_loss":0,"cards_obtained":["Self Repair"]},{"damage_healed":0,"gold_gain":0,"player_choice":"Memory 1","damage_taken":0,"max_hp_gain":0,"max_hp_loss":0,"event_name":"SensoryStone","floor":36,"gold_loss":0},{"damage_healed":0,"gold_gain":0,"player_choice":"Fight","damage_taken":0,"max_hp_gain":0,"max_hp_loss":0,"event_name":"Mysterious Sphere","floor":39,"gold_loss":0},{"damage_healed":0,"gold_gain":0,"player_choice":"Fight","damage_taken":0,"max_hp_gain":0,"max_hp_loss":0,"event_name":"MindBloom","floor":41,"gold_loss":0}],"is_beta":false,"boss_relics":[{"not_picked":["Astrolabe","Runic Dome"],"picked":"Pandora\u0027s Box"},{"not_picked":["Snecko Eye","Empty Cage"],"picked":"Sozu"}],"items_purged_floors":[],"is_endless":false,"potions_floor_spawned":[3,8,10,11,18,22,23,27,33,35,39],"ascension_level":4}}