{"host":"1c52r9kaxdyo25eq","time":1607528937,"event":{"gold_per_floor":[116,133,133,151,168,181,197,197,270,288,51,51,51],"floor_reached":12,"playtime":903,"items_purged":["Strike_G"],"score":148,"play_id":"62514db7-7b23-43a7-886f-3a4661398e81","local_time":"20201210004857","is_ascension_mode":true,"campfire_choices":[{"data":"Footwork","floor":8,"key":"SMITH"}],"neow_cost":"NONE","seed_source_timestamp":442671716111300,"circlet_count":0,"master_deck":["AscendersBane","Strike_G+1","Strike_G+1","Strike_G","Defend_G","Defend_G","Defend_G","Defend_G","Defend_G","Survivor","Neutralize","Footwork+1","Reflex","Burst","Quick Slash","Corpse Explosion"],"special_seed":0,"relics":["Ring of the Snake","Potion Belt","Shuriken","Whetstone"],"potions_floor_usage":[6,12],"damage_taken":[{"damage":15.0,"enemies":"Cultist","floor":1.0,"turns":5.0},{"damage":2.0,"enemies":"Jaw Worm","floor":2.0,"turns":5.0},{"damage":0.0,"enemies":"2 Louse","floor":4.0,"turns":5.0},{"damage":13.0,"enemies":"Gremlin Gang","floor":5.0,"turns":9.0},{"damage":8,"enemies":"Large Slime","floor":6,"turns":6},{"damage":21,"enemies":"Exordium Wildlife","floor":7,"turns":4},{"damage":8,"enemies":"Exordium Thugs","floor":10,"turns":7},{"damage":0,"enemies":"Gremlin Nob","floor":12,"turns":3}],"seed_played":"8516775889678363791","potions_obtained":[{"floor":1.0,"key":"SneckoOil"},{"floor":2.0,"key":"FairyPotion"},{"floor":5.0,"key":"CunningPotion"}],"is_trial":false,"path_per_floor":["M","M","?","M","M","M","M","R","T","M","$","E"],"character_chosen":"THE_SILENT","items_purchased":["Whetstone"],"campfire_rested":0,"item_purchase_floors":[11],"current_hp_per_floor":[44,42,42,42,29,21,19,19,19,11,11,11,11],"gold":51,"neow_bonus":"RANDOM_COMMON_RELIC","is_prod":false,"is_daily":false,"chose_seed":false,"campfire_upgraded":1,"win_rate":0,"timestamp":1607528937,"path_taken":["M","?","?","M","?","M","M","R","T","M","?","E"],"build_version":"2020-11-30","purchased_purges":1,"victory":false,"max_hp_per_floor":[66,66,66,66,66,66,66,66,66,66,66,66,66],"card_choices":[{"not_picked":["Flying Knee","Accuracy"],"picked":"Footwork","floor":1.0},{"not_picked":["Deadly Poison","Dash"],"picked":"Reflex","floor":2.0},{"not_picked":["Dagger Spray","Predator"],"picked":"Quick Slash","floor":4.0},{"not_picked":["Slice","Concentrate","Dagger Throw"],"picked":"SKIP","floor":5.0},{"not_picked":["Blur","Bane"],"picked":"Corpse Explosion","floor":6},{"not_picked":["Deadly Poison","Riddle With Holes","Outmaneuver"],"picked":"SKIP","floor":7},{"not_picked":["Terror","Quick Slash","Sucker Punch"],"picked":"SKIP","floor":10}],"player_experience":446686,"relics_obtained":[{"floor":9,"key":"Shuriken"}],"event_choices":[{"damage_healed":0.0,"max_hp_gain":0.0,"max_hp_loss":0.0,"gold_gain":0.0,"cards_transformed":["Strike_G"],"event_name":"Transmorgrifier","player_choice":"Transformed","floor":3.0,"gold_loss":0.0,"damage_taken":0.0,"cards_obtained":["Burst"]}],"is_beta":false,"boss_relics":[],"items_purged_floors":[11],"is_endless":false,"potions_floor_spawned":[1,2,5],"killed_by":"Gremlin Nob","ascension_level":20}}