{"host":"a0bi5e935fpwrwib","time":1607491692,"event":{"gold_per_floor":[116,116,137,160,181,216,216,251,251,251,251,251,251,295,314,357,357,485,485,504,69,90,114,129,170,170,194,217,316,347,347,370,410,410,531,531,555,33,182,202,49,93,93,126,126,161,177,201,201,249,249,249],"floor_reached":53,"playtime":5120,"items_purged":["Strike_P","Injury","Amnesia"],"score":1392,"play_id":"7d1f64e9-e39c-4531-be09-93f4f5295bb0","local_time":"20201208232812","is_ascension_mode":true,"campfire_choices":[{"floor":7.0,"key":"REST"},{"floor":13.0,"key":"REST"},{"data":"Meditate","floor":17.0,"key":"SMITH"},{"floor":26.0,"key":"REST"},{"data":"Blasphemy","floor":31.0,"key":"SMITH"},{"floor":34.0,"key":"REST"},{"data":"Apotheosis","floor":43.0,"key":"SMITH"},{"data":"ConjureBlade","floor":51,"key":"SMITH"}],"neow_cost":"","seed_source_timestamp":983186951684400,"circlet_count":0,"master_deck":["Strike_P","Strike_P","Strike_P","Defend_P","Defend_P","Defend_P","Eruption","Vigilance","Indignation","BowlingBash","ReachHeaven","ConjureBlade+1","Swivel+1","LessonLearned+1","Meditate+1","Protect","ConjureBlade","FollowUp+1","Vault","Tantrum+1","MasterReality","Devotion","Consecrate","Doubt","Blasphemy+1","WindmillStrike","PathToVictory+1","Sanctity","Devotion","Clumsy","Sickly","WindmillStrike","Apotheosis+1","Delirium","CutThroughFate","Prostrate","Halt","Ragnarok+1","Worship","LessonLearned","Perseverance+1","Hallucinations","Perseverance+1","Sickly","Weave"],"special_seed":0,"relics":["PureWater","BargainBundle","Replay:PocketPolymizer","OrangePellets","ClockworkSouvenir","Golden Idol","Mercury Hourglass","Bronze Scales","Meat on the Bone","Snack Pack","Regal Pillow","Replay:Grab Bag","Velvet Choker","Cursed Key","Ring of Chaos","SlaversCollar","Matryoshka","HornCleat","Potion Belt","ReplayFunnel","MealTicket","ReplayTheSpireMod:TigerMarble","Replay:Ancient Bell","Vajra","Mirror","Lizard Tail","Simple Rune","Replay:Mystery Machine","Anchor","ReplayTheSpireMod:Ninjato","StoneCalendar","Blue Doll","Oddly Smooth Stone"],"potions_floor_usage":[46,52],"damage_taken":[{"damage":0.0,"enemies":"Small Slimes","floor":1.0,"turns":2.0},{"damage":0.0,"enemies":"2 Louse","floor":3.0,"turns":2.0},{"damage":0.0,"enemies":"Cultist","floor":4.0,"turns":2.0},{"damage":8.0,"enemies":"Exordium Wildlife","floor":5.0,"turns":5.0},{"damage":9.0,"enemies":"Replay:BlueRogue","floor":6.0,"turns":5.0},{"damage":10.0,"enemies":"3 Sentries","floor":8.0,"turns":4.0},{"damage":0.0,"enemies":"Lagavulin","floor":14.0,"turns":4.0},{"damage":6.0,"enemies":"Large Slime","floor":15.0,"turns":5.0},{"damage":1.0,"enemies":"3 Sentries","floor":16.0,"turns":4.0},{"damage":0.0,"enemies":"Slime Boss","floor":18.0,"turns":4.0},{"damage":7.0,"enemies":"3 Byrds","floor":20.0,"turns":3.0},{"damage":8.0,"enemies":"Chosen","floor":22.0,"turns":4.0},{"damage":0.0,"enemies":"Snake Plant","floor":23.0,"turns":3.0},{"damage":16.0,"enemies":"Sentry and Sphere","floor":24.0,"turns":4.0},{"damage":20.0,"enemies":"Slavers","floor":25.0,"turns":4.0},{"damage":14.0,"enemies":"Cultist and Chosen","floor":27.0,"turns":3.0},{"damage":0.0,"enemies":"Book of Stabbing","floor":30.0,"turns":4.0},{"damage":8.0,"enemies":"Snake Plant","floor":32.0,"turns":3.0},{"damage":36.0,"enemies":"Gremlin Leader","floor":33.0,"turns":5.0},{"damage":44.0,"enemies":"Automaton","floor":35.0,"turns":7.0},{"damage":29.0,"enemies":"3 Shapes","floor":37.0,"turns":6.0},{"damage":1.0,"enemies":"Orb Walker","floor":40.0,"turns":2.0},{"damage":0.0,"enemies":"R_Hoarder","floor":42.0,"turns":5.0},{"damage":33.0,"enemies":"Giant Head","floor":44.0,"turns":11.0},{"damage":0,"enemies":"Reptomancer","floor":46,"turns":3},{"damage":1,"enemies":"Maw","floor":47,"turns":7},{"damage":0,"enemies":"Writhing Mass","floor":48,"turns":4},{"damage":23,"enemies":"Donu and Deca","floor":52,"turns":7}],"seed_played":"-3841371949217252082","potions_obtained":[{"floor":1.0,"key":"LifebloodPotion"},{"floor":5.0,"key":"Energy Potion"},{"floor":8.0,"key":"Block Potion"},{"floor":12.0,"key":"EntropicBrew"},{"floor":12.0,"key":"DistilledChaos"},{"floor":15.0,"key":"FairyPotion"},{"floor":16.0,"key":"Adrenaline Potion"},{"floor":18.0,"key":"FearPotion"},{"floor":20.0,"key":"DuplicationPotion"},{"floor":23.0,"key":"Fire Potion"},{"floor":25.0,"key":"Weak Potion"},{"floor":30.0,"key":"Strength Potion"},{"floor":35.0,"key":"DuplicationPotion"},{"floor":39.0,"key":"Doom Potion"},{"floor":42.0,"key":"BottledMiracle"},{"floor":44.0,"key":"PowerPotion"},{"floor":46,"key":"Swift Potion"}],"is_trial":false,"path_per_floor":["M","?","M","M","M","E","R","E","T","PTL","PTL","?","R","E","M","E","R","B",null,"M","$","M","M","M","E","R","M","T","?","E","R","M","E","R","B",null,"M","$","?","M","$","E","R","E","T","E","M","M","?","T","R","B",null],"character_chosen":"WATCHER","items_purchased":["BargainBundle","OrangePellets","ColorlessPotion","Strength Potion","SkillPotion","ClockworkSouvenir","Matryoshka","LikeWater","WindmillStrike","Apotheosis","SkillPotion","Ragnarok+1"],"campfire_rested":4,"item_purchase_floors":[0,0,0,0,0,0,21,21,38,38,38,41],"current_hp_per_floor":[41,41,41,41,33,24,45,35,35,35,35,35,56,56,52,51,51,51,72,67,67,59,63,51,45,72,58,58,58,58,58,52,30,66,38,72,43,58,58,59,72,72,72,39,39,41,42,42,63,63,63,46],"gold":249,"neow_bonus":"","is_prod":false,"is_daily":false,"chose_seed":false,"campfire_upgraded":4,"win_rate":0,"timestamp":1607491692,"path_taken":["M","?","M","M","M","E","R","E","T","PTL","PTL","?","R","E","M","E","R","BOSS","M","$","M","M","?","E","R","M","T","?","E","R","M","E","R","BOSS","M","$","?","M","?","E","R","E","T","E","M","?","?","?","R","BOSS"],"build_version":"2020-11-30","purchased_purges":3,"victory":true,"max_hp_per_floor":[72,72,72,72,72,72,72,72,72,72,72,72,72,72,72,72,72,72,72,72,72,72,72,72,72,72,72,72,72,72,72,72,72,72,72,72,72,72,72,72,72,72,72,72,72,72,72,72,63,63,63,63],"relic_stats":{"OrangePellets":[2],"Regal Pillow":21,"Lizard Tail":0,"counters":[182,769],"Golden Idol":241,"Bronze Scales":[243],"MealTicket":28,"StoneCalendar":[5],"Cursed Key":3,"obtain_stats":[{"TwistedFunnel":0,"Golden Egg":0,"Bottled Tornado":21,"Boot":21,"Blood Vial":14,"Sundial":26,"MealTicket":5,"Replay:Bottled Flurry":0,"Kunai":8,"Replay:Wax Seal":30,"Replay:Bottled Steam":28,"ReplayTheSpireMod:Ring of Addiction":5,"Blue Candle":39,"Counterbalance":8,"Velvet Choker":19,"Eternal Feather":26,"Pen Nib":11,"Replay:Ancient Bell":36,"SlaversCollar":19,"MutagenicStrength":30,"Bird Faced Urn":36,"ReplayTheSpireMod:Ring of Collecting":19,"Lantern":31,"Regal Pillow":43,"Torii":0,"Blue Doll":0,"StoneCalendar":24,"Bag of Preparation":31,"Cursed Key":17,"Smiling Mask":40,"Pet Ghost":8,"Replay:Rubber Ducky":44,"Matryoshka":9,"Ring of Fangs":19,"WristBlade":34,"Ninja Scroll":0,"Ring of Peace":19,"Chemical X":44,"Replay:Bottled Eggs":2,"Ring of Panic":39,"Ring of the Snake":0,"Potion Belt":19,"Lee\u0027s Waffle":0,"Golden Idol":2,"Damaru":7,"Thread and Needle":0,"The Courier":28,"PreservedInsect":0,"Omamori":9,"Geode":9,"Ring of Greed":5,"Frozen Egg 2":24,"MawBank":24,"Replay:Arrowhead":39,"Ornamental Fan":40,"Orrery":19,"Art of War":45,"ReplayTheSpireMod:Ring of Challenge":19,"ReplayTheSpireMod:Lightbulb":10,"Toy Ornithopter":26,"Calipers":0,"Gremlin Horn":0,"Nilry\u0027s Codex":30,"HoveringKite":17,"Vajra":29,"Lizard Tail":9,"Centennial Puzzle":28,"HornCleat":12,"DollysMirror":28,"Iron Hammer":48,"Toxic Egg 2":19,"Byrd Skull":4,"Girya":0,"ReplayTheSpireMod:CursedCoin":28,"Replay:Grab Bag":19,"Oddly Smooth Stone":50,"Ring of Chaos":39,"Letter Opener":37,"War Paint":8,"Question Card":26,"OrangePellets":0,"Bottled Flame":2,"Replay:Baseball":41,"Bronze Scales":9,"Molten Egg 2":13,"Simple Rune":39,"Black Star":34,"ReplayTheSpireMod:TigerMarble":33,"Grinning Jar":0,"Mirror":36,"Meat on the Bone":0,"Darkstone Periapt":6,"ReplayFunnel":28,"ReplayTheSpireMod:Ring of Exchange":8,"Replay:PocketPolymizer":30,"SacredBark":17,"Mango":21,"Snake Skull":8,"Juzu Bracelet":6,"Incense Burner":37,"Replay:Mystery Machine":0,"Empty Cage":17,"ClockworkSouvenir":45,"Replay:Bandana":6,"Dream Catcher":6,"Mummified Hand":12,"Pantograph":9,"Tiny Chest":23,"Red Mask":27,"Replay:Antivirus Software":26,"Replay:Drink Me":34,"Gremlin Food":27,"BargainBundle":4,"ReplayTheSpireMod:Ninjato":44,"Quantum Egg":10,"Replay:WaspNest":5,"Odd Mushroom":8,"Medical Kit":20,"White Beast Statue":5,"Mercury Hourglass":6,"Strange Spoon":0,"Anchor":38,"ChewingGum":34,"Bag of Marbles":43,"Snack Pack":41,"Membership Card":0,"PureWater":0,"ReplayTheSpireMod:ShopPack":0},{"TwistedFunnel":15,"Golden Egg":116,"Bottled Tornado":126,"Boot":126,"Blood Vial":136,"Sundial":45,"MealTicket":34,"Replay:Bottled Flurry":130,"Kunai":36,"Replay:Wax Seal":13,"Replay:Bottled Steam":46,"ReplayTheSpireMod:Ring of Addiction":34,"Blue Candle":49,"Counterbalance":61,"Velvet Choker":164,"Eternal Feather":128,"Pen Nib":70,"Replay:Ancient Bell":174,"SlaversCollar":164,"MutagenicStrength":77,"Bird Faced Urn":107,"ReplayTheSpireMod:Ring of Collecting":138,"Lantern":29,"Regal Pillow":82,"Torii":32,"Blue Doll":32,"StoneCalendar":76,"Bag of Preparation":47,"Cursed Key":40,"Smiling Mask":50,"Pet Ghost":61,"Replay:Rubber Ducky":83,"Matryoshka":20,"Ring of Fangs":26,"WristBlade":30,"Ninja Scroll":32,"Ring of Peace":138,"Chemical X":51,"Replay:Bottled Eggs":16,"Ring of Panic":81,"Ring of the Snake":0,"Potion Belt":9,"Lee\u0027s Waffle":86,"Golden Idol":155,"Damaru":119,"Thread and Needle":116,"The Courier":13,"PreservedInsect":32,"Omamori":69,"Geode":92,"Ring of Greed":34,"Frozen Egg 2":139,"MawBank":101,"Replay:Arrowhead":148,"Ornamental Fan":110,"Orrery":9,"Art of War":52,"ReplayTheSpireMod:Ring of Challenge":26,"ReplayTheSpireMod:Lightbulb":4,"Toy Ornithopter":12,"Calipers":130,"Gremlin Horn":56,"Nilry\u0027s Codex":46,"HoveringKite":8,"Vajra":103,"Lizard Tail":36,"Centennial Puzzle":46,"HornCleat":135,"DollysMirror":77,"Iron Hammer":151,"Toxic Egg 2":41,"Byrd Skull":34,"Girya":56,"ReplayTheSpireMod:CursedCoin":46,"Replay:Grab Bag":164,"Oddly Smooth Stone":181,"Ring of Chaos":81,"Letter Opener":49,"War Paint":4,"Question Card":140,"OrangePellets":154,"Bottled Flame":65,"Replay:Baseball":149,"Bronze Scales":61,"Molten Egg 2":62,"Simple Rune":175,"Black Star":145,"ReplayTheSpireMod:TigerMarble":173,"Grinning Jar":15,"Mirror":174,"Meat on the Bone":32,"Darkstone Periapt":3,"ReplayFunnel":170,"ReplayTheSpireMod:Ring of Exchange":119,"Replay:PocketPolymizer":143,"SacredBark":25,"Mango":26,"Snake Skull":20,"Juzu Bracelet":68,"Incense Burner":147,"Replay:Mystery Machine":0,"Empty Cage":72,"ClockworkSouvenir":83,"Replay:Bandana":19,"Dream Catcher":35,"Mummified Hand":38,"Pantograph":4,"Tiny Chest":43,"Red Mask":46,"Replay:Antivirus Software":102,"Replay:Drink Me":48,"Gremlin Food":28,"BargainBundle":34,"ReplayTheSpireMod:Ninjato":178,"Quantum Egg":21,"Replay:WaspNest":2,"Odd Mushroom":92,"Medical Kit":98,"White Beast Statue":34,"Mercury Hourglass":159,"Strange Spoon":56,"Anchor":49,"ChewingGum":79,"Bag of Marbles":51,"Snack Pack":149,"Membership Card":32,"PureWater":0,"ReplayTheSpireMod:ShopPack":56},{"TwistedFunnel":80,"Golden Egg":491,"Bottled Tornado":527,"Boot":527,"Blood Vial":559,"Sundial":207,"MealTicket":174,"Replay:Bottled Flurry":542,"Kunai":177,"Replay:Wax Seal":63,"Replay:Bottled Steam":208,"ReplayTheSpireMod:Ring of Addiction":174,"Blue Candle":225,"Counterbalance":259,"Velvet Choker":685,"Eternal Feather":535,"Pen Nib":291,"Replay:Ancient Bell":724,"SlaversCollar":685,"MutagenicStrength":319,"Bird Faced Urn":452,"ReplayTheSpireMod:Ring of Collecting":564,"Lantern":148,"Regal Pillow":339,"Torii":165,"Blue Doll":165,"StoneCalendar":316,"Bag of Preparation":212,"Cursed Key":193,"Smiling Mask":228,"Pet Ghost":259,"Replay:Rubber Ducky":344,"Matryoshka":103,"Ring of Fangs":132,"WristBlade":157,"Ninja Scroll":165,"Ring of Peace":564,"Chemical X":230,"Replay:Bottled Eggs":84,"Ring of Panic":334,"Ring of the Snake":0,"Potion Belt":44,"Lee\u0027s Waffle":366,"Golden Idol":650,"Damaru":501,"Thread and Needle":491,"The Courier":63,"PreservedInsect":165,"Omamori":286,"Geode":387,"Ring of Greed":174,"Frozen Egg 2":569,"MawBank":427,"Replay:Arrowhead":612,"Ornamental Fan":464,"Orrery":44,"Art of War":231,"ReplayTheSpireMod:Ring of Challenge":132,"ReplayTheSpireMod:Lightbulb":19,"Toy Ornithopter":57,"Calipers":542,"Gremlin Horn":247,"Nilry\u0027s Codex":208,"HoveringKite":38,"Vajra":437,"Lizard Tail":177,"Centennial Puzzle":208,"HornCleat":556,"DollysMirror":319,"Iron Hammer":628,"Toxic Egg 2":196,"Byrd Skull":174,"Girya":247,"ReplayTheSpireMod:CursedCoin":208,"Replay:Grab Bag":685,"Oddly Smooth Stone":762,"Ring of Chaos":334,"Letter Opener":225,"War Paint":19,"Question Card":572,"OrangePellets":648,"Bottled Flame":270,"Replay:Baseball":619,"Bronze Scales":259,"Molten Egg 2":263,"Simple Rune":730,"Black Star":594,"ReplayTheSpireMod:TigerMarble":717,"Grinning Jar":80,"Mirror":724,"Meat on the Bone":165,"Darkstone Periapt":13,"ReplayFunnel":705,"ReplayTheSpireMod:Ring of Exchange":501,"Replay:PocketPolymizer":585,"SacredBark":128,"Mango":132,"Snake Skull":103,"Juzu Bracelet":282,"Incense Burner":608,"Replay:Mystery Machine":0,"Empty Cage":304,"ClockworkSouvenir":344,"Replay:Bandana":97,"Dream Catcher":175,"Mummified Hand":182,"Pantograph":19,"Tiny Chest":202,"Red Mask":208,"Replay:Antivirus Software":430,"Replay:Drink Me":223,"Gremlin Food":142,"BargainBundle":174,"ReplayTheSpireMod:Ninjato":748,"Quantum Egg":107,"Replay:WaspNest":9,"Odd Mushroom":387,"Medical Kit":417,"White Beast Statue":174,"Mercury Hourglass":664,"Strange Spoon":247,"Anchor":225,"ChewingGum":329,"Bag of Marbles":230,"Snack Pack":619,"Membership Card":165,"PureWater":0,"ReplayTheSpireMod:ShopPack":247}],"Mercury Hourglass":[430],"Meat on the Bone":36},"card_choices":[{"not_picked":["FlyingSleeves","Prostrate"],"picked":"FlurryOfBlows","floor":1.0},{"not_picked":["CutThroughFate","SashWhip"],"picked":"BowlingBash","floor":3.0},{"not_picked":["Replay:Anticipation","Crescendo"],"picked":"ReachHeaven","floor":4.0},{"not_picked":["Consecrate","Replay:AtTheReady"],"picked":"ConjureBlade","floor":5.0},{"not_picked":["FlyingSleeves","WreathOfFlame"],"picked":"Swivel","floor":6.0},{"not_picked":["FearNoEvil","Indignation"],"picked":"Evaluate","floor":8.0},{"not_picked":["Replay:DivineShield","Pray"],"picked":"Meditate","floor":14.0},{"not_picked":["Collect","SignatureMove"],"picked":"Protect","floor":15.0},{"not_picked":["Adaptation","DeceiveReality"],"picked":"ConjureBlade","floor":16.0},{"not_picked":["Replay:LoomingThreat","Brilliance"],"picked":"Vault","floor":18.0},{"not_picked":["FlyingSleeves","PathToVictory"],"picked":"Tantrum","floor":20.0},{"not_picked":["Replay:AtTheReady","Prostrate","Meditate"],"picked":"SKIP","floor":22.0},{"not_picked":["Prostrate","LikeWater"],"picked":"SashWhip","floor":23.0},{"not_picked":["Consecrate+1","PathToVictory"],"picked":"MasterReality","floor":24.0},{"not_picked":["Crescendo","ConjureBlade","CutThroughFate"],"picked":"SKIP","floor":25.0},{"not_picked":["Perseverance","Replay:BluntJabs"],"picked":"Consecrate","floor":27.0},{"not_picked":["Consecrate","PathToVictory"],"picked":"Blasphemy","floor":30.0},{"not_picked":["Evaluate","Meditate"],"picked":"PathToVictory+1","floor":32.0},{"not_picked":["Perseverance","EmptyBody+1"],"picked":"Sanctity","floor":33.0},{"not_picked":["MasterReality","Vault"],"picked":"Devotion","floor":35.0},{"not_picked":["ReplayTheSpireMod:IOU","Replay:Hysterical Blindness"],"picked":"Clumsy","floor":36.0},{"not_picked":["ReplayTheSpireMod:Faulty Equipment","AbeCurse"],"picked":"Amnesia","floor":36.0},{"not_picked":["Overencumbered","Regret"],"picked":"Sickly","floor":36.0},{"not_picked":["Sanctity","CutThroughFate"],"picked":"DeceiveReality+1","floor":37.0},{"not_picked":["WaveOfTheHand+1","Replay:AllIn"],"picked":"CutThroughFate","floor":39.0},{"not_picked":["LikeWater+1","EmptyBody+1"],"picked":"Prostrate","floor":39.0},{"not_picked":["SignatureMove","WreathOfFlame"],"picked":"Halt","floor":39.0},{"not_picked":["Adaptation","FearNoEvil","Replay:ManipulateFuture+1"],"picked":"SKIP","floor":40.0},{"not_picked":["MasterReality","CarveReality+1"],"picked":"Worship","floor":42.0},{"not_picked":["Replay:ManipulateFuture","Indignation+1"],"picked":"Perseverance+1","floor":44.0},{"not_picked":["Adaptation+1","Replay:BluntJabs"],"picked":"Perseverance+1","floor":46},{"not_picked":["EmptyMind+1","Halt+1","Replay:ManipulateFuture"],"picked":"SKIP","floor":47},{"not_picked":["Vengeance+1","ThirdEye+1","JustLucky"],"picked":"SKIP","floor":48}],"player_experience":113274,"relics_obtained":[{"floor":6.0,"key":"Mercury Hourglass"},{"floor":8.0,"key":"Bronze Scales"},{"floor":9.0,"key":"Meat on the Bone"},{"floor":14.0,"key":"Snack Pack"},{"floor":16.0,"key":"Regal Pillow"},{"floor":25.0,"key":"HornCleat"},{"floor":28.0,"key":"Potion Belt"},{"floor":28.0,"key":"ReplayFunnel"},{"floor":30.0,"key":"MealTicket"},{"floor":33.0,"key":"ReplayTheSpireMod:TigerMarble"},{"floor":39.0,"key":"Simple Rune"},{"floor":39.0,"key":"Replay:Mystery Machine"},{"floor":42.0,"key":"Anchor"},{"floor":44.0,"key":"ReplayTheSpireMod:Ninjato"},{"floor":45.0,"key":"StoneCalendar"},{"floor":46,"key":"Blue Doll"},{"floor":50,"key":"Oddly Smooth Stone"}],"event_choices":[{"damage_healed":0.0,"max_hp_gain":0.0,"max_hp_loss":0.0,"gold_gain":0.0,"event_name":"Golden Idol","player_choice":"Take Wound","floor":2.0,"gold_loss":0.0,"damage_taken":0.0,"relics_obtained":["Golden Idol"],"cards_obtained":["Injury"]},{"damage_healed":0.0,"max_hp_gain":0.0,"max_hp_loss":0.0,"gold_gain":0.0,"event_name":"Lab","player_choice":"Got Potions","floor":12.0,"gold_loss":0.0,"damage_taken":0.0},{"damage_healed":0.0,"max_hp_gain":0.0,"max_hp_loss":0.0,"gold_gain":99.0,"event_name":"Nest","player_choice":"Stole From Cult","floor":29.0,"gold_loss":0.0,"damage_taken":0.0},{"damage_healed":63,"gold_gain":0,"player_choice":"Heal","damage_taken":0,"max_hp_gain":0,"max_hp_loss":9,"event_name":"The Moai Head","floor":49,"gold_loss":0}],"is_beta":false,"boss_relics":[{"not_picked":["Pandora\u0027s Box","Black Star"],"picked":"Replay:Grab Bag"},{"not_picked":["Sozu","ReplayTheSpireMod:Onyx Gauntlets"],"picked":"Velvet Choker"},{"not_picked":["ChewingGum","Busted Crown"],"picked":"Cursed Key"},{"not_picked":["Astrolabe","SacredBark"],"picked":"Ring of Chaos"},{"not_picked":["Runic Pyramid","Replay:Drink Me"],"picked":"SlaversCollar"},{"not_picked":["Tiny House","Calling Bell"],"picked":"Replay:Ancient Bell"},{"not_picked":["Pet Ghost","Replay:Baseball"],"picked":"Vajra"},{"not_picked":["ReplayTheSpireMod:Shallot","Shuriken"],"picked":"Mirror"},{"not_picked":["Counterbalance","GoldenEye"],"picked":"Lizard Tail"}],"items_purged_floors":[0,21,38],"is_endless":false,"potions_floor_spawned":[1,5,8,15,16,18,20,23,25,30,35,42,44,46],"ascension_level":1}}