{"host":"owox7x4ngjt9htcc","time":1607496377,"event":{"gold_per_floor":[114,114,129,129,144,174,174,204,204,259,209,239,239,269,269,369,369,384,63,63,63,78,133,173,203,203,233,233,263,293,358,358,458,458,473,473,122,137,137,167,182,212,212,242,257,287,24,54,54,54],"floor_reached":51,"playtime":3590,"items_purged":["Auto Shields"],"score":1102,"play_id":"34dd1de0-fd43-469f-9adb-22263bad2e26","local_time":"20201209154617","daily_mods":["SealedDeck","Purple Cards","Elite Swarm"],"is_ascension_mode":false,"campfire_choices":[{"data":"Omniscience","floor":13.0,"key":"SMITH"},{"data":"Double Energy","floor":15.0,"key":"SMITH"},{"floor":28.0,"key":"REST"},{"floor":32.0,"key":"REST"},{"floor":49,"key":"REST"}],"neow_cost":"","seed_source_timestamp":0,"circlet_count":0,"master_deck":["Wallop","Rebound","Go for the Eyes","EmptyFist","FearNoEvil","TalkToTheHand","Rebound","PathToVictory","Double Energy+1","PathToVictory","ThirdEye","Echo Form","Wish","Echo Form","Creative AI","Omniscience+1","Seek","Turbo","MentalFortress","Meditate","MasterReality","Seek","Electrodynamics","Machine Learning","DevaForm","TalkToTheHand+1","CurseOfTheBell","Storm","Stack","TalkToTheHand+1","Conserve Battery+1","Devotion","Parasite","Wish","Capacitor","Wish"],"special_seed":18605,"relics":["FrozenCore","InkBottle","Dream Catcher","Meat on the Bone","Orichalcum","Centennial Puzzle","WingedGreaves","Pantograph","Mummified Hand","Ginger","Singing Bowl","White Beast Statue","Darkstone Periapt","Nunchaku","Boot","Calling Bell","MealTicket","Molten Egg 2","Dead Branch","DataDisk","HornCleat","Bronze Scales","StoneCalendar","Bottled Lightning","Shuriken","DollysMirror","Pear"],"potions_floor_usage":[50,50,50],"damage_taken":[{"damage":0.0,"enemies":"2 Louse","floor":1.0,"turns":1.0},{"damage":0.0,"enemies":"Cultist","floor":3.0,"turns":2.0},{"damage":0.0,"enemies":"Jaw Worm","floor":5.0,"turns":1.0},{"damage":1.0,"enemies":"Lagavulin","floor":6.0,"turns":5.0},{"damage":3.0,"enemies":"Gremlin Nob","floor":8.0,"turns":4.0},{"damage":3.0,"enemies":"Lagavulin","floor":10.0,"turns":6.0},{"damage":17.0,"enemies":"Gremlin Nob","floor":12.0,"turns":4.0},{"damage":7.0,"enemies":"Lagavulin","floor":14.0,"turns":5.0},{"damage":7.0,"enemies":"Hexaghost","floor":16.0,"turns":8.0},{"damage":0.0,"enemies":"3 Byrds","floor":18.0,"turns":4.0},{"damage":4.0,"enemies":"Spheric Guardian","floor":22.0,"turns":4.0},{"damage":37.0,"enemies":"Gremlin Leader","floor":23.0,"turns":8.0},{"damage":7.0,"enemies":"Snake Plant","floor":24.0,"turns":4.0},{"damage":16.0,"enemies":"Slavers","floor":25.0,"turns":5.0},{"damage":9.0,"enemies":"Gremlin Leader","floor":27.0,"turns":7.0},{"damage":6.0,"enemies":"Book of Stabbing","floor":29.0,"turns":6.0},{"damage":16.0,"enemies":"Slavers","floor":30.0,"turns":5.0},{"damage":6.0,"enemies":"Centurion and Healer","floor":31.0,"turns":5.0},{"damage":9.0,"enemies":"Automaton","floor":33.0,"turns":6.0},{"damage":6.0,"enemies":"Orb Walker","floor":35.0,"turns":3.0},{"damage":9.0,"enemies":"3 Darklings","floor":38.0,"turns":3.0},{"damage":9,"enemies":"Reptomancer","floor":40,"turns":4},{"damage":0,"enemies":"Spire Growth","floor":41,"turns":3},{"damage":17,"enemies":"Nemesis","floor":42,"turns":5},{"damage":4,"enemies":"Giant Head","floor":44,"turns":6},{"damage":0,"enemies":"Writhing Mass","floor":45,"turns":3},{"damage":16,"enemies":"Nemesis","floor":46,"turns":5},{"damage":0,"enemies":"Giant Head","floor":48,"turns":7},{"damage":10,"enemies":"Awakened One","floor":50,"turns":11}],"seed_played":"4494449258677458329","potions_obtained":[{"floor":1.0,"key":"Energy Potion"},{"floor":5.0,"key":"EssenceOfSteel"},{"floor":6.0,"key":"FearPotion"},{"floor":22.0,"key":"PowerPotion"},{"floor":24.0,"key":"Strength Potion"},{"floor":25.0,"key":"Regen Potion"},{"floor":27.0,"key":"LiquidBronze"},{"floor":30.0,"key":"SteroidPotion"},{"floor":31.0,"key":"PowerPotion"},{"floor":33.0,"key":"DistilledChaos"},{"floor":35.0,"key":"EssenceOfDarkness"},{"floor":40,"key":"FocusPotion"},{"floor":44,"key":"FocusPotion"},{"floor":46,"key":"FocusPotion"}],"is_trial":false,"path_per_floor":["M","?","M","?","M","E","$","E","T","E","?","E","R","E","R","B",null,"M","$","?","?","M","E","M","E","T","E","R","E","E","M","R","B",null,"M","?","$","M","?","E","M","E","T","E","M","E","$","E","R","B",null],"character_chosen":"DEFECT","items_purchased":["Mummified Hand","MentalFortress","DataDisk","Storm","Stack","Capacitor","DollysMirror","PotionOfCapacity"],"campfire_rested":3,"item_purchase_floors":[19,19,37,37,37,47,47,47],"current_hp_per_floor":[75,75,75,75,75,74,74,71,71,68,68,51,51,44,44,62,75,75,75,75,75,71,46,39,35,35,38,62,56,54,50,73,72,87,83,83,89,80,80,73,73,58,58,54,62,58,73,85,111,101],"gold":54,"neow_bonus":"","is_prod":false,"is_daily":true,"chose_seed":false,"campfire_upgraded":2,"win_rate":0,"timestamp":1607496377,"path_taken":["M","?","?","?","?","E","?","E","T","E","?","E","R","E","R","BOSS","M","$","?","?","M","E","M","E","T","E","R","E","E","M","R","BOSS","M","?","$","M","?","E","M","E","T","E","?","E","$","E","R","BOSS"],"build_version":"2020-11-30","purchased_purges":1,"victory":true,"max_hp_per_floor":[75,75,75,75,75,75,75,75,75,75,75,75,75,75,75,75,75,75,75,75,75,75,75,75,75,75,75,77,77,77,79,79,81,87,89,89,89,89,85,87,87,89,89,89,97,97,97,109,111,111],"card_choices":[{"not_picked":["CrushJoints","Evaluate"],"picked":"ThirdEye","floor":1.0},{"not_picked":["Consume","DeceiveReality"],"picked":"Auto Shields","floor":3.0},{"not_picked":["FlyingSleeves","Scrape","Doom and Gloom"],"picked":"SKIP","floor":5.0},{"not_picked":["Thunder Strike","Scrawl"],"picked":"Wish","floor":6.0},{"not_picked":["Blasphemy","Electrodynamics"],"picked":"Echo Form","floor":8.0},{"not_picked":["Amplify","DevaForm"],"picked":"Creative AI","floor":10.0},{"not_picked":["Blasphemy","DeusExMachina"],"picked":"Omniscience","floor":12.0},{"not_picked":["SpiritShield","Hyperbeam"],"picked":"Seek","floor":14.0},{"not_picked":["BattleHymn","Sanctity"],"picked":"Turbo","floor":18.0},{"not_picked":["Protect+1","CutThroughFate","FlyingSleeves"],"picked":"SKIP","floor":22.0},{"not_picked":["ConjureBlade","Wish"],"picked":"MasterReality","floor":23.0},{"not_picked":["EmptyMind","Crescendo","Protect"],"picked":"SKIP","floor":24.0},{"not_picked":["Judgement","Ragnarok"],"picked":"Seek","floor":25.0},{"not_picked":["ConjureBlade","Omniscience"],"picked":"Electrodynamics","floor":27.0},{"not_picked":["Tantrum","EmptyFist","Ball Lightning"],"picked":"Singing Bowl","floor":28.0},{"not_picked":["LessonLearned","Meteor Strike"],"picked":"Machine Learning","floor":29.0},{"not_picked":["Biased Cognition","DeusExMachina"],"picked":"DevaForm","floor":30.0},{"not_picked":["Stack+1","ClearTheMind","Coolheaded"],"picked":"Singing Bowl","floor":31.0},{"not_picked":["SashWhip","CutThroughFate+1"],"picked":"TalkToTheHand+1","floor":32.0},{"not_picked":["Amplify","Ragnarok","Electrodynamics"],"picked":"Singing Bowl","floor":33.0},{"not_picked":["FollowUp+1","Stack","Streamline+1"],"picked":"Singing Bowl","floor":35.0},{"not_picked":["Weave+1","Ball Lightning+1"],"picked":"TalkToTheHand+1","floor":38.0},{"not_picked":["All For One+1","Creative AI","LessonLearned+1"],"picked":"Singing Bowl","floor":40},{"not_picked":["WaveOfTheHand+1","Sunder+1"],"picked":"Conserve Battery+1","floor":41},{"not_picked":["Fission","Judgement","Thunder Strike+1"],"picked":"Singing Bowl","floor":42},{"not_picked":["ConjureBlade","Core Surge+1"],"picked":"Devotion","floor":44},{"not_picked":["Indignation+1","Gash+1","FlyingSleeves+1"],"picked":"Singing Bowl","floor":45},{"not_picked":["Seek","Ragnarok+1"],"picked":"Wish","floor":46},{"not_picked":["Brilliance+1","Biased Cognition","SpiritShield"],"picked":"Singing Bowl","floor":48},{"not_picked":["Heatsinks","JustLucky+1","Chaos+1"],"picked":"Singing Bowl","floor":49}],"player_experience":829390,"relics_obtained":[{"floor":4.0,"key":"InkBottle"},{"floor":6.0,"key":"Dream Catcher"},{"floor":8.0,"key":"Meat on the Bone"},{"floor":9.0,"key":"Orichalcum"},{"floor":10.0,"key":"Centennial Puzzle"},{"floor":12.0,"key":"WingedGreaves"},{"floor":14.0,"key":"Pantograph"},{"floor":23.0,"key":"Ginger"},{"floor":25.0,"key":"Singing Bowl"},{"floor":26.0,"key":"White Beast Statue"},{"floor":27.0,"key":"Darkstone Periapt"},{"floor":29.0,"key":"Nunchaku"},{"floor":30.0,"key":"Boot"},{"floor":34.0,"key":"MealTicket"},{"floor":34.0,"key":"Molten Egg 2"},{"floor":34.0,"key":"Dead Branch"},{"floor":40,"key":"HornCleat"},{"floor":42,"key":"Bronze Scales"},{"floor":43,"key":"StoneCalendar"},{"floor":44,"key":"Bottled Lightning"},{"floor":46,"key":"Shuriken"},{"floor":48,"key":"Pear"}],"event_choices":[{"damage_healed":0.0,"max_hp_gain":0.0,"max_hp_loss":0.0,"gold_gain":0.0,"event_name":"Match and Keep!","player_choice":"2 cards matched","floor":2.0,"gold_loss":0.0,"damage_taken":0.0,"cards_obtained":["Echo Form","Melter"]},{"damage_healed":0.0,"max_hp_gain":0.0,"max_hp_loss":0.0,"gold_gain":0.0,"event_name":"Wheel of Change","player_choice":"Relic","floor":4.0,"gold_loss":0.0,"damage_taken":0.0},{"cards_removed":["Melter"],"damage_healed":0.0,"max_hp_gain":0.0,"max_hp_loss":0.0,"gold_gain":0.0,"event_name":"The Cleric","player_choice":"Card Removal","floor":11.0,"gold_loss":50.0,"damage_taken":0.0},{"damage_healed":0.0,"max_hp_gain":0.0,"max_hp_loss":0.0,"gold_gain":0.0,"event_name":"The Library","player_choice":"Read","floor":20.0,"gold_loss":0.0,"damage_taken":0.0,"cards_obtained":["Meditate"]},{"damage_healed":0.0,"max_hp_gain":0.0,"max_hp_loss":0.0,"gold_gain":0.0,"event_name":"Ghosts","player_choice":"Ignored","floor":21.0,"gold_loss":0.0,"damage_taken":0.0},{"damage_healed":0.0,"max_hp_gain":0.0,"max_hp_loss":0.0,"gold_gain":0.0,"event_name":"Tomb of Lord Red Mask","player_choice":"Ignored","floor":36.0,"gold_loss":0.0,"damage_taken":0.0},{"damage_healed":0.0,"max_hp_gain":0.0,"max_hp_loss":4.0,"gold_gain":0.0,"event_name":"Winding Halls","player_choice":"Max HP","floor":39.0,"gold_loss":0.0,"damage_taken":0.0}],"is_beta":false,"boss_relics":[{"not_picked":["SlaversCollar","Empty Cage"],"picked":"FrozenCore"},{"not_picked":["Runic Dome","Coffee Dripper"],"picked":"Calling Bell"}],"items_purged_floors":[37],"is_endless":false,"potions_floor_spawned":[1,5,6,12,16,18,22,24,25,27,29,30,31,33,35,38,40,41,42,44,45,46,48],"ascension_level":0}}