{"host":"llpusn9usp8rznkj","time":1607487630,"event":{"gold_per_floor":[119,135,35,35,35,70,70,102,127,127,139,174,189,189,189,189,189],"floor_reached":16,"playtime":700,"items_purged":[],"score":286,"play_id":"d8fa581b-a8b7-49d4-ab74-248b274a97d5","local_time":"20201208232030","is_ascension_mode":true,"campfire_choices":[{"data":"Pot Of Greed","floor":7,"key":"SMITH"},{"data":"Replay:Poison Smokescreen","floor":10,"key":"SMITH"},{"data":"Leg Sweep","floor":15,"key":"SMITH"}],"neow_cost":"NONE","seed_source_timestamp":298571781559643,"circlet_count":0,"master_deck":["AscendersBane","Strike_G","Strike_G","Strike_G","Strike_G","Strike_G","Defend_G","Defend_G","Defend_G","Defend_G","Defend_G","Survivor","Neutralize+1","Replay:Poison Smokescreen+1","Dagger Spray+1","Ghostly","Pot Of Greed+1","Flying Knee","Catalyst","Leg Sweep+1","Tools of the Trade"],"relics":["Ring of the Snake","NeowsBlessing","Grinning Jar","Whetstone","ReplayFunnel","Gremlin Food","InkBottle"],"potions_floor_usage":[8,8,12],"damage_taken":[{"damage":0,"enemies":"Jaw Worm","floor":1,"turns":1},{"damage":0,"enemies":"Small Slimes","floor":2,"turns":1},{"damage":0,"enemies":"3 Sentries","floor":6,"turns":2},{"damage":6,"enemies":"Lagavulin","floor":8,"turns":4},{"damage":0,"enemies":"Cultist","floor":11,"turns":3},{"damage":4,"enemies":"3 Sentries","floor":12,"turns":8},{"damage":14,"enemies":"Exordium Wildlife","floor":13,"turns":5},{"damage":31,"enemies":"Slime Boss","floor":16,"turns":6}],"seed_played":"861204374559829063","potions_obtained":[{"floor":2,"key":"ColorlessPotion"},{"floor":6,"key":"Strength Potion"},{"floor":11,"key":"hexamod:EctoCoolerPotion"}],"is_trial":false,"path_per_floor":["M","M","?","?","?","E","R","E","T","R","M","E","M","T","R","B"],"character_chosen":"THE_SILENT","items_purchased":[],"campfire_rested":0,"item_purchase_floors":[],"current_hp_per_floor":[59,59,59,48,53,53,53,47,47,47,47,43,29,29,29,0,0],"gold":189,"neow_bonus":"THREE_ENEMY_KILL","is_prod":false,"is_daily":false,"chose_seed":false,"campfire_upgraded":3,"win_rate":0,"timestamp":1607487630,"path_taken":["M","M","?","?","?","E","R","E","T","R","M","E","?","?","R","BOSS"],"build_version":"2020-11-30","purchased_purges":0,"victory":false,"max_hp_per_floor":[66,66,66,66,66,66,66,66,66,66,66,66,66,66,66,66,66],"card_choices":[{"not_picked":["Underhanded Strike","hubris:TrickCloak"],"picked":"Replay:Poison Smokescreen","floor":1},{"not_picked":["Sucker Punch","Dagger Throw"],"picked":"Dagger Spray","floor":2},{"not_picked":["Deflect","Dash"],"picked":"Flying Knee","floor":6},{"not_picked":["Dagger Spray","Endless Agony"],"picked":"Catalyst","floor":8},{"not_picked":["Hidden Blade","Fluid Movement"],"picked":"Leg Sweep","floor":11},{"not_picked":["Crippling Poison","Replay:Poison Smokescreen"],"picked":"Tools of the Trade","floor":12},{"not_picked":["Deflect","hubris:Counter","Endless Agony"],"picked":"SKIP","floor":13}],"player_experience":909507,"relics_obtained":[{"floor":6,"key":"Whetstone"},{"floor":8,"key":"ReplayFunnel"},{"floor":9,"key":"Gremlin Food"},{"floor":12,"key":"InkBottle"}],"event_choices":[{"damage_healed":0,"gold_gain":0,"player_choice":"Argue","damage_taken":0,"max_hp_gain":0,"max_hp_loss":0,"event_name":"conspire:LoneGhost","floor":3,"gold_loss":0},{"damage_healed":0,"gold_gain":0,"player_choice":"Success","damage_taken":11,"relics_obtained":["Grinning Jar"],"max_hp_gain":0,"max_hp_loss":0,"event_name":"Scrap Ooze","floor":4,"gold_loss":0},{"cards_removed":["Pot Of Greed"],"damage_healed":5,"gold_gain":0,"player_choice":"Offered Special","damage_taken":0,"max_hp_gain":0,"max_hp_loss":0,"event_name":"Bonfire Elementals","floor":5,"gold_loss":0}],"is_beta":false,"boss_relics":[],"items_purged_floors":[],"is_endless":false,"potions_floor_spawned":[2,6,11],"killed_by":"Slime Boss","ascension_level":20}}