{"host":"fea6kdxvty5fzy91","time":1607491130,"event":{"gold_per_floor":[116,128,147,161,178,178,196,196,221,221,221,252,271,291,291,396,396,411,427,427,427,352,352,371,371,371,371,461,489,499,499,499,499,499],"floor_reached":33,"playtime":1465,"items_purged":["Strike_P"],"score":344,"play_id":"b7fcebd5-cb90-46fd-b5cc-a6d4ba3e129a","local_time":"20201208221850","is_ascension_mode":false,"campfire_choices":[{"data":"Eruption","floor":6,"key":"SMITH"},{"data":"Worship","floor":8,"key":"SMITH"},{"data":"Tantrum","floor":11,"key":"SMITH"},{"data":"ReachHeaven","floor":15,"key":"SMITH"},{"data":"Establishment","floor":23,"key":"SMITH"},{"data":"BattleHymn","floor":25,"key":"SMITH"},{"data":"ThirdEye","floor":27,"key":"SMITH"},{"floor":32,"key":"REST"}],"neow_cost":"NONE","seed_source_timestamp":369595710995800,"circlet_count":0,"master_deck":["Defend_P+1","Defend_P","Defend_P","Defend_P","Eruption+1","Vigilance","Tantrum+1","Worship+1","FearNoEvil","FlurryOfBlows","Tantrum","Worship+1","BattleHymn+1","ReachHeaven+1","ThirdEye+1","Establishment+1","ReachHeaven+1","Bite","Bite","Bite","Bite","Bite"],"relics":["HolyWater","NeowsBlessing","Bottled Flame","Nloth\u0027s Gift","Unceasing Top","Bag of Preparation"],"potions_floor_usage":[12,16,18,29,30,30],"damage_taken":[{"damage":0,"enemies":"Cultist","floor":1,"turns":1},{"damage":0,"enemies":"Small Slimes","floor":2,"turns":1},{"damage":0,"enemies":"2 Louse","floor":3,"turns":2},{"damage":6,"enemies":"Red Slaver","floor":4,"turns":3},{"damage":20,"enemies":"Large Slime","floor":5,"turns":8},{"damage":0,"enemies":"Blue Slaver","floor":7,"turns":1},{"damage":2,"enemies":"Gremlin Nob","floor":12,"turns":3},{"damage":5,"enemies":"3 Louse","floor":13,"turns":2},{"damage":2,"enemies":"Looter","floor":14,"turns":2},{"damage":0,"enemies":"Slime Boss","floor":16,"turns":3},{"damage":12,"enemies":"2 Thieves","floor":18,"turns":3},{"damage":2,"enemies":"3 Byrds","floor":19,"turns":3},{"damage":13,"enemies":"Sentry and Sphere","floor":24,"turns":3},{"damage":22,"enemies":"HollowMod:Nosk","floor":29,"turns":3},{"damage":15,"enemies":"Shelled Parasite and Fungi","floor":30,"turns":3},{"damage":74,"enemies":"Champ","floor":33,"turns":6}],"seed_played":"-1609041456473206864","potions_obtained":[{"floor":1,"key":"Swift Potion"},{"floor":5,"key":"Energy Potion"},{"floor":7,"key":"Block Potion"},{"floor":14,"key":"Fire Potion"},{"floor":19,"key":"Swift Potion"},{"floor":24,"key":"Regen Potion"}],"is_trial":false,"path_per_floor":["M","M","M","M","M","R","M","R","T","T","R","E","M","M","R","B",null,"M","M","?","?","$","R","M","R","T","R","?","E","M","?","R","B"],"character_chosen":"WATCHER","items_purchased":[],"campfire_rested":1,"item_purchase_floors":[],"current_hp_per_floor":[72,72,72,66,46,46,46,46,46,46,46,44,39,37,37,37,72,60,58,58,58,58,58,45,45,45,45,33,11,1,1,16,0,0],"gold":499,"neow_bonus":"THREE_ENEMY_KILL","is_prod":false,"is_daily":false,"chose_seed":false,"campfire_upgraded":7,"win_rate":0.0,"timestamp":1607491130,"path_taken":["M","M","M","M","M","R","M","R","T","?","R","E","M","M","R","BOSS","M","M","?","?","$","R","?","R","T","R","?","E","?","?","R","BOSS"],"build_version":"2020-11-30","purchased_purges":1,"victory":false,"max_hp_per_floor":[72,72,72,72,72,72,72,72,72,72,72,72,72,72,72,72,72,72,72,72,72,72,72,72,72,72,72,72,72,72,50,50,50,50],"card_choices":[{"not_picked":["Halt","FlyingSleeves"],"picked":"Tantrum","floor":1},{"not_picked":["FlurryOfBlows","Protect"],"picked":"Worship","floor":2},{"not_picked":["Halt","Consecrate"],"picked":"FearNoEvil","floor":3},{"not_picked":["BattleHymn","Evaluate"],"picked":"FlurryOfBlows","floor":4},{"not_picked":["EmptyBody","BowlingBash"],"picked":"Tantrum","floor":5},{"not_picked":["CutThroughFate","Protect"],"picked":"Worship","floor":7},{"not_picked":["Conclude","Vault"],"picked":"BattleHymn","floor":12},{"not_picked":["EmptyBody","Swivel"],"picked":"ReachHeaven","floor":13},{"not_picked":["CrushJoints","Halt"],"picked":"ThirdEye","floor":14},{"not_picked":["ConjureBlade","Judgement"],"picked":"Establishment","floor":16},{"not_picked":["Sanctity","CutThroughFate","CarveReality"],"picked":"SKIP","floor":18},{"not_picked":["EmptyFist","Sanctity"],"picked":"ReachHeaven+1","floor":19},{"not_picked":["Establishment","Adaptation","CrushJoints"],"picked":"SKIP","floor":24},{"not_picked":["Prostrate","Swivel","BowlingBash+1"],"picked":"SKIP","floor":29},{"not_picked":["Pray+1","FlurryOfBlows","PathToVictory"],"picked":"SKIP","floor":30}],"player_experience":273422,"relics_obtained":[{"floor":9,"key":"War Paint"},{"floor":12,"key":"Bottled Flame"},{"floor":26,"key":"Unceasing Top"},{"floor":29,"key":"Bag of Preparation"}],"event_choices":[{"damage_healed":0,"gold_gain":0,"player_choice":"Ignored","damage_taken":0,"max_hp_gain":0,"max_hp_loss":0,"event_name":"Ghosts","floor":20,"gold_loss":0},{"damage_healed":0,"gold_gain":0,"player_choice":"Traded Relic","damage_taken":0,"relics_obtained":["Nloth\u0027s Gift"],"max_hp_gain":0,"max_hp_loss":0,"event_name":"N\u0027loth","floor":21,"relics_lost":["War Paint"],"gold_loss":0},{"damage_healed":0,"gold_gain":90,"player_choice":"GOLD ","damage_taken":12,"max_hp_gain":0,"max_hp_loss":0,"event_name":"Knowing Skull","floor":28,"potions_obtained":[],"gold_loss":0,"cards_obtained":[]},{"damage_healed":0,"gold_gain":0,"player_choice":"Became a vampire","damage_taken":0,"max_hp_gain":0,"max_hp_loss":22,"event_name":"Vampires","floor":31,"gold_loss":0,"cards_obtained":["Bite","Bite","Bite","Bite","Bite"]}],"is_beta":false,"boss_relics":[{"not_picked":["SacredBark","Empty Cage"],"picked":"HolyWater"}],"items_purged_floors":[22],"is_endless":false,"potions_floor_spawned":[1,5,7,14,19,24],"killed_by":"Champ","ascension_level":0}}