{"host":"e1zuqie93klo2ncl","time":1607556213,"event":{"gold_per_floor":[110,110,28,28,28,28,63,63,63,94,94,94,115,150,150,246,246,262,262,262,7,7,38,53,76,126,126,0,15,40,80,80,174,174,188,134,134,195,195,195,195,195,267,267,43,43,64,78,78,78,78],"floor_reached":50,"playtime":4506,"items_purged":["Shame"],"score":1205,"play_id":"04545c93-db1b-4c72-8dc2-e44cc4b688f4","local_time":"20201209232333","is_ascension_mode":true,"campfire_choices":[{"data":"Bane","floor":6.0,"key":"SMITH"},{"data":"Noxious Fumes","floor":8.0,"key":"SMITH"},{"data":"Slice","floor":12.0,"key":"SMITH"},{"data":"Deadly Poison","floor":15.0,"key":"SMITH"},{"data":"Catalyst","floor":32,"key":"SMITH"},{"data":"Wraith Form v2","floor":40,"key":"SMITH"},{"data":"Footwork","floor":42,"key":"SMITH"},{"data":"Footwork","floor":44,"key":"SMITH"},{"floor":46,"key":"RECALL"},{"floor":49,"key":"REST"}],"neow_cost":"NONE","seed_source_timestamp":0,"circlet_count":0,"master_deck":["AscendersBane","Survivor","Neutralize+1","Noxious Fumes+1","Slice+1","Dagger Throw","Calculated Gamble","Deadly Poison+1","Deadly Poison","Malaise","Escape Plan","Riddle With Holes","Terror","Unload","Wraith Form v2+1","Poisoned Stab","Endless Agony","Masterful Stab","Envenom","Deflect","Bullet Time","Footwork+1","Backflip","After Image","Catalyst+1","PiercingWail","Footwork","Bouncing Flask","Footwork+1","Backflip","Tactician","Adrenaline","Escape Plan","Acrobatics","Footwork+1","Dodge and Roll","Malaise"],"special_seed":0,"relics":["Ring of the Snake","NeowsBlessing","Singing Bowl","Meat on the Bone","Bag of Preparation","Golden Idol","Bottled Tornado","Pandora\u0027s Box","Sundial","Mummified Hand","Anchor","Juzu Bracelet","HoveringKite","WingedGreaves","Bottled Flame","ClockworkSouvenir"],"potions_floor_usage":[31,33,33,47],"damage_taken":[{"damage":0.0,"enemies":"Jaw Worm","floor":1.0,"turns":1.0},{"damage":0.0,"enemies":"3 Sentries","floor":7.0,"turns":1.0},{"damage":0.0,"enemies":"Gremlin Nob","floor":10.0,"turns":1.0},{"damage":0.0,"enemies":"2 Louse","floor":13.0,"turns":2.0},{"damage":11.0,"enemies":"Lagavulin","floor":14.0,"turns":3.0},{"damage":15.0,"enemies":"Hexaghost","floor":16.0,"turns":8.0},{"damage":9.0,"enemies":"3 Byrds","floor":18.0,"turns":4.0},{"damage":45.0,"enemies":"Slavers","floor":23.0,"turns":6.0},{"damage":0.0,"enemies":"Chosen","floor":24.0,"turns":3.0},{"damage":10.0,"enemies":"3 Cultists","floor":25.0,"turns":5.0},{"damage":0,"enemies":"Snecko","floor":29,"turns":3},{"damage":0,"enemies":"Snake Plant","floor":30,"turns":2},{"damage":1,"enemies":"Book of Stabbing","floor":31,"turns":4},{"damage":6,"enemies":"Collector","floor":33,"turns":6},{"damage":2,"enemies":"Orb Walker","floor":35,"turns":3},{"damage":37,"enemies":"2 Orb Walkers","floor":38,"turns":6},{"damage":0,"enemies":"3 Shapes","floor":47,"turns":5},{"damage":6,"enemies":"3 Darklings","floor":48,"turns":7},{"damage":83,"enemies":"Time Eater","floor":50,"turns":8}],"seed_played":"1035696169201668846","potions_obtained":[{"floor":13.0,"key":"Poison Potion"},{"floor":14.0,"key":"AttackPotion"},{"floor":24.0,"key":"DuplicationPotion"},{"floor":31,"key":"Explosive Potion"},{"floor":33,"key":"Fruit Juice"},{"floor":35,"key":"CultistPotion"},{"floor":47,"key":"SteroidPotion"}],"is_trial":false,"path_per_floor":["M","?","$","?","?","R","E","R","T","E","?","R","M","E","R","B",null,"M","?","?","$","?","E","M","M","T","$","$","M","M","E","R","B",null,"M","$","?","?","T","R","?","R","T","R","$","R","M","M","R","B"],"character_chosen":"THE_SILENT","items_purchased":["Slice","Bane","Footwork","Backflip","LiquidBronze","Footwork","Bouncing Flask","Acrobatics","ClockworkSouvenir","Dodge and Roll"],"campfire_rested":1,"item_purchase_floors":[3,3,21,21,21,28,28,36,45,45],"current_hp_per_floor":[59,64,64,57,57,57,57,57,57,57,33,33,45,46,46,43,64,55,55,55,55,55,22,34,36,36,36,36,36,36,47,47,41,64,62,62,62,37,37,37,37,37,37,37,37,37,42,50,72,0,0],"gold":78,"neow_bonus":"THREE_ENEMY_KILL","is_prod":false,"is_daily":false,"chose_seed":false,"campfire_upgraded":8,"win_rate":0,"timestamp":1607556213,"path_taken":["M","?","$","?","?","R","E","R","T","E","?","R","?","E","R","BOSS","M","?","?","$","?","E","?","?","T","?","?","M","M","E","R","BOSS","M","$","?","?","?","R","?","R","T","R","?","R","M","M","R","BOSS"],"build_version":"2020-11-30","purchased_purges":1,"victory":false,"max_hp_per_floor":[66,71,71,71,71,71,71,71,71,71,71,71,71,71,71,71,71,71,71,71,71,71,71,71,71,71,71,71,71,71,71,71,71,71,71,71,71,71,71,71,67,67,67,67,67,67,72,74,74,74,74],"relic_stats":{"Singing Bowl":2,"counters":[19,78],"Golden Idol":104,"Sundial":[4],"Mummified Hand":[54],"HoveringKite":[13],"Pandora\u0027s Box":["Escape Plan","Riddle With Holes","Terror","Unload","Wraith Form v2","Poisoned Stab","Endless Agony","Masterful Stab","Envenom"],"Bag of Preparation":[32],"Juzu Bracelet":0,"obtain_stats":[{"NeowsBlessing":0,"Singing Bowl":7,"Golden Idol":11,"HoveringKite":34,"Bag of Preparation":10,"Juzu Bracelet":31,"Bottled Tornado":14,"ClockworkSouvenir":45,"Anchor":26,"Bottled Flame":43,"Sundial":20,"Mummified Hand":23,"Pandora\u0027s Box":17,"WingedGreaves":38,"Ring of the Snake":0,"Meat on the Bone":9},{"NeowsBlessing":0,"Singing Bowl":2,"Golden Idol":3,"HoveringKite":14,"Bag of Preparation":3,"Juzu Bracelet":13,"Bottled Tornado":5,"ClockworkSouvenir":16,"Anchor":10,"Bottled Flame":16,"Sundial":7,"Mummified Hand":8,"Pandora\u0027s Box":6,"WingedGreaves":16,"Ring of the Snake":0,"Meat on the Bone":2},{"NeowsBlessing":0,"Singing Bowl":2,"Golden Idol":3,"HoveringKite":49,"Bag of Preparation":3,"Juzu Bracelet":43,"Bottled Tornado":8,"ClockworkSouvenir":58,"Anchor":34,"Bottled Flame":58,"Sundial":20,"Mummified Hand":26,"Pandora\u0027s Box":16,"WingedGreaves":58,"Ring of the Snake":0,"Meat on the Bone":2}],"Ring of the Snake":[40],"Meat on the Bone":108},"card_choices":[{"not_picked":["Deadly Poison","Deflect"],"picked":"Noxious Fumes","floor":1.0},{"not_picked":["Flying Knee","Backflip"],"picked":"Dagger Throw","floor":7.0},{"not_picked":["Cloak And Dagger","Slice"],"picked":"Calculated Gamble","floor":10.0},{"not_picked":["Backflip","Blade Dance"],"picked":"Deadly Poison","floor":13.0},{"not_picked":["Dash","Slice"],"picked":"Deadly Poison","floor":14.0},{"not_picked":["Grand Finale","Doppelganger"],"picked":"Malaise","floor":16.0},{"not_picked":["Prepared","Bane"],"picked":"Deflect","floor":18.0},{"not_picked":["Escape Plan","Dagger Throw"],"picked":"After Image","floor":23.0},{"not_picked":["Backflip","Flying Knee"],"picked":"Catalyst","floor":24.0},{"not_picked":["Flying Knee","Dagger Throw"],"picked":"PiercingWail","floor":25.0},{"not_picked":["Blade Dance","Sucker Punch"],"picked":"Footwork","floor":29},{"not_picked":["Heel Hook","Dagger Throw"],"picked":"Backflip","floor":30},{"not_picked":["Poisoned Stab","Setup"],"picked":"Tactician","floor":31},{"not_picked":["Envenom","Glass Knife"],"picked":"Adrenaline","floor":33},{"not_picked":["Slice","Blade Dance"],"picked":"Escape Plan","floor":35},{"not_picked":["Blade Dance","Quick Slash+1"],"picked":"Footwork+1","floor":38},{"not_picked":["Calculated Gamble","PiercingWail"],"picked":"Malaise","floor":47},{"not_picked":["Bouncing Flask","Setup","Masterful Stab"],"picked":"Singing Bowl","floor":48}],"player_experience":778108,"relics_obtained":[{"floor":7.0,"key":"Singing Bowl"},{"floor":9.0,"key":"Meat on the Bone"},{"floor":10.0,"key":"Bag of Preparation"},{"floor":14.0,"key":"Bottled Tornado"},{"floor":23.0,"key":"Mummified Hand"},{"floor":26.0,"key":"Anchor"},{"floor":31,"key":"Juzu Bracelet"},{"floor":38,"key":"WingedGreaves"},{"floor":43,"key":"Bottled Flame"}],"event_choices":[{"damage_healed":0.0,"max_hp_gain":5.0,"max_hp_loss":0.0,"gold_gain":0.0,"event_name":"Big Fish","player_choice":"Donut","floor":2.0,"gold_loss":0.0,"damage_taken":0.0},{"cards_removed":["Strike_G"],"damage_healed":0.0,"max_hp_gain":0.0,"max_hp_loss":0.0,"gold_gain":0.0,"event_name":"Golden Wing","player_choice":"Card Removal","floor":4.0,"gold_loss":0.0,"damage_taken":7.0},{"damage_healed":0.0,"max_hp_gain":0.0,"max_hp_loss":0.0,"gold_gain":0.0,"event_name":"Living Wall","player_choice":"Grow","floor":5.0,"gold_loss":0.0,"damage_taken":0.0,"cards_upgraded":["Neutralize"]},{"damage_healed":0.0,"max_hp_gain":0.0,"max_hp_loss":0.0,"gold_gain":0.0,"event_name":"Golden Idol","player_choice":"Take Damage","floor":11.0,"gold_loss":0.0,"damage_taken":24.0,"relics_obtained":["Golden Idol"]},{"damage_healed":0.0,"max_hp_gain":0.0,"max_hp_loss":0.0,"gold_gain":0.0,"event_name":"The Library","player_choice":"Read","floor":19.0,"gold_loss":0.0,"damage_taken":0.0,"cards_obtained":["Bullet Time"]},{"damage_healed":0.0,"max_hp_gain":0.0,"max_hp_loss":0.0,"gold_gain":0.0,"event_name":"Addict","player_choice":"Stole Relic","floor":20.0,"gold_loss":0.0,"damage_taken":0.0,"relics_obtained":["Sundial"],"cards_obtained":["Shame"]},{"damage_healed":0.0,"max_hp_gain":0.0,"max_hp_loss":0.0,"gold_gain":0.0,"event_name":"Lab","player_choice":"Got Potions","floor":22.0,"gold_loss":0.0,"damage_taken":0.0},{"cards_removed":["Bane"],"damage_healed":0,"gold_gain":0,"player_choice":"Removed Attack","damage_taken":0,"max_hp_gain":0,"max_hp_loss":0,"event_name":"Falling","floor":37,"gold_loss":0},{"damage_healed":0,"gold_gain":0,"player_choice":"Fight","damage_taken":0,"max_hp_gain":0,"max_hp_loss":0,"event_name":"Mysterious Sphere","floor":38,"gold_loss":0},{"damage_healed":0,"gold_gain":0,"player_choice":"Max HP","damage_taken":0,"max_hp_gain":0,"max_hp_loss":4,"event_name":"Winding Halls","floor":41,"gold_loss":0}],"is_beta":false,"boss_relics":[{"not_picked":["Calling Bell","Snecko Eye"],"picked":"Pandora\u0027s Box"},{"not_picked":["SacredBark","Runic Dome"],"picked":"HoveringKite"}],"items_purged_floors":[21],"is_endless":false,"potions_floor_spawned":[13,14,24,29,31,33,35,47],"killed_by":"Time Eater","ascension_level":20}}