{"host":"p4yrwepmrl4g8pul","time":1607509919,"event":{"gold_per_floor":[114,114,214,225,235,261,261,294,294,304,304,103,119,33,33,107,157,170,0,329,329,345,378,378,478,505,335,370,370,400,415,415,501,501,511,511,511,255,35,60,60,80,131,508,540,540,551,561,561,561,561,561,561,539,578,578],"floor_reached":57,"playtime":4853,"items_purged":["Strike_Lin:ReiMu","NB:ReiMu","Stagnation:ReiMu","Defend_Lin:ReiMu","Defend_Lin:ReiMu","Defend_Lin:ReiMu","Defend_Lin:ReiMu","Strike_Lin:ReiMu","Strike_Lin:ReiMu","Strike_Lin:ReiMu","SubAcupoint:ReiMu","Pain","OrbThrow:ReiMu+1","CareerPray:ReiMu","Flash of Steel+1","CareerPray:ReiMu+1","Flash of Steel+1"],"score":4201,"play_id":"5495bf0b-c391-4a1e-9560-fe41679a0f6f","local_time":"20201209183159","is_ascension_mode":true,"campfire_choices":[{"data":"Finesse","floor":7.0,"key":"SMITH"},{"floor":15.0,"key":"RECALL"},{"data":"Gathering:ReiMu","floor":24.0,"key":"SMITH"},{"floor":32.0,"key":"REST"},{"data":"DependentForm:ReiMu","floor":41.0,"key":"SMITH"},{"data":"PrayRite:ReiMu","floor":46.0,"key":"SMITH"},{"floor":49.0,"key":"REST"},{"floor":53,"key":"REST"}],"neow_cost":"","seed_source_timestamp":115919907540000,"circlet_count":0,"master_deck":["AscendersBane","WonderfulDomain:ReiMu+1","YinYangSange:ReiMu+1","SpiritualOutbreak2:ReiMu+1","SubAcupoint:ReiMu+1","Gathering:ReiMu+1","SubcavityFantasy:ReiMu+1","AlertArray:ReiMu+1","DependentForm:ReiMu+1","PrayRite:ReiMu+1","RainPray2:ReiMu","PassingAway:ReiMu"],"special_seed":0,"relics":["ShineYinYang:ReiMu","Eternal Feather","ClockworkSouvenir","White Beast Statue","OrangePellets","Molten Egg 2","Pantograph","Unceasing Top","Nunchaku","Blue Candle","Sling","Membership Card","Anchor","Gensokyo:LunaticRedEyes","Potion Belt","Calipers","Mummified Hand","Gensokyo:OccultBall","Medical Kit","Bag of Marbles","Happy Flower","Torii","Omamori","Ice Cream","Vajra","CeramicFish","TheAbacus","Bottled Tornado","MerchantsRug","Bottled Lightning","Lee\u0027s Waffle","RuthlessExorcism:ReiMu","Regal Pillow","Letter Opener"],"potions_floor_usage":[56,56,56,56,56,56,56,56],"damage_taken":[{"damage":0.0,"enemies":"Gensokyo:Gryphon","floor":1.0,"turns":2.0},{"damage":2.0,"enemies":"Gensokyo:Python","floor":4.0,"turns":2.0},{"damage":1.0,"enemies":"Gensokyo:3_Fairies","floor":5.0,"turns":3.0},{"damage":1.0,"enemies":"Gensokyo:Cirno","floor":6.0,"turns":4.0},{"damage":1.0,"enemies":"Gensokyo:Mamizou","floor":8.0,"turns":4.0},{"damage":1.0,"enemies":"Gensokyo:2_Rabbits","floor":10.0,"turns":2.0},{"damage":0.0,"enemies":"Gensokyo:3_Kodama","floor":13.0,"turns":2.0},{"damage":0.0,"enemies":"Gensokyo:Yukari","floor":16.0,"turns":5.0},{"damage":0.0,"enemies":"Gensokyo:3_Dogs","floor":18.0,"turns":3.0},{"damage":31.0,"enemies":"Gensokyo:Chomper","floor":20.0,"turns":2.0},{"damage":0.0,"enemies":"Gensokyo:Wraith","floor":22.0,"turns":3.0},{"damage":1.0,"enemies":"Gensokyo:Reisen","floor":23.0,"turns":2.0},{"damage":0.0,"enemies":"Gensokyo:Reisen","floor":25.0,"turns":6.0},{"damage":0.0,"enemies":"Gensokyo:Koishi","floor":28.0,"turns":4.0},{"damage":0.0,"enemies":"Gensokyo:Reisen","floor":30.0,"turns":1.0},{"damage":0.0,"enemies":"Gensokyo:3_Gloops","floor":31.0,"turns":2.0},{"damage":0.0,"enemies":"Gensokyo:Eiki","floor":33.0,"turns":5.0},{"damage":0.0,"enemies":"Orb Walker","floor":35.0,"turns":2.0},{"damage":0.0,"enemies":"Nemesis","floor":40.0,"turns":5.0},{"damage":0.0,"enemies":"3 Shapes","floor":42.0,"turns":1.0},{"damage":36.0,"enemies":"Maw","floor":44.0,"turns":6.0},{"damage":0.0,"enemies":"Giant Head","floor":45.0,"turns":6.0},{"damage":0.0,"enemies":"Jaw Worm Horde","floor":47.0,"turns":1.0},{"damage":4.0,"enemies":"4 Shapes","floor":48.0,"turns":2.0},{"damage":16,"enemies":"Time Eater","floor":50,"turns":6},{"damage":6,"enemies":"Awakened One","floor":51,"turns":11},{"damage":1,"enemies":"Shield and Spear","floor":55,"turns":5},{"damage":0,"enemies":"The Heart","floor":56,"turns":7}],"seed_played":"1144152596759637706","potions_obtained":[{"floor":1.0,"key":"Ancient Potion"},{"floor":4.0,"key":"BlessingOfTheForge"},{"floor":5.0,"key":"LiquidBronze"},{"floor":6.0,"key":"CultistPotion"},{"floor":8.0,"key":"EssenceOfSteel"},{"floor":10.0,"key":"PinkPotion:ReiMu"},{"floor":13.0,"key":"GamblersBrew"},{"floor":17.0,"key":"SpeedPotion"},{"floor":18.0,"key":"SteroidPotion"},{"floor":23.0,"key":"LiquidMemories"},{"floor":25.0,"key":"Ancient Potion"},{"floor":28.0,"key":"Energy Potion"},{"floor":30.0,"key":"Energy Potion"},{"floor":33.0,"key":"LiquidMemories"},{"floor":35.0,"key":"Swift Potion"},{"floor":40.0,"key":"DuplicationPotion"},{"floor":42.0,"key":"EntropicBrew"}],"is_trial":false,"path_per_floor":["M","?","?","M","M","E","R","E","T","M","?","$","M","$","R","B",null,"M","?","M","?","M","E","R","?","T","$","E","?","E","M","R","B",null,"M","?","?","$","$","E","R","M","T","M","E","R","M","M","R","B","B",null,"R","$","E","B",null],"character_chosen":"REIMU","items_purchased":["BodyOfKamiR:ReiMu","SubAcupoint:ReiMu","CareerPray:ReiMu","Eternal Feather","ClockworkSouvenir","White Beast Statue","WonderfulDomain:ReiMu","War Paint","OrangePellets","YinYangSange:ReiMu","Molten Egg 2","Flash of Steel+1","SpiritualOutbreak2:ReiMu+1","Pantograph","Unceasing Top","Finesse","SubAcupoint:ReiMu+1","Nunchaku","Flash of Steel+1","OrbThrow:ReiMu+1","Blue Candle","Sling","Membership Card","Anchor","Medical Kit","Bag of Marbles","CareerPray:ReiMu","Happy Flower","Ice Cream","PrayRite:ReiMu","TheAbacus","Bottled Tornado","MerchantsRug","Bottled Lightning","Lee\u0027s Waffle","RainPray2:ReiMu","LiquidFlight:ReiMu"],"campfire_rested":3,"item_purchase_floors":[0,0,0,0,0,0,0,0,0,0,0,0,0,0,0,0,0,0,0,0,0,0,0,0,12,12,12,14,27,38,38,38,38,39,39,54,54],"current_hp_per_floor":[18,18,18,16,15,14,20,19,19,18,18,18,18,18,21,46,62,62,62,31,31,31,30,36,61,61,61,61,61,61,61,65,65,65,65,65,65,65,72,72,72,72,72,36,36,42,42,38,72,56,66,71,72,72,71,72],"gold":578,"neow_bonus":"","is_prod":false,"is_daily":false,"chose_seed":false,"campfire_upgraded":4,"win_rate":0,"timestamp":1607509919,"path_taken":["M","?","?","?","M","E","R","E","T","M","?","$","?","?","R","BOSS","M","?","M","?","M","E","R","?","T","$","E","?","E","M","R","BOSS","M","?","?","?","$","E","R","M","T","M","E","R","M","?","R","BOSS","BOSS","R","$","E","BOSS"],"build_version":"2020-11-30","purchased_purges":17,"victory":true,"max_hp_per_floor":[60,60,60,60,60,60,60,60,60,60,60,60,60,60,60,60,65,65,65,65,65,65,65,65,65,65,65,65,65,65,65,65,65,65,65,65,65,65,72,72,72,72,72,72,72,72,72,72,72,72,72,72,72,72,72,72],"card_choices":[{"not_picked":["SpringWay:ReiMu","SubAcupoint:ReiMu+1","OctopathBindingBorder2:ReiMu"],"picked":"SKIP","floor":1.0},{"not_picked":["LearningPray:ReiMu","MountainWay:ReiMu","Enchanting:ReiMu"],"picked":"SKIP","floor":4.0},{"not_picked":["Crusade:ReiMu+1","CollectionFlower2:ReiMu"],"picked":"Gathering:ReiMu","floor":5.0},{"not_picked":["Dreaming:ReiMu+1","Intuition:ReiMu","LearningPray:ReiMu"],"picked":"SKIP","floor":6.0},{"not_picked":["SubAcupoint:ReiMu+1","Enchanting:ReiMu","ShadowOfCrow2:ReiMu"],"picked":"SKIP","floor":8.0},{"not_picked":["CollectionFlower2:ReiMu","SpringWay:ReiMu","Intuition:ReiMu"],"picked":"SKIP","floor":10.0},{"not_picked":["TightArray:ReiMu+1","RainPray2:ReiMu","ManaGlint:ReiMu+1"],"picked":"SKIP","floor":13.0},{"not_picked":["KyokaiOfKami:ReiMu","YinYang:ReiMu+1"],"picked":"SubcavityFantasy:ReiMu","floor":16.0},{"not_picked":["RainPray2:ReiMu","BarrageOfMoneybags:ReiMu+1"],"picked":"AlertArray:ReiMu","floor":17.0},{"not_picked":["SubcavityInstant:ReiMu+1","SpreadBorder2:ReiMu","CareerPray:ReiMu"],"picked":"SKIP","floor":18.0},{"not_picked":["TightArray:ReiMu+1","Intuition:ReiMu","EmergencyTakeOff:ReiMu"],"picked":"SKIP","floor":20.0},{"not_picked":["UpKicking:ReiMu+1","SafetyPray:ReiMu","EmergencyTakeOff:ReiMu+1"],"picked":"SKIP","floor":22.0},{"not_picked":["EmergencyTakeOff:ReiMu","YinYangSign:ReiMu+1","ShadowOfCrow2:ReiMu"],"picked":"SKIP","floor":23.0},{"not_picked":["FineLineFantasy:ReiMu","Shading:ReiMu","OctopathBindingBorder2:ReiMu"],"picked":"SKIP","floor":28.0},{"not_picked":["UniversalSpiritual:ReiMu","SubcavityInstant:ReiMu","PhosphorusFlame:ReiMu"],"picked":"SKIP","floor":30.0},{"not_picked":["AlertArray:ReiMu","TakeOff:ReiMu+1","SubAcupoint:ReiMu+1"],"picked":"SKIP","floor":31.0},{"not_picked":["SubcavityFantasy:ReiMu","CardOfSanctity:ReiMu"],"picked":"DependentForm:ReiMu","floor":33.0},{"not_picked":["YinYangSign:ReiMu+1","UpKicking:ReiMu+1","OrbThrow:ReiMu+1"],"picked":"SKIP","floor":35.0},{"not_picked":["AirStrike:ReiMu+1","FineLineFantasy:ReiMu","Mountainwind:ReiMu"],"picked":"SKIP","floor":40.0},{"not_picked":["ShadowOfCrow2:ReiMu","SpringWay:ReiMu+1","SafetyPray:ReiMu"],"picked":"SKIP","floor":42.0},{"not_picked":["ShadowOfCrow2:ReiMu","SpringWay:ReiMu+1","SafetyPray:ReiMu"],"picked":"SKIP","floor":42.0},{"not_picked":["Gathering:ReiMu","AirManeuver:ReiMu","WonderfulDomain:ReiMu"],"picked":"SKIP","floor":44.0},{"not_picked":["WonderfulDomain:ReiMu+1","Enchanting:ReiMu","MountainWay:ReiMu"],"picked":"SKIP","floor":45.0},{"not_picked":["Amulet:ReiMu","SpiritualOutbreak2:ReiMu+1","SubAcupoint:ReiMu+1"],"picked":"SKIP","floor":47.0},{"not_picked":["SealNeedle:ReiMu+1","SubcavityInstant:ReiMu","DoubleButterfly:ReiMu+1"],"picked":"SKIP","floor":48.0},{"not_picked":["EmergencyTakeOff:ReiMu","SubcavityInstant:ReiMu+1"],"picked":"PassingAway:ReiMu","floor":55}],"player_experience":698971,"relics_obtained":[{"floor":6.0,"key":"Potion Belt"},{"floor":8.0,"key":"Calipers"},{"floor":9.0,"key":"Mummified Hand"},{"floor":16.0,"key":"Gensokyo:OccultBall"},{"floor":22.0,"key":"Gensokyo:OccultBall"},{"floor":23.0,"key":"Whetstone"},{"floor":25.0,"key":"Torii"},{"floor":26.0,"key":"Omamori"},{"floor":28.0,"key":"Vajra"},{"floor":30.0,"key":"CeramicFish"},{"floor":33.0,"key":"Gensokyo:OccultBall"},{"floor":40.0,"key":"RuthlessExorcism:ReiMu"},{"floor":45.0,"key":"Regal Pillow"},{"floor":55,"key":"Letter Opener"}],"event_choices":[{"damage_healed":0.0,"max_hp_gain":0.0,"max_hp_loss":0.0,"gold_gain":0.0,"event_name":"SensoryStone","player_choice":"Memory 1","floor":36.0,"gold_loss":0.0,"damage_taken":0.0},{"damage_healed":13.0,"max_hp_gain":0.0,"max_hp_loss":0.0,"gold_gain":0.0,"event_name":"Winding Halls","player_choice":"Writhe","floor":37.0,"gold_loss":0.0,"damage_taken":0.0,"cards_obtained":["Writhe"]}],"is_beta":false,"boss_relics":[{"not_picked":["Runic Dome","RedLine:ReiMu"],"picked":"Tiny House"},{"not_picked":["Astrolabe","Pandora\u0027s Box"],"picked":"ShineYinYang:ReiMu"}],"items_purged_floors":[0,0,0,0,0,0,0,0,0,0,0,12,12,14,54,54,54],"is_endless":false,"potions_floor_spawned":[1,4,5,6,8,10,13,16,18,20,22,23,25,28,30,31,33,35,40,42,44,45,47,48,55],"ascension_level":20}}