{"host":"iy58fyt9wsbv4cf1","time":1607533175,"event":{"gold_per_floor":[112,36,55,55,55,87,87,100,100,124,124,47,47,65,65,169,169,183,195,209,209,209,209,222,233,233,233,251,270,270,270,270,270,270],"floor_reached":33,"playtime":869,"items_purged":["Strike_B"],"score":247,"play_id":"7ee59884-b51c-425a-8fcd-df26f2f17ac6","local_time":"20201209115935","is_ascension_mode":false,"campfire_choices":[{"floor":7.0,"key":"REST"},{"floor":13,"key":"REST"},{"data":"Zap","floor":15,"key":"SMITH"},{"data":"Reboot","floor":23,"key":"SMITH"},{"floor":27,"key":"REST"},{"floor":32,"key":"REST"}],"neow_cost":"","seed_source_timestamp":498160928513700,"circlet_count":0,"master_deck":["Strike_B","Defend_B","Defend_B","Defend_B","Defend_B","Zap","Dualcast+1","Defragment","Defragment","hubris:PowerSurge+1","Consume","Zap+1","Ball Lightning","Darkness","Conserve Battery","Static Discharge","Reboot+1","Conserve Battery","White Noise","Aggregate"],"special_seed":0,"relics":["Cracked Core","DataDisk","Membership Card","conspire:TreasureMap","DollysMirror","Bag of Marbles","Odd Mushroom","Black Star","Regal Pillow","MutagenicStrength","hubris:Towel"],"potions_floor_usage":[10,10,16,33,33],"damage_taken":[{"damage":5.0,"enemies":"Jaw Worm","floor":1.0,"turns":5.0},{"damage":0.0,"enemies":"Small Slimes","floor":3.0,"turns":2.0},{"damage":26.0,"enemies":"3 Sentries","floor":6.0,"turns":4.0},{"damage":0,"enemies":"Cultist","floor":8,"turns":2},{"damage":13,"enemies":"The Mushroom Lair","floor":10,"turns":4},{"damage":0,"enemies":"Exordium Wildlife","floor":14,"turns":2},{"damage":30,"enemies":"Hexaghost","floor":16,"turns":4},{"damage":4,"enemies":"3 Byrds","floor":18,"turns":1},{"damage":32,"enemies":"conspire:FuzzyDice","floor":19,"turns":6},{"damage":8,"enemies":"Chosen and Byrds","floor":20,"turns":3},{"damage":10,"enemies":"conspire:HollyBat","floor":24,"turns":7},{"damage":13,"enemies":"Snecko","floor":25,"turns":4},{"damage":12,"enemies":"3 Cultists","floor":28,"turns":4},{"damage":19,"enemies":"Sentry and Sphere","floor":29,"turns":4},{"damage":62,"enemies":"Automaton","floor":33,"turns":8}],"seed_played":"-2372064904196487030","potions_obtained":[{"floor":3.0,"key":"Strength Potion"},{"floor":6.0,"key":"SkillPotion"},{"floor":10,"key":"Fruit Juice"},{"floor":14,"key":"Regen Potion"},{"floor":16,"key":"SpeedPotion"},{"floor":19,"key":"GamblersBrew"}],"is_trial":false,"path_per_floor":["M","$","M","?","?","E","R","M","T","?","?","$","R","M","R","B",null,"M","M","M","?","?","R","M","M","T","R","M","M","?","?","R","B"],"character_chosen":"DEFECT","items_purchased":["DataDisk","Membership Card","Defragment","Defragment","hubris:PowerSurge","Consume","conspire:TreasureMap","DollysMirror","Static Discharge"],"campfire_rested":4,"item_purchase_floors":[0,0,0,0,0,0,0,2,12],"current_hp_per_floor":[35,35,35,35,35,9,31,31,31,23,16,16,40,40,40,22,80,76,44,36,36,36,36,26,13,13,52,40,21,21,21,60,0,0],"gold":270,"neow_bonus":"","is_prod":false,"is_daily":false,"chose_seed":false,"campfire_upgraded":2,"win_rate":0.0,"timestamp":1607533175,"path_taken":["M","$","M","?","?","E","R","?","T","?","?","$","R","M","R","BOSS","M","M","M","?","?","R","?","M","T","R","M","M","?","?","R","BOSS"],"build_version":"2020-11-30","purchased_purges":1,"victory":false,"max_hp_per_floor":[75,75,75,75,75,75,75,75,75,80,80,80,80,80,80,80,80,80,80,80,80,80,80,80,80,80,80,80,80,80,80,80,80,80],"card_choices":[{"not_picked":["Hologram","Compile Driver","Steam"],"picked":"SKIP","floor":1.0},{"not_picked":["Streamline","Cold Snap"],"picked":"Ball Lightning","floor":3.0},{"not_picked":["Defragment","Barrage"],"picked":"Darkness","floor":6.0},{"not_picked":["Reprogram","Cold Snap","Blizzard"],"picked":"SKIP","floor":8},{"not_picked":["Aggregate","Loop"],"picked":"Conserve Battery","floor":10},{"not_picked":["Beam Cell","Rebound","Lockon"],"picked":"SKIP","floor":14},{"not_picked":["Hyperbeam","Meteor Strike"],"picked":"Reboot","floor":16},{"not_picked":["Ball Lightning+1","Cold Snap+1","Compile Driver"],"picked":"SKIP","floor":18},{"not_picked":["Cold Snap","Barrage"],"picked":"Conserve Battery","floor":19},{"not_picked":["Hologram","Steam+1"],"picked":"White Noise","floor":20},{"not_picked":["Beam Cell+1","Heatsinks","Steam"],"picked":"SKIP","floor":24},{"not_picked":["Leap","Loop+1","Echo Form"],"picked":"SKIP","floor":25},{"not_picked":["Go for the Eyes","Steam","Self Repair"],"picked":"SKIP","floor":28},{"not_picked":["Go for the Eyes","Streamline","Ball Lightning"],"picked":"SKIP","floor":29}],"player_experience":89968,"relics_obtained":[{"floor":6.0,"key":"Bag of Marbles"},{"floor":10,"key":"Odd Mushroom"},{"floor":26,"key":"Regal Pillow"}],"event_choices":[{"damage_healed":0.0,"max_hp_gain":0.0,"max_hp_loss":0.0,"gold_gain":0.0,"event_name":"Living Wall","player_choice":"Grow","floor":5.0,"gold_loss":0.0,"damage_taken":0.0,"cards_upgraded":["hubris:PowerSurge"]},{"damage_healed":0,"gold_gain":0,"player_choice":"Fought Mushrooms","damage_taken":0,"max_hp_gain":0,"max_hp_loss":0,"event_name":"Mushrooms","floor":10,"gold_loss":0},{"cards_removed":["Strike_B"],"damage_healed":0,"gold_gain":0,"player_choice":"Card Removal","damage_taken":7,"max_hp_gain":0,"max_hp_loss":0,"event_name":"Golden Wing","floor":11,"gold_loss":0},{"damage_healed":0,"gold_gain":0,"player_choice":"Ignored","damage_taken":0,"max_hp_gain":0,"max_hp_loss":0,"event_name":"Vampires","floor":21,"gold_loss":0},{"damage_healed":0,"gold_gain":0,"cards_transformed":["Strike_B"],"player_choice":"Transformed","damage_taken":0,"max_hp_gain":0,"max_hp_loss":0,"event_name":"Transmorgrifier","floor":22,"gold_loss":0,"cards_obtained":["Aggregate"]},{"damage_healed":0,"gold_gain":0,"player_choice":"Inject Mutagens","damage_taken":0,"relics_obtained":["MutagenicStrength"],"max_hp_gain":0,"max_hp_loss":0,"event_name":"Drug Dealer","floor":30,"gold_loss":0}],"is_beta":false,"boss_relics":[{"not_picked":["FrozenCore","hubris:HollowSoul"],"picked":"Black Star"}],"items_purged_floors":[12],"is_endless":false,"potions_floor_spawned":[3,6,10,14,16,19,25],"killed_by":"Automaton","ascension_level":0}}