{"host":"xko5sdb82mf02c09","time":1607537357,"event":{"gold_per_floor":[119,129,139,139,139,168,168,197,197,232,232,245,17,35,35,136,136,156,71,91,91,191,216,216,216,216,228,228,228,241,270,270,368,368,382,399,415,57,57,82,82,102,128,178,178,178],"floor_reached":45,"playtime":2025,"items_purged":["Perseverance"],"score":655,"play_id":"e0a60100-7814-4d5b-81d2-f3a3db8c8df4","local_time":"20201210030917","is_ascension_mode":true,"campfire_choices":[{"floor":7.0,"key":"REST"},{"floor":15.0,"key":"REST"},{"floor":24.0,"key":"REST"},{"floor":32.0,"key":"REST"},{"data":"Omniscience","floor":41.0,"key":"SMITH"}],"neow_cost":"PERCENT_DAMAGE","seed_source_timestamp":0,"circlet_count":0,"master_deck":["Eruption","Vigilance","Apotheosis+1","ClearTheMind+1","Protect","SandsOfTime","Ragnarok+1","ForeignInfluence","WreathOfFlame","Crescendo","TalkToTheHand+1","Omniscience+1","Halt","MasterReality","DevaForm","WreathOfFlame","SashWhip+1","Evaluate","Collect+1","DeusExMachina","Consecrate+1","Weave+1","Ghostly","Ghostly","Ghostly","Ghostly","Ghostly","InnerPeace+1","CarveReality+1","Halt","Scrawl","Fasting2","Madness","Madness","CrushJoints+1"],"special_seed":0,"relics":["PureWater","Molten Egg 2","TungstenRod","StoneCalendar","Vajra","GremlinMask","Regal Pillow","Pandora\u0027s Box","Juzu Bracelet","Art of War","Lizard Tail","Pear","Velvet Choker","Blood Vial","Centennial Puzzle","Ice Cream"],"potions_floor_usage":[45,45],"damage_taken":[{"damage":3.0,"enemies":"Jaw Worm","floor":1.0,"turns":3.0},{"damage":7.0,"enemies":"2 Louse","floor":2.0,"turns":4.0},{"damage":0.0,"enemies":"Cultist","floor":3.0,"turns":4.0},{"damage":4.0,"enemies":"3 Sentries","floor":6.0,"turns":9.0},{"damage":16.0,"enemies":"Lagavulin","floor":8.0,"turns":5.0},{"damage":13.0,"enemies":"Gremlin Nob","floor":10.0,"turns":3.0},{"damage":0.0,"enemies":"Looter","floor":12.0,"turns":3.0},{"damage":0.0,"enemies":"Blue Slaver","floor":14.0,"turns":4.0},{"damage":0.0,"enemies":"Slime Boss","floor":16.0,"turns":3.0},{"damage":19.0,"enemies":"2 Thieves","floor":18.0,"turns":4.0},{"damage":0.0,"enemies":"3 Byrds","floor":20.0,"turns":4.0},{"damage":42.0,"enemies":"Slavers","floor":23.0,"turns":4.0},{"damage":11.0,"enemies":"Centurion and Healer","floor":27.0,"turns":6.0},{"damage":19.0,"enemies":"Shelled Parasite and Fungi","floor":30.0,"turns":5.0},{"damage":3.0,"enemies":"Gremlin Leader","floor":31.0,"turns":5.0},{"damage":11.0,"enemies":"Champ","floor":33.0,"turns":7.0},{"damage":5.0,"enemies":"Orb Walker","floor":35.0,"turns":3.0},{"damage":0.0,"enemies":"3 Darklings","floor":36.0,"turns":4.0},{"damage":0.0,"enemies":"Maw","floor":37.0,"turns":7.0},{"damage":0.0,"enemies":"Nemesis","floor":40.0,"turns":5.0},{"damage":0.0,"enemies":"Transient","floor":42.0,"turns":5.0},{"damage":0.0,"enemies":"Mind Bloom Boss Battle","floor":44.0,"turns":4.0},{"damage":11,"enemies":"Giant Head","floor":45,"turns":6}],"seed_played":"-7514197537309152699","potions_obtained":[{"floor":1.0,"key":"FearPotion"},{"floor":10.0,"key":"FearPotion"},{"floor":12.0,"key":"LiquidMemories"},{"floor":16.0,"key":"EntropicBrew"},{"floor":23.0,"key":"EssenceOfSteel"},{"floor":36.0,"key":"Dexterity Potion"},{"floor":37.0,"key":"DistilledChaos"},{"floor":44.0,"key":"DuplicationPotion"}],"is_trial":false,"path_per_floor":["M","M","M","?","?","E","R","E","T","E","?","M","$","M","R","B",null,"M","?","M","?","?","E","R","?","T","M","?","?","M","E","R","B",null,"M","M","M","$","?","E","R","M","T","?","E"],"character_chosen":"WATCHER","items_purchased":["TalkToTheHand+1","Regal Pillow","Scrawl","Block Potion","Fasting2"],"campfire_rested":4,"item_purchase_floors":[13,13,38,38,38],"current_hp_per_floor":[48,41,41,27,27,23,44,28,28,15,15,15,15,15,51,51,72,53,53,53,53,53,11,47,47,47,36,36,36,17,24,46,35,46,41,41,41,41,36,36,36,38,38,40,31,31],"gold":178,"neow_bonus":"RANDOM_COLORLESS_2","is_prod":false,"is_daily":false,"chose_seed":false,"campfire_upgraded":1,"win_rate":0,"timestamp":1607537357,"path_taken":["M","M","M","?","?","E","R","E","T","E","?","?","$","M","R","BOSS","M","?","M","?","?","E","R","?","T","M","?","?","M","E","R","BOSS","M","M","M","$","?","E","R","M","T","?","E"],"build_version":"2020-11-30","purchased_purges":1,"victory":false,"max_hp_per_floor":[72,72,72,72,72,72,72,72,72,72,72,72,72,72,72,72,72,72,72,72,72,72,72,72,72,72,72,36,36,36,46,46,46,46,46,46,46,46,46,46,46,46,46,46,46,46],"card_choices":[{"not_picked":["Violence","Sadistic Nature"],"picked":"Apotheosis","floor":0.0},{"not_picked":["ThirdEye","SignatureMove"],"picked":"ClearTheMind","floor":1.0},{"not_picked":["CrushJoints","ThirdEye"],"picked":"Protect","floor":2.0},{"not_picked":["Wireheading","Evaluate"],"picked":"SandsOfTime","floor":3.0},{"not_picked":["LessonLearned+1","Meditate"],"picked":"Ragnarok+1","floor":6.0},{"not_picked":["WaveOfTheHand","LikeWater"],"picked":"ForeignInfluence","floor":8.0},{"not_picked":["Swivel","SandsOfTime+1"],"picked":"WreathOfFlame","floor":10.0},{"not_picked":["WindmillStrike+1","FlyingSleeves+1"],"picked":"Crescendo","floor":12.0},{"not_picked":["Meditate","Prostrate"],"picked":"Perseverance","floor":14.0},{"not_picked":["Wish","LessonLearned+1"],"picked":"Omniscience","floor":16.0},{"not_picked":["Prostrate+1","ClearTheMind"],"picked":"Collect+1","floor":18.0},{"not_picked":["Indignation","Prostrate"],"picked":"DeusExMachina","floor":20.0},{"not_picked":["LikeWater","Nirvana"],"picked":"Consecrate+1","floor":23.0},{"not_picked":["EmptyFist+1","Crescendo","WindmillStrike+1"],"picked":"SKIP","floor":27.0},{"not_picked":["JustLucky+1","Meditate"],"picked":"InnerPeace+1","floor":30.0},{"not_picked":["Prostrate+1","Weave+1"],"picked":"CarveReality+1","floor":31.0},{"not_picked":["FlyingSleeves+1","SignatureMove+1"],"picked":"Halt","floor":35.0},{"not_picked":["Wireheading","CarveReality+1","Prostrate"],"picked":"SKIP","floor":36.0},{"not_picked":["ThirdEye","PathToVictory+1","SashWhip+1"],"picked":"SKIP","floor":37.0},{"not_picked":["Consecrate+1","ThirdEye","EmptyBody"],"picked":"SKIP","floor":40.0},{"not_picked":["Evaluate+1","SashWhip+1"],"picked":"CrushJoints+1","floor":42.0}],"player_experience":683959,"relics_obtained":[{"floor":6.0,"key":"Molten Egg 2"},{"floor":8.0,"key":"TungstenRod"},{"floor":9.0,"key":"StoneCalendar"},{"floor":10.0,"key":"Vajra"},{"floor":23.0,"key":"Art of War"},{"floor":26.0,"key":"Lizard Tail"},{"floor":31.0,"key":"Pear"},{"floor":40.0,"key":"Blood Vial"},{"floor":43.0,"key":"Centennial Puzzle"},{"floor":44.0,"key":"Ice Cream"}],"event_choices":[{"damage_healed":0.0,"max_hp_gain":0.0,"max_hp_loss":0.0,"gold_gain":0.0,"event_name":"Shining Light","player_choice":"Entered Light","floor":4.0,"gold_loss":0.0,"damage_taken":14.0,"cards_upgraded":["Defend_P","ClearTheMind"]},{"damage_healed":0.0,"max_hp_gain":0.0,"max_hp_loss":0.0,"gold_gain":0.0,"event_name":"Living Wall","player_choice":"Grow","floor":5.0,"gold_loss":0.0,"damage_taken":0.0,"cards_upgraded":["Apotheosis"]},{"damage_healed":0.0,"max_hp_gain":0.0,"max_hp_loss":0.0,"gold_gain":0.0,"event_name":"FaceTrader","player_choice":"Trade","floor":11.0,"gold_loss":0.0,"damage_taken":0.0,"relics_obtained":["GremlinMask"]},{"damage_healed":0.0,"max_hp_gain":0.0,"max_hp_loss":0.0,"gold_gain":0.0,"event_name":"Addict","player_choice":"Obtained Relic","floor":19.0,"gold_loss":85.0,"damage_taken":0.0,"relics_obtained":["Juzu Bracelet"]},{"damage_healed":0.0,"max_hp_gain":0.0,"max_hp_loss":0.0,"gold_gain":0.0,"event_name":"Vampires","player_choice":"Ignored","floor":21.0,"gold_loss":0.0,"damage_taken":0.0},{"damage_healed":0.0,"max_hp_gain":0.0,"max_hp_loss":0.0,"gold_gain":100.0,"event_name":"Golden Shrine","player_choice":"Pray","floor":22.0,"gold_loss":0.0,"damage_taken":0.0},{"damage_healed":0.0,"max_hp_gain":0.0,"max_hp_loss":0.0,"gold_gain":0.0,"cards_transformed":["Establishment","Establishment"],"event_name":"Drug Dealer","player_choice":"Became Test Subject","floor":25.0,"gold_loss":0.0,"damage_taken":0.0,"cards_obtained":["Weave","Swivel"]},{"damage_healed":0.0,"max_hp_gain":0.0,"max_hp_loss":36.0,"gold_gain":0.0,"event_name":"Ghosts","player_choice":"Became a Ghost","floor":28.0,"gold_loss":0.0,"damage_taken":0.0,"cards_obtained":["Ghostly","Ghostly","Ghostly","Ghostly","Ghostly"]},{"cards_removed":["Swivel"],"damage_healed":0.0,"max_hp_gain":0.0,"max_hp_loss":0.0,"gold_gain":0.0,"event_name":"Back to Basics","player_choice":"Elegance","floor":29.0,"gold_loss":0.0,"damage_taken":0.0},{"damage_healed":0.0,"max_hp_gain":0.0,"max_hp_loss":0.0,"gold_gain":0.0,"event_name":"Winding Halls","player_choice":"Embrace Madness","floor":39.0,"gold_loss":0.0,"damage_taken":6.0,"cards_obtained":["Madness","Madness"]},{"damage_healed":0.0,"max_hp_gain":0.0,"max_hp_loss":0.0,"gold_gain":0.0,"event_name":"MindBloom","player_choice":"Fight","floor":44.0,"gold_loss":0.0,"damage_taken":0.0}],"is_beta":false,"boss_relics":[{"not_picked":["Runic Pyramid","Black Star"],"picked":"Pandora\u0027s Box"},{"not_picked":["Coffee Dripper","Philosopher\u0027s Stone"],"picked":"Velvet Choker"}],"items_purged_floors":[38],"is_endless":false,"potions_floor_spawned":[1,10,12,16,18,23,36,37,40,44],"killed_by":"Giant Head","ascension_level":1}}