{"host":"x0ovlu53kkkog8rv","time":1607512177,"event":{"gold_per_floor":[116,66,66,79,79,79,106,118,118,138,155,185,185,196,196,293,293,310,328,328,352,451,451,451,451],"floor_reached":24,"playtime":906,"items_purged":[],"score":254,"play_id":"9c62b56a-772f-458f-b97c-574ce1a89ebd","local_time":"20201209200937","is_ascension_mode":true,"campfire_choices":[{"data":"Bouncing Flask","floor":6.0,"key":"SMITH"},{"floor":13.0,"key":"REST"},{"floor":15.0,"key":"REST"},{"floor":23,"key":"REST"}],"neow_cost":"NONE","seed_source_timestamp":0,"circlet_count":0,"master_deck":["Strike_G","Strike_G","Strike_G","Defend_G","Defend_G","Defend_G","Defend_G","Defend_G","Survivor","Neutralize","Bouncing Flask+1","Decay","Prepared","Quick Slash","Deadly Poison","Bouncing Flask","Adrenaline","CurseOfTheBell","Distraction+1"],"special_seed":0,"relics":["Ring of the Snake","NeowsBlessing","Lizard Tail","Bird Faced Urn","Calling Bell","Orichalcum","Paper Crane","TungstenRod","Oddly Smooth Stone"],"potions_floor_usage":[18],"damage_taken":[{"damage":0.0,"enemies":"Jaw Worm","floor":1.0,"turns":1.0},{"damage":0.0,"enemies":"Small Slimes","floor":4.0,"turns":1.0},{"damage":0.0,"enemies":"Lagavulin","floor":7.0,"turns":1.0},{"damage":2.0,"enemies":"Cultist","floor":8.0,"turns":4.0},{"damage":12.0,"enemies":"Large Slime","floor":10.0,"turns":5.0},{"damage":33.0,"enemies":"Lots of Slimes","floor":11.0,"turns":5.0},{"damage":15.0,"enemies":"Exordium Wildlife","floor":14.0,"turns":3.0},{"damage":63.0,"enemies":"Slime Boss","floor":16.0,"turns":11.0},{"damage":23,"enemies":"Shell Parasite","floor":18,"turns":5},{"damage":24,"enemies":"3 Byrds","floor":19,"turns":6},{"damage":58,"enemies":"Slavers","floor":24,"turns":3}],"seed_played":"1938453944970101403","potions_obtained":[{"floor":7.0,"key":"Weak Potion"},{"floor":8.0,"key":"Fire Potion"},{"floor":11.0,"key":"SteroidPotion"},{"floor":14.0,"key":"CunningPotion"},{"floor":18,"key":"Fruit Juice"}],"is_trial":false,"path_per_floor":["M","?","?","M","?","R","E","M","T","M","M","?","R","M","R","B",null,"M","M","?","T","?","R","E"],"character_chosen":"THE_SILENT","items_purchased":[],"campfire_rested":3,"item_purchase_floors":[],"current_hp_per_floor":[70,70,70,70,70,70,70,68,68,56,23,23,44,29,50,29,70,52,28,28,28,28,50,0,0],"gold":451,"neow_bonus":"THREE_ENEMY_KILL","is_prod":false,"is_daily":false,"chose_seed":false,"campfire_upgraded":1,"win_rate":0,"timestamp":1607512177,"path_taken":["M","?","?","?","?","R","E","M","T","M","?","?","R","M","R","BOSS","BOSS","M","M","?","?","?","R","E"],"build_version":"2020-11-30","purchased_purges":0,"victory":false,"max_hp_per_floor":[70,70,70,70,70,70,70,70,70,70,70,70,70,70,70,70,70,75,75,75,75,75,75,75,75],"card_choices":[{"not_picked":["Prepared","Backflip"],"picked":"Bouncing Flask","floor":1.0},{"not_picked":["Infinite Blades","Predator","Flying Knee"],"picked":"SKIP","floor":4.0},{"not_picked":["Dash","PiercingWail"],"picked":"Prepared","floor":7.0},{"not_picked":["All Out Attack","Sucker Punch"],"picked":"Quick Slash","floor":8.0},{"not_picked":["Dash","Slice"],"picked":"Deadly Poison","floor":10.0},{"not_picked":["Sucker Punch","Setup","Deflect"],"picked":"SKIP","floor":11.0},{"not_picked":["Footwork","Die Die Die"],"picked":"Bouncing Flask","floor":14.0},{"not_picked":["Corpse Explosion","Glass Knife"],"picked":"Adrenaline","floor":16},{"not_picked":["Quick Slash","Dodge and Roll"],"picked":"Distraction+1","floor":18},{"not_picked":["Dagger Spray","Distraction","Dodge and Roll"],"picked":"SKIP","floor":19}],"player_experience":157188,"relics_obtained":[{"floor":7.0,"key":"Lizard Tail"},{"floor":9.0,"key":"Bird Faced Urn"},{"floor":17,"key":"Orichalcum"},{"floor":17,"key":"Paper Crane"},{"floor":17,"key":"TungstenRod"},{"floor":21,"key":"Oddly Smooth Stone"}],"event_choices":[{"cards_removed":["Strike_G"],"damage_healed":0.0,"max_hp_gain":0.0,"max_hp_loss":0.0,"gold_gain":0.0,"event_name":"The Cleric","player_choice":"Card Removal","floor":2.0,"gold_loss":50.0,"damage_taken":0.0},{"cards_removed":["Strike_G"],"damage_healed":0.0,"max_hp_gain":0.0,"max_hp_loss":0.0,"gold_gain":0.0,"event_name":"Purifier","player_choice":"Purged","floor":3.0,"gold_loss":0.0,"damage_taken":0.0},{"damage_healed":0.0,"max_hp_gain":0.0,"max_hp_loss":0.0,"gold_gain":0.0,"event_name":"Wheel of Change","player_choice":"Cursed","floor":5.0,"gold_loss":0.0,"damage_taken":0.0,"cards_obtained":["Decay"]},{"damage_healed":0.0,"max_hp_gain":0.0,"max_hp_loss":0.0,"gold_gain":30.0,"event_name":"Dead Adventurer","player_choice":"Searched \u00272\u0027 times","floor":12.0,"gold_loss":0.0,"damage_taken":0.0},{"damage_healed":0,"gold_gain":0,"player_choice":"Ignored","damage_taken":0,"max_hp_gain":0,"max_hp_loss":0,"event_name":"Vampires","floor":20,"gold_loss":0},{"damage_healed":0,"gold_gain":99,"player_choice":"Stole From Cult","damage_taken":0,"max_hp_gain":0,"max_hp_loss":0,"event_name":"Nest","floor":22,"gold_loss":0}],"is_beta":false,"boss_relics":[{"not_picked":["Empty Cage","HoveringKite"],"picked":"Calling Bell"}],"items_purged_floors":[],"is_endless":false,"potions_floor_spawned":[7,8,11,14,18],"killed_by":"Slavers","ascension_level":3}}