{"host":"rmsq46plbpwfbxcc","time":1607529978,"event":{"gold_per_floor":[117,128,53,64,79,79,90,90,90,121,134,134,166,183,183,183,183],"floor_reached":16,"playtime":487,"items_purged":[],"score":205,"play_id":"9ad1f951-8e21-4bb5-b9a0-89eeda5a7423","local_time":"20201210010618","is_ascension_mode":true,"campfire_choices":[{"data":"Dash","floor":8.0,"key":"SMITH"},{"data":"Footwork","floor":12,"key":"SMITH"},{"data":"Tactician","floor":15,"key":"SMITH"}],"neow_cost":"NONE","seed_source_timestamp":1914882430290900,"circlet_count":0,"master_deck":["AscendersBane","Strike_G","Strike_G","Strike_G","Strike_G","Defend_G","Defend_G","Defend_G","Defend_G","Survivor","Neutralize+1","Footwork+1","Dash+1","PiercingWail","Tactician+1","Acrobatics","PiercingWail"],"special_seed":0,"relics":["Ring of the Snake","Eternal Feather","Mercury Hourglass","Blood Vial"],"potions_floor_usage":[10],"damage_taken":[{"damage":0.0,"enemies":"Small Slimes","floor":1.0,"turns":4.0},{"damage":1.0,"enemies":"Jaw Worm","floor":2.0,"turns":5.0},{"damage":1.0,"enemies":"2 Louse","floor":4.0,"turns":4.0},{"damage":0.0,"enemies":"2 Fungi Beasts","floor":5.0,"turns":5.0},{"damage":0.0,"enemies":"Red Slaver","floor":7.0,"turns":5.0},{"damage":18,"enemies":"3 Sentries","floor":10,"turns":11},{"damage":1,"enemies":"Blue Slaver","floor":11,"turns":3},{"damage":17,"enemies":"Gremlin Nob","floor":13,"turns":5},{"damage":1,"enemies":"3 Louse","floor":14,"turns":2},{"damage":44,"enemies":"Hexaghost","floor":16,"turns":18}],"seed_played":"9052773596039408918","potions_obtained":[{"floor":1.0,"key":"SteroidPotion"},{"floor":5.0,"key":"BlessingOfTheForge"},{"floor":10,"key":"SpeedPotion"},{"floor":11,"key":"Dexterity Potion"}],"is_trial":false,"path_per_floor":["M","M","?","M","M","?","M","R","T","E","M","R","E","M","R","B"],"character_chosen":"THE_SILENT","items_purchased":[],"campfire_rested":0,"item_purchase_floors":[],"current_hp_per_floor":[59,58,58,57,57,50,50,50,50,32,31,40,23,24,33,0,0],"gold":183,"neow_bonus":"UPGRADE_CARD","is_prod":false,"is_daily":false,"chose_seed":false,"campfire_upgraded":3,"win_rate":0,"timestamp":1607529978,"path_taken":["M","M","?","M","M","?","M","R","T","E","M","R","E","M","R","BOSS"],"build_version":"2020-11-30","purchased_purges":0,"victory":false,"max_hp_per_floor":[66,66,66,66,66,66,66,66,66,66,66,66,66,66,66,66,66],"card_choices":[{"not_picked":["Leg Sweep","Bane","Underhanded Strike"],"picked":"SKIP","floor":1.0},{"not_picked":["Noxious Fumes","Bane"],"picked":"Footwork","floor":2.0},{"not_picked":["Dodge and Roll","Acrobatics"],"picked":"Dash","floor":4.0},{"not_picked":["Backflip","All Out Attack"],"picked":"PiercingWail","floor":5.0},{"not_picked":["Setup","Underhanded Strike"],"picked":"Tactician","floor":7.0},{"not_picked":["Quick Slash","Slice"],"picked":"Acrobatics","floor":10},{"not_picked":["Flying Knee","Skewer"],"picked":"PiercingWail","floor":11},{"not_picked":["Slice","Prepared","Night Terror"],"picked":"SKIP","floor":13},{"not_picked":["Dodge and Roll","Acrobatics","Outmaneuver"],"picked":"SKIP","floor":14}],"player_experience":1298471,"relics_obtained":[{"floor":9.0,"key":"Eternal Feather"},{"floor":10,"key":"Mercury Hourglass"},{"floor":13,"key":"Blood Vial"}],"event_choices":[{"cards_removed":["Strike_G"],"damage_healed":0.0,"max_hp_gain":0.0,"max_hp_loss":0.0,"gold_gain":0.0,"event_name":"The Cleric","player_choice":"Card Removal","floor":3.0,"gold_loss":75.0,"damage_taken":0.0},{"cards_removed":["Defend_G"],"damage_healed":0.0,"max_hp_gain":0.0,"max_hp_loss":0.0,"gold_gain":0.0,"event_name":"Golden Wing","player_choice":"Card Removal","floor":6.0,"gold_loss":0.0,"damage_taken":7.0}],"is_beta":false,"boss_relics":[],"items_purged_floors":[],"is_endless":false,"potions_floor_spawned":[1,5,10,11],"killed_by":"Hexaghost","ascension_level":16}}