{"host":"yg3qajcexfod8zsu","time":1607483308,"event":{"gold_per_floor":[118,193,193,368,385,413,413,442,442,459,459,459],"floor_reached":11,"playtime":694,"items_purged":[],"score":127,"play_id":"c989fbdb-fd4e-48bd-8f95-be85e71d3435","local_time":"20201209040828","is_ascension_mode":true,"campfire_choices":[{"data":"Collect","floor":7,"key":"SMITH"}],"neow_cost":"NONE","seed_source_timestamp":301826311657500,"circlet_count":0,"master_deck":["Strike_P","Strike_P","Strike_P","Strike_P","Defend_P","Defend_P","Defend_P","Defend_P","Eruption","Vigilance","Collect+1","Doubt","TalkToTheHand","Vault","ForeignInfluence","FlyingSleeves"],"relics":["PureWater","NeowsBlessing","Question Card","Regal Pillow","GoldenEye","Potion Belt"],"potions_floor_usage":[8,11,11],"damage_taken":[{"damage":0,"enemies":"Jaw Worm","floor":1,"turns":1},{"damage":0,"enemies":"Small Slimes","floor":5,"turns":1},{"damage":0,"enemies":"Gremlin Nob","floor":6,"turns":1},{"damage":25,"enemies":"Lagavulin","floor":8,"turns":11},{"damage":0,"enemies":"2 Louse","floor":10,"turns":2},{"damage":33,"enemies":"Gremlin Nob","floor":11,"turns":3}],"seed_played":"-1691588336109492558","potions_obtained":[{"floor":1,"key":"Fire Potion"},{"floor":6,"key":"Energy Potion"},{"floor":10,"key":"BlessingOfTheForge"}],"is_trial":false,"path_per_floor":["M","?","?","?","M","E","R","E","T","M","E"],"character_chosen":"WATCHER","items_purchased":[],"campfire_rested":0,"item_purchase_floors":[],"current_hp_per_floor":[72,61,49,49,49,49,49,24,24,24,0,0],"gold":459,"neow_bonus":"THREE_ENEMY_KILL","is_prod":false,"is_daily":false,"chose_seed":false,"campfire_upgraded":1,"win_rate":0,"timestamp":1607483308,"path_taken":["M","?","?","?","M","E","R","E","T","M","E"],"build_version":"2020-11-30","purchased_purges":0,"victory":false,"max_hp_per_floor":[72,72,72,72,72,72,72,72,72,72,72,72],"card_choices":[{"not_picked":["ThirdEye","Tantrum"],"picked":"Collect","floor":1},{"not_picked":["WheelKick","EmptyFist","Conclude"],"picked":"TalkToTheHand","floor":5},{"not_picked":["ReachHeaven","BowlingBash","Crescendo"],"picked":"Vault","floor":6},{"not_picked":["WreathOfFlame","Crescendo","LikeWater"],"picked":"ForeignInfluence","floor":8},{"not_picked":["Vengeance","ThirdEye","PathToVictory"],"picked":"FlyingSleeves","floor":10}],"player_experience":445143,"relics_obtained":[{"floor":6,"key":"Regal Pillow"},{"floor":8,"key":"GoldenEye"},{"floor":9,"key":"Potion Belt"}],"event_choices":[{"damage_healed":0,"gold_gain":75,"player_choice":"Gather Gold","damage_taken":11,"max_hp_gain":0,"max_hp_loss":0,"event_name":"World of Goop","floor":2,"gold_loss":0},{"damage_healed":0,"gold_gain":0,"player_choice":"Success","damage_taken":12,"relics_obtained":["Question Card"],"max_hp_gain":0,"max_hp_loss":0,"event_name":"Scrap Ooze","floor":3,"gold_loss":0},{"damage_healed":0,"gold_gain":175,"player_choice":"AGREE","damage_taken":0,"max_hp_gain":0,"max_hp_loss":0,"event_name":"Liars Game","floor":4,"gold_loss":0,"cards_obtained":["Doubt"]}],"is_beta":false,"boss_relics":[],"items_purged_floors":[],"is_endless":false,"potions_floor_spawned":[1,6,10],"killed_by":"Gremlin Nob","ascension_level":4}}