{"host":"5mbgk79egwfdjr9t","time":1607538550,"event":{"gold_per_floor":[116,40,129,139,104,134,148,148,174,174,200,200,246,257,257,359,359,378,378,395,136,149,149,2,13,40,53,53,70,82,108,108,108,108,124,124,124,124,124,144,162,212,212,14,14,76,208,251,251,265],"floor_reached":51,"playtime":5940,"items_purged":[],"score":805,"play_id":"f35616d8-5daf-4ff3-90ae-6f68a821a571","local_time":"20201209132910","is_ascension_mode":false,"campfire_choices":[{"data":"Scrawl","floor":10.0,"key":"SMITH"},{"data":"Establishment","floor":23.0,"key":"SMITH"},{"data":"Eruption","floor":28.0,"key":"SMITH"},{"floor":32.0,"key":"REST"},{"floor":45,"key":"REST"},{"floor":49,"key":"REST"}],"neow_cost":"NONE","seed_source_timestamp":0,"circlet_count":0,"master_deck":["Strike_P","Strike_P+1","Strike_P+1","Defend_P","Defend_P+1","Defend_P+1","Eruption+1","Vigilance","Consecrate","CarveReality","Protect","CarveReality","DeceiveReality+1","Establishment+1","Vengeance+1","FearNoEvil+1","WheelKick+1","WindmillStrike+1","Replay:Cycle+1","Conclude","DeceiveReality","Perseverance","Vengeance","Voices","DeceiveReality","DeusExMachina","Overencumbered","WreathOfFlame","CrushJoints","Spreading Infection"],"special_seed":0,"relics":["PureWater","NeowsBlessing","hubris:Reverence","hubris:Icosahedron","Lantern","Ginger","Orichalcum","Astrolabe","Iron Hammer","Replay:Wax Seal","Whetstone","War Paint","Eternal Feather","Runic Dome","Replay:PocketPolymizer","hubris:Towel","Ring of Fury","Ring of Greed","The Courier","Replay:Bandana","Replay:WaspNest","Darkstone Periapt","Peace Pipe","HornCleat"],"potions_floor_usage":[48,48],"damage_taken":[{"damage":0.0,"enemies":"2 Louse","floor":1.0,"turns":1.0},{"damage":0.0,"enemies":"Jaw Worm","floor":4.0,"turns":2.0},{"damage":0.0,"enemies":"3 Sentries","floor":6.0,"turns":1.0},{"damage":4.0,"enemies":"Cultist","floor":7.0,"turns":4.0},{"damage":42.0,"enemies":"Lagavulin","floor":11.0,"turns":7.0},{"damage":4.0,"enemies":"3 Louse","floor":14.0,"turns":3.0},{"damage":18.0,"enemies":"Slime Boss","floor":16.0,"turns":8.0},{"damage":21.0,"enemies":"Shell Parasite","floor":18.0,"turns":4.0},{"damage":42.0,"enemies":"2 Thieves","floor":20.0,"turns":3.0},{"damage":12.0,"enemies":"Chosen and Byrds","floor":22.0,"turns":6.0},{"damage":8.0,"enemies":"Cultist and Chosen","floor":25.0,"turns":5.0},{"damage":0.0,"enemies":"Snecko","floor":27.0,"turns":6.0},{"damage":26.0,"enemies":"Snake Plant","floor":29.0,"turns":4.0},{"damage":20.0,"enemies":"Chosen and Byrds","floor":30.0,"turns":5.0},{"damage":39.0,"enemies":"Book of Stabbing","floor":31.0,"turns":5.0},{"damage":105.0,"enemies":"Collector","floor":33.0,"turns":8.0},{"damage":8.0,"enemies":"Orb Walker","floor":35.0,"turns":3.0},{"damage":77.0,"enemies":"2 Orb Walkers","floor":36.0,"turns":5.0},{"damage":8.0,"enemies":"3 Shapes","floor":40.0,"turns":3.0},{"damage":66,"enemies":"3 Darklings","floor":41,"turns":3},{"damage":266,"enemies":"Mind Bloom Boss Battle","floor":46,"turns":4},{"damage":65,"enemies":"Jaw Worm Horde","floor":47,"turns":5},{"damage":95,"enemies":"Giant Head","floor":48,"turns":8},{"damage":154,"enemies":"hubris:GrandSnecko","floor":50,"turns":15}],"seed_played":"4744968618926986992","potions_obtained":[{"floor":4.0,"key":"Milkshake"},{"floor":7.0,"key":"Fruit Juice"},{"floor":16.0,"key":"LiquidBronze"},{"floor":18.0,"key":"DuplicationPotion"},{"floor":19.0,"key":"Reflective Coating"},{"floor":35.0,"key":"BottledMiracle"},{"floor":36.0,"key":"Adrenaline Potion"},{"floor":47,"key":"Fire Potion"}],"is_trial":false,"path_per_floor":["M","$","?","M","?","E","M","?","T","R","E","?","T","M","R","B",null,"M","?","M","$","M","R","$","M","T","M","R","M","M","E","R","B",null,"M","?","?","?","?","M","M","?","T","$","R","?","M","E","R","B",null],"character_chosen":"WATCHER","items_purchased":["CarveReality","Iron Hammer","Replay:Wax Seal","Whetstone","Replay:Cycle+1","Darkstone Periapt"],"campfire_rested":3,"item_purchase_floors":[2,21,24,24,24,44],"current_hp_per_floor":[92,102,87,97,132,142,153,163,173,183,151,122,132,138,247,239,267,256,266,234,244,242,252,262,264,274,284,294,278,268,239,386,291,437,439,372,382,392,402,404,348,358,368,378,547,291,242,157,356,218],"gold":265,"neow_bonus":"THREE_ENEMY_KILL","is_prod":false,"is_daily":false,"chose_seed":false,"campfire_upgraded":3,"win_rate":0.0,"timestamp":1607538550,"path_taken":["M","$","?","?","?","E","M","?","T","R","E","?","?","M","R","BOSS","M","?","?","$","M","R","$","M","T","?","R","M","?","E","R","BOSS","M","?","?","?","?","?","M","?","T","?","R","?","M","E","R","BOSS"],"build_version":"2020-11-30","purchased_purges":0,"victory":true,"max_hp_per_floor":[92,102,112,122,132,142,157,167,177,187,197,207,217,227,247,257,267,277,287,297,307,317,327,337,347,357,367,377,387,397,407,417,427,437,447,457,467,477,487,497,507,517,527,537,547,557,573,583,593,609],"card_choices":[{"not_picked":["Pray","Replay:AtTheReady"],"picked":"Consecrate","floor":1.0},{"not_picked":["BowlingBash","Collect"],"picked":"Protect","floor":3.0},{"not_picked":["Halt","PathToVictory"],"picked":"CarveReality","floor":3.0},{"not_picked":["Replay:Cycle","Study"],"picked":"DeceiveReality","floor":3.0},{"not_picked":["PathToVictory","ThirdEye"],"picked":"Scrawl","floor":4.0},{"not_picked":["Study","JustLucky"],"picked":"WaveOfTheHand","floor":6.0},{"not_picked":["FlyingSleeves","Replay:AtTheReady"],"picked":"EmptyBody","floor":7.0},{"not_picked":["FlurryOfBlows","Fasting2","ThirdEye"],"picked":"SKIP","floor":11.0},{"not_picked":["CutThroughFate","Evaluate"],"picked":"BowlingBash","floor":14.0},{"not_picked":["Brilliance","LessonLearned"],"picked":"Establishment","floor":16.0},{"not_picked":["Collect","CutThroughFate","ClearTheMind+1"],"picked":"SKIP","floor":18.0},{"not_picked":["Replay:ManipulateFuture","Halt"],"picked":"WindmillStrike+1","floor":20.0},{"not_picked":["Vengeance","ClearTheMind+1","JustLucky+1"],"picked":"SKIP","floor":22.0},{"not_picked":["PathToVictory+1","SashWhip","CutThroughFate"],"picked":"SKIP","floor":25.0},{"not_picked":["FlurryOfBlows","EmptyMind"],"picked":"Crescendo","floor":27.0},{"not_picked":["Establishment","Replay:DivineShield","Pray+1"],"picked":"SKIP","floor":29.0},{"not_picked":["Swivel","Fasting2+1"],"picked":"Conclude","floor":30.0},{"not_picked":["Protect","ClearTheMind"],"picked":"DeceiveReality","floor":31.0},{"not_picked":["PathToVictory+1","JustLucky"],"picked":"Perseverance","floor":35.0},{"not_picked":["FlyingSleeves","Sanctity+1"],"picked":"Vengeance","floor":40},{"not_picked":["WaveOfTheHand+1","PathToVictory+1","LikeWater+1"],"picked":"SKIP","floor":41},{"not_picked":["Sanctity","ThirdEye+1"],"picked":"DeusExMachina","floor":46},{"not_picked":["Crescendo","CutThroughFate","Replay:AllIn"],"picked":"SKIP","floor":47},{"not_picked":["FlyingSleeves+1","Evaluate+1"],"picked":"WreathOfFlame","floor":48}],"player_experience":191925,"relics_obtained":[{"floor":6.0,"key":"hubris:Reverence"},{"floor":9.0,"key":"Lantern"},{"floor":11.0,"key":"Ginger"},{"floor":13.0,"key":"Orichalcum"},{"floor":26.0,"key":"War Paint"},{"floor":31.0,"key":"Eternal Feather"},{"floor":36.0,"key":"Replay:PocketPolymizer"},{"floor":42,"key":"Ring of Fury"},{"floor":42,"key":"Ring of Greed"},{"floor":42,"key":"The Courier"},{"floor":42,"key":"Replay:Bandana"},{"floor":43,"key":"Replay:WaspNest"},{"floor":46,"key":"Peace Pipe"},{"floor":48,"key":"HornCleat"}],"event_choices":[{"damage_healed":30.0,"max_hp_gain":0.0,"max_hp_loss":0.0,"gold_gain":0.0,"event_name":"The Cleric","player_choice":"Healed","floor":5.0,"gold_loss":35.0,"damage_taken":0.0},{"damage_healed":0.0,"max_hp_gain":0.0,"max_hp_loss":0.0,"gold_gain":0.0,"event_name":"Shining Light","player_choice":"Entered Light","floor":12.0,"gold_loss":0.0,"damage_taken":39.0,"cards_upgraded":["Defend_P","Defend_P"]},{"cards_removed":["Scrawl"],"damage_healed":89.0,"max_hp_gain":10.0,"max_hp_loss":0.0,"gold_gain":0.0,"event_name":"Bonfire Elementals","player_choice":"Offered Rare","floor":15.0,"gold_loss":0.0,"damage_taken":0.0},{"damage_healed":0.0,"max_hp_gain":0.0,"max_hp_loss":0.0,"gold_gain":0.0,"event_name":"Lab","player_choice":"Got Potions","floor":19.0,"gold_loss":0.0,"damage_taken":0.0},{"damage_healed":0.0,"max_hp_gain":0.0,"max_hp_loss":0.0,"gold_gain":0.0,"event_name":"Mysterious Sphere","player_choice":"Fight","floor":36.0,"gold_loss":0.0,"damage_taken":0.0},{"damage_healed":0.0,"max_hp_gain":0.0,"max_hp_loss":0.0,"gold_gain":0.0,"event_name":"Tomb of Lord Red Mask","player_choice":"Ignored","floor":38.0,"gold_loss":0.0,"damage_taken":0.0},{"cards_removed":["EmptyBody"],"damage_healed":0.0,"max_hp_gain":0.0,"max_hp_loss":0.0,"gold_gain":0.0,"event_name":"Falling","player_choice":"Removed Skill","floor":39.0,"gold_loss":0.0,"damage_taken":0.0},{"damage_healed":0,"gold_gain":0,"player_choice":"Fight","damage_taken":0,"max_hp_gain":0,"max_hp_loss":0,"event_name":"MindBloom","floor":46,"gold_loss":0}],"is_beta":false,"boss_relics":[{"not_picked":["Replay:Drink Me","Empty Cage"],"picked":"Astrolabe"},{"not_picked":["ChewingGum","Honey Jar"],"picked":"Runic Dome"}],"items_purged_floors":[],"is_endless":false,"potions_floor_spawned":[4,7,16,18,25,29,35,36,47],"ascension_level":0}}