{"host":"4qkvkh7pd9qr2mca","time":1607527151,"event":{"gold_per_floor":[110,124,135,155,155,189,189,218,243,243,276,301,26,36,36,36,36],"floor_reached":16,"playtime":0,"items_purged":["Strike_G"],"score":244,"play_id":"e97489b8-8de4-4ed3-8bd4-f5211a9a20dd","local_time":"20201209161911","is_ascension_mode":true,"campfire_choices":[{"floor":7.0,"key":"REST"},{"floor":10.0,"key":"REST"},{"data":"Well Laid Plans","floor":15.0,"key":"SMITH"}],"neow_cost":"NONE","seed_source_timestamp":20659327455100,"circlet_count":0,"master_deck":["AscendersBane","Strike_G","Strike_G","Strike_G","Strike_G","Defend_G","Defend_G","Defend_G","Defend_G","Defend_G","Survivor","Neutralize","Bouncing Flask","Quick Slash","Deadly Poison","Catalyst+1","Adrenaline","Dagger Throw","Deadly Poison","Leg Sweep","Calculated Gamble","Well Laid Plans+1","PiercingWail","Acrobatics","Night Terror"],"special_seed":0,"relics":["Ring of the Snake","Boot","PreservedInsect","Smiling Mask","MawBank","Orrery"],"potions_floor_usage":[],"damage_taken":[{"damage":0.0,"enemies":"Cultist","floor":1.0,"turns":3.0},{"damage":6.0,"enemies":"Small Slimes","floor":2.0,"turns":4.0},{"damage":2.0,"enemies":"Jaw Worm","floor":3.0,"turns":5.0},{"damage":9.0,"enemies":"2 Fungi Beasts","floor":4.0,"turns":4.0},{"damage":30.0,"enemies":"3 Sentries","floor":6.0,"turns":8.0},{"damage":5.0,"enemies":"Gremlin Nob","floor":8.0,"turns":3.0},{"damage":25.0,"enemies":"Lagavulin","floor":11.0,"turns":5.0},{"damage":0.0,"enemies":"Blue Slaver","floor":12.0,"turns":4.0},{"damage":1.0,"enemies":"Lots of Slimes","floor":14.0,"turns":4.0},{"damage":0,"enemies":"Slime Boss","floor":16,"turns":3}],"seed_played":"5988522033363353647","potions_obtained":[{"floor":4.0,"key":"FearPotion"},{"floor":6.0,"key":"GamblersBrew"},{"floor":8.0,"key":"Dexterity Potion"},{"floor":14.0,"key":"LiquidMemories"}],"is_trial":false,"path_per_floor":["M","M","M","M","?","E","R","E","T","R","E","M","$","M","R","B"],"character_chosen":"THE_SILENT","items_purchased":["Well Laid Plans","Orrery"],"campfire_rested":2,"item_purchase_floors":[13,13],"current_hp_per_floor":[59,53,51,42,42,12,31,26,26,45,20,20,20,19,19,19,19],"gold":36,"neow_bonus":"THREE_CARDS","is_prod":false,"is_daily":false,"chose_seed":false,"campfire_upgraded":1,"win_rate":0,"timestamp":1607527151,"path_taken":["M","M","?","M","?","E","R","E","T","R","E","M","$","M","R","BOSS"],"build_version":"2020-11-30","purchased_purges":1,"victory":false,"max_hp_per_floor":[66,66,66,66,66,66,66,66,66,66,66,66,66,66,66,66,66],"card_choices":[{"not_picked":["Underhanded Strike","Concentrate"],"picked":"Bouncing Flask","floor":0.0},{"not_picked":["Poisoned Stab","Underhanded Strike"],"picked":"Quick Slash","floor":1.0},{"not_picked":["Concentrate","Deflect"],"picked":"Deadly Poison","floor":2.0},{"not_picked":["Dash","Flechettes"],"picked":"Catalyst","floor":3.0},{"not_picked":["Sucker Punch","Tactician"],"picked":"Adrenaline","floor":4.0},{"not_picked":["Dodge and Roll","Tactician"],"picked":"Dagger Throw","floor":6.0},{"not_picked":["Eviscerate","Sucker Punch"],"picked":"Deadly Poison","floor":8.0},{"not_picked":["Riddle With Holes","Setup"],"picked":"Leg Sweep","floor":11.0},{"not_picked":["Dagger Throw","Sucker Punch"],"picked":"Calculated Gamble","floor":12.0},{"not_picked":["Flechettes","Slice"],"picked":"PiercingWail","floor":13.0},{"not_picked":["Underhanded Strike","Leg Sweep"],"picked":"Acrobatics","floor":13.0},{"not_picked":["Accuracy","Underhanded Strike"],"picked":"Night Terror","floor":14.0}],"player_experience":237352,"relics_obtained":[{"floor":6.0,"key":"Boot"},{"floor":8.0,"key":"PreservedInsect"},{"floor":9.0,"key":"Smiling Mask"},{"floor":11.0,"key":"MawBank"}],"event_choices":[{"damage_healed":0.0,"max_hp_gain":0.0,"max_hp_loss":0.0,"gold_gain":0.0,"event_name":"Living Wall","player_choice":"Grow","floor":5.0,"gold_loss":0.0,"damage_taken":0.0,"cards_upgraded":["Catalyst"]}],"is_beta":false,"boss_relics":[],"items_purged_floors":[13],"is_endless":false,"potions_floor_spawned":[4,6,8,14],"killed_by":"Slime Boss","ascension_level":20}}