{"host":"2hea6pl5vmah38iy","time":1607508147,"event":{"gold_per_floor":[118,133,147,160,110,145,145,145,172,172,188,212,222,232,232,331,331,346,346,34,67,67,94,94,113,113,113,131,56,56,73,73,170,170,187,187,237,9,26,59,69,69,93,93,126,126,139,156,156,156,156,156,8,8,8],"floor_reached":54,"playtime":3559,"items_purged":["Hyperbeam+1","Strike_B"],"score":1073,"play_id":"30712a9c-b122-43c8-8fed-4901212b46ae","local_time":"20201209190227","is_ascension_mode":true,"campfire_choices":[{"data":"Dualcast","floor":7.0,"key":"SMITH"},{"data":"Zap","floor":10.0,"key":"SMITH"},{"data":"Darkness","floor":15.0,"key":"SMITH"},{"floor":24.0,"key":"REST"},{"data":"Redo","floor":27.0,"key":"SMITH"},{"floor":32.0,"key":"REST"},{"floor":42.0,"key":"REST"},{"data":"Hologram","floor":44.0,"key":"SMITH"},{"data":"Reboot","floor":46.0,"key":"SMITH"},{"floor":49.0,"key":"RECALL"},{"data":"Capacitor","floor":52.0,"key":"SMITH"}],"neow_cost":"TEN_PERCENT_HP_LOSS","seed_source_timestamp":1141198678576600,"circlet_count":0,"master_deck":["AscendersBane","Defend_B","Zap+1","Dualcast+1","Compile Driver","Glacier","Chill","Glacier","Darkness+1","Coolheaded","Reboot+1","Coolheaded","Melter","Redo+1","Lockon+1","Rebound","Capacitor+1","Multi-Cast","BootSequence+1","Sweeping Beam+1","Hologram+1","Hologram+1","Redo","Undo+1","Go for the Eyes+1","Seek","Echo Form"],"special_seed":0,"relics":["Cracked Core","Incense Burner","Bag of Marbles","Strawberry","Orichalcum","Odd Mushroom","Philosopher\u0027s Stone","Ice Cream","Red Mask","Question Card","Matryoshka","Astrolabe","Girya","Orrery","Pantograph","Mercury Hourglass","Eternal Feather"],"potions_floor_usage":[54],"damage_taken":[{"damage":8.0,"enemies":"2 Louse","floor":1.0,"turns":3.0},{"damage":7.0,"enemies":"Small Slimes","floor":2.0,"turns":4.0},{"damage":1.0,"enemies":"Jaw Worm","floor":3.0,"turns":3.0},{"damage":7.0,"enemies":"2 Fungi Beasts","floor":4.0,"turns":5.0},{"damage":2.0,"enemies":"3 Sentries","floor":6.0,"turns":8.0},{"damage":0.0,"enemies":"3 Louse","floor":11.0,"turns":4.0},{"damage":0.0,"enemies":"The Mushroom Lair","floor":12.0,"turns":4.0},{"damage":7.0,"enemies":"Exordium Wildlife","floor":13.0,"turns":5.0},{"damage":0.0,"enemies":"2 Fungi Beasts","floor":14.0,"turns":3.0},{"damage":10.0,"enemies":"The Guardian","floor":16.0,"turns":11.0},{"damage":0.0,"enemies":"Spheric Guardian","floor":18.0,"turns":5.0},{"damage":40.0,"enemies":"Masked Bandits","floor":21.0,"turns":5.0},{"damage":21.0,"enemies":"Slavers","floor":23.0,"turns":7.0},{"damage":2.0,"enemies":"Chosen","floor":25.0,"turns":4.0},{"damage":4.0,"enemies":"Centurion and Healer","floor":28.0,"turns":6.0},{"damage":0.0,"enemies":"Shelled Parasite and Fungi","floor":31.0,"turns":7.0},{"damage":26.0,"enemies":"Automaton","floor":33.0,"turns":13.0},{"damage":0.0,"enemies":"3 Shapes","floor":35.0,"turns":2.0},{"damage":3.0,"enemies":"Mind Bloom Boss Battle","floor":37.0,"turns":7.0},{"damage":1.0,"enemies":"Orb Walker","floor":39.0,"turns":3.0},{"damage":42.0,"enemies":"Reptomancer","floor":40.0,"turns":7.0},{"damage":0.0,"enemies":"Spire Growth","floor":41.0,"turns":4.0},{"damage":3.0,"enemies":"Giant Head","floor":45.0,"turns":7.0},{"damage":1.0,"enemies":"Maw","floor":47.0,"turns":4.0},{"damage":0.0,"enemies":"Sphere and 2 Shapes","floor":48.0,"turns":5.0},{"damage":22.0,"enemies":"Time Eater","floor":50.0,"turns":8.0},{"damage":84,"enemies":"Shield and Spear","floor":54,"turns":8}],"seed_played":"7173139757437871043","potions_obtained":[{"floor":3.0,"key":"LiquidBronze"},{"floor":11.0,"key":"Energy Potion"},{"floor":13.0,"key":"Regen Potion"},{"floor":14.0,"key":"DistilledChaos"},{"floor":16.0,"key":"Dexterity Potion"},{"floor":28.0,"key":"Weak Potion"},{"floor":31.0,"key":"FearPotion"},{"floor":35.0,"key":"SkillPotion"},{"floor":41.0,"key":"Block Potion"},{"floor":48.0,"key":"Explosive Potion"}],"is_trial":false,"path_per_floor":["M","M","M","M","?","E","R","?","T","R","M","?","M","M","R","B",null,"M","?","$","?","?","E","R","M","T","R","M","?","?","M","R","B",null,"M","?","?","$","M","E","M","R","T","R","E","R","M","M","R","B",null,"R","$","E"],"character_chosen":"DEFECT","items_purchased":["Ice Cream","Orrery","BlessingOfTheForge"],"campfire_rested":3,"item_purchase_floors":[20,38,53],"current_hp_per_floor":[60,53,52,45,45,43,43,38,38,38,38,38,31,31,31,21,62,62,62,62,22,8,2,26,24,24,24,20,20,20,20,44,18,65,65,65,62,62,61,19,19,41,41,41,38,53,52,52,67,54,71,76,76,0,0],"gold":8,"neow_bonus":"ONE_RARE_RELIC","is_prod":false,"is_daily":false,"chose_seed":false,"campfire_upgraded":7,"win_rate":0,"timestamp":1607508147,"path_taken":["M","M","M","M","?","E","R","?","T","R","M","?","M","M","R","BOSS","M","?","$","?","?","E","R","M","T","R","M","?","?","?","R","BOSS","M","?","?","$","M","E","M","R","T","R","E","R","M","M","R","BOSS","R","$","E"],"build_version":"2020-11-30","purchased_purges":2,"victory":false,"max_hp_per_floor":[68,68,68,68,68,68,68,75,75,75,75,75,75,75,75,75,75,75,75,75,75,80,80,80,80,80,80,80,80,80,80,80,80,80,80,76,76,76,76,76,76,76,76,76,76,76,76,76,76,76,76,76,76,76,76],"card_choices":[{"not_picked":["Beam Cell","Turbo"],"picked":"Compile Driver","floor":1.0},{"not_picked":["Force Field","Compile Driver"],"picked":"Glacier","floor":2.0},{"not_picked":["Rebound","Conserve Battery"],"picked":"Chill","floor":3.0},{"not_picked":["Hello World","Steam","Beam Cell"],"picked":"SKIP","floor":4.0},{"not_picked":["Stack","Redo"],"picked":"Glacier","floor":6.0},{"not_picked":["Gash","Double Energy","Sweeping Beam"],"picked":"SKIP","floor":11.0},{"not_picked":["Sweeping Beam","Compile Driver"],"picked":"Darkness","floor":12.0},{"not_picked":["Compile Driver","Conserve Battery"],"picked":"Coolheaded","floor":13.0},{"not_picked":["Sweeping Beam","BootSequence","Steam"],"picked":"SKIP","floor":14.0},{"not_picked":["Buffer","Meteor Strike"],"picked":"Reboot","floor":16.0},{"not_picked":["Barrage","Streamline"],"picked":"Coolheaded","floor":18.0},{"not_picked":["Streamline","Go for the Eyes"],"picked":"Redo","floor":21.0},{"not_picked":["Melter","Doom and Gloom","Stack+1"],"picked":"SKIP","floor":23.0},{"not_picked":["Recycle","Sweeping Beam+1","Beam Cell"],"picked":"Lockon+1","floor":25.0},{"not_picked":["Compile Driver","Cold Snap","Gash"],"picked":"Rebound","floor":28.0},{"not_picked":["Hyperbeam","Rebound","Leap+1","Reinforced Body+1"],"picked":"SKIP","floor":31.0},{"not_picked":["Reboot","Seek","All For One"],"picked":"Multi-Cast","floor":33.0},{"not_picked":["Streamline+1","Barrage+1","Steam+1","Turbo+1"],"picked":"SKIP","floor":35.0},{"not_picked":["Conserve Battery+1","Defragment+1","Tempest"],"picked":"Hologram","floor":37.0},{"not_picked":["Reinforced Body+1","Sweeping Beam","Capacitor"],"picked":"Hologram+1","floor":38.0},{"not_picked":["Defragment","Stack+1","Steam"],"picked":"Redo","floor":38.0},{"not_picked":["Blizzard","Rebound","Gash"],"picked":"Undo+1","floor":38.0},{"not_picked":["Cold Snap","Leap+1","Genetic Algorithm"],"picked":"Go for the Eyes+1","floor":38.0},{"not_picked":["Ball Lightning+1","Conserve Battery","Blizzard+1","Aggregate"],"picked":"SKIP","floor":39.0},{"not_picked":["Steam+1","Rainbow","Conserve Battery","Cold Snap+1"],"picked":"SKIP","floor":40.0},{"not_picked":["Leap+1","Chaos","Go for the Eyes+1"],"picked":"Seek","floor":41.0},{"not_picked":["Blizzard","Core Surge","BootSequence+1"],"picked":"Echo Form","floor":45.0},{"not_picked":["Leap","Cold Snap","Barrage+1","Ball Lightning"],"picked":"SKIP","floor":47.0},{"not_picked":["Cold Snap","Amplify","Coolheaded+1","Barrage"],"picked":"SKIP","floor":48.0}],"player_experience":368295,"relics_obtained":[{"floor":6.0,"key":"Bag of Marbles"},{"floor":9.0,"key":"Orichalcum"},{"floor":12.0,"key":"Odd Mushroom"},{"floor":21.0,"key":"Red Mask"},{"floor":23.0,"key":"Question Card"},{"floor":26.0,"key":"Matryoshka"},{"floor":37.0,"key":"Girya"},{"floor":40.0,"key":"Pantograph"},{"floor":43.0,"key":"Mercury Hourglass"},{"floor":45.0,"key":"Eternal Feather"}],"event_choices":[{"cards_removed":["Defend_B"],"damage_healed":0.0,"max_hp_gain":0.0,"max_hp_loss":0.0,"gold_gain":0.0,"event_name":"The Cleric","player_choice":"Card Removal","floor":5.0,"gold_loss":50.0,"damage_taken":0.0},{"damage_healed":0.0,"max_hp_gain":0.0,"max_hp_loss":0.0,"gold_gain":0.0,"event_name":"Scrap Ooze","player_choice":"Success","floor":8.0,"gold_loss":0.0,"damage_taken":12.0,"relics_obtained":["Strawberry"]},{"damage_healed":0.0,"max_hp_gain":0.0,"max_hp_loss":0.0,"gold_gain":0.0,"event_name":"Mushrooms","player_choice":"Fought Mushrooms","floor":12.0,"gold_loss":0.0,"damage_taken":0.0},{"damage_healed":0.0,"max_hp_gain":0.0,"max_hp_loss":0.0,"gold_gain":0.0,"cards_transformed":["Strike_B","Defend_B"],"event_name":"Drug Dealer","player_choice":"Became Test Subject","floor":19.0,"gold_loss":0.0,"damage_taken":0.0,"cards_obtained":["Melter","Thunder Strike"]},{"damage_healed":0.0,"max_hp_gain":0.0,"max_hp_loss":0.0,"gold_gain":0.0,"event_name":"Masked Bandits","player_choice":"Fought Bandits","floor":21.0,"gold_loss":0.0,"damage_taken":0.0},{"damage_healed":0.0,"max_hp_gain":5.0,"max_hp_loss":0.0,"gold_gain":0.0,"event_name":"Forgotten Altar","player_choice":"Shed Blood","floor":22.0,"gold_loss":0.0,"damage_taken":19.0},{"cards_removed":["Thunder Strike"],"damage_healed":0.0,"max_hp_gain":0.0,"max_hp_loss":0.0,"gold_gain":0.0,"event_name":"Beggar","player_choice":"Gave Gold","floor":29.0,"gold_loss":75.0,"damage_taken":0.0},{"damage_healed":0.0,"max_hp_gain":0.0,"max_hp_loss":0.0,"gold_gain":0.0,"event_name":"The Library","player_choice":"Read","floor":30.0,"gold_loss":0.0,"damage_taken":0.0,"cards_obtained":["Capacitor"]},{"damage_healed":0.0,"max_hp_gain":0.0,"max_hp_loss":4.0,"gold_gain":0.0,"event_name":"Winding Halls","player_choice":"Max HP","floor":36.0,"gold_loss":0.0,"damage_taken":0.0},{"damage_healed":0.0,"max_hp_gain":0.0,"max_hp_loss":0.0,"gold_gain":0.0,"event_name":"MindBloom","player_choice":"Fight","floor":37.0,"gold_loss":0.0,"damage_taken":0.0}],"is_beta":false,"boss_relics":[{"not_picked":["Runic Dome","Snecko Eye"],"picked":"Philosopher\u0027s Stone"},{"not_picked":["SlaversCollar","Cursed Key"],"picked":"Astrolabe"}],"items_purged_floors":[38,53],"is_endless":false,"potions_floor_spawned":[3,11,13,14,16,18,21,28,31,35,41,48],"killed_by":"Shield and Spear","ascension_level":11}}