{"host":"fvsruk02bthdqpa4","time":1607493907,"event":{"gold_per_floor":[13,26,39,314,203,203,223,251,251,270,6,6,22,33,33,131,131,71,81,93,106,31,31,31,31,57,57,57,57,57,67,67,167,167,185,201,201,201],"floor_reached":37,"playtime":3158,"items_purged":["Regret","Runesmith:Defend_RS"],"score":371,"play_id":"463e076e-4c7b-4660-ad5d-891d4e9425e3","local_time":"20201209010507","is_ascension_mode":false,"campfire_choices":[{"data":"Runesmith:LithiumIon","floor":6,"key":"SMITH"},{"floor":12,"key":"REST"},{"data":"Runesmith:ChaoticBlast","floor":15,"key":"SMITH"},{"data":"Runesmith:Firestorm","floor":23,"key":"SMITH"},{"data":"Runesmith:Fortify","floor":25,"key":"SMITH"},{"floor":28,"key":"REST"},{"data":"Runesmith:Permafrost","floor":32,"key":"SMITH"}],"neow_cost":"NO_GOLD","seed_source_timestamp":425470782580200,"circlet_count":0,"master_deck":["Runesmith:Strike_RS","Runesmith:Strike_RS","Runesmith:Strike_RS","Runesmith:Defend_RS","Runesmith:Defend_RS","Runesmith:CraftFirestone","Runesmith:Fortify+1","Runesmith:CraftMedicinae","Runesmith:ChaoticBlast+1","Runesmith:LithiumIon+1","Runesmith:CraftIncendium","Runesmith:Supernova","Runesmith:EarthShield","Runesmith:PoweredAnvil","Runesmith:Grindstone","Runesmith:Reinforce","Runesmith:Grindstone","Runesmith:CraftIndustria","Runesmith:BackupBattery","Runesmith:CraftReservo+1","Runesmith:Firestorm+1","Runesmith:Permafrost+1","Runesmith:Duplicate","AbeCurse","Runesmith:RunicBlueprint+1","Runesmith:CraftMagma+1"],"relics":["Runesmith:BrokenRuby","hubris:MysteriousPyramids","Ginger","Painkiller Herb","Ancient Tea Set","Abe\u0027s Treasure"],"potions_floor_usage":[8,16,33,33,37],"damage_taken":[{"damage":6,"enemies":"conspire:RoseBush","floor":1,"turns":3},{"damage":4,"enemies":"Cultist","floor":2,"turns":4},{"damage":1,"enemies":"Small Slimes","floor":3,"turns":4},{"damage":20,"enemies":"Looter","floor":7,"turns":3},{"damage":11,"enemies":"Lagavulin","floor":8,"turns":7},{"damage":8,"enemies":"conspire:2 RoseBushes","floor":10,"turns":3},{"damage":0,"enemies":"Large Slime","floor":13,"turns":5},{"damage":6,"enemies":"Blue Slaver","floor":14,"turns":4},{"damage":4,"enemies":"Hexaghost","floor":16,"turns":6},{"damage":8,"enemies":"2 Thieves","floor":18,"turns":4},{"damage":18,"enemies":"Chosen","floor":19,"turns":5},{"damage":7,"enemies":"Snecko","floor":20,"turns":6},{"damage":4,"enemies":"Cultist and Chosen","floor":21,"turns":5},{"damage":38,"enemies":"Snake Plant","floor":31,"turns":5},{"damage":17,"enemies":"Champ","floor":33,"turns":8},{"damage":29,"enemies":"3 Darklings","floor":35,"turns":4},{"damage":42,"enemies":"Orb Walker","floor":36,"turns":6},{"damage":15,"enemies":"Writhing Mass","floor":37,"turns":5}],"seed_played":"12356261238070346","potions_obtained":[{"floor":3,"key":"blueLaboratory:FrostheartPotion"},{"floor":8,"key":"blueLaboratory:BubblePotion"},{"floor":13,"key":"PowerPotion"},{"floor":14,"key":"BlessingOfTheForge"},{"floor":16,"key":"blueLaboratory:AbyssPotion"},{"floor":20,"key":"blueLaboratory:BottledHope"},{"floor":36,"key":"Toxic Potion"}],"is_trial":false,"path_per_floor":["M","M","M","?","$","R","M","E","T","M","$","R","M","M","R","B",null,"?","?","?","?","T","T","?","T","T","T","T","?","?","?","T","B",null,"?","?","?"],"character_chosen":"RUNESMITH_CLASS","items_purchased":["Runesmith:LithiumIon","Runesmith:PoweredAnvil","Runesmith:Grindstone","Runesmith:Reinforce","Runesmith:Firestorm"],"campfire_rested":2,"item_purchase_floors":[5,11,11,11,22],"current_hp_per_floor":[64,60,59,59,59,59,39,28,28,20,20,41,41,35,35,31,70,62,47,40,36,36,36,36,36,36,36,57,57,57,29,29,19,70,44,12,0,0],"gold":201,"neow_bonus":"REMOVE_TWO","is_prod":false,"is_daily":false,"chose_seed":false,"campfire_upgraded":5,"win_rate":0,"timestamp":1607493907,"path_taken":["M","M","M","?","$","R","M","E","T","M","$","R","?","M","R","BOSS","?","?","?","?","T","T","?","T","T","T","T","?","?","?","T","BOSS","?","?","?"],"build_version":"2020-11-30","purchased_purges":2,"victory":false,"max_hp_per_floor":[70,70,70,70,70,70,70,70,70,70,70,70,70,70,70,70,70,70,70,70,70,70,70,70,70,70,70,70,70,70,70,70,70,70,70,70,70,70],"card_choices":[{"not_picked":["Runesmith:Prism","Runesmith:Repurpose","Runesmith:EnergizedChisel"],"picked":"SKIP","floor":1},{"not_picked":["Runesmith:Malloc","Runesmith:Discharge"],"picked":"Runesmith:CraftMedicinae","floor":2},{"not_picked":["Runesmith:HammerAndChisel","Runesmith:HammerThrow"],"picked":"Runesmith:ChaoticBlast","floor":3},{"not_picked":["Runesmith:FieryHammer","Runesmith:HeatExchange"],"picked":"Runesmith:CraftIncendium","floor":7},{"not_picked":["Runesmith:ChiselStab","Runesmith:WhiteBalance"],"picked":"Runesmith:Supernova","floor":8},{"not_picked":["Runesmith:EnergizedChisel","Runesmith:RuneHurl"],"picked":"Runesmith:EarthShield","floor":10},{"not_picked":["Runesmith:ShiftingStrike","Runesmith:NanitesCloud","Runesmith:FrozenChisel"],"picked":"SKIP","floor":13},{"not_picked":["Runesmith:HeatedChisel","Runesmith:ShiftingStrike"],"picked":"Runesmith:Grindstone","floor":14},{"not_picked":["Runesmith:CreatorForm","Runesmith:GrandSlam"],"picked":"Runesmith:CraftIndustria","floor":16},{"not_picked":["Runesmith:HammerThrow","Runesmith:ChiselStab+1"],"picked":"Runesmith:BackupBattery","floor":18},{"not_picked":["Runesmith:HeatExchange","Runesmith:StaticCage"],"picked":"Runesmith:Reinforce+1","floor":19},{"not_picked":["Runesmith:HammerTime","Runesmith:UnstableHammer","Runesmith:OneForEveryone"],"picked":"SKIP","floor":20},{"not_picked":["Runesmith:CraftIndustria","Runesmith:ShiftingStrike"],"picked":"Runesmith:CraftReservo+1","floor":21},{"not_picked":["Runesmith:HammerAndChisel+1","Runesmith:HeatedChisel"],"picked":"Runesmith:Permafrost","floor":31},{"not_picked":["Runesmith:Supernova","Runesmith:ReplicatingBarrier"],"picked":"Runesmith:Duplicate","floor":33},{"not_picked":["Runesmith:HammerThrow+1","Runesmith:Prism+1"],"picked":"Runesmith:RunicBlueprint+1","floor":35},{"not_picked":["Runesmith:HammerTime","Runesmith:EarthShield"],"picked":"Runesmith:CraftMagma+1","floor":36}],"player_experience":325447,"relics_obtained":[{"floor":8,"key":"hubris:MysteriousPyramids"},{"floor":9,"key":"Ginger"},{"floor":26,"key":"Ancient Tea Set"}],"event_choices":[{"damage_healed":0,"gold_gain":275,"player_choice":"Desecrate","damage_taken":0,"max_hp_gain":0,"max_hp_loss":0,"event_name":"Golden Shrine","floor":4,"gold_loss":0,"cards_obtained":["Regret"]},{"damage_healed":0,"gold_gain":0,"player_choice":"Ignored","damage_taken":0,"max_hp_gain":0,"max_hp_loss":0,"event_name":"Vampires","floor":29,"gold_loss":0}],"is_beta":false,"boss_relics":[{"not_picked":["hubris:GrandSneckoEye","aspiration:RitualDagger"],"picked":"Painkiller Herb"},{"not_picked":["conspire:SeveredTorchhead","aspiration:DefectSkillbook"],"picked":"Abe\u0027s Treasure"}],"items_purged_floors":[5,11],"is_endless":false,"potions_floor_spawned":[3,8,13,14,16,20,21,31,36],"killed_by":"Writhing Mass","ascension_level":0}}