{"host":"3q9keoo8j4hzgybw","time":1607528046,"event":{"gold_per_floor":[361,361,276,293,305,340,353,379,403,434,446,371,388,419,419,519,519,534,547,447,465,465,495,507,539,539,539,568,582,582,608,608,608,608],"floor_reached":33,"playtime":1313,"items_purged":["Defend_R","Defend_R"],"score":401,"play_id":"2c074df1-d1a4-437b-b549-0e7af146dd87","local_time":"20201209163406","is_ascension_mode":true,"campfire_choices":[{"data":"Anger","floor":15,"key":"SMITH"},{"data":"Heavy Blade","floor":32,"key":"SMITH"}],"neow_cost":"TEN_PERCENT_HP_LOSS","seed_source_timestamp":3948207898900,"circlet_count":0,"master_deck":["Strike_R","Strike_R","Strike_R","Strike_R","Strike_R","Defend_R","Bash","Flex+1","Twin Strike","Twin Strike","Anger+1","Shrug It Off","Heavy Blade+1","Iron Wave","Disarm","Clash+1","Demon Form+1"],"relics":["Burning Blood","Pen Nib","Vajra","Strawberry","Lantern","Boot","Gambling Chip","Runic Dome","Kunai","Frozen Egg 2","Incense Burner","HornCleat","Bottled Lightning","Anchor"],"potions_floor_usage":[6,25,33],"damage_taken":[{"damage":3,"enemies":"Jaw Worm","floor":1,"turns":4},{"damage":3,"enemies":"Small Slimes","floor":4,"turns":3},{"damage":1,"enemies":"Cultist","floor":5,"turns":3},{"damage":20,"enemies":"Gremlin Nob","floor":6,"turns":4},{"damage":0,"enemies":"Looter","floor":7,"turns":1},{"damage":26,"enemies":"Lagavulin","floor":8,"turns":4},{"damage":11,"enemies":"Gremlin Nob","floor":10,"turns":3},{"damage":5,"enemies":"Exordium Thugs","floor":11,"turns":3},{"damage":0,"enemies":"2 Fungi Beasts","floor":13,"turns":2},{"damage":13,"enemies":"3 Sentries","floor":14,"turns":5},{"damage":29,"enemies":"Slime Boss","floor":16,"turns":12},{"damage":0,"enemies":"Spheric Guardian","floor":18,"turns":3},{"damage":10,"enemies":"2 Thieves","floor":19,"turns":3},{"damage":12,"enemies":"Snake Plant","floor":21,"turns":4},{"damage":21,"enemies":"Book of Stabbing","floor":23,"turns":4},{"damage":19,"enemies":"Snecko","floor":24,"turns":4},{"damage":18,"enemies":"Slavers","floor":25,"turns":6},{"damage":0,"enemies":"Book of Stabbing","floor":28,"turns":3},{"damage":10,"enemies":"Centurion and Healer","floor":29,"turns":3},{"damage":24,"enemies":"Gremlin Leader","floor":31,"turns":5},{"damage":39,"enemies":"Automaton","floor":33,"turns":6}],"seed_played":"1883710362848823678","potions_obtained":[{"floor":4,"key":"Weak Potion"},{"floor":6,"key":"Weak Potion"},{"floor":7,"key":"SneckoOil"},{"floor":10,"key":"LiquidMemories"},{"floor":13,"key":"Fire Potion"},{"floor":21,"key":"EssenceOfSteel"},{"floor":25,"key":"Swift Potion"}],"is_trial":false,"path_per_floor":["M","?","?","M","M","E","M","E","T","E","M","$","M","E","R","B",null,"M","M","$","M","?","E","M","E","T","T","E","M","?","E","R","B"],"character_chosen":"IRONCLAD","items_purchased":[],"campfire_rested":0,"item_purchase_floors":[],"current_hp_per_floor":[72,72,72,72,72,58,64,51,51,46,47,47,53,46,46,23,79,79,75,75,69,69,54,41,29,29,29,35,31,57,39,39,0,0],"gold":608,"neow_bonus":"TWO_FIFTY_GOLD","is_prod":false,"is_daily":false,"chose_seed":false,"campfire_upgraded":2,"win_rate":0,"timestamp":1607528046,"path_taken":["M","?","?","M","M","E","?","E","T","E","M","$","M","E","R","BOSS","M","M","$","M","?","E","M","E","T","?","E","M","?","E","R","BOSS"],"build_version":"2020-11-30","purchased_purges":2,"victory":false,"max_hp_per_floor":[72,72,72,72,72,72,72,79,79,79,79,79,79,79,79,79,79,79,79,79,79,79,79,79,79,79,79,79,79,79,79,79,79,79],"card_choices":[{"not_picked":["Sword Boomerang","Body Slam"],"picked":"Flex","floor":1},{"not_picked":["Clash","Searing Blow"],"picked":"Twin Strike","floor":4},{"not_picked":["Second Wind","Warcry"],"picked":"Twin Strike","floor":5},{"not_picked":["Whirlwind","Thunderclap","Offering"],"picked":"SKIP","floor":6},{"not_picked":["Entrench","Whirlwind"],"picked":"Anger","floor":7},{"not_picked":["Twin Strike","Impervious","Warcry"],"picked":"SKIP","floor":8},{"not_picked":["Body Slam","Sever Soul"],"picked":"Shrug It Off","floor":10},{"not_picked":["Burning Pact","Armaments"],"picked":"Heavy Blade","floor":11},{"not_picked":["Thunderclap","Pummel","Warcry"],"picked":"SKIP","floor":13},{"not_picked":["Warcry","Whirlwind"],"picked":"Iron Wave","floor":14},{"not_picked":["Clash+1","Body Slam"],"picked":"Disarm","floor":18},{"not_picked":["Dark Embrace","Perfected Strike","Entrench"],"picked":"SKIP","floor":19},{"not_picked":["Heavy Blade","Rupture","Combust"],"picked":"SKIP","floor":21},{"not_picked":["Headbutt","Fire Breathing","Seeing Red"],"picked":"SKIP","floor":23},{"not_picked":["Perfected Strike","Carnage","Thunderclap+1"],"picked":"SKIP","floor":24},{"not_picked":["Perfected Strike","Anger"],"picked":"Clash+1","floor":25},{"not_picked":["Flame Barrier+1","Spot Weakness","Armaments+1"],"picked":"SKIP","floor":28},{"not_picked":["Whirlwind+1","Battle Trance","Ghostly Armor"],"picked":"SKIP","floor":29},{"not_picked":["Brutality+1","True Grit"],"picked":"Demon Form+1","floor":31}],"player_experience":45205,"relics_obtained":[{"floor":6,"key":"Vajra"},{"floor":8,"key":"Strawberry"},{"floor":9,"key":"Lantern"},{"floor":10,"key":"Boot"},{"floor":14,"key":"Gambling Chip"},{"floor":23,"key":"Kunai"},{"floor":25,"key":"Frozen Egg 2"},{"floor":26,"key":"Incense Burner"},{"floor":27,"key":"HornCleat"},{"floor":28,"key":"Bottled Lightning"},{"floor":31,"key":"Anchor"}],"event_choices":[{"damage_healed":0,"gold_gain":0,"player_choice":"Grow","damage_taken":0,"max_hp_gain":0,"max_hp_loss":0,"event_name":"Living Wall","floor":2,"gold_loss":0,"cards_upgraded":["Flex"]},{"damage_healed":0,"gold_gain":0,"player_choice":"Paid Gold","damage_taken":0,"relics_obtained":["Pen Nib"],"max_hp_gain":0,"max_hp_loss":0,"event_name":"WeMeetAgain","floor":3,"gold_loss":85},{"cards_removed":["Defend_R"],"damage_healed":0,"gold_gain":0,"player_choice":"Elegance","damage_taken":0,"max_hp_gain":0,"max_hp_loss":0,"event_name":"Back to Basics","floor":22,"gold_loss":0},{"damage_healed":26,"gold_gain":0,"player_choice":"Heal","damage_taken":0,"max_hp_gain":0,"max_hp_loss":0,"event_name":"The Library","floor":30,"gold_loss":0}],"is_beta":false,"boss_relics":[{"not_picked":["Empty Cage","Calling Bell"],"picked":"Runic Dome"}],"items_purged_floors":[12,20],"is_endless":false,"potions_floor_spawned":[4,6,7,10,13,14,19,21,25,29],"killed_by":"Automaton","ascension_level":1}}