{"host":"m1168lp3vv5pgdep","time":1607523158,"event":{"gold_per_floor":[109,109,127,127,4,4,33,33,58,73,101,101,131,151,151,283,283,299,324,324,324,145,206,11,11,11,24,24,63,63,113,113,220,220,266,276,287,304,331,331,362,380,427,427,7,7,21,48,48,48,64,75,5,5,5,5,5],"floor_reached":56,"playtime":8178,"items_purged":["DemoMod:Strike_Huntress","DemoMod:CrossBow","DemoMod:ManualReload","DemoMod:Camera"],"score":897,"play_id":"2f78656e-d2dc-46b6-98f5-1fc0e0bd2e54","local_time":"20201209141238","is_ascension_mode":false,"campfire_choices":[{"data":"DemoMod:RustySidearm","floor":6,"key":"SMITH"},{"floor":8,"key":"REST"},{"floor":15,"key":"RECALL"},{"floor":25,"key":"REST"},{"data":"DemoMod:StickyCrossBow","floor":28,"key":"SMITH"},{"data":"DemoMod:FinishedGun","floor":30,"key":"SMITH"},{"floor":32,"key":"REST"},{"data":"DemoMod:LifeOrb","floor":40,"key":"SMITH"},{"data":"DemoMod:DoubleVision","floor":44,"key":"SMITH"},{"data":"wanderingMiniBosses:FinaleOfPromise","floor":46,"key":"SMITH"},{"floor":49,"key":"REST"},{"data":"DemoMod:ShadowBullets","floor":55,"key":"SMITH"}],"neow_cost":"NONE","seed_source_timestamp":4329531207400,"circlet_count":0,"master_deck":["DemoMod:Defend_Huntress","DemoMod:Defend_Huntress","DemoMod:Defend_Huntress","DemoMod:Defend_Huntress","DemoMod:Roll","DemoMod:RustySidearm+1","DemoMod:Unmoved","DemoMod:AbyssalTentacle","DemoMod:StickyCrossBow+1","DemoMod:HardPowerCard","DemoMod:FinishedGun+1","DemoMod:ShadowBullets+1","DemoMod:MachoBrace","DemoMod:JK47","DemoMod:DoubleSwitch","DemoMod:CursedBullets","DemoMod:DirectionalPad","DemoMod:Desperate","DemoMod:BulletBore","DemoMod:DoubleVision+1","wanderingMiniBosses:FinaleOfPromise+1","DemoMod:SniperShot+1","DemoMod:MachoBrace+1","DemoMod:LifeOrb+1","DemoMod:ShadowBullets+1","DemoMod:HungryBullets+1"],"relics":["DemoMod:Dog","hubris:Towel","hubris:BundleOfHerbs","MealTicket","DemoMod:JetPack","Philosopher\u0027s Stone","DemoMod:Ammonomicon","Pear","Guard_Bracelet","Frozen Egg 2","DemoMod:HoleyGrail","DemoMod:ElasticCartridgeClip","wanderingMiniBosses:Blackblade","Ornamental Fan","Orichalcum","DemoMod:ChaffGrenade","DemoMod:Relodestone","paleoftheancients:Timepiece","paleoftheancients:KeyRelic","Bronze Scales","CultistMask","paleoftheancients:SoulOfTheCollector","Pantograph"],"potions_floor_usage":[7,14,16,16,19,29,37,41,41,48,48,50,51,56,56],"damage_taken":[{"damage":5,"enemies":"Hallownest:2_Tiktiks_and_1_Crawlid","floor":1,"turns":4},{"damage":16,"enemies":"Hallownest:monsterHuskGuard","floor":3,"turns":8},{"damage":17,"enemies":"Hallownest:eliteCrystalGuardian","floor":7,"turns":6},{"damage":4,"enemies":"Hallownest:2_Baldur","floor":10,"turns":2},{"damage":3,"enemies":"Hallownest:eliteVengeflyKing","floor":11,"turns":14},{"damage":17,"enemies":"Hallownest:eliteMossKnight","floor":13,"turns":11},{"damage":9,"enemies":"Hallownest:1_Baldur_1_Crawlid_1_Warrior","floor":14,"turns":8},{"damage":28,"enemies":"Hallownest:BossHornet","floor":16,"turns":11},{"damage":30,"enemies":"Spheric Guardian","floor":18,"turns":7},{"damage":9,"enemies":"Shell Parasite","floor":19,"turns":3},{"damage":47,"enemies":"Slavers","floor":23,"turns":7},{"damage":17,"enemies":"Snake Plant","floor":27,"turns":4},{"damage":0,"enemies":"Gremlin Leader","floor":29,"turns":4},{"damage":34,"enemies":"hubris:MusketHawk","floor":33,"turns":7},{"damage":13,"enemies":"Orb Walker","floor":35,"turns":3},{"damage":11,"enemies":"3 Shapes","floor":36,"turns":3},{"damage":19,"enemies":"Maw","floor":37,"turns":8},{"damage":4,"enemies":"Jaw Worm Horde","floor":38,"turns":3},{"damage":0,"enemies":"Sphere and 2 Shapes","floor":39,"turns":2},{"damage":0,"enemies":"Giant Head","floor":41,"turns":4},{"damage":3,"enemies":"Maw","floor":42,"turns":5},{"damage":0,"enemies":"4 Shapes","floor":47,"turns":2},{"damage":31,"enemies":"Reptomancer","floor":48,"turns":4},{"damage":47,"enemies":"Time Eater","floor":50,"turns":8},{"damage":24,"enemies":"Time Eater","floor":51,"turns":7},{"damage":0,"enemies":"Time Eater","floor":52,"turns":11},{"damage":21,"enemies":"Time Eater","floor":56,"turns":11}],"seed_played":"-4866775153531919212","potions_obtained":[{"floor":3,"key":"AttackPotion"},{"floor":7,"key":"EssenceOfSteel"},{"floor":13,"key":"AttackPotion"},{"floor":14,"key":"Fire Potion"},{"floor":18,"key":"Fire Potion"},{"floor":27,"key":"Explosive Potion"},{"floor":33,"key":"Weak Potion"},{"floor":37,"key":"SkillPotion"},{"floor":38,"key":"DemoMod:LeadSkinPotion"},{"floor":39,"key":"Dexterity Potion"},{"floor":48,"key":"Swift Potion"},{"floor":51,"key":"Explosive Potion"},{"floor":52,"key":"AttackPotion"}],"is_trial":false,"path_per_floor":["M","?","M","?","$","R","E","R","T","M","E","?","E","M","R","B",null,"M","M","?","?","$","E","$","R","T","M","R","E","R","T","R","B",null,"M","M","M","M","M","R","E","M","T","R","$","R","M","E","R","B","M","M","?","T","R","M"],"character_chosen":"HUNTRESS","items_purchased":["DemoMod:Unmoved","DemoMod:JK47","DemoMod:CursedBullets","DemoMod:ChaffGrenade","DemoMod:HungryBullets+1","AttackPotion"],"campfire_rested":4,"item_purchase_floors":[5,22,24,45,45,45],"current_hp_per_floor":[72,72,56,56,56,56,39,60,60,56,59,66,49,40,40,32,70,40,31,31,31,46,15,30,54,54,43,43,43,43,43,67,68,80,67,56,37,33,33,33,39,36,36,36,51,51,51,20,44,80,68,75,75,75,75,59,59],"gold":5,"neow_bonus":"TEN_PERCENT_HP_BONUS","is_prod":false,"is_daily":false,"chose_seed":false,"campfire_upgraded":7,"win_rate":0,"timestamp":1607523158,"path_taken":["M","?","M","?","?","R","E","R","T","M","E","?","E","M","R","BOSS","M","M","?","?","$","E","$","R","T","?","R","E","R","?","R","BOSS","M","M","M","M","M","R","E","M","T","R","$","R","M","E","R","BOSS","M","M","?","T","R","M"],"build_version":"2020-11-30","purchased_purges":4,"victory":false,"max_hp_per_floor":[77,77,77,70,70,70,70,70,70,70,70,70,70,70,70,70,70,70,70,70,70,70,80,80,80,80,80,80,80,80,80,80,80,80,80,80,80,80,80,80,80,80,80,80,80,80,80,80,80,80,80,80,80,80,80,80,80],"card_choices":[{"not_picked":["DemoMod:Ejector","DemoMod:PotionOfGunFriendShip","DemoMod:FastSwitch"],"picked":"SKIP","floor":1},{"not_picked":["DemoMod:PracticeMakesPerfect","DemoMod:MachoBrace"],"picked":"DemoMod:Camera","floor":3},{"not_picked":["DemoMod:ProbeStrike","DemoMod:SuppressiveFire"],"picked":"DemoMod:AbyssalTentacle","floor":7},{"not_picked":["DemoMod:ChanceBullets","DemoMod:FastSwitch","DemoMod:RadGun"],"picked":"SKIP","floor":10},{"not_picked":["DemoMod:Unmoved","DemoMod:SkilledReload"],"picked":"DemoMod:StickyCrossBow","floor":11},{"not_picked":["DemoMod:MachoBrace","DemoMod:BattleInHaste"],"picked":"DemoMod:DirectionalPad","floor":13},{"not_picked":["DemoMod:StickyCrossBow","DemoMod:HuntsMan"],"picked":"DemoMod:HardPowerCard","floor":14},{"not_picked":["DemoMod:FightSabre","DemoMod:Slinger"],"picked":"DemoMod:FinishedGun","floor":16},{"not_picked":["DemoMod:ChanceBullets+1","DemoMod:Unmoved"],"picked":"DemoMod:ShadowBullets","floor":18},{"not_picked":["DemoMod:ChanceBullets","DemoMod:HardPowerCard"],"picked":"DemoMod:MachoBrace","floor":19},{"not_picked":["DemoMod:PracticeMakesPerfect","DemoMod:RadGun+1"],"picked":"DemoMod:DoubleSwitch","floor":23},{"not_picked":["DemoMod:Ejector","DemoMod:RadGun"],"picked":"DemoMod:DirectionalPad","floor":27},{"not_picked":["DemoMod:ProbeStrike","DemoMod:ZorGun"],"picked":"DemoMod:Desperate","floor":29},{"not_picked":["DemoMod:Unmoved","DemoMod:Camera"],"picked":"DemoMod:BulletBore","floor":29},{"not_picked":["DemoMod:ThirdPartyController","DemoMod:FightSabre"],"picked":"DemoMod:DoubleVision","floor":33},{"not_picked":[],"picked":"wanderingMiniBosses:FinaleOfPromise","floor":35},{"not_picked":["DemoMod:SAA+1","DemoMod:JK47","DemoMod:BattleInHaste+1"],"picked":"SKIP","floor":35},{"not_picked":["DemoMod:StickyCrossBow+1","DemoMod:Unmoved"],"picked":"DemoMod:SniperShot+1","floor":36},{"not_picked":["DemoMod:Polaris+1","DemoMod:GunstockTap","DemoMod:Slinger+1"],"picked":"SKIP","floor":37},{"not_picked":["DemoMod:HighKaliber+1","DemoMod:GunstockTap+1"],"picked":"DemoMod:MachoBrace+1","floor":38},{"not_picked":["DemoMod:Slinger+1","DemoMod:Camera+1"],"picked":"DemoMod:LifeOrb","floor":39},{"not_picked":["DemoMod:ConditionalReflex","DemoMod:Unity"],"picked":"DemoMod:ShadowBullets+1","floor":41},{"not_picked":["DemoMod:HighKaliber+1","DemoMod:LifeOrb+1","DemoMod:StickyCrossBow"],"picked":"SKIP","floor":42},{"not_picked":["DemoMod:MachoBrace+1","DemoMod:RadGun+1","DemoMod:ConditionalReflex+1"],"picked":"SKIP","floor":47},{"not_picked":["DemoMod:TeaPot+1","DemoMod:DarkMarker","DemoMod:MachoBrace"],"picked":"SKIP","floor":48},{"not_picked":["DemoMod:TripleGun+1","DemoMod:GunShield","DemoMod:MegaHand"],"picked":"SKIP","floor":51},{"not_picked":["DemoMod:MachoBrace","DemoMod:AC15+1","DemoMod:LifeOrb"],"picked":"SKIP","floor":52}],"player_experience":224924,"relics_obtained":[{"floor":7,"key":"hubris:BundleOfHerbs"},{"floor":11,"key":"MealTicket"},{"floor":13,"key":"DemoMod:JetPack"},{"floor":23,"key":"Pear"},{"floor":26,"key":"Guard_Bracelet"},{"floor":29,"key":"Frozen Egg 2"},{"floor":31,"key":"DemoMod:HoleyGrail"},{"floor":35,"key":"wanderingMiniBosses:Blackblade"},{"floor":41,"key":"Ornamental Fan"},{"floor":43,"key":"Orichalcum"},{"floor":48,"key":"DemoMod:Relodestone"},{"floor":51,"key":"paleoftheancients:SoulOfTheCollector"},{"floor":52,"key":"paleoftheancients:SoulOfTheWatcher"},{"floor":54,"key":"Pantograph"}],"event_choices":[{"damage_healed":0,"gold_gain":0,"player_choice":"Ignored","damage_taken":0,"max_hp_gain":0,"max_hp_loss":0,"event_name":"Ghosts","floor":20,"gold_loss":0}],"is_beta":false,"boss_relics":[{"not_picked":["Pandora\u0027s Box","hubris:Backtick"],"picked":"Philosopher\u0027s Stone"},{"not_picked":["Snecko Eye","aspiration:RunicSpoon"],"picked":"DemoMod:ElasticCartridgeClip"}],"items_purged_floors":[5,22,24,45],"is_endless":false,"potions_floor_spawned":[3,7,13,14,18,27,33,37,38,39,48,51,52],"killed_by":"Time Eater","ascension_level":0}}