{"host":"cllrkz0g1t2qi6kg","time":1607540294,"event":{"gold_per_floor":[360,372,26,42,61,61,90,106,133,133,165,177,177,193,193,296,296,312,150,163,163,163,198,198,233,233,233,244,274,274,286,286,382,382,395,405,405,26,26,39,39,39,92,118,118,147,165,177,177,177,177,177,26,58,58],"floor_reached":56,"playtime":8784,"items_purged":["Hallucinations"],"score":1457,"play_id":"19593c09-4f32-4ae8-a56c-5c816f734af2","local_time":"20201209135814","is_ascension_mode":true,"campfire_choices":[{"data":"hermit:HighCaliber","floor":6.0,"key":"SMITH"},{"data":"hermit:Showdown","floor":10.0,"key":"SMITH"},{"data":"hermit:WideOpen","floor":15.0,"key":"SMITH"},{"data":"Ghostly","floor":27.0,"key":"SMITH"},{"data":"Ghostly","floor":30.0,"key":"SMITH"},{"data":"Ghostly","floor":32.0,"key":"SMITH"},{"data":"Ghostly","floor":41.0,"key":"SMITH"},{"floor":49.0,"key":"RECALL"},{"data":"hermit:Determination","floor":52,"key":"SMITH"}],"neow_cost":"TEN_PERCENT_HP_LOSS","seed_source_timestamp":0,"circlet_count":0,"master_deck":["hermit:Strike_Hermit","hermit:Strike_Hermit","hermit:Strike_Hermit","hermit:Strike_Hermit","hermit:Defend_Hermit","hermit:Defend_Hermit","hermit:Defend_Hermit","hermit:Defend_Hermit","hermit:HighCaliber+1","hermit:WideOpen+1","hermit:Determination+1","hermit:CursedWeapon","hermit:Showdown+1","hermit:Showdown","hermit:CalledShot+1","hermit:RoundhouseKick","hermit:Desperado","hermit:Dissolve","hermit:CalledShot+1","hermit:Shortfuse","Bandage Up","hermit:Dive","Ghostly+1","Ghostly+1","Ghostly","Ghostly+1","Ghostly+1","hermit:HighNoon+1","hermit:Desperado","hermit:HighCaliber+1","hermit:HighCaliber","hermit:FlashPowder+1"],"special_seed":0,"relics":["hermit:Momento","Durian","Replay:Towering Pillar of Hats","Oddly Smooth Stone","Replay:Bottled Snecko","Sozu","Frozen Egg 2","InkBottle","hubris:DeckOfHolding","StrikeDummy","StoneCalendar","Empty Cage","Ring of Fury","Counterbalance","Replay:Baseball","ReplayFunnel","Strange Spoon","hubris:CuriousFeather"],"potions_floor_usage":[55],"damage_taken":[{"damage":8.0,"enemies":"Cultist","floor":1.0,"turns":5.0},{"damage":0.0,"enemies":"Small Slimes","floor":2.0,"turns":2.0},{"damage":0.0,"enemies":"2 Louse","floor":4.0,"turns":2.0},{"damage":7.0,"enemies":"Looter","floor":5.0,"turns":2.0},{"damage":24.0,"enemies":"3 Sentries","floor":7.0,"turns":7.0},{"damage":13.0,"enemies":"Gremlin Gang","floor":8.0,"turns":6.0},{"damage":20.0,"enemies":"Lagavulin","floor":11.0,"turns":4.0},{"damage":2.0,"enemies":"Large Slime","floor":12.0,"turns":3.0},{"damage":0.0,"enemies":"3 Louse","floor":14.0,"turns":2.0},{"damage":2.0,"enemies":"Hexaghost","floor":16.0,"turns":5.0},{"damage":16.0,"enemies":"Shell Parasite","floor":18.0,"turns":4.0},{"damage":4.0,"enemies":"3 Byrds","floor":20.0,"turns":3.0},{"damage":4.0,"enemies":"Slavers","floor":23.0,"turns":6.0},{"damage":3.0,"enemies":"Gremlin Leader","floor":25.0,"turns":8.0},{"damage":2.0,"enemies":"Snake Plant","floor":28.0,"turns":3.0},{"damage":2.0,"enemies":"Book of Stabbing","floor":29.0,"turns":5.0},{"damage":2.0,"enemies":"Centurion and Healer","floor":31.0,"turns":4.0},{"damage":2.0,"enemies":"hubris:MusketHawk","floor":33.0,"turns":7.0},{"damage":4.0,"enemies":"3 Shapes","floor":35.0,"turns":3.0},{"damage":0.0,"enemies":"Orb Walker","floor":36.0,"turns":3.0},{"damage":0.0,"enemies":"Maw","floor":40.0,"turns":6.0},{"damage":0.0,"enemies":"Giant Head","floor":44.0,"turns":7.0},{"damage":0.0,"enemies":"Reptomancer","floor":46.0,"turns":5.0},{"damage":0.0,"enemies":"Writhing Mass","floor":47.0,"turns":6.0},{"damage":0.0,"enemies":"Sphere and 2 Shapes","floor":48.0,"turns":4.0},{"damage":0,"enemies":"Time Eater","floor":50,"turns":9},{"damage":2,"enemies":"Shield and Spear","floor":54,"turns":7},{"damage":22,"enemies":"The Heart","floor":55,"turns":12}],"seed_played":"976140885665834179","potions_obtained":[{"floor":2.0,"key":"Regen Potion"},{"floor":4.0,"key":"PowerPotion"},{"floor":8.0,"key":"SteroidPotion"},{"floor":11.0,"key":"DuplicationPotion"},{"floor":16.0,"key":"Energy Potion"}],"is_trial":false,"path_per_floor":["M","M","$","M","M","R","E","M","T","R","E","M","?","M","R","B",null,"M","$","M","?","?","E","?","E","T","R","M","E","R","M","R","B",null,"M","M","?","$","?","M","R","?","T","E","?","E","M","M","R","B",null,"R","$","E","B",null],"character_chosen":"HERMIT","items_purchased":["Durian","hermit:Determination","hermit:Shortfuse","Bandage Up","Counterbalance","Strange Spoon"],"campfire_rested":0,"item_purchase_floors":[3,3,19,19,38,53],"current_hp_per_floor":[60,60,65,65,58,58,34,36,36,36,16,14,14,14,14,12,73,57,57,57,57,36,32,32,33,33,33,31,33,33,35,35,35,36,32,36,36,36,36,36,36,36,36,36,34,34,34,34,34,34,34,34,34,34,16],"gold":58,"neow_bonus":"TWO_FIFTY_GOLD","is_prod":false,"is_daily":false,"chose_seed":false,"campfire_upgraded":8,"win_rate":0,"timestamp":1607540294,"path_taken":["M","M","$","M","M","R","E","?","T","R","E","M","?","M","R","BOSS","M","$","?","?","?","E","?","E","T","R","?","E","R","M","R","BOSS","M","M","?","$","?","?","R","?","T","E","?","E","M","M","R","BOSS","R","$","E","BOSS"],"build_version":"2020-11-30","purchased_purges":1,"victory":true,"max_hp_per_floor":[68,68,73,73,73,73,73,73,73,73,73,73,73,73,73,73,73,73,73,73,73,36,36,36,36,36,36,36,36,36,36,36,36,36,36,36,36,36,36,36,36,36,36,36,34,34,34,34,34,34,34,34,34,34,34],"card_choices":[{"not_picked":["hermit:Snipe","hermit:HoleUp"],"picked":"hermit:HighCaliber","floor":1.0},{"not_picked":["hermit:HighCaliber","hermit:HoleUp"],"picked":"hermit:WideOpen","floor":2.0},{"not_picked":["hermit:Purgatory","hermit:ItchyTrigger"],"picked":"hermit:CursedWeapon","floor":4.0},{"not_picked":["hermit:Headshot","hermit:Glare"],"picked":"hermit:Showdown","floor":5.0},{"not_picked":["hermit:CalledShot","hermit:Dive"],"picked":"hermit:Showdown","floor":7.0},{"not_picked":["hermit:Virtue","hermit:ItchyTrigger"],"picked":"hermit:CalledShot","floor":8.0},{"not_picked":["hermit:HoleUp","hermit:HighCaliber"],"picked":"hermit:RoundhouseKick","floor":11.0},{"not_picked":["hermit:LowProfile","hermit:Malice"],"picked":"hermit:CalledShot","floor":12.0},{"not_picked":["hermit:Headshot","hermit:Virtue"],"picked":"hermit:Desperado","floor":14.0},{"not_picked":["hermit:FatalDesire","hermit:FinalCanter"],"picked":"hermit:Dissolve","floor":16.0},{"not_picked":["hermit:Vantage","hermit:Headshot"],"picked":"hermit:CalledShot+1","floor":18.0},{"not_picked":["hermit:Combo","hermit:Glare"],"picked":"hermit:Dive","floor":20.0},{"not_picked":["hermit:Headshot+1","hermit:Glare+1","hermit:BigShot+1"],"picked":"SKIP","floor":23.0},{"not_picked":["hermit:Glare","hermit:Cheat+1"],"picked":"hermit:HighNoon+1","floor":25.0},{"not_picked":["hermit:Feint","hermit:LowProfile"],"picked":"hermit:Desperado","floor":28.0},{"not_picked":["hermit:BigShot+1","hermit:Misfire","hermit:Grudge"],"picked":"SKIP","floor":29.0},{"not_picked":["hermit:Virtue","hermit:LowProfile"],"picked":"hermit:HoleUp","floor":31.0},{"not_picked":["hermit:Combo+1","hermit:NoHoldsBarred+1"],"picked":"hermit:HighCaliber+1","floor":35.0},{"not_picked":["hermit:Combo+1","hermit:LowProfile"],"picked":"hermit:HighCaliber","floor":36.0},{"not_picked":["hermit:TrackingShot","hermit:Coalescence","hermit:NoHoldsBarred"],"picked":"SKIP","floor":40.0},{"not_picked":["hermit:Misfire","hermit:GoldenBullet+1","hermit:Manifest"],"picked":"SKIP","floor":44.0},{"not_picked":["hermit:WideOpen+1","hermit:TrackingShot+1","hermit:Misfire+1"],"picked":"SKIP","floor":46.0},{"not_picked":["hermit:Headshot+1","hermit:Desperado","hermit:ItchyTrigger"],"picked":"SKIP","floor":47.0},{"not_picked":["hermit:TrackingShot+1","hermit:Glare","hermit:Misfire+1"],"picked":"SKIP","floor":48.0},{"not_picked":["hermit:Determination+1","hermit:TakeAim+1"],"picked":"hermit:FlashPowder+1","floor":54}],"player_experience":1419994,"relics_obtained":[{"floor":7.0,"key":"Replay:Towering Pillar of Hats"},{"floor":9.0,"key":"Oddly Smooth Stone"},{"floor":11.0,"key":"Replay:Bottled Snecko"},{"floor":23.0,"key":"InkBottle"},{"floor":25.0,"key":"hubris:DeckOfHolding"},{"floor":26.0,"key":"StrikeDummy"},{"floor":29.0,"key":"StoneCalendar"},{"floor":37.0,"key":"Ring of Fury"},{"floor":44.0,"key":"Replay:Baseball"},{"floor":46.0,"key":"ReplayFunnel"},{"floor":54,"key":"hubris:CuriousFeather"}],"event_choices":[{"damage_healed":0.0,"max_hp_gain":0.0,"max_hp_loss":0.0,"gold_gain":0.0,"event_name":"Upgrade Shrine","player_choice":"Upgraded","floor":13.0,"gold_loss":0.0,"damage_taken":0.0,"cards_upgraded":["hermit:CalledShot"]},{"damage_healed":0.0,"max_hp_gain":0.0,"max_hp_loss":0.0,"gold_gain":0.0,"event_name":"Addict","player_choice":"Stole Relic","floor":21.0,"gold_loss":0.0,"damage_taken":0.0,"relics_obtained":["Frozen Egg 2"],"cards_obtained":["Shame"]},{"damage_healed":0.0,"max_hp_gain":0.0,"max_hp_loss":37.0,"gold_gain":0.0,"event_name":"Ghosts","player_choice":"Became a Ghost","floor":22.0,"gold_loss":0.0,"damage_taken":0.0,"cards_obtained":["Ghostly","Ghostly","Ghostly","Ghostly","Ghostly"]},{"cards_removed":["Shame"],"damage_healed":0.0,"max_hp_gain":0.0,"max_hp_loss":0.0,"gold_gain":0.0,"event_name":"Fountain of Cleansing","player_choice":"Removed Curses","floor":24.0,"gold_loss":0.0,"damage_taken":0.0},{"cards_removed":["hermit:CalledShot"],"damage_healed":0.0,"max_hp_gain":0.0,"max_hp_loss":0.0,"gold_gain":0.0,"event_name":"Purifier","player_choice":"Purged","floor":39.0,"gold_loss":0.0,"damage_taken":0.0},{"cards_removed":["hermit:HoleUp"],"damage_healed":0.0,"max_hp_gain":0.0,"max_hp_loss":0.0,"gold_gain":0.0,"event_name":"Falling","player_choice":"Removed Skill","floor":42.0,"gold_loss":0.0,"damage_taken":0.0},{"damage_healed":0.0,"max_hp_gain":0.0,"max_hp_loss":2.0,"gold_gain":0.0,"event_name":"Winding Halls","player_choice":"Max HP","floor":45.0,"gold_loss":0.0,"damage_taken":0.0}],"is_beta":false,"boss_relics":[{"not_picked":["hermit:BartenderGlass","Velvet Choker"],"picked":"Sozu"},{"not_picked":["hubris:CrackedHourglass","Astrolabe"],"picked":"Empty Cage"}],"items_purged_floors":[38],"is_endless":false,"potions_floor_spawned":[2,4,8,11,16,23,25,28,31,35,36,46,47,48,54],"ascension_level":1}}