{"host":"5gc11emcm5chfr5t","time":1607548889,"event":{"gold_per_floor":[109,184,149,159,177,177,190,190,213,213,213,229,229,257,257,361,361,381,393,74,93,53,88,88,104,104,116,142,142,142,158,158,253,253,266,314,18,36,36,36,36,36,89,101,131,143,180,207,219,231,231],"floor_reached":50,"playtime":1543,"items_purged":["Regret"],"score":691,"play_id":"be5fc523-528d-426e-ace9-11d3dd3a823c","local_time":"20201209162129","is_ascension_mode":true,"campfire_choices":[{"data":"Slice","floor":6,"key":"SMITH"},{"data":"Cloak And Dagger","floor":8,"key":"SMITH"},{"data":"Neutralize","floor":11,"key":"SMITH"},{"floor":15,"key":"REST"},{"floor":24,"key":"REST"},{"floor":32,"key":"REST"},{"floor":40,"key":"DIG"},{"floor":42,"key":"DIG"},{"data":"Night Terror","floor":49,"key":"SMITH"}],"neow_cost":"NONE","seed_source_timestamp":238856365263700,"circlet_count":0,"master_deck":["Defend_G","Defend_G","Defend_G","Defend_G","Defend_G","Survivor","Neutralize+1","Blade Dance","Slice+1","Cloak And Dagger+1","Cloak And Dagger+1","Dagger Throw","Corpse Explosion","Venomology","Infinite Blades","Cloak And Dagger","Chrysalis+1","Finisher","Backstab","Bite","Bite","Bite","Bite","Bite","Night Terror+1","CurseOfTheBell","Slice+1","Accuracy","Choke","Panache","Writhe","Choke+1"],"relics":["Ring of the Snake","NeowsBlessing","Toy Ornithopter","Gremlin Horn","WristBlade","Ancient Tea Set","Happy Flower","Incense Burner","War Paint","CaptainsWheel","Calling Bell","Anchor","StrikeDummy","WingedGreaves","Shovel","Girya","Bird Faced Urn","MawBank","Lizard Tail","Regal Pillow"],"potions_floor_usage":[14,18,18,21,21,23,23,23,23,25,27,27,27,27,28,33,33,33,35,36,38,45,46,47,50,50],"damage_taken":[{"damage":0,"enemies":"Small Slimes","floor":1,"turns":1},{"damage":0,"enemies":"Jaw Worm","floor":4,"turns":1},{"damage":0,"enemies":"2 Louse","floor":5,"turns":1},{"damage":18,"enemies":"Exordium Wildlife","floor":7,"turns":6},{"damage":9,"enemies":"Red Slaver","floor":12,"turns":5},{"damage":16,"enemies":"Lagavulin","floor":14,"turns":11},{"damage":48,"enemies":"Hexaghost","floor":16,"turns":13},{"damage":17,"enemies":"2 Thieves","floor":18,"turns":4},{"damage":8,"enemies":"Chosen","floor":19,"turns":4},{"damage":31,"enemies":"Snake Plant","floor":21,"turns":5},{"damage":16,"enemies":"Slavers","floor":23,"turns":3},{"damage":22,"enemies":"Centurion and Healer","floor":25,"turns":4},{"damage":23,"enemies":"Shelled Parasite and Fungi","floor":27,"turns":2},{"damage":43,"enemies":"Book of Stabbing","floor":28,"turns":6},{"damage":0,"enemies":"3 Cultists","floor":31,"turns":2},{"damage":4,"enemies":"Collector","floor":33,"turns":5},{"damage":16,"enemies":"3 Darklings","floor":35,"turns":2},{"damage":27,"enemies":"2 Orb Walkers","floor":36,"turns":3},{"damage":0,"enemies":"3 Shapes","floor":38,"turns":2},{"damage":3,"enemies":"Spire Growth","floor":45,"turns":2},{"damage":0,"enemies":"Writhing Mass","floor":46,"turns":1},{"damage":10,"enemies":"Giant Head","floor":47,"turns":6},{"damage":5,"enemies":"Sphere and 2 Shapes","floor":48,"turns":3},{"damage":121,"enemies":"Time Eater","floor":50,"turns":9}],"seed_played":"5811574224238697010","potions_obtained":[{"floor":4,"key":"Ancient Potion"},{"floor":16,"key":"Ancient Potion"},{"floor":22,"key":"SpeedPotion"},{"floor":22,"key":"ColorlessPotion"},{"floor":22,"key":"Block Potion"},{"floor":23,"key":"Regen Potion"},{"floor":25,"key":"DuplicationPotion"},{"floor":28,"key":"FearPotion"},{"floor":31,"key":"GamblersBrew"},{"floor":36,"key":"Dexterity Potion"},{"floor":38,"key":"Ancient Potion"}],"is_trial":false,"path_per_floor":["M","?","?","M","M","R","M","R","T","?","R","M","?","E","R","B",null,"M","M","$","M","?","E","R","M","T","M","E","?","T","M","R","B",null,"M","?","$","M","?","R","?","R","T","T","M","M","E","M","R","B"],"character_chosen":"THE_SILENT","items_purchased":["Chrysalis","Ancient Tea Set","FairyPotion","Choke","Weak Potion"],"campfire_rested":3,"item_purchase_floors":[20,20,37,37,37],"current_hp_per_floor":[63,52,69,69,69,69,51,51,51,51,51,42,42,31,52,4,54,59,51,51,30,30,34,55,50,50,47,9,9,9,11,25,46,48,37,19,19,26,26,26,38,38,38,38,49,49,46,44,44,0,0],"gold":231,"neow_bonus":"THREE_ENEMY_KILL","is_prod":false,"is_daily":false,"chose_seed":false,"campfire_upgraded":4,"win_rate":0,"timestamp":1607548889,"path_taken":["M","?","?","M","M","R","?","R","T","?","R","M","?","E","R","BOSS","M","M","$","M","?","E","R","?","T","M","E","?","?","M","R","BOSS","M","?","$","M","?","R","?","R","T","?","M","M","E","?","R","BOSS"],"build_version":"2020-11-30","purchased_purges":1,"victory":false,"max_hp_per_floor":[70,70,70,70,70,70,70,70,70,70,70,70,70,70,70,70,70,70,70,70,70,70,70,70,70,70,70,70,49,49,49,49,49,49,49,49,49,49,49,49,49,49,49,49,49,49,49,49,49,49,49],"card_choices":[{"not_picked":["Deflect","Deadly Poison"],"picked":"Blade Dance","floor":1},{"not_picked":["Eviscerate","PiercingWail"],"picked":"Slice","floor":4},{"not_picked":["Dodge and Roll","Deflect"],"picked":"Cloak And Dagger","floor":5},{"not_picked":["Backflip","Quick Slash"],"picked":"Cloak And Dagger","floor":7},{"not_picked":["Prepared","Acrobatics"],"picked":"Dagger Throw","floor":12},{"not_picked":["Infinite Blades","Underhanded Strike"],"picked":"Corpse Explosion","floor":14},{"not_picked":["Die Die Die","Envenom"],"picked":"Venomology","floor":16},{"not_picked":["PiercingWail+1","Calculated Gamble"],"picked":"Infinite Blades","floor":18},{"not_picked":["Calculated Gamble","Deadly Poison+1"],"picked":"Cloak And Dagger","floor":19},{"not_picked":["Backflip+1","All Out Attack+1"],"picked":"Finisher","floor":21},{"not_picked":["Flying Knee","PiercingWail","Leg Sweep"],"picked":"SKIP","floor":23},{"not_picked":["Escape Plan+1","Slice"],"picked":"Backstab","floor":25},{"not_picked":["Quick Slash","All Out Attack+1","Crippling Poison"],"picked":"SKIP","floor":27},{"not_picked":["Heel Hook","PiercingWail","Predator+1"],"picked":"SKIP","floor":28},{"not_picked":["Crippling Poison+1","Quick Slash","Catalyst"],"picked":"SKIP","floor":31},{"not_picked":["Bullet Time","Malaise"],"picked":"Night Terror","floor":33},{"not_picked":["Dash","Bouncing Flask"],"picked":"Slice+1","floor":35},{"not_picked":["Backflip","Backstab+1"],"picked":"Accuracy","floor":36},{"not_picked":["Bouncing Flask","Terror+1","Dagger Throw+1"],"picked":"SKIP","floor":38},{"not_picked":["Violence","Mind Blast"],"picked":"Panache","floor":39},{"not_picked":["Dagger Throw","Poisoned Stab","Acrobatics+1"],"picked":"SKIP","floor":45},{"not_picked":["Slice","Setup"],"picked":"Choke+1","floor":47},{"not_picked":["Deadly Poison","Heel Hook","Finisher+1"],"picked":"SKIP","floor":48}],"player_experience":303743,"relics_obtained":[{"floor":14,"key":"Gremlin Horn"},{"floor":23,"key":"Happy Flower"},{"floor":26,"key":"Incense Burner"},{"floor":28,"key":"War Paint"},{"floor":30,"key":"CaptainsWheel"},{"floor":34,"key":"Anchor"},{"floor":34,"key":"StrikeDummy"},{"floor":34,"key":"WingedGreaves"},{"floor":36,"key":"Shovel"},{"floor":40,"key":"Girya"},{"floor":42,"key":"Bird Faced Urn"},{"floor":43,"key":"MawBank"},{"floor":44,"key":"Lizard Tail"},{"floor":47,"key":"Regal Pillow"}],"event_choices":[{"damage_healed":0,"gold_gain":75,"player_choice":"Gather Gold","damage_taken":11,"max_hp_gain":0,"max_hp_loss":0,"event_name":"World of Goop","floor":2,"gold_loss":0},{"damage_healed":17,"gold_gain":0,"player_choice":"Healed","damage_taken":0,"max_hp_gain":0,"max_hp_loss":0,"event_name":"The Cleric","floor":3,"gold_loss":35},{"damage_healed":0,"gold_gain":0,"player_choice":"Box","damage_taken":0,"relics_obtained":["Toy Ornithopter"],"max_hp_gain":0,"max_hp_loss":0,"event_name":"Big Fish","floor":10,"gold_loss":0,"cards_obtained":["Regret"]},{"damage_healed":0,"gold_gain":0,"player_choice":"Ignored","damage_taken":0,"max_hp_gain":0,"max_hp_loss":0,"event_name":"Golden Wing","floor":13,"gold_loss":0},{"damage_healed":0,"gold_gain":0,"player_choice":"Bought 3 Potions","damage_taken":0,"max_hp_gain":0,"max_hp_loss":0,"event_name":"The Woman in Blue","floor":22,"gold_loss":0},{"damage_healed":0,"gold_gain":0,"player_choice":"Became a vampire","damage_taken":0,"max_hp_gain":0,"max_hp_loss":21,"event_name":"Vampires","floor":29,"gold_loss":0,"cards_obtained":["Bite","Bite","Bite","Bite","Bite"]},{"damage_healed":0,"gold_gain":0,"player_choice":"Fight","damage_taken":0,"max_hp_gain":0,"max_hp_loss":0,"event_name":"Mysterious Sphere","floor":36,"gold_loss":0},{"damage_healed":0,"gold_gain":0,"player_choice":"Memory 1","damage_taken":0,"max_hp_gain":0,"max_hp_loss":0,"event_name":"SensoryStone","floor":39,"gold_loss":0},{"damage_healed":12,"gold_gain":0,"player_choice":"Writhe","damage_taken":0,"max_hp_gain":0,"max_hp_loss":0,"event_name":"Winding Halls","floor":41,"gold_loss":0,"cards_obtained":["Writhe"]}],"is_beta":false,"boss_relics":[{"not_picked":["Pandora\u0027s Box","Sozu"],"picked":"WristBlade"},{"not_picked":["Tiny House","Snecko Eye"],"picked":"Calling Bell"}],"items_purged_floors":[37],"is_endless":false,"potions_floor_spawned":[4,16,23,25,28,31,36,38],"killed_by":"Time Eater","ascension_level":6}}