{"host":"htpechobqgpaugnv","time":1607507967,"event":{"gold_per_floor":[114,114,114,167,178,203,203,236,236,236,236,236],"floor_reached":11,"playtime":162,"items_purged":[],"score":208,"play_id":"c0c38ba1-18c4-4112-9231-d7ddc9904a04","local_time":"20201209035927","is_ascension_mode":true,"campfire_choices":[{"data":"EmptyFist","floor":7.0,"key":"SMITH"},{"data":"Meditate","floor":10,"key":"SMITH"}],"neow_cost":"NONE","seed_source_timestamp":88080762130300,"circlet_count":0,"master_deck":["AscendersBane","Strike_P","Strike_P","Strike_P","Defend_P","Defend_P","Defend_P","Defend_P","Eruption","Vigilance","Meditate+1","DeceiveReality","EmptyFist+1","MentalFortress"],"special_seed":0,"relics":["PureWater","NeowsBlessing","MealTicket","Nunchaku","Pear","White Beast Statue","Pantograph"],"potions_floor_usage":[8,8],"damage_taken":[{"damage":0.0,"enemies":"Small Slimes","floor":1.0,"turns":1.0},{"damage":0.0,"enemies":"Jaw Worm","floor":5.0,"turns":1.0},{"damage":0.0,"enemies":"3 Sentries","floor":6.0,"turns":2.0},{"damage":15,"enemies":"Lagavulin","floor":8,"turns":4},{"damage":50,"enemies":"Gremlin Nob","floor":11,"turns":4}],"seed_played":"5515892858567677830","potions_obtained":[{"floor":1.0,"key":"StancePotion"},{"floor":5.0,"key":"DistilledChaos"}],"is_trial":false,"path_per_floor":["M","?","?","T","M","E","R","E","T","R","E"],"character_chosen":"WATCHER","items_purchased":[],"campfire_rested":0,"item_purchase_floors":[],"current_hp_per_floor":[61,50,43,43,43,53,53,38,38,38,0,0],"gold":236,"neow_bonus":"THREE_ENEMY_KILL","is_prod":false,"is_daily":false,"chose_seed":false,"campfire_upgraded":2,"win_rate":0,"timestamp":1607507967,"path_taken":["M","?","?","?","M","E","R","E","T","R","E"],"build_version":"2020-11-30","purchased_purges":0,"victory":false,"max_hp_per_floor":[68,68,68,68,68,78,78,78,78,78,78,78],"relic_stats":{"Nunchaku":[2],"counters":[5,12],"Pantograph":0,"MealTicket":0,"obtain_stats":[{"Nunchaku":4,"Pear":6,"NeowsBlessing":0,"Pantograph":9,"MealTicket":2,"PureWater":0,"White Beast Statue":8},{"Nunchaku":1,"Pear":3,"NeowsBlessing":0,"Pantograph":4,"MealTicket":1,"PureWater":0,"White Beast Statue":4},{"Nunchaku":1,"Pear":4,"NeowsBlessing":0,"Pantograph":8,"MealTicket":1,"PureWater":0,"White Beast Statue":8}]},"card_choices":[{"not_picked":["MentalFortress","JustLucky"],"picked":"Meditate","floor":1.0},{"not_picked":["SashWhip","EmptyBody"],"picked":"DeceiveReality","floor":5.0},{"not_picked":["ClearTheMind","FlyingSleeves"],"picked":"EmptyFist","floor":6.0},{"not_picked":["SandsOfTime","Prostrate"],"picked":"MentalFortress","floor":8}],"player_experience":1261081,"relics_obtained":[{"floor":4.0,"key":"Nunchaku"},{"floor":6.0,"key":"Pear"},{"floor":8,"key":"White Beast Statue"},{"floor":9,"key":"Pantograph"}],"event_choices":[{"damage_healed":0.0,"max_hp_gain":0.0,"max_hp_loss":0.0,"gold_gain":0.0,"event_name":"Scrap Ooze","player_choice":"Success","floor":2.0,"gold_loss":0.0,"damage_taken":11.0,"relics_obtained":["MealTicket"]},{"cards_removed":["Strike_P"],"damage_healed":0.0,"max_hp_gain":0.0,"max_hp_loss":0.0,"gold_gain":0.0,"event_name":"Golden Wing","player_choice":"Card Removal","floor":3.0,"gold_loss":0.0,"damage_taken":7.0}],"is_beta":false,"boss_relics":[],"items_purged_floors":[],"is_endless":false,"potions_floor_spawned":[1,5],"killed_by":"Gremlin Nob","ascension_level":20}}