{"host":"6jcxerjfmuawfds2","time":1607522717,"event":{"gold_per_floor":[110,35,52,52,127,127,127,27,27,47,90,90,106,106,106,106,106],"floor_reached":16,"playtime":442,"items_purged":["Strike_P","Strike_P"],"score":98,"play_id":"f4d28857-a8d5-480b-b69a-a5d48bc959e7","local_time":"20201209230517","is_ascension_mode":false,"campfire_choices":[{"data":"PathToVictory","floor":7,"key":"SMITH"},{"data":"JustLucky","floor":12,"key":"SMITH"},{"floor":15,"key":"REST"}],"neow_cost":"NONE","seed_source_timestamp":18663027563400,"circlet_count":0,"master_deck":["Strike_P","Strike_P","Defend_P","Defend_P","Defend_P","Defend_P","Vigilance","CrushJoints","PathToVictory+1","JustLucky+1","Crescendo","Devotion"],"relics":["PureWater","NeowsBlessing","Golden Idol","Kunai","Bottled Flame"],"potions_floor_usage":[11,11],"damage_taken":[{"damage":0,"enemies":"Jaw Worm","floor":1,"turns":1},{"damage":0,"enemies":"Small Slimes","floor":3,"turns":1},{"damage":0,"enemies":"2 Louse","floor":10,"turns":1},{"damage":20,"enemies":"3 Sentries","floor":11,"turns":14},{"damage":4,"enemies":"Blue Slaver","floor":13,"turns":5},{"damage":41,"enemies":"Hexaghost","floor":16,"turns":11}],"seed_played":"-8940883743265430541","potions_obtained":[{"floor":1,"key":"AttackPotion"},{"floor":3,"key":"Dexterity Potion"}],"is_trial":false,"path_per_floor":["M","$","M","?","?","?","R","$","T","M","E","R","M","?","R","B"],"character_chosen":"WATCHER","items_purchased":[],"campfire_rested":1,"item_purchase_floors":[],"current_hp_per_floor":[72,72,72,77,66,47,47,47,47,47,27,27,23,16,39,0,0],"gold":106,"neow_bonus":"THREE_ENEMY_KILL","is_prod":false,"is_daily":false,"chose_seed":false,"campfire_upgraded":2,"win_rate":0.0,"timestamp":1607522717,"path_taken":["M","$","M","?","?","?","R","?","T","M","E","R","?","?","R","BOSS"],"build_version":"2020-11-30","purchased_purges":2,"victory":false,"max_hp_per_floor":[72,72,72,77,77,77,77,77,77,77,77,77,77,77,77,77,77],"card_choices":[{"not_picked":["TalkToTheHand","FlurryOfBlows"],"picked":"CrushJoints","floor":1},{"not_picked":["Halt","CutThroughFate"],"picked":"PathToVictory","floor":3},{"not_picked":["Nirvana","EmptyFist"],"picked":"JustLucky","floor":10},{"not_picked":["MentalFortress","DeceiveReality"],"picked":"Crescendo","floor":11},{"not_picked":["JustLucky","FollowUp"],"picked":"Devotion","floor":13}],"player_experience":112543,"relics_obtained":[{"floor":9,"key":"Kunai"},{"floor":11,"key":"Bottled Flame"}],"event_choices":[{"damage_healed":0,"gold_gain":0,"player_choice":"Donut","damage_taken":0,"max_hp_gain":5,"max_hp_loss":0,"event_name":"Big Fish","floor":4,"gold_loss":0},{"damage_healed":0,"gold_gain":75,"player_choice":"Gather Gold","damage_taken":11,"max_hp_gain":0,"max_hp_loss":0,"event_name":"World of Goop","floor":5,"gold_loss":0},{"damage_healed":0,"gold_gain":0,"player_choice":"Take Damage","damage_taken":19,"relics_obtained":["Golden Idol"],"max_hp_gain":0,"max_hp_loss":0,"event_name":"Golden Idol","floor":6,"gold_loss":0},{"cards_removed":["Eruption"],"damage_healed":0,"gold_gain":0,"player_choice":"Card Removal","damage_taken":7,"max_hp_gain":0,"max_hp_loss":0,"event_name":"Golden Wing","floor":14,"gold_loss":0}],"is_beta":false,"boss_relics":[],"items_purged_floors":[2,8],"is_endless":false,"potions_floor_spawned":[1,3],"killed_by":"Hexaghost","ascension_level":0}}