{"host":"l4zsyynf3knc4g5z","time":1607547832,"event":{"gold_per_floor":[209,139,139,149,149,149,174,174,174,174,174,189,189,207,207,305,305,325,178,118,118,118,118,118],"floor_reached":23,"playtime":458,"items_purged":[],"score":185,"play_id":"5b2fa159-7fd0-49a6-b326-636360ecb4fd","local_time":"20201209130352","is_ascension_mode":false,"campfire_choices":[{"data":"Barrage","floor":6,"key":"SMITH"},{"floor":8,"key":"REST"},{"data":"Zap","floor":11,"key":"SMITH"},{"floor":15,"key":"REST"}],"neow_cost":"NONE","seed_source_timestamp":1592273250376200,"circlet_count":0,"master_deck":["Strike_B","Strike_B","Strike_B","Strike_B","Defend_B","Defend_B","Defend_B","Defend_B+1","Zap+1","Dualcast+1","Barrage+1","Doubt","Barrage"],"relics":["Cracked Core","hubris:BallOfYels","Oddly Smooth Stone","SpikesRelics:ToyHorsey","ReplayTheSpireMod:Ring of Exchange","hubris:Towel","Busted Crown","War Paint","Nilry\u0027s Codex","hubris:BottledHeart"],"potions_floor_usage":[7,16,16,16,23],"damage_taken":[{"damage":5,"enemies":"Cultist","floor":1,"turns":4},{"damage":2,"enemies":"Small Slimes","floor":4,"turns":3},{"damage":22,"enemies":"Gremlin Nob","floor":7,"turns":4},{"damage":5,"enemies":"Jaw Worm","floor":12,"turns":2},{"damage":13,"enemies":"2 Fungi Beasts","floor":14,"turns":4},{"damage":11,"enemies":"Slime Boss","floor":16,"turns":8},{"damage":14,"enemies":"Chosen","floor":18,"turns":4},{"damage":3,"enemies":"Slavers","floor":23,"turns":3}],"seed_played":"-3889901425868049685","potions_obtained":[{"floor":4,"key":"CultistPotion"},{"floor":7,"key":"Weak Potion"},{"floor":12,"key":"Weak Potion"},{"floor":14,"key":"ColorlessPotion"},{"floor":16,"key":"SteroidPotion"},{"floor":18,"key":"Reflective Coating"}],"is_trial":false,"path_per_floor":["M","$","?","M","$","R","E","R","T","?","R","M","?","M","R","B",null,"M","$","?","?","?","E"],"character_chosen":"DEFECT","items_purchased":["ReplayGash","War Paint"],"campfire_rested":2,"item_purchase_floors":[2,19],"current_hp_per_floor":[70,70,70,68,68,68,46,68,68,68,68,63,63,50,72,61,75,61,61,61,45,1,0,0],"gold":118,"neow_bonus":"HUNDRED_GOLD","is_prod":false,"is_daily":false,"chose_seed":false,"campfire_upgraded":2,"win_rate":0,"timestamp":1607547832,"path_taken":["M","$","?","M","?","R","E","R","T","?","R","M","?","?","R","BOSS","M","$","?","?","?","E"],"build_version":"2020-11-30","purchased_purges":0,"victory":false,"max_hp_per_floor":[75,75,75,75,75,75,75,75,75,75,75,75,75,75,75,75,75,75,75,75,75,1,1,1],"card_choices":[{"not_picked":["Leap","Sweeping Beam","Compile Driver"],"picked":"SKIP","floor":1},{"not_picked":["Redo","Leap"],"picked":"Barrage","floor":4},{"not_picked":["Compile Driver","Leap","ReplayTheSpireMod:Reroute Power"],"picked":"SKIP","floor":7},{"not_picked":["Cold Snap","Conserve Battery"],"picked":"Barrage","floor":12},{"not_picked":["FIFO Queue","Time Bomb","Sweeping Beam"],"picked":"SKIP","floor":14},{"not_picked":["Compile Driver"],"picked":"SKIP","floor":18}],"player_experience":93836,"relics_obtained":[{"floor":7,"key":"Oddly Smooth Stone"},{"floor":9,"key":"SpikesRelics:ToyHorsey"},{"floor":10,"key":"ReplayTheSpireMod:Ring of Exchange"},{"floor":21,"key":"Nilry\u0027s Codex"}],"event_choices":[{"cards_removed":["ReplayGash"],"damage_healed":0,"gold_gain":0,"player_choice":"Gave Card","damage_taken":0,"relics_obtained":["hubris:BallOfYels"],"max_hp_gain":0,"max_hp_loss":0,"event_name":"WeMeetAgain","floor":3,"gold_loss":0},{"damage_healed":0,"gold_gain":0,"player_choice":"Obtained Book","damage_taken":16,"max_hp_gain":0,"max_hp_loss":0,"event_name":"Cursed Tome","floor":21,"gold_loss":0}],"is_beta":false,"boss_relics":[{"not_picked":["ReplayTheSpireMod:CursedCoin","Replay:Wanted Poster"],"picked":"Busted Crown"}],"items_purged_floors":[],"is_endless":false,"potions_floor_spawned":[4,7,12,14,16,18],"killed_by":"Slavers","ascension_level":0}}