{"host":"pgqkv8mh62pnrbci","time":1607518395,"event":{"gold_per_floor":[117,117,134,154,171,171,96,96,143,158,173,173,198,210,210,289,289,299,309,321,246,246,274,293,309,309,72,104,4,4,4,4,107,107,135,220,220,261,335,335,389,419,419,463,515,515,543,102,102,108],"floor_reached":51,"playtime":1915,"items_purged":["Pain","Strike_G","Delirium"],"score":1495,"play_id":"b939d924-20bd-47df-9942-1a172b683f72","local_time":"20201209215315","is_ascension_mode":true,"campfire_choices":[{"data":"Neutralize","floor":6.0,"key":"SMITH"},{"data":"REME_Flogging","floor":8.0,"key":"SMITH"},{"floor":15.0,"key":"DIG"},{"data":"After Image","floor":30.0,"key":"SMITH"},{"data":"Terror","floor":32.0,"key":"SMITH"},{"data":"1","floor":40,"key":"LIFT"},{"data":"2","floor":46,"key":"LIFT"},{"data":"3","floor":49,"key":"LIFT"}],"neow_cost":"PERCENT_DAMAGE","seed_source_timestamp":524913736901800,"circlet_count":0,"master_deck":["AscendersBane","Defend_G","Survivor","Neutralize+1","REME_Flogging+1","PiercingWail","Masterful Stab","Endless Agony","Blade Dance","REME_ShadowForm","Terror+1","Blade Dance","Die Die Die","ReplayTheSpireMod:Tripwire","After Image+1","ReplayTheSpireMod:Faulty Equipment","Burst","Backstab+1","Tactician","Masterful Stab","Wraith Form v2","Spreading Infection","REME_GreenPollution+1","Shame"],"special_seed":0,"relics":["Ring of the Snake","REME_ComplimentaryCards","REME_PuzzleBoxRelic","Art of War","Vampiric Spirits","Ginger","Cursed Key","WarpedTongs","Replay:Bottled Steam","Counterbalance","Medical Kit","Replay:Bandana","Replay:Drink Me","Girya","Ring of Misfortune","ReplayTheSpireMod:Ring of Addiction","Chameleon Ring","White Beast Statue","Snack Pack","Blue Doll","Replay:PocketPolymizer"],"potions_floor_usage":[41,42,44,50,50],"damage_taken":[{"damage":6.0,"enemies":"2 Louse","floor":1.0,"turns":3.0},{"damage":0.0,"enemies":"Jaw Worm","floor":3.0,"turns":3.0},{"damage":0.0,"enemies":"Small Slimes","floor":4.0,"turns":4.0},{"damage":0.0,"enemies":"3 Louse","floor":5.0,"turns":3.0},{"damage":0.0,"enemies":"Looter","floor":10.0,"turns":2.0},{"damage":0.0,"enemies":"Exordium Thugs","floor":11.0,"turns":2.0},{"damage":0.0,"enemies":"Gremlin Nob","floor":13.0,"turns":2.0},{"damage":11.0,"enemies":"Exordium Wildlife","floor":14.0,"turns":3.0},{"damage":0.0,"enemies":"Hexaghost","floor":16.0,"turns":4.0},{"damage":0.0,"enemies":"2 Thieves","floor":18.0,"turns":2.0},{"damage":0.0,"enemies":"Spheric Guardian","floor":19.0,"turns":2.0},{"damage":10.0,"enemies":"Chosen and Byrds","floor":20.0,"turns":3.0},{"damage":11.0,"enemies":"Slavers","floor":23.0,"turns":3.0},{"damage":12.0,"enemies":"Cultist and Chosen","floor":24.0,"turns":4.0},{"damage":31.0,"enemies":"Shelled Parasite and Fungi","floor":25.0,"turns":3.0},{"damage":0.0,"enemies":"Replay:Snechameleon","floor":28.0,"turns":5.0},{"damage":28.0,"enemies":"Collector","floor":33.0,"turns":5.0},{"damage":3.0,"enemies":"3 Shapes","floor":35.0,"turns":3.0},{"damage":10.0,"enemies":"2 Orb Walkers","floor":36.0,"turns":2.0},{"damage":0.0,"enemies":"3 Darklings","floor":38.0,"turns":2.0},{"damage":0,"enemies":"Transient","floor":41,"turns":6},{"damage":0,"enemies":"Sphere and 2 Shapes","floor":42,"turns":1},{"damage":0,"enemies":"Maw","floor":44,"turns":5},{"damage":0,"enemies":"Spire Growth","floor":47,"turns":4},{"damage":7,"enemies":"Time Eater","floor":50,"turns":7}],"seed_played":"8021252108813459253","potions_obtained":[{"floor":3.0,"key":"Elixir"},{"floor":10.0,"key":"Explosive Potion"},{"floor":11.0,"key":"PowerPotion"},{"floor":23.0,"key":"Adrenaline Potion"},{"floor":25.0,"key":"Fire Potion"},{"floor":37.0,"key":"Dexterity Potion"},{"floor":38.0,"key":"Strength Potion"},{"floor":41,"key":"Energy Potion"},{"floor":42,"key":"FearPotion"},{"floor":44,"key":"SpeedPotion"},{"floor":47,"key":"Regen Potion"}],"is_trial":false,"path_per_floor":["M","?","M","M","M","R","?","R","T","M","M","?","E","M","R","B",null,"M","M","M","?","?","E","M","M","T","$","E","$","R","$","R","B",null,"M","?","?","M","?","R","M","M","T","M","T","R","M","$","R","B",null],"character_chosen":"THE_SILENT","items_purchased":["Medical Kit","Replay:PocketPolymizer"],"campfire_rested":0,"item_purchase_floors":[27,48],"current_hp_per_floor":[38,38,38,38,38,38,38,38,38,38,38,38,38,31,31,42,60,66,66,56,56,56,55,54,29,29,29,37,37,37,37,37,20,43,46,40,40,50,50,50,50,50,50,50,50,50,50,48,48,48],"gold":108,"neow_bonus":"REMOVE_TWO","is_prod":false,"is_daily":false,"chose_seed":false,"campfire_upgraded":4,"win_rate":0,"timestamp":1607518395,"path_taken":["M","?","M","M","M","R","?","R","T","M","M","?","E","M","R","BOSS","M","M","?","?","?","E","M","M","T","$","E","$","R","?","R","BOSS","M","?","?","M","?","R","M","M","T","?","?","R","M","?","R","BOSS"],"build_version":"2020-11-30","purchased_purges":3,"victory":true,"max_hp_per_floor":[66,66,66,66,66,66,66,66,66,66,66,66,66,66,66,66,66,66,66,66,66,66,66,66,66,66,66,66,66,66,66,66,66,50,50,50,50,50,50,50,50,50,50,50,50,50,50,48,48,48],"card_choices":[{"not_picked":["Slice","Sucker Punch","ReplayTheSpireMod:The Works"],"picked":"SKIP","floor":1.0},{"not_picked":["Deflect","Sucker Punch"],"picked":"PiercingWail","floor":3.0},{"not_picked":["Blur","Well Laid Plans"],"picked":"Masterful Stab","floor":4.0},{"not_picked":["Poisoned Stab","Sucker Punch"],"picked":"Endless Agony","floor":5.0},{"not_picked":["Deflect","Underhanded Strike"],"picked":"Blade Dance","floor":10.0},{"not_picked":["Acrobatics","PiercingWail"],"picked":"REME_ShadowForm","floor":11.0},{"not_picked":["Dagger Throw","Endless Agony"],"picked":"Terror","floor":13.0},{"not_picked":["Blade Dance","Slice","Dagger Throw"],"picked":"SKIP","floor":14.0},{"not_picked":["Slice","Dagger Throw"],"picked":"Blade Dance","floor":14.0},{"not_picked":["Phantasmal Killer","Tools of the Trade"],"picked":"Die Die Die","floor":16.0},{"not_picked":["Acrobatics","Bane","Deflect"],"picked":"SKIP","floor":18.0},{"not_picked":["Dash","Prepared"],"picked":"ReplayTheSpireMod:Tripwire","floor":19.0},{"not_picked":["Dodge and Roll","Acrobatics+1"],"picked":"After Image","floor":20.0},{"not_picked":["Replay:Poison Smokescreen","Predator","Dagger Spray"],"picked":"SKIP","floor":23.0},{"not_picked":["Slice","Predator","Blade Dance"],"picked":"SKIP","floor":24.0},{"not_picked":["Prepared","PiercingWail","Flying Knee+1"],"picked":"SKIP","floor":25.0},{"not_picked":["Slice","Crippling Poison","Sneak Up"],"picked":"SKIP","floor":28.0},{"not_picked":["A Thousand Cuts","Wraith Form v2"],"picked":"Burst","floor":33.0},{"not_picked":["Backflip","Bane"],"picked":"Backstab+1","floor":35.0},{"not_picked":["Dagger Throw+1","Hidden Blade"],"picked":"Tactician","floor":38.0},{"not_picked":["Slice+1","PiercingWail"],"picked":"Masterful Stab","floor":39},{"not_picked":["Underhanded Strike","Flying Knee"],"picked":"Wraith Form v2","floor":39},{"not_picked":["Endless Agony","Acrobatics","Deadly Poison"],"picked":"SKIP","floor":41},{"not_picked":["Skewer+1","Backstab+1","PiercingWail"],"picked":"SKIP","floor":42},{"not_picked":["PiercingWail","Deflect"],"picked":"REME_GreenPollution+1","floor":44},{"not_picked":["Poisoned Stab","Setup+1","Outmaneuver"],"picked":"SKIP","floor":47}],"player_experience":528181,"relics_obtained":[{"floor":9.0,"key":"REME_PuzzleBoxRelic"},{"floor":13.0,"key":"Vampiric Spirits"},{"floor":15.0,"key":"Ginger"},{"floor":23.0,"key":"Replay:Bottled Steam"},{"floor":26.0,"key":"Counterbalance"},{"floor":28.0,"key":"Replay:Bandana"},{"floor":36.0,"key":"Girya"},{"floor":37.0,"key":"Ring of Misfortune"},{"floor":37.0,"key":"ReplayTheSpireMod:Ring of Addiction"},{"floor":37.0,"key":"Chameleon Ring"},{"floor":37.0,"key":"White Beast Statue"},{"floor":43,"key":"Snack Pack"},{"floor":45,"key":"Blue Doll"}],"event_choices":[{"cards_removed":["Strike_G"],"damage_healed":0.0,"max_hp_gain":0.0,"max_hp_loss":0.0,"gold_gain":0.0,"event_name":"The Cleric","player_choice":"Card Removal","floor":7.0,"gold_loss":75.0,"damage_taken":0.0},{"damage_healed":0.0,"max_hp_gain":0.0,"max_hp_loss":0.0,"gold_gain":0.0,"event_name":"WeMeetAgain","player_choice":"Gave Potion","floor":12.0,"gold_loss":0.0,"damage_taken":0.0,"relics_obtained":["Art of War"]},{"cards_removed":["Strike_G"],"damage_healed":0.0,"max_hp_gain":0.0,"max_hp_loss":0.0,"gold_gain":0.0,"event_name":"Beggar","player_choice":"Gave Gold","floor":21.0,"gold_loss":75.0,"damage_taken":0.0},{"damage_healed":0.0,"max_hp_gain":0.0,"max_hp_loss":0.0,"gold_gain":0.0,"event_name":"Accursed Blacksmith","player_choice":"Rummage","floor":22.0,"gold_loss":0.0,"damage_taken":0.0,"relics_obtained":["WarpedTongs"],"cards_obtained":["Pain"]},{"damage_healed":0.0,"max_hp_gain":0.0,"max_hp_loss":0.0,"gold_gain":0.0,"event_name":"Mysterious Sphere","player_choice":"Fight","floor":36.0,"gold_loss":0.0,"damage_taken":0.0}],"is_beta":false,"boss_relics":[{"not_picked":["REME_LowDesire","Busted Crown"],"picked":"Cursed Key"},{"not_picked":["Coffee Dripper","Black Star"],"picked":"Replay:Drink Me"}],"items_purged_floors":[27,29,48],"is_endless":false,"potions_floor_spawned":[3,10,11,23,25,38,41,42,44,47],"ascension_level":19}}