{"host":"3ywfvwr1aolovtha","time":1607519259,"event":{"gold_per_floor":[999,1013,67,85,85,46,50,50],"floor_reached":55,"playtime":19539,"items_purged":["Luminous:Defend_Luminous"],"score":279,"play_id":"9e737b7d-10fa-49ce-b20a-f66748fe02ba","local_time":"20201209210739","is_ascension_mode":true,"campfire_choices":[],"neow_cost":"NONE","seed_source_timestamp":2402979357133439,"circlet_count":0,"master_deck":["Luminous:Light_Flash_Shower","Luminous:Light_Flash_Shower","Luminous:Light_Flash_Shower","Luminous:Dark_Abyssal_Drop","Luminous:Dark_Abyssal_Drop","Luminous:Dark_Abyssal_Drop","Luminous:Defend_Luminous","Luminous:Defend_Luminous","Luminous:Defend_Luminous","Luminous:Switch_Luminous","Luminous:Abyss_Heart_Luminous","REME_ProfessionalPlagiarism","REME_ProfessionalPlagiarism","Luminous:Dark_Moonlight_Spear","Luminous:Light_Disperse","Luminous:Abyss_Heart_Luminous","Luminous:Flash_Blink_Luminous","Luminous:Dark_Moonlight_Spear"],"relics":["Luminous:MirrorRelic","REME_ComplimentaryCards","DollysMirror","Dota2Spire:ShadowBlade","Dota2Spire:OrchidMalevolence"],"potions_floor_usage":[],"damage_taken":[{"damage":0,"enemies":"Cultist","floor":52,"turns":3},{"damage":5,"enemies":"Small Slimes","floor":52,"turns":3},{"damage":9,"enemies":"3 Sentries","floor":55,"turns":7}],"seed_played":"8662802137731780011","potions_obtained":[{"floor":52,"key":"Swift Potion"}],"is_trial":false,"path_per_floor":["M","$","M","?","$","E"],"character_chosen":"LuminousClass","items_purchased":["REME_ProfessionalPlagiarism","DollysMirror","Dota2Spire:ShadowBlade","Luminous:Dark_Moonlight_Spear","Dota2Spire:OrchidMalevolence","Luminous:Light_Disperse","Luminous:Abyss_Heart_Luminous","Luminous:Dark_Moonlight_Spear"],"campfire_rested":0,"item_purchase_floors":[51,51,51,51,51,51,51,54],"current_hp_per_floor":[82,82,82,77,77,77,68,68],"gold":50,"neow_bonus":"TEN_PERCENT_HP_BONUS","is_prod":false,"is_daily":false,"chose_seed":false,"campfire_upgraded":0,"win_rate":0.0,"timestamp":1607519259,"path_taken":["M","$","?","?","?","E"],"build_version":"2020-11-30","purchased_purges":1,"victory":false,"max_hp_per_floor":[82,82,82,82,82,82,82,82],"relic_stats":{"counters":[3,12],"obtain_stats":[{"DollysMirror":51,"Dota2Spire:OrchidMalevolence":51,"Dota2Spire:ShadowBlade":51,"DemoMod:GlassGuonStoneRelic":52,"Luminous:MirrorRelic":0,"REME_ComplimentaryCards":0},{"DollysMirror":1,"Dota2Spire:OrchidMalevolence":1,"Dota2Spire:ShadowBlade":1,"DemoMod:GlassGuonStoneRelic":2,"Luminous:MirrorRelic":0,"REME_ComplimentaryCards":0},{"DollysMirror":3,"Dota2Spire:OrchidMalevolence":3,"Dota2Spire:ShadowBlade":3,"DemoMod:GlassGuonStoneRelic":6,"Luminous:MirrorRelic":0,"REME_ComplimentaryCards":0}]},"card_choices":[{"not_picked":["Luminous:Dark_Morning_Star","Luminous:Light_Wash_Luminous"],"picked":"Luminous:Abyss_Heart_Luminous","floor":52},{"not_picked":["Luminous:Concentrate_Luminous","Luminous:Fast_Spell_Luminous"],"picked":"Luminous:Flash_Blink_Luminous","floor":52}],"player_experience":44594,"relics_obtained":[],"event_choices":[{"damage_healed":0,"gold_gain":0,"player_choice":"Ignored","damage_taken":0,"max_hp_gain":0,"max_hp_loss":0,"event_name":"NoteForYourself","floor":53,"gold_loss":0}],"is_beta":false,"boss_relics":[],"items_purged_floors":[51],"is_endless":false,"potions_floor_spawned":[52],"killed_by":"3 Sentries","ascension_level":0}}