{"host":"6o1vh5lr98s0jjq7","time":1607557324,"event":{"gold_per_floor":[99,134,203,203,203,218,291,311,343,343,362,382,394,394,404,404,404],"floor_reached":16,"playtime":763,"items_purged":[],"score":158,"play_id":"d97819f2-406a-4754-9828-eef68dc8039c","local_time":"20201209174204","is_ascension_mode":true,"campfire_choices":[{"floor":1,"key":"RECALL"}],"neow_cost":"NONE","seed_source_timestamp":785601993109300,"circlet_count":0,"master_deck":["Strike_MRS","Strike_MRS","Strike_MRS","Strike_MRS","Defend_MRS","Defend_MRS","Defend_MRS","MasterSpark","UpSweep","ChargeUpSpray","MagicAbsorber","DC+1","MagicAbsorber+1","FairyDestructionRay","CasketOfStar","NonDirectionalLaser","UltimateShortwave+1","AlicesGift","MysteriousBeam","GrandCross","MachineGunSpark"],"relics":["MiniHakkero","downfall:HeartsMalice","TungstenRod","Smiling Mask","Golden Egg","Art of War"],"potions_floor_usage":[9,11,16,16,16,16],"damage_taken":[{"damage":0,"enemies":"3 Sentries","floor":2,"turns":1},{"damage":0,"enemies":"Small Slimes","floor":5,"turns":1},{"damage":11,"enemies":"Jaw Worm","floor":6,"turns":2},{"damage":0,"enemies":"2 Louse","floor":8,"turns":1},{"damage":12,"enemies":"Lagavulin","floor":9,"turns":5},{"damage":0,"enemies":"Blue Slaver","floor":11,"turns":2},{"damage":5,"enemies":"3 Louse","floor":12,"turns":3},{"damage":10,"enemies":"Exordium Thugs","floor":13,"turns":3},{"damage":2,"enemies":"Large Slime","floor":15,"turns":3},{"damage":42,"enemies":"downfall:CharBossWatcher","floor":16,"turns":6}],"seed_played":"7356199692281610438","potions_obtained":[{"floor":3,"key":"SmokeBomb"},{"floor":6,"key":"Explosive Potion"},{"floor":8,"key":"ShroomBrew"},{"floor":9,"key":"Doom Potion"},{"floor":15,"key":"EntropicBrew"}],"is_trial":false,"path_per_floor":["R","E","?","?","M","M","T","M","E","T","M","M","M","?","M","B"],"character_chosen":"MARISA","items_purchased":[],"campfire_rested":0,"item_purchase_floors":[],"current_hp_per_floor":[75,75,75,75,75,64,64,64,52,52,52,47,37,37,35,0,0],"gold":404,"neow_bonus":"THREE_ENEMY_KILL","is_prod":false,"is_daily":false,"chose_seed":false,"campfire_upgraded":0,"win_rate":0,"timestamp":1607557324,"path_taken":["R","E","?","?","M","M","T","M","E","?","M","M","?","?","M","BOSS"],"build_version":"2020-11-30","purchased_purges":0,"victory":false,"max_hp_per_floor":[75,75,75,75,75,75,75,75,75,75,75,75,75,75,75,75,75],"card_choices":[{"not_picked":["GravityBeat","AsteroidBelt"],"picked":"ChargeUpSpray","floor":2},{"not_picked":["GravityBeat","GrandCross"],"picked":"MagicAbsorber","floor":3},{"not_picked":["Acceleration","WitchOfGreed"],"picked":"DC","floor":3},{"not_picked":["OortCloud","SprinkleStarSeal"],"picked":"FairyDestructionRay","floor":5},{"not_picked":["IllusionStar","RefractionSpark"],"picked":"CasketOfStar","floor":6},{"not_picked":["DoubleSpark","WitchLeyline"],"picked":"NonDirectionalLaser","floor":8},{"not_picked":["MilkyWay","GrandCross"],"picked":"UltimateShortwave","floor":9},{"not_picked":["IllusionStar","UnstableBomb"],"picked":"AlicesGift","floor":11},{"not_picked":["WitchLeyline","GravityBeat"],"picked":"MysteriousBeam","floor":12},{"not_picked":["EscapeVelocity","OneTimeOff"],"picked":"GrandCross","floor":13},{"not_picked":["GrandCross","NonDirectionalLaser"],"picked":"MachineGunSpark","floor":15}],"player_experience":174797,"relics_obtained":[{"floor":2,"key":"TungstenRod"},{"floor":3,"key":"Smiling Mask"},{"floor":7,"key":"Golden Egg"},{"floor":9,"key":"Art of War"}],"event_choices":[{"damage_healed":0,"gold_gain":0,"player_choice":"Grow","damage_taken":0,"max_hp_gain":0,"max_hp_loss":0,"event_name":"Living Wall","floor":14,"gold_loss":0,"cards_upgraded":["DC"]}],"is_beta":false,"boss_relics":[],"items_purged_floors":[],"is_endless":false,"potions_floor_spawned":[6,8,9,15],"killed_by":"downfall:CharBossWatcher","ascension_level":3}}