{"host":"jm9833yuloeli2yd","time":1607546906,"event":{"gold_per_floor":[211,224,242,261,2,29,29,29,29,57,76,101,101,17,17,94,94,106,17,37,37,56,56,56],"floor_reached":23,"playtime":566,"items_purged":["Strike_B","Strike_B"],"score":422,"play_id":"fcd73579-a5f7-4632-abb4-122f40b61b31","local_time":"20201209154826","is_ascension_mode":true,"campfire_choices":[{"data":"Zap","floor":7.0,"key":"SMITH"},{"floor":15.0,"key":"REST"}],"neow_cost":"NONE","seed_source_timestamp":772806231944600,"circlet_count":0,"master_deck":["AscendersBane","Strike_B","Strike_B","Defend_B","Defend_B","Defend_B","Defend_B","Zap+1","Dualcast","Ball Lightning","Hologram","Steam","Ball Lightning","Hologram","Double Energy","Turbo","Hyperbeam","Electrodynamics","Consume","FTL","Ghostly","Ghostly","Ghostly","Glacier"],"special_seed":0,"relics":["Cracked Core","Membership Card","Lizard Tail","Torii","Incense Burner","Emotion Chip","Pocketwatch","Akabeko","Runic Capacitor","Sozu"],"potions_floor_usage":[18],"damage_taken":[{"damage":0.0,"enemies":"Small Slimes","floor":1.0,"turns":3.0},{"damage":0.0,"enemies":"2 Louse","floor":2.0,"turns":2.0},{"damage":0.0,"enemies":"Cultist","floor":3.0,"turns":3.0},{"damage":16.0,"enemies":"Blue Slaver","floor":4.0,"turns":4.0},{"damage":30.0,"enemies":"Lagavulin","floor":6.0,"turns":7.0},{"damage":32.0,"enemies":"3 Sentries","floor":10.0,"turns":6.0},{"damage":1.0,"enemies":"Exordium Wildlife","floor":11.0,"turns":5.0},{"damage":31.0,"enemies":"Gremlin Nob","floor":12.0,"turns":4.0},{"damage":1,"enemies":"Slime Boss","floor":16,"turns":5},{"damage":16,"enemies":"Shell Parasite","floor":18,"turns":6},{"damage":23,"enemies":"2 Thieves","floor":20,"turns":3},{"damage":9,"enemies":"Snake Plant","floor":22,"turns":4},{"damage":12,"enemies":"Gremlin Leader","floor":23,"turns":1}],"seed_played":"7497373491206572241","potions_obtained":[{"floor":1.0,"key":"FearPotion"},{"floor":10.0,"key":"ColorlessPotion"},{"floor":11.0,"key":"Swift Potion"},{"floor":16,"key":"Weak Potion"}],"is_trial":false,"path_per_floor":["M","M","M","M","$","E","R","?","T","E","M","E","?","$","R","B",null,"M","$","M","?","M","E"],"character_chosen":"DEFECT","items_purchased":["Membership Card","FairyPotion","Runic Capacitor","FTL"],"campfire_rested":1,"item_purchase_floors":[5,5,14,19],"current_hp_per_floor":[64,64,64,48,48,18,18,21,21,35,34,3,3,3,24,23,59,43,43,20,20,11,0,0],"gold":56,"neow_bonus":"HUNDRED_GOLD","is_prod":false,"is_daily":false,"chose_seed":false,"campfire_upgraded":1,"win_rate":0,"timestamp":1607546906,"path_taken":["M","M","M","M","$","E","R","?","T","E","M","E","?","$","R","BOSS","M","?","M","?","?","E"],"build_version":"2020-11-30","purchased_purges":2,"victory":false,"max_hp_per_floor":[71,71,71,71,71,71,71,71,71,71,71,71,71,71,71,71,71,71,71,71,35,35,35,35],"card_choices":[{"not_picked":["Consume","Barrage"],"picked":"Ball Lightning","floor":1.0},{"not_picked":["Heatsinks","Barrage"],"picked":"Hologram","floor":2.0},{"not_picked":["Barrage","Reprogram"],"picked":"Steam","floor":3.0},{"not_picked":["Chill","Blizzard"],"picked":"Ball Lightning","floor":4.0},{"not_picked":["Storm","Double Energy"],"picked":"Hologram","floor":6.0},{"not_picked":["White Noise","Meteor Strike"],"picked":"Double Energy","floor":10.0},{"not_picked":["Conserve Battery","Sweeping Beam"],"picked":"Turbo","floor":11.0},{"not_picked":["Steam","Blizzard"],"picked":"Hyperbeam","floor":12.0},{"not_picked":["Machine Learning","Hyperbeam"],"picked":"Electrodynamics","floor":16},{"not_picked":["Go for the Eyes","Turbo"],"picked":"Consume","floor":18},{"not_picked":["Reinforced Body","Conserve Battery","Sweeping Beam"],"picked":"SKIP","floor":20},{"not_picked":["Leap","Gash"],"picked":"Glacier","floor":22}],"player_experience":982883,"relics_obtained":[{"floor":6.0,"key":"Lizard Tail"},{"floor":9.0,"key":"Incense Burner"},{"floor":10.0,"key":"Emotion Chip"},{"floor":12.0,"key":"Pocketwatch"}],"event_choices":[{"damage_healed":0.0,"max_hp_gain":0.0,"max_hp_loss":0.0,"gold_gain":0.0,"event_name":"Scrap Ooze","player_choice":"Success","floor":8.0,"gold_loss":0.0,"damage_taken":18.0,"relics_obtained":["Torii"]},{"damage_healed":0.0,"max_hp_gain":0.0,"max_hp_loss":0.0,"gold_gain":0.0,"event_name":"WeMeetAgain","player_choice":"Gave Potion","floor":13.0,"gold_loss":0.0,"damage_taken":0.0,"relics_obtained":["Akabeko"]},{"damage_healed":0,"gold_gain":0,"player_choice":"Became a Ghost","damage_taken":0,"max_hp_gain":0,"max_hp_loss":36,"event_name":"Ghosts","floor":21,"gold_loss":0,"cards_obtained":["Ghostly","Ghostly","Ghostly"]}],"is_beta":false,"boss_relics":[{"not_picked":["Fusion Hammer","Ectoplasm"],"picked":"Sozu"}],"items_purged_floors":[5,19],"is_endless":false,"potions_floor_spawned":[1,10,11,16,20],"killed_by":"Gremlin Leader","ascension_level":20}}