{"host":"agela5aetnmltfvm","time":1607538074,"event":{"gold_per_floor":[118,153,153,165,179,179,200,220,220,254,248,248,248,18,18,48,48],"floor_reached":16,"playtime":566,"items_purged":["hierophant:Defend_Hierophant"],"score":110,"play_id":"83121f0b-259e-426e-88b1-4d5138a5809e","local_time":"20201210022114","is_ascension_mode":false,"campfire_choices":[{"data":"hierophant:Upheaval","floor":6,"key":"SMITH"},{"data":"hierophant:ChurchCoffers","floor":12,"key":"SMITH"},{"data":"hierophant:OrnateBuckler","floor":15,"key":"SMITH"}],"neow_cost":"NONE","seed_source_timestamp":14832650179600,"circlet_count":0,"master_deck":["hierophant:Strike_Hierophant","hierophant:Strike_Hierophant","hierophant:Strike_Hierophant","hierophant:Strike_Hierophant","hierophant:Punish","hierophant:Defend_Hierophant","hierophant:Defend_Hierophant","hierophant:ChurchCoffers+1","Dramatic Entrance","hierophant:ThreeLashes","hierophant:Mercenaries","hierophant:OrnateBuckler+1","hierophant:Upheaval+1","hierophant:SealAway","hierophant:Embezzle"],"relics":["hierophant:PropheticMaskRelic","CaptainsWheel","StoneCalendar","Thread and Needle","BranchBurnRelic","Happy Flower"],"potions_floor_usage":[10,16],"damage_taken":[{"damage":0,"enemies":"Small Slimes","floor":1,"turns":2},{"damage":6,"enemies":"Jaw Worm","floor":4,"turns":2},{"damage":0,"enemies":"2 Louse","floor":5,"turns":2},{"damage":0,"enemies":"Exordium Wildlife","floor":7,"turns":3},{"damage":14,"enemies":"Gremlin Nob","floor":8,"turns":3},{"damage":10,"enemies":"Lagavulin","floor":10,"turns":5},{"damage":0,"enemies":"Large Slime","floor":11,"turns":4},{"damage":45,"enemies":"Hexaghost","floor":16,"turns":9}],"seed_played":"7882299580003582243","potions_obtained":[{"floor":1,"key":"Regen Potion"},{"floor":5,"key":"Cursed Concoction"},{"floor":8,"key":"SkillPotion"},{"floor":11,"key":"SteroidPotion"}],"is_trial":false,"path_per_floor":["M","?","?","M","M","R","M","E","T","E","M","R","?","$","R","B"],"character_chosen":"HIEROPHANT","items_purchased":["Happy Flower"],"campfire_rested":0,"item_purchase_floors":[14],"current_hp_per_floor":[75,45,45,39,39,39,39,25,25,30,30,30,30,30,30,0,0],"gold":48,"neow_bonus":"RANDOM_COLORLESS","is_prod":false,"is_daily":false,"chose_seed":false,"campfire_upgraded":3,"win_rate":0.0,"timestamp":1607538074,"path_taken":["M","?","?","M","M","R","M","E","T","E","M","R","?","$","R","BOSS"],"build_version":"2020-11-30","purchased_purges":1,"victory":false,"max_hp_per_floor":[75,75,75,75,75,75,75,75,75,75,75,75,75,75,75,75,75],"card_choices":[{"not_picked":["ReplayTheSpireMod:Trickstab","Swift Strike"],"picked":"Dramatic Entrance","floor":0},{"not_picked":["hierophant:Encroach","hierophant:SealAway"],"picked":"hierophant:ThreeLashes","floor":1},{"not_picked":["hierophant:PassingBell","hierophant:ThreeLashes"],"picked":"hierophant:Mercenaries","floor":2},{"not_picked":["hierophant:Chorus","hierophant:Remorse"],"picked":"hierophant:OrnateBuckler","floor":4},{"not_picked":["hierophant:Exaltation","hierophant:TollTheBells"],"picked":"hierophant:Upheaval","floor":5},{"not_picked":["hierophant:FlamingChariot","hierophant:SolarFlare"],"picked":"hierophant:SealAway","floor":7},{"not_picked":["hierophant:AuricBeam","hierophant:Patience"],"picked":"hierophant:Embezzle","floor":8},{"not_picked":["hierophant:Doubloon","hierophant:Repentance","hierophant:Zeal"],"picked":"SKIP","floor":10},{"not_picked":["hierophant:MorningPrayer","hierophant:Remorse","hierophant:MirrorShield"],"picked":"SKIP","floor":11}],"player_experience":494707,"relics_obtained":[{"floor":2,"key":"CaptainsWheel"},{"floor":8,"key":"StoneCalendar"},{"floor":9,"key":"Dead Branch"},{"floor":10,"key":"Thread and Needle"}],"event_choices":[{"damage_healed":0,"gold_gain":0,"player_choice":"Ignored","damage_taken":0,"max_hp_gain":0,"max_hp_loss":0,"event_name":"Shining Light","floor":3,"gold_loss":0}],"is_beta":false,"boss_relics":[],"items_purged_floors":[14],"is_endless":false,"potions_floor_spawned":[1,5,8,11],"killed_by":"Hexaghost","ascension_level":0}}