{"host":"6z6y4ky8uzsz1dpj","time":1607527582,"event":{"gold_per_floor":[110,122,122,136,156,156,170,181,181,210,228,239,250,250,250,250],"floor_reached":14,"playtime":962,"items_purged":[],"score":98,"play_id":"24120980-c6a6-4b3b-98bd-64957f66ffc7","local_time":"20201209102622","is_ascension_mode":false,"metric_token":1042,"campfire_choices":[{"data":"PokerPlayerMod:Diamond1","floor":6,"key":"SMITH"}],"neow_cost":"NONE","seed_source_timestamp":262667475991400,"circlet_count":0,"master_deck":["PokerPlayerMod:Diamond2","PokerPlayerMod:Diamond2","PokerPlayerMod:Diamond3","PokerPlayerMod:Diamond4","PokerPlayerMod:Diamond5","PokerPlayerMod:Spade2","PokerPlayerMod:Spade2","PokerPlayerMod:Spade3","PokerPlayerMod:Spade4","PokerPlayerMod:Club1","PokerPlayerMod:Club2","PokerPlayerMod:Heart2","PokerPlayerMod:TrumpStrike","PokerPlayerMod:BadJoker","PokerPlayerMod:Mulligan","PokerPlayerMod:Raise","PokerPlayerMod:Club3","PokerPlayerMod:Heart3","PokerPlayerMod:HiddenCard","PokerPlayerMod:Diamond3","PokerPlayerMod:ClubShade","PokerPlayerMod:Diamond8","PokerPlayerMod:Raise","PokerPlayerMod:ClubsClub","PokerPlayerMod:Club6"],"relics":["PokerPlayerMod:DeckCase","Gremlin Food","Regal Pillow"],"potions_floor_usage":[],"damage_taken":[{"damage":11,"enemies":"Jaw Worm","floor":1,"turns":4},{"damage":2,"enemies":"Cultist","floor":2,"turns":3},{"damage":0,"enemies":"2 Louse","floor":4,"turns":2},{"damage":0,"enemies":"Gremlin Gang","floor":5,"turns":3},{"damage":6,"enemies":"Exordium Wildlife","floor":7,"turns":3},{"damage":0,"enemies":"Exordium Thugs","floor":8,"turns":2},{"damage":22,"enemies":"Gremlin Nob","floor":10,"turns":5},{"damage":7,"enemies":"Looter","floor":11,"turns":3},{"damage":7,"enemies":"2 Fungi Beasts","floor":12,"turns":2},{"damage":1,"enemies":"Lots of Slimes","floor":13,"turns":2},{"damage":34,"enemies":"Lagavulin","floor":14,"turns":3}],"seed_played":"2352292623248901350","potions_obtained":[{"floor":2,"key":"Fire Potion"},{"floor":7,"key":"ColorlessPotion"},{"floor":10,"key":"ColorlessPotion"},{"floor":11,"key":"Adrenaline Potion"},{"floor":12,"key":"SpeedPotion"}],"is_trial":false,"path_per_floor":["M","M","?","M","M","R","M","M","T","E","M","M","M","E"],"character_chosen":"THE_POKER_PLAYER","items_purchased":[],"campfire_rested":0,"item_purchase_floors":[],"current_hp_per_floor":[50,51,51,51,57,57,51,57,57,35,35,28,31,0,0,0],"gold":250,"neow_bonus":"TEN_PERCENT_HP_BONUS","is_prod":false,"is_daily":false,"chose_seed":false,"campfire_upgraded":1,"win_rate":0.0,"timestamp":1607527582,"path_taken":["M","M","?","M","M","R","M","M","T","E","M","M","M","E"],"build_version":"2020-11-30","purchased_purges":0,"victory":false,"max_hp_per_floor":[57,57,57,57,57,57,57,57,57,57,57,57,57,57,57,57],"card_choices":[{"not_picked":["PokerPlayerMod:Club3","PokerPlayerMod:Diamond4"],"picked":"PokerPlayerMod:Raise","floor":1},{"not_picked":["PokerPlayerMod:Spade5","PokerPlayerMod:RiskyBet"],"picked":"PokerPlayerMod:Club3","floor":2},{"not_picked":["PokerPlayerMod:Configure","PokerPlayerMod:Heart4"],"picked":"PokerPlayerMod:Heart3","floor":4},{"not_picked":["PokerPlayerMod:Diamond1","PokerPlayerMod:Diamond4"],"picked":"PokerPlayerMod:HiddenCard","floor":5},{"not_picked":["PokerPlayerMod:Trickery","PokerPlayerMod:ClubDance"],"picked":"PokerPlayerMod:Diamond3","floor":7},{"not_picked":["PokerPlayerMod:PoorCopy","PokerPlayerMod:Fold"],"picked":"PokerPlayerMod:ClubShade","floor":8},{"not_picked":["PokerPlayerMod:WasteCollection","PokerPlayerMod:Raise"],"picked":"PokerPlayerMod:Diamond8","floor":10},{"not_picked":["PokerPlayerMod:Diamond2","PokerPlayerMod:Diamond1"],"picked":"PokerPlayerMod:Raise","floor":11},{"not_picked":["PokerPlayerMod:Diamond1","PokerPlayerMod:Spade3"],"picked":"PokerPlayerMod:ClubsClub","floor":12},{"not_picked":["PokerPlayerMod:Diamond1","PokerPlayerMod:DiamondStrike"],"picked":"PokerPlayerMod:Club6","floor":13}],"player_experience":154196,"relics_obtained":[{"floor":9,"key":"Gremlin Food"},{"floor":10,"key":"Regal Pillow"}],"event_choices":[{"damage_healed":0,"gold_gain":0,"player_choice":"Forge","damage_taken":0,"max_hp_gain":0,"max_hp_loss":0,"event_name":"Accursed Blacksmith","floor":3,"gold_loss":0,"cards_upgraded":["PokerPlayerMod:Spade2"]}],"is_beta":false,"boss_relics":[],"items_purged_floors":[],"is_endless":false,"potions_floor_spawned":[2,7,10,11,12],"killed_by":"Lagavulin","ascension_level":0}}