{"host":"hfcva6mq15ctj0gu","time":1607483937,"event":{"gold_per_floor":[2402,2359,1529,1704,1758,1182,1230,1230,1281,610,624,624,589,603,122,225,225,243,243,274,291,8,55,55,55,55,85,85,12702,12075,12109,11216,11314,11314,11326,11601,11631,11755,10973,10998,11017,11042,11042,11042,11042,11042,10370,10443,9905,9925],"floor_reached":51,"playtime":2172,"items_purged":[],"score":1601,"play_id":"15c5a0bc-8be6-4dc5-9d44-59f50e65a6db","local_time":"20201209041857","is_ascension_mode":false,"campfire_choices":[{"floor":46,"key":"RECALL"}],"neow_cost":"","seed_source_timestamp":59567171027900,"circlet_count":0,"master_deck":["MastersStateliness+1","Ultimatum+1","Panache+1","ScarletDevil+1","FitfulNightmare+1","FavorOfDestiny+1","StarOfDavid+1","VampireKiss+1","TwelveNightmare+1","ScarletImprint+1","BloodySeventeenLaser+1","MastersStateliness+1","CeilingFear+1","Stigmanizer+1","BloodySeventeenLaser+1","QueenOfMidnight+1","BloodyMagicSquare+1","MastersStateliness+1","KillingBlow+1","Panache+1","MiserableFate+1","Madness+1","BloodySeventeenLaser+1","Mayhem+1","ScarletMeister+1","MastersStateliness+1","GlobalNightmare+1","GlobalNightmare+1","Panache+1","FavorOfDestiny+1","ScarletImprint+1","MastersStateliness+1","Madness+1","Madness+1","FavorOfDestiny+1","Mayhem+1","ScarletDream+1","Panache+1","MastersStateliness+1","ReincarnationDial+1"],"relics":["ScarletHat","Hammer of Thor","Seething Fire","Anvil of the Gods","TentaclePot:ReiMu","Vajra","PureWhite:ReiMu","Bird Faced Urn","PreservedInsect","MerchantsRug","Orichalcum","betterThird:SlimedRelic","Mummified Hand","HandDrill","Art of War","Sling","Kunai","Blood Vial","RuthlessExorcism:ReiMu","Bottled Flame","Unceasing Top","KratosMod:chalice","Calipers","Medical Kit","Fusion Hammer","Bag of Marbles","Anchor","betterThird:NestCultRelic","Shuriken","Pen Nib","Dead Branch","Dream Catcher","Lee\u0027s Waffle","RedBat","Omamori","ClockworkSouvenir","Prayer Wheel","Chemical X","TungstenRod","Frozen Egg 2","Philosopher\u0027s Stone","Mercury Hourglass","Ice Cream","Ancient Tea Set","OrangePellets","Lantern","Juzu Bracelet","Ornamental Fan","Boot","TheAbacus","War Paint","CatCart","Membership Card","Oddly Smooth Stone","Torii"],"potions_floor_usage":[],"damage_taken":[{"damage":0,"enemies":"Small Slimes","floor":1,"turns":2},{"damage":0,"enemies":"Lagavulin","floor":7,"turns":2},{"damage":0,"enemies":"Jaw Worm","floor":11,"turns":1},{"damage":1,"enemies":"2 Louse","floor":14,"turns":1},{"damage":119,"enemies":"Hexaghost","floor":16,"turns":1},{"damage":128,"enemies":"Chosen","floor":18,"turns":1},{"damage":143,"enemies":"Shell Parasite","floor":21,"turns":1},{"damage":154,"enemies":"Gremlin Leader","floor":23,"turns":1},{"damage":13,"enemies":"Book of Stabbing","floor":27,"turns":2},{"damage":1,"enemies":"Slavers","floor":31,"turns":1},{"damage":223,"enemies":"Automaton","floor":33,"turns":2},{"damage":222,"enemies":"3 Shapes","floor":35,"turns":1},{"damage":229,"enemies":"Orb Walker","floor":37,"turns":1},{"damage":130,"enemies":"Nemesis","floor":40,"turns":1},{"damage":3,"enemies":"3 Darklings","floor":41,"turns":1},{"damage":9,"enemies":"Giant Head","floor":42,"turns":1},{"damage":299,"enemies":"Orin","floor":48,"turns":2},{"damage":306,"enemies":"Awakened One","floor":50,"turns":2}],"seed_played":"-2022221602574451460","potions_obtained":[{"floor":11,"key":"Weak Potion"},{"floor":21,"key":"Dexterity Potion"},{"floor":27,"key":"BlessingOfTheForge"},{"floor":28,"key":"LazyBrew"},{"floor":28,"key":"LazyBrew"},{"floor":28,"key":"LazyBrew"},{"floor":38,"key":"FairyPotion"}],"is_trial":false,"path_per_floor":["M","?","$","?","?","R","E","?","T","$","M","?","?","M","R","B",null,"M","?","$","M","$","E","?","?","T","E","?","$","R","E","R","B",null,"M","?","M","?","$","E","M","E","T","?","?","R","$","?","R","B",null],"character_chosen":"REMILIA","items_purchased":["TentaclePot:ReiMu","Vajra","PreservedInsect","MerchantsRug","MastersStateliness","Orichalcum","Mummified Hand","Panache","HandDrill","Art of War","ScarletDevil","FitfulNightmare","Sling","Kunai","FavorOfDestiny","StarOfDavid","VampireKiss","TwelveNightmare","BloodySeventeenLaser","Bottled Flame","Unceasing Top","MastersStateliness","MastersStateliness","Calipers","Medical Kit","Bag of Marbles","Panache","Dead Branch","Dream Catcher","Lee\u0027s Waffle","MiserableFate","RedBat","Omamori","ClockworkSouvenir","Madness","Chemical X","TungstenRod","Mayhem","Frozen Egg 2","Ice Cream","Ancient Tea Set","OrangePellets","Panache+1","Boot","TheAbacus","War Paint","FavorOfDestiny","Mayhem+1","Membership Card","Oddly Smooth Stone","Torii","Panache+1","MastersStateliness+1","ReincarnationDial"],"campfire_rested":0,"item_purchase_floors":[0,0,0,0,0,0,3,3,3,3,3,3,6,6,6,6,6,6,10,10,10,10,15,15,15,22,22,29,29,29,29,30,30,30,30,32,32,32,32,39,39,39,39,47,47,47,47,47,49,49,49,49,49,49],"current_hp_per_floor":[52,51,61,71,81,91,113,123,133,143,157,167,215,225,235,245,255,265,275,285,295,305,315,325,342,352,352,362,389,399,409,419,212,439,449,459,240,250,260,278,287,295,305,250,549,559,569,582,592,602],"gold":9925,"neow_bonus":"","is_prod":false,"is_daily":false,"chose_seed":false,"campfire_upgraded":0,"win_rate":1,"timestamp":1607483937,"path_taken":["M","?","$","?","?","R","E","?","T","?","?","?","?","?","R","BOSS","M","?","$","?","?","E","?","?","T","E","?","?","R","E","R","BOSS","M","?","?","?","$","E","?","E","T","?","?","R","$","?","R","BOSS"],"build_version":"2020-11-30","purchased_purges":0,"victory":true,"max_hp_per_floor":[95,105,115,125,135,145,155,165,175,185,195,205,215,225,235,245,255,265,275,285,295,305,315,325,342,352,362,372,389,399,409,419,429,439,449,459,469,479,489,499,509,519,529,539,549,559,569,582,592,602],"card_choices":[{"not_picked":["Stigmanizer","EndlessAdversity"],"picked":"Ultimatum","floor":1},{"not_picked":["UnstableMagic","EndlessAdversity"],"picked":"ScarletImprint","floor":7},{"not_picked":["NightDance","CharismaGuard"],"picked":"CeilingFear","floor":11},{"not_picked":["ScarletDevil","NightLord"],"picked":"BloodyMagicSquare","floor":14},{"not_picked":["TransientEternity","HellCatastrophe"],"picked":"KillingBlow","floor":16},{"not_picked":["RedRainbow+1","StarOfDavid+1","AfternoonTea+1"],"picked":"SKIP","floor":18},{"not_picked":["UnstableMagic+1","UnderTheZenith","BadLadyScramble+1"],"picked":"SKIP","floor":21},{"not_picked":["VampireKiss","ScarletSymphony","EternalNight"],"picked":"SKIP","floor":23},{"not_picked":["TransientEternity","ScarletSymphony","AfternoonTea+1"],"picked":"SKIP","floor":27},{"not_picked":["LeisurelyOfLord+1","StarOfDavid"],"picked":"BloodySeventeenLaser","floor":31},{"not_picked":["CeilingFear","CurseOfVladTepes+1"],"picked":"ScarletMeister+1","floor":33},{"not_picked":["VampireKiss+1","StarOfDavid"],"picked":"MastersStateliness+1","floor":35},{"not_picked":["CharismaGuard+1","DevilSight+1"],"picked":"GlobalNightmare","floor":35},{"not_picked":["BombardNight","EndlessAdversity"],"picked":"GlobalNightmare","floor":37},{"not_picked":["ChainGang","UnstableMagic+1","ScarletDevil"],"picked":"SKIP","floor":37},{"not_picked":["HandOfGreed","Metamorphosis","Impatience"],"picked":"SKIP","floor":38},{"not_picked":["Stigmanizer","CharismaGuard+1"],"picked":"FavorOfDestiny+1","floor":40},{"not_picked":["Stigmanizer+1","ForbiddenFruit+1"],"picked":"ScarletImprint+1","floor":41},{"not_picked":["BloodyTrap+1","NightDance+1","NightLord"],"picked":"SKIP","floor":41},{"not_picked":["DiffusionOfMisfortune+1","BombardNight"],"picked":"MastersStateliness+1","floor":42},{"not_picked":["EternalNight","NightDance+1"],"picked":"ScarletDream+1","floor":48}],"player_experience":73443,"relics_obtained":[{"floor":7,"key":"Blood Vial"},{"floor":9,"key":"RuthlessExorcism:ReiMu"},{"floor":23,"key":"Anchor"},{"floor":26,"key":"Shuriken"},{"floor":27,"key":"Pen Nib"},{"floor":31,"key":"Prayer Wheel"},{"floor":38,"key":"Mercury Hourglass"},{"floor":40,"key":"Lantern"},{"floor":42,"key":"Juzu Bracelet"},{"floor":43,"key":"Ornamental Fan"},{"floor":48,"key":"CatCart"}],"event_choices":[{"damage_healed":0,"gold_gain":0,"player_choice":"Slimed","damage_taken":11,"max_hp_gain":0,"max_hp_loss":0,"event_name":"betterThird:BetterGoop","floor":2,"gold_loss":43},{"damage_healed":0,"gold_gain":175,"player_choice":"AGREE","damage_taken":1529,"max_hp_gain":0,"max_hp_loss":0,"event_name":"betterThird:BetterSerpent","floor":4,"gold_loss":0},{"damage_healed":0,"gold_gain":54,"player_choice":"Gained Gold","damage_taken":0,"max_hp_gain":0,"max_hp_loss":0,"event_name":"Golden Wing","floor":5,"gold_loss":0},{"damage_healed":0,"gold_gain":0,"player_choice":"Box","damage_taken":0,"relics_obtained":["Smiling Mask"],"max_hp_gain":0,"max_hp_loss":0,"event_name":"Big Fish","floor":8,"gold_loss":0,"cards_obtained":["Regret"]},{"damage_healed":51,"gold_gain":0,"player_choice":"Healed","damage_taken":0,"max_hp_gain":0,"max_hp_loss":0,"event_name":"The Cleric","floor":13,"gold_loss":35},{"damage_healed":0,"gold_gain":0,"player_choice":"Ignored","damage_taken":0,"max_hp_gain":0,"max_hp_loss":0,"event_name":"betterNote:BetterNote","floor":19,"gold_loss":0,"cards_obtained":["StarOfDavid"]},{"damage_healed":0,"gold_gain":0,"player_choice":"Madness","damage_taken":0,"relics_obtained":["betterThird:NestCultRelic"],"max_hp_gain":0,"max_hp_loss":0,"event_name":"betterThird:BetterNest","floor":24,"gold_loss":0},{"damage_healed":0,"gold_gain":0,"player_choice":"Stole Relic","damage_taken":0,"relics_obtained":["Strawberry"],"max_hp_gain":0,"max_hp_loss":0,"event_name":"Addict","floor":25,"gold_loss":0,"cards_obtained":["Shame"]},{"damage_healed":0,"gold_gain":275,"player_choice":"Desecrate","damage_taken":0,"max_hp_gain":0,"max_hp_loss":0,"event_name":"Golden Shrine","floor":36,"gold_loss":0,"cards_obtained":["Regret"]},{"damage_healed":0,"gold_gain":0,"player_choice":"Random: Red","damage_taken":0,"max_hp_gain":0,"max_hp_loss":0,"event_name":"betterThird:BetterPortal","floor":38,"gold_loss":0},{"damage_healed":0,"gold_gain":0,"player_choice":"Embrace Madness","damage_taken":66,"max_hp_gain":0,"max_hp_loss":0,"event_name":"Winding Halls","floor":44,"gold_loss":0,"cards_obtained":["Madness","Madness"]},{"damage_healed":289,"gold_gain":0,"player_choice":"Heal","damage_taken":0,"max_hp_gain":0,"max_hp_loss":0,"event_name":"MindBloom","floor":45,"gold_loss":0,"cards_obtained":["Doubt"]},{"damage_healed":0,"gold_gain":0,"player_choice":"Fight","damage_taken":0,"max_hp_gain":0,"max_hp_loss":0,"event_name":"OrinTheCat","floor":48,"gold_loss":0}],"is_beta":false,"boss_relics":[{"not_picked":["Sozu","Ectoplasm"],"picked":"Fusion Hammer"},{"not_picked":["Cursed Key","Pandora\u0027s Box"],"picked":"Philosopher\u0027s Stone"}],"items_purged_floors":[],"is_endless":false,"potions_floor_spawned":[11,21,27,40,42],"ascension_level":0}}