{"host":"kyy1kus4tsuq869y","time":1607510381,"event":{"gold_per_floor":[118,268,287,287,287,366,366,134,134,134,190,216,216,245,245,245,245],"floor_reached":16,"playtime":300,"items_purged":[],"score":247,"play_id":"9d4b7795-f56f-401a-a2fc-7a93dfc218cc","local_time":"20201209183941","is_ascension_mode":true,"campfire_choices":[{"data":"Fire Breathing","floor":13,"key":"SMITH"},{"data":"Evolve","floor":15,"key":"SMITH"}],"neow_cost":"NONE","seed_source_timestamp":10816661209200,"circlet_count":0,"master_deck":["AscendersBane","Strike_R","Strike_R","Strike_R","Strike_R","Strike_R","Defend_R","Defend_R","Defend_R","Defend_R","Bash","Headbutt","Doubt","Evolve+1","Spreading Infection","Impervious+1","Fire Breathing+1"],"special_seed":0,"relics":["Burning Blood","NeowsBlessing","ReplayTheSpireMod:Ring of Challenge","hubris:Towel","Replay:Bottled Flurry","Brimstone","Gremlin Horn","PreservedInsect","Orichalcum"],"potions_floor_usage":[11],"damage_taken":[{"damage":0.0,"enemies":"2 Louse","floor":1.0,"turns":1.0},{"damage":0.0,"enemies":"Jaw Worm","floor":3.0,"turns":1.0},{"damage":0.0,"enemies":"Gremlin Nob","floor":6.0,"turns":2.0},{"damage":5,"enemies":"Cultist","floor":11,"turns":3},{"damage":19,"enemies":"Lagavulin","floor":12,"turns":6},{"damage":18,"enemies":"Gremlin Nob","floor":14,"turns":3},{"damage":50,"enemies":"Hexaghost","floor":16,"turns":7}],"seed_played":"-8731477315798955761","potions_obtained":[{"floor":1.0,"key":"SteroidPotion"}],"is_trial":false,"path_per_floor":["M","?","M","?","?","E","?","$","T","$","M","E","R","E","R","B"],"character_chosen":"IRONCLAD","items_purchased":["Fire Breathing","Brimstone"],"campfire_rested":0,"item_purchase_floors":[8,8],"current_hp_per_floor":[74,74,75,75,75,75,75,75,75,75,75,62,62,50,50,0,0],"gold":245,"neow_bonus":"THREE_ENEMY_KILL","is_prod":false,"is_daily":false,"chose_seed":false,"campfire_upgraded":2,"win_rate":0,"timestamp":1607510381,"path_taken":["M","?","M","?","?","E","?","$","T","?","?","E","R","E","R","BOSS"],"build_version":"2020-11-30","purchased_purges":0,"victory":false,"max_hp_per_floor":[75,75,75,75,75,75,75,75,75,75,75,75,75,75,75,75,75],"card_choices":[{"not_picked":["ReplayTheSpireMod:Strike From Hell","Cleave"],"picked":"Headbutt","floor":1.0},{"not_picked":["Infernal Blade","Clothesline"],"picked":"Evolve","floor":3.0},{"not_picked":["Perfected Strike","Twin Strike"],"picked":"Impervious","floor":6.0},{"not_picked":["Warcry","Perfected Strike","Thunderclap"],"picked":"SKIP","floor":11},{"not_picked":["Headbutt","Run Through","Sentinel"],"picked":"SKIP","floor":12},{"not_picked":["Bloodletting","Replay:Many Hands","Run Through"],"picked":"SKIP","floor":14}],"player_experience":428090,"relics_obtained":[{"floor":4.0,"key":"ReplayTheSpireMod:Ring of Challenge"},{"floor":6.0,"key":"Replay:Bottled Flurry"},{"floor":9,"key":"Gremlin Horn"},{"floor":12,"key":"PreservedInsect"},{"floor":14,"key":"Orichalcum"}],"event_choices":[{"damage_healed":0.0,"max_hp_gain":0.0,"max_hp_loss":0.0,"gold_gain":150.0,"event_name":"Liars Game","player_choice":"AGREE","floor":2.0,"gold_loss":0.0,"damage_taken":0.0,"cards_obtained":["Doubt"]}],"is_beta":false,"boss_relics":[],"items_purged_floors":[],"is_endless":false,"potions_floor_spawned":[1,14],"killed_by":"Hexaghost","ascension_level":15}}