{"host":"dl5mjdlimopbuch5","time":1607522827,"event":{"gold_per_floor":[117,134,134,134,134,159,174,174,200,219,76,76,87,106,106,203,203,222,321,321,333,353,353,353,284,284,141,141,157,3,14,14,110,110,121,121,137,157,5,5,22,22,22,22,22,22,40,58,58,58,58],"floor_reached":50,"playtime":1485,"items_purged":[],"score":517,"play_id":"8774f0f9-55f5-41de-ba31-8b6855a31720","local_time":"20201209140707","is_ascension_mode":true,"campfire_choices":[{"data":"Zap","floor":8,"key":"SMITH"},{"data":"Ball Lightning","floor":12,"key":"SMITH"},{"floor":15,"key":"REST"},{"data":"Static Discharge","floor":23,"key":"SMITH"},{"data":"Static Discharge","floor":28,"key":"SMITH"},{"floor":32,"key":"REST"},{"data":"Thunder Strike","floor":40,"key":"SMITH"},{"data":"Storm","floor":42,"key":"SMITH"},{"floor":45,"key":"REST"},{"floor":49,"key":"REST"}],"neow_cost":"NONE","seed_source_timestamp":62598676580200,"circlet_count":0,"master_deck":["Defend_B","Defend_B","Defend_B+1","Defend_B","Zap+1","Dualcast","Storm+1","Cold Snap+1","Regret","Ball Lightning","Ball Lightning+1","Electrodynamics","Go for the Eyes","Conserve Battery+1","Static Discharge+1","Bite","Bite","Bite","Bite","Bite","Static Discharge+1","Thunder Strike+1","Steam+1"],"relics":["Cracked Core","NeowsBlessing","Bag of Marbles","MealTicket","Akabeko","Velvet Choker","Art of War","Toxic Egg 2","Runic Capacitor","Tiny Chest","Nuclear Battery","Vajra","Turnip","Blue Candle"],"potions_floor_usage":[16,33,33,50,50,50],"damage_taken":[{"damage":0,"enemies":"Small Slimes","floor":1,"turns":1},{"damage":0,"enemies":"Jaw Worm","floor":2,"turns":1},{"damage":0,"enemies":"Lagavulin","floor":6,"turns":1},{"damage":13,"enemies":"2 Louse","floor":7,"turns":3},{"damage":17,"enemies":"Large Slime","floor":10,"turns":5},{"damage":4,"enemies":"3 Louse","floor":13,"turns":2},{"damage":0,"enemies":"Looter","floor":14,"turns":2},{"damage":36,"enemies":"The Guardian","floor":16,"turns":9},{"damage":13,"enemies":"Shell Parasite","floor":18,"turns":3},{"damage":6,"enemies":"Spheric Guardian","floor":21,"turns":3},{"damage":9,"enemies":"Snecko","floor":22,"turns":4},{"damage":29,"enemies":"Shelled Parasite and Fungi","floor":29,"turns":3},{"damage":25,"enemies":"Snake Plant","floor":31,"turns":3},{"damage":44,"enemies":"Collector","floor":33,"turns":6},{"damage":8,"enemies":"3 Shapes","floor":35,"turns":4},{"damage":4,"enemies":"Orb Walker","floor":37,"turns":3},{"damage":37,"enemies":"Transient","floor":38,"turns":5},{"damage":37,"enemies":"Jaw Worm Horde","floor":41,"turns":3},{"damage":4,"enemies":"Maw","floor":47,"turns":6},{"damage":9,"enemies":"Spire Growth","floor":48,"turns":3},{"damage":91,"enemies":"Donu and Deca","floor":50,"turns":6}],"seed_played":"7830321346868181819","potions_obtained":[{"floor":6,"key":"PotionOfCapacity"},{"floor":7,"key":"Swift Potion"},{"floor":10,"key":"Explosive Potion"},{"floor":16,"key":"BlessingOfTheForge"},{"floor":22,"key":"Explosive Potion"},{"floor":33,"key":"EssenceOfSteel"},{"floor":41,"key":"Explosive Potion"}],"is_trial":false,"path_per_floor":["M","M","?","?","?","E","M","R","T","M","$","R","M","M","R","B",null,"M","?","?","M","M","R","?","$","T","$","R","M","$","M","R","B",null,"M","?","M","M","$","R","M","R","T","T","R","?","M","M","R","B"],"character_chosen":"DEFECT","items_purchased":["Akabeko","Static Discharge","Runic Capacitor","Tiny Chest","Vajra"],"campfire_rested":4,"item_purchase_floors":[11,25,27,30,39],"current_hp_per_floor":[75,75,75,75,60,60,47,47,47,32,47,47,45,47,69,35,75,62,62,62,58,51,51,51,66,66,75,75,50,65,48,70,42,75,67,60,64,35,50,50,19,19,19,19,41,41,49,50,72,0,0],"gold":58,"neow_bonus":"THREE_ENEMY_KILL","is_prod":false,"is_daily":false,"chose_seed":false,"campfire_upgraded":6,"win_rate":0,"timestamp":1607522827,"path_taken":["M","M","?","?","?","E","M","R","T","M","$","R","?","M","R","BOSS","M","?","?","M","M","R","?","$","T","?","R","?","$","M","R","BOSS","M","?","M","?","$","R","?","R","T","?","R","?","M","M","R","BOSS"],"build_version":"2020-11-30","purchased_purges":0,"victory":false,"max_hp_per_floor":[75,75,75,75,75,75,75,75,75,75,75,75,75,75,75,75,75,75,75,75,75,75,75,75,75,75,75,75,75,75,75,75,75,75,75,75,75,75,75,75,75,75,75,75,75,75,75,75,75,75,75],"card_choices":[{"not_picked":["Streamline","Tempest"],"picked":"Storm","floor":1},{"not_picked":["Compile Driver","Coolheaded"],"picked":"Cold Snap","floor":2},{"not_picked":["Fission","Genetic Algorithm"],"picked":"Ball Lightning","floor":6},{"not_picked":["Undo","Turbo","Reprogram"],"picked":"SKIP","floor":7},{"not_picked":["Lockon","Stack"],"picked":"Ball Lightning","floor":10},{"not_picked":["Streamline","Lockon","Turbo"],"picked":"SKIP","floor":13},{"not_picked":["Aggregate","Hologram","Gash"],"picked":"SKIP","floor":14},{"not_picked":["Fission","Thunder Strike"],"picked":"Electrodynamics","floor":16},{"not_picked":["Sunder","Hologram"],"picked":"Go for the Eyes","floor":18},{"not_picked":["Go for the Eyes","Genetic Algorithm"],"picked":"Conserve Battery+1","floor":21},{"not_picked":["Force Field","Rip and Tear"],"picked":"Static Discharge","floor":22},{"not_picked":["Hello World","Lockon","Scrape+1"],"picked":"SKIP","floor":29},{"not_picked":["Conserve Battery+1","Reprogram+1","Stack+1"],"picked":"SKIP","floor":31},{"not_picked":["Reboot+1","Electrodynamics"],"picked":"Thunder Strike","floor":33},{"not_picked":["Gash","Sunder","Blizzard+1"],"picked":"SKIP","floor":35},{"not_picked":["Reinforced Body+1","Stack+1","Glacier+1"],"picked":"SKIP","floor":37},{"not_picked":["Chaos+1","FTL+1","White Noise+1"],"picked":"SKIP","floor":38},{"not_picked":["Recycle+1","Aggregate+1"],"picked":"Steam+1","floor":41},{"not_picked":["Chill+1","Rip and Tear+1","Loop"],"picked":"SKIP","floor":47},{"not_picked":["Blizzard","Hologram+1","BootSequence+1"],"picked":"SKIP","floor":48}],"player_experience":185159,"relics_obtained":[{"floor":6,"key":"MealTicket"},{"floor":9,"key":"Blood Vial"},{"floor":26,"key":"Toxic Egg 2"},{"floor":43,"key":"Turnip"},{"floor":44,"key":"Blue Candle"}],"event_choices":[{"damage_healed":0,"gold_gain":0,"player_choice":"Box","damage_taken":0,"relics_obtained":["Bag of Marbles"],"max_hp_gain":0,"max_hp_loss":0,"event_name":"Big Fish","floor":3,"gold_loss":0,"cards_obtained":["Regret"]},{"damage_healed":0,"gold_gain":0,"player_choice":"Ignored","damage_taken":0,"max_hp_gain":0,"max_hp_loss":0,"event_name":"Golden Wing","floor":4,"gold_loss":0},{"damage_healed":0,"gold_gain":0,"player_choice":"Entered Light","damage_taken":15,"max_hp_gain":0,"max_hp_loss":0,"event_name":"Shining Light","floor":5,"gold_loss":0,"cards_upgraded":["Cold Snap","Defend_B"]},{"damage_healed":0,"gold_gain":99,"player_choice":"Stole From Cult","damage_taken":0,"max_hp_gain":0,"max_hp_loss":0,"event_name":"Nest","floor":19,"gold_loss":0},{"damage_healed":0,"gold_gain":0,"player_choice":"Opened","damage_taken":0,"relics_obtained":["Art of War"],"max_hp_gain":0,"max_hp_loss":0,"event_name":"The Mausoleum","floor":20,"gold_loss":0},{"damage_healed":0,"gold_gain":0,"player_choice":"Became a vampire (Vial)","damage_taken":0,"max_hp_gain":0,"max_hp_loss":0,"event_name":"Vampires","floor":24,"relics_lost":["Blood Vial"],"gold_loss":0,"cards_obtained":["Bite","Bite","Bite","Bite","Bite"]},{"damage_healed":0,"gold_gain":0,"player_choice":"Damaged","damage_taken":7,"max_hp_gain":0,"max_hp_loss":0,"event_name":"Wheel of Change","floor":36,"gold_loss":0},{"damage_healed":0,"gold_gain":0,"player_choice":"Memory 1","damage_taken":0,"max_hp_gain":0,"max_hp_loss":0,"event_name":"SensoryStone","floor":46,"gold_loss":0}],"is_beta":false,"boss_relics":[{"not_picked":["Cursed Key","Coffee Dripper"],"picked":"Velvet Choker"},{"not_picked":["Tiny House","SlaversCollar"],"picked":"Nuclear Battery"}],"items_purged_floors":[],"is_endless":false,"potions_floor_spawned":[6,7,10,16,22,29,33,41,47],"killed_by":"Donu and Deca","ascension_level":1}}