{"host":"270uyz0wq5pk4jym","time":1607520527,"event":{"gold_per_floor":[111,211,222,235,235,235,270,270,294,328,380,380,400,301,301,301,301],"floor_reached":16,"playtime":1019,"items_purged":["Strike_G"],"score":108,"play_id":"8d73e0d0-452d-4a4f-953c-8ccfd526983a","local_time":"20201209222847","is_ascension_mode":false,"campfire_choices":[{"data":"All Out Attack","floor":6,"key":"SMITH"},{"data":"Backflip","floor":8,"key":"SMITH"},{"data":"Footwork","floor":15,"key":"SMITH"}],"neow_cost":"NONE","seed_source_timestamp":26803657123300,"circlet_count":0,"master_deck":["Strike_G","Strike_G","Strike_G","Defend_G","Defend_G","Defend_G","Defend_G","Defend_G","Survivor","Neutralize","All Out Attack+1","Sucker Punch","Backflip+1","Backflip","PiercingWail","Footwork+1","Outmaneuver"],"relics":["Ring of the Snake","NeowsBlessing","Golden Idol","Bronze Scales","Bag of Preparation","WingedGreaves","Potion Belt"],"potions_floor_usage":[1,10],"damage_taken":[{"damage":0,"enemies":"2 Louse","floor":1,"turns":1},{"damage":0,"enemies":"Cultist","floor":3,"turns":1},{"damage":0,"enemies":"Small Slimes","floor":4,"turns":1},{"damage":12,"enemies":"3 Sentries","floor":7,"turns":6},{"damage":4,"enemies":"Lagavulin","floor":10,"turns":8},{"damage":4,"enemies":"Exordium Wildlife","floor":13,"turns":4},{"damage":7,"enemies":"Slime Boss","floor":16,"turns":5}],"seed_played":"6039281991450352509","potions_obtained":[{"floor":1,"key":"Fruit Juice"},{"floor":4,"key":"LiquidBronze"},{"floor":7,"key":"CunningPotion"},{"floor":13,"key":"ColorlessPotion"}],"is_trial":false,"path_per_floor":["M","?","M","M","?","R","E","R","T","E","T","?","M","$","R","B"],"character_chosen":"THE_SILENT","items_purchased":["Outmaneuver"],"campfire_rested":0,"item_purchase_floors":[14],"current_hp_per_floor":[75,75,75,75,69,69,57,57,57,53,53,53,49,49,49,42,42],"gold":301,"neow_bonus":"THREE_ENEMY_KILL","is_prod":false,"is_daily":false,"chose_seed":false,"campfire_upgraded":3,"win_rate":0.0,"timestamp":1607520527,"path_taken":["M","?","?","M","?","R","E","R","T","E","?","?","?","$","R","BOSS"],"build_version":"2020-11-30","purchased_purges":1,"victory":false,"max_hp_per_floor":[75,75,75,75,69,69,69,69,69,69,69,69,69,69,69,69,69],"card_choices":[{"not_picked":["Endless Agony","Tactician"],"picked":"All Out Attack","floor":1},{"not_picked":["Eviscerate","Dagger Spray"],"picked":"Sucker Punch","floor":3},{"not_picked":["Terror","Acrobatics"],"picked":"Backflip","floor":4},{"not_picked":["Dagger Spray","Caltrops"],"picked":"Backflip","floor":7},{"not_picked":["Eviscerate","Poisoned Stab"],"picked":"PiercingWail","floor":10},{"not_picked":["Riddle With Holes","Escape Plan"],"picked":"Footwork","floor":13}],"player_experience":45392,"relics_obtained":[{"floor":7,"key":"Bronze Scales"},{"floor":9,"key":"Bag of Preparation"},{"floor":10,"key":"WingedGreaves"},{"floor":11,"key":"Potion Belt"}],"event_choices":[{"damage_healed":0,"gold_gain":100,"player_choice":"Pray","damage_taken":0,"max_hp_gain":0,"max_hp_loss":0,"event_name":"Golden Shrine","floor":2,"gold_loss":0},{"damage_healed":0,"gold_gain":0,"player_choice":"Lose Max HP","damage_taken":0,"relics_obtained":["Golden Idol"],"max_hp_gain":0,"max_hp_loss":6,"event_name":"Golden Idol","floor":5,"gold_loss":0},{"cards_removed":["Strike_G"],"damage_healed":0,"gold_gain":0,"player_choice":"Offered Basic","damage_taken":0,"max_hp_gain":0,"max_hp_loss":0,"event_name":"Bonfire Elementals","floor":12,"gold_loss":0}],"is_beta":false,"boss_relics":[],"items_purged_floors":[14],"is_endless":false,"potions_floor_spawned":[1,4,7,13],"killed_by":"Slime Boss","ascension_level":0}}