{"host":"v0kr0xkqfgnh389p","time":1607539543,"event":{"gold_per_floor":[111,111,111,59,69,113,113,136,213,236,236,245,279,204,204,310,310,329,355,403,421,430,430,455,395,395],"floor_reached":25,"playtime":1059,"items_purged":["Languid"],"score":315,"play_id":"0cd65590-ce24-4cf5-893b-a404f2490612","local_time":"20201209134543","is_ascension_mode":true,"campfire_choices":[{"floor":7,"key":"RECALL"},{"floor":15,"key":"DIG"},{"floor":23,"key":"REST"}],"neow_cost":"NONE","seed_source_timestamp":14679800601900,"circlet_count":0,"master_deck":["Strike_P","Strike_P","Strike_P","Strike_P","Defend_P","Defend_P","Defend_P","Defend_P","Eruption","Vigilance","FollowUp","TalkToTheHand+1","PathToVictory","JustLucky","ConjureBlade","JustLucky+1","ReplayTheSpireMod:Splinters","Wallop+1","Deep Breath","Alpha","infinitespire:Punishment"],"relics":["HolyWater","NeowsBlessing","GremlinMask","CeramicFish","StoneCalendar","ReplayTheSpireMod:Ring of Exchange","ReplayTheSpireMod:Ring of Addiction","Chameleon Ring","Potion Belt","Replay:Multitool","Gremlin Food","Red Mask","Ginger","Membership Card","Ice Cream"],"potions_floor_usage":[16,16,19,24],"damage_taken":[{"damage":0,"enemies":"2 Louse","floor":1,"turns":1},{"damage":0,"enemies":"Cultist","floor":5,"turns":1},{"damage":0,"enemies":"Gremlin Nob","floor":6,"turns":1},{"damage":0,"enemies":"Small Slimes","floor":8,"turns":3},{"damage":13,"enemies":"Exordium Wildlife","floor":10,"turns":4},{"damage":25,"enemies":"Lagavulin","floor":13,"turns":6},{"damage":0,"enemies":"The Guardian","floor":16,"turns":10},{"damage":5,"enemies":"3 Byrds","floor":18,"turns":6},{"damage":81,"enemies":"Masked Bandits","floor":19,"turns":5},{"damage":54,"enemies":"Book of Stabbing","floor":24,"turns":7},{"damage":13,"enemies":"2 Thieves","floor":25,"turns":2}],"seed_played":"431152324981062554","potions_obtained":[{"floor":1,"key":"SteroidPotion"},{"floor":8,"key":"Elixir"},{"floor":12,"key":"FairyPotion"},{"floor":12,"key":"FairyPotion"},{"floor":12,"key":"Dexterity Potion"},{"floor":13,"key":"EssenceOfSteel"},{"floor":16,"key":"Block Potion"},{"floor":19,"key":"SkillPotion"},{"floor":24,"key":"BlessingOfTheForge"}],"is_trial":false,"path_per_floor":["M","$","?","$","M","E","R","M","T","M","T","?","E","$","R","B",null,"M","?","?","?","AVR","R","E","M"],"character_chosen":"WATCHER","items_purchased":["FollowUp"],"campfire_rested":1,"item_purchase_floors":[4],"current_hp_per_floor":[72,72,72,72,72,72,72,72,72,59,59,59,34,34,34,34,70,65,21,21,21,21,41,8,0,0],"gold":395,"neow_bonus":"THREE_ENEMY_KILL","is_prod":false,"is_daily":false,"chose_seed":false,"campfire_upgraded":0,"win_rate":0,"timestamp":1607539543,"path_taken":["M","$","?","$","?","E","R","M","T","M","?","?","E","$","R","BOSS","M","?","?","?","AVR","R","E","M"],"build_version":"2020-11-30","purchased_purges":1,"victory":false,"max_hp_per_floor":[72,72,72,72,72,72,72,72,72,72,72,72,72,72,72,70,70,70,70,70,70,70,68,68,68,68],"card_choices":[{"not_picked":["ClearTheMind","Evaluate","Replay:BluntJabs"],"picked":"SKIP","floor":1},{"not_picked":["Replay:AtTheReady","FlurryOfBlows","CutThroughFate"],"picked":"SKIP","floor":5},{"not_picked":["EmptyBody","FlurryOfBlows"],"picked":"TalkToTheHand","floor":6},{"not_picked":["Replay:AtTheReady","Replay:Battleflow"],"picked":"PathToVictory","floor":8},{"not_picked":["ThirdEye","CutThroughFate"],"picked":"JustLucky","floor":10},{"not_picked":["Swivel","FlyingSleeves","InnerPeace"],"picked":"SKIP","floor":13},{"not_picked":["Scrawl","Replay:AllIn"],"picked":"ConjureBlade","floor":16},{"not_picked":["Replay:Cycle","Replay:Anticipation"],"picked":"JustLucky+1","floor":18},{"not_picked":["Replay:Cycle","Evaluate+1"],"picked":"Wallop+1","floor":20},{"not_picked":["Sanctity+1","CrushJoints","JustLucky"],"picked":"SKIP","floor":24}],"player_experience":676142,"relics_obtained":[{"floor":6,"key":"CeramicFish"},{"floor":11,"key":"StoneCalendar"},{"floor":12,"key":"ReplayTheSpireMod:Ring of Exchange"},{"floor":12,"key":"ReplayTheSpireMod:Ring of Addiction"},{"floor":12,"key":"Chameleon Ring"},{"floor":12,"key":"Potion Belt"},{"floor":13,"key":"Replay:Multitool"},{"floor":15,"key":"Gremlin Food"},{"floor":19,"key":"Red Mask"},{"floor":20,"key":"Ginger"},{"floor":24,"key":"Ice Cream"}],"event_choices":[{"damage_healed":0,"gold_gain":0,"player_choice":"Trade","damage_taken":0,"relics_obtained":["GremlinMask"],"max_hp_gain":0,"max_hp_loss":0,"event_name":"FaceTrader","floor":3,"gold_loss":0},{"damage_healed":0,"gold_gain":0,"player_choice":"Fought Bandits","damage_taken":0,"max_hp_gain":0,"max_hp_loss":0,"event_name":"Masked Bandits","floor":19,"gold_loss":0},{"damage_healed":0,"gold_gain":0,"player_choice":"2 cards matched","damage_taken":0,"max_hp_gain":0,"max_hp_loss":0,"event_name":"Match and Keep!","floor":21,"gold_loss":0,"cards_obtained":["Deep Breath","Alpha"]}],"is_beta":false,"boss_relics":[{"not_picked":["Ectoplasm","Lee\u0027s Waffle"],"picked":"HolyWater"}],"items_purged_floors":[14],"is_endless":false,"potions_floor_spawned":[1,8,13,16,19,24],"killed_by":"2 Thieves","ascension_level":1}}