{"host":"ewt54wdpbrlflxxs","time":1607527021,"event":{"gold_per_floor":[117,132,132,145,155,183,265,295,318,56,56,56,56,66,66,66,66],"floor_reached":16,"playtime":926,"items_purged":[],"score":116,"play_id":"37d853f8-bad3-4066-99e4-56948b89660b","local_time":"20201209101701","is_ascension_mode":true,"campfire_choices":[{"floor":12.0,"key":"REST"},{"floor":15.0,"key":"REST"}],"neow_cost":"NONE","seed_source_timestamp":5429784835200,"circlet_count":0,"master_deck":["theVacant:VacantStarterStrike","theVacant:VacantStarterStrike","theVacant:VacantStarterStrike","theVacant:VacantStarterStrike","theVacant:VacantStarterDefend","theVacant:VacantStarterDefend","theVacant:VacantStarterDefend","theVacant:VacantStarterDefend","theVacant:Crunch","theVacant:Acceptance","theVacant:Expand","theVacant:Immaterialize","theVacant:SurpriseAttack","Replay:SS_fish_2","theVacant:Barrage","ReplayTheSpireMod:Necrogeddon"],"special_seed":0,"relics":["theVacant:BrassGoblet","hubris:OldNail","ReplayTheSpireMod:Ninjato","MerchantsRug"],"potions_floor_usage":[16,16],"damage_taken":[{"damage":0.0,"enemies":"Cultist","floor":1.0,"turns":4.0},{"damage":0.0,"enemies":"Jaw Worm","floor":2.0,"turns":5.0},{"damage":6.0,"enemies":"2 Louse","floor":4.0,"turns":3.0},{"damage":16.0,"enemies":"conspire:2 RoseBushes","floor":5.0,"turns":6.0},{"damage":45.0,"enemies":"Lagavulin","floor":6.0,"turns":12.0},{"damage":16.0,"enemies":"Replay:BlueRogue","floor":8.0,"turns":8.0},{"damage":24.0,"enemies":"3 Louse","floor":14.0,"turns":4.0},{"damage":42,"enemies":"Hexaghost","floor":16,"turns":11}],"seed_played":"-4763361215303224762","potions_obtained":[{"floor":4.0,"key":"ColorlessPotion"},{"floor":5.0,"key":"Slimebound:ThreeZeroPotion"},{"floor":8.0,"key":"hexamod:EctoCoolerPotion"},{"floor":14.0,"key":"DuplicationPotion"}],"is_trial":false,"path_per_floor":["M","M","?","M","M","E","T","E","T","$","?","R","$","M","R","B"],"character_chosen":"THE_VACANT","items_purchased":["MerchantsRug","Replay:SS_fish_2","theVacant:Barrage","ReplayTheSpireMod:Necrogeddon"],"campfire_rested":2,"item_purchase_floors":[10,10,10,10],"current_hp_per_floor":[80,80,80,76,62,19,19,5,5,5,5,31,31,19,46,4,4],"gold":66,"neow_bonus":"NOSTALGIA","is_prod":false,"is_daily":false,"chose_seed":false,"campfire_upgraded":0,"win_rate":0,"timestamp":1607527021,"path_taken":["M","M","?","M","M","E","?","E","T","$","?","R","?","M","R","BOSS"],"build_version":"2020-11-30","purchased_purges":0,"victory":false,"max_hp_per_floor":[80,80,80,82,84,86,86,88,88,88,88,88,88,92,92,92,92],"card_choices":[{"not_picked":["theVacant:Carve","theVacant:Jab"],"picked":"theVacant:Acceptance","floor":1.0},{"not_picked":["theVacant:EyePoke","theVacant:Carve"],"picked":"theVacant:Expand","floor":2.0},{"not_picked":["theVacant:EyePoke","theVacant:Barrage"],"picked":"theVacant:Immaterialize","floor":4.0},{"not_picked":["theVacant:Soothe","Infernal Blade","theVacant:FiendFrost"],"picked":"SKIP","floor":5.0},{"not_picked":["theVacant:GraveDigger","theVacant:Reconnect"],"picked":"theVacant:SurpriseAttack","floor":6.0},{"not_picked":["theVacant:FranticBlow","Headbutt","theVacant:Cower"],"picked":"SKIP","floor":8.0},{"not_picked":["theVacant:Throttle","theVacant:Jab","theVacant:BellToll"],"picked":"SKIP","floor":14.0}],"player_experience":230936,"relics_obtained":[{"floor":6.0,"key":"hubris:OldNail"},{"floor":7.0,"key":"ReplayTheSpireMod:Ninjato"},{"floor":8.0,"key":"conspire:Dentures"},{"floor":9.0,"key":"Art of War"}],"event_choices":[{"cards_removed":["theVacant:Release"],"damage_healed":0.0,"max_hp_gain":0.0,"max_hp_loss":0.0,"gold_gain":0.0,"event_name":"Living Wall","player_choice":"Forget","floor":3.0,"gold_loss":0.0,"damage_taken":0.0},{"damage_healed":0.0,"max_hp_gain":0.0,"max_hp_loss":0.0,"gold_gain":0.0,"event_name":"Shining Light","player_choice":"Ignored","floor":11.0,"gold_loss":0.0,"damage_taken":0.0}],"is_beta":false,"boss_relics":[],"items_purged_floors":[],"is_endless":false,"potions_floor_spawned":[4,5,8,14],"killed_by":"Hexaghost","ascension_level":1}}