{"host":"t7kiqd0mabx5u6gq","time":1607483037,"event":{"gold_per_floor":[117,117,117,117,132,132,165,22,22,47,47,73,73,22,22,125,125,137,137,137,147,160,160,189,216,216,216,229,229,109,122,122,219,219,230,146,146,163,182,182,182,182,182,182,182,0,25,25,25,124,124,124,117,92,92,92,92,90,89,114,123,123,123,123,150,162,234,246,263,135,135,135,10,28,28,28],"floor_reached":75,"playtime":2341,"items_purged":["Doubt","Regret","Injury"],"score":1783,"play_id":"4fca8f07-a2a9-4404-9465-600e5528bf76","local_time":"20201208190357","is_ascension_mode":true,"campfire_choices":[{"data":"StuffTheSpire:FinalStruggle","floor":6.0,"key":"SMITH"},{"data":"ReplayTheSpireMod:From All Sides","floor":13.0,"key":"SMITH"},{"data":"Riddle With Holes","floor":15.0,"key":"SMITH"},{"data":"BootSequence","floor":23.0,"key":"SMITH"},{"data":"StuffTheSpire:Plugnplay","floor":27.0,"key":"SMITH"},{"data":"Reaper","floor":32.0,"key":"SMITH"},{"floor":40.0,"key":"REST"},{"floor":42.0,"key":"RECALL"}],"neow_cost":"NONE","seed_source_timestamp":557656186307400,"circlet_count":0,"master_deck":["Defend_B","Defend_B","Defend_B","Zap","Dualcast+1","Ball Lightning","Riddle With Holes+1","ReplayTheSpireMod:From All Sides+1","Stack","Glacier+1","Madness+1","Stack","Streamline+1","Hello World+1","Electrodynamics+1","Leap","infinitespire:Gouge+1","Iron Wave","BootSequence+1","StuffTheSpire:Synthwave+1","StuffTheSpire:Plugnplay+1","Reaper+1","Conserve Battery","Leap+1","Demon Form+1","Gash+1","Skim","Stack","Disarm","Lockon+1","Enlightenment","Gash+1","ReplayUltimateDefense+1","Buffer+1","Coolheaded","conspire:ExplosiveBarrier","Ball Lightning","Armaments","infinitespire:OneForAll+1","Juggernaut+1","FIFO Queue+1","FIFO Queue+1","BasicCrystalCard","Juggernaut+1","Fusion","Genetic Algorithm"],"special_seed":0,"relics":["FrozenCore","NeowsBlessing","halation:PinkSoulGem","infinitespire:Beetle Shell","aspiration:Nostalgia","infinitespire:DarkRift","hubris:DisguiseKit","StuffTheSpire:NeowsTribute","aspiration:AnachronicSnailShell","halation:Yufonium","StuffTheSpire:MayFlowers","vexMod:ImprovementManual","aspiration:DSix","Replay:WaspNest","Question Card","Ring of Peace","Ring of Panic","Fusion Hammer","Happy Flower","Mango","ReplayFunnel","Juzu Bracelet","StuffTheSpire:Experiment12","aspiration:ArtOfWarUpgrade","vexMod:BarristanHead","qcfpunch:Red_Beret","conspire:Dentures","Red Mask","halation:SelfBoilingWater","Coffee Dripper","Frozen Egg 2","Toy Ornithopter","Boot","aspiration:HummingbirdHeart","halation:EternalFortune","MawBank","qcfpunch:Necklace_of_Skulls","Replay:PocketPolymizer"],"potions_floor_usage":[],"damage_taken":[{"damage":0.0,"enemies":"Small Slimes","floor":1.0,"turns":1.0},{"damage":0.0,"enemies":"Jaw Worm","floor":5.0,"turns":1.0},{"damage":0.0,"enemies":"3 Sentries","floor":7.0,"turns":1.0},{"damage":1.0,"enemies":"Lagavulin","floor":10.0,"turns":9.0},{"damage":22.0,"enemies":"Gremlin Nob","floor":12.0,"turns":4.0},{"damage":12.0,"enemies":"The Guardian","floor":16.0,"turns":13.0},{"damage":0.0,"enemies":"conspire:FuzzyDice","floor":18.0,"turns":2.0},{"damage":6.0,"enemies":"3 Byrds","floor":21.0,"turns":2.0},{"damage":13.0,"enemies":"Shelled Parasite and Fungi","floor":22.0,"turns":7.0},{"damage":8.0,"enemies":"conspire:SneckoGhost","floor":24.0,"turns":10.0},{"damage":7.0,"enemies":"conspire:MimicChest","floor":25.0,"turns":3.0},{"damage":0.0,"enemies":"3 Cultists","floor":28.0,"turns":2.0},{"damage":12.0,"enemies":"conspire:HollyBat","floor":31.0,"turns":8.0},{"damage":47.0,"enemies":"Automaton","floor":33.0,"turns":12.0},{"damage":1.0,"enemies":"Orb Walker","floor":35.0,"turns":4.0},{"damage":4.0,"enemies":"3 Darklings","floor":38.0,"turns":3.0},{"damage":3.0,"enemies":"Writhing Mass","floor":39.0,"turns":7.0},{"damage":0.0,"enemies":"Nightmare","floor":47.0,"turns":4.0},{"damage":0.0,"enemies":"infinitespire:MassOfShapes","floor":50.0,"turns":14.0},{"damage":0.0,"enemies":"Jaw Worm","floor":52.0,"turns":3.0},{"damage":0.0,"enemies":"Cultist","floor":53.0,"turns":4.0},{"damage":0.0,"enemies":"2 Louse","floor":58.0,"turns":3.0},{"damage":0.0,"enemies":"Large Slime","floor":59.0,"turns":4.0},{"damage":0.0,"enemies":"Gremlin Nob","floor":61.0,"turns":4.0},{"damage":0.0,"enemies":"3 Sentries","floor":65.0,"turns":4.0},{"damage":0.0,"enemies":"The Guardian","floor":67.0,"turns":8.0},{"damage":0.0,"enemies":"3 Byrds","floor":69.0,"turns":3.0},{"damage":3.0,"enemies":"Book of Stabbing","floor":74.0,"turns":6.0}],"seed_played":"8966833266792774174","potions_obtained":[{"floor":5.0,"key":"SkillPotion"},{"floor":10.0,"key":"Venom Potion"},{"floor":16.0,"key":"AttackPotion"},{"floor":21.0,"key":"Dexterity Potion"},{"floor":25.0,"key":"Weak Potion"},{"floor":38.0,"key":"Dexterity Potion"},{"floor":47.0,"key":"Elixir"},{"floor":52.0,"key":"PotionOfCapacity"},{"floor":53.0,"key":"Adrenaline Potion"},{"floor":65.0,"key":"Swift Potion"},{"floor":67.0,"key":"Ancient Potion"},{"floor":74.0,"key":"Ancient Potion"}],"is_trial":false,"path_per_floor":["M","?","?","?","M","R","E","$","T","E","?","E","R","$","R","B",null,"M","?","AVR","M","M","R","E","?","T","R","M","?","$","M","R","B",null,"M","$","?","M","M","R","?","R","T","$","?","?","NM","?","R","B",null,"M","M","?","?","$","R","M","M","T","E","T","?","?","E","R","B",null,"M","$","?","?","$","E","R"],"character_chosen":"DEFECT","items_purchased":["aspiration:Nostalgia","Hello World+1","Conserve Battery","Skim","Stack","ReplayFunnel","Juzu Bracelet","StuffTheSpire:Experiment12","Art of War","vexMod:BarristanHead","qcfpunch:Red_Beret","conspire:Dentures","FIFO Queue+1"],"campfire_rested":1,"item_purchase_floors":[8,14,30,36,36,44,44,44,44,44,44,44,70],"current_hp_per_floor":[68,68,68,68,68,68,68,68,68,67,67,45,45,45,45,33,65,65,65,65,59,51,51,49,42,42,42,42,42,42,48,48,8,58,57,57,57,53,63,75,75,75,89,13,13,13,13,13,13,46,78,78,86,86,86,86,86,86,89,89,89,89,92,92,92,92,92,92,92,92,92,92,92,91,91,91],"gold":28,"neow_bonus":"THREE_ENEMY_KILL","is_prod":false,"is_daily":false,"chose_seed":false,"campfire_upgraded":6,"win_rate":0,"timestamp":1607483037,"path_taken":["M","?","?","?","?","R","E","$","T","E","?","E","R","$","R","BOSS","M","?","AVR","M","M","R","E","?","T","R","M","?","$","M","R","BOSS","M","$","?","M","?","R","?","R","T","?","?","?","NM","?","R","BOSS","M","M","?","?","$","R","M","M","T","E","?","?","?","E","R","BOSS","M","$","?","?","?","E","R"],"build_version":"2020-11-30","purchased_purges":3,"victory":false,"max_hp_per_floor":[75,75,75,75,75,75,75,75,75,75,75,75,75,75,75,75,75,75,75,75,75,75,75,75,75,75,75,75,75,75,75,75,75,75,75,75,75,75,75,75,75,75,89,89,89,89,89,89,89,89,89,89,89,89,89,89,89,89,89,89,89,89,92,92,92,92,92,92,92,92,92,92,92,92,92,92],"card_choices":[{"not_picked":["Sunder","StuffTheSpire:SnapShoot"],"picked":"Ball Lightning","floor":1.0},{"not_picked":["Chill","StuffTheSpire:Plugnplay"],"picked":"Stack","floor":5.0},{"not_picked":["Beam Cell","Multi-Cast"],"picked":"Glacier","floor":7.0},{"not_picked":["Aggregate","ReplayTheSpireMod:GoodbyeWorld","StuffTheSpire:Resist"],"picked":"Stack","floor":10.0},{"not_picked":["hubris:Ukulele","Gash","Twin Strike"],"picked":"Streamline","floor":12.0},{"not_picked":["hubris:DoWhile","ReplayTheSpireMod:Fabricate Wheel","Corruption"],"picked":"Electrodynamics","floor":16.0},{"not_picked":["Rebound","Force Field","Entrench"],"picked":"Leap","floor":18.0},{"not_picked":["Barrage","Hologram","Beam Cell"],"picked":"Iron Wave","floor":21.0},{"not_picked":["StuffTheSpire:Plugnplay","Barrage+1","Blood for Blood"],"picked":"BootSequence","floor":22.0},{"not_picked":["Hologram","conspire:SharedLibrary","Blood for Blood"],"picked":"StuffTheSpire:Synthwave+1","floor":24.0},{"not_picked":["Turbo","BootSequence","Perfected Strike"],"picked":"StuffTheSpire:Plugnplay","floor":25.0},{"not_picked":["Beam Cell+1","Melter","StuffTheSpire:SnapShoot","Rebound"],"picked":"Reaper","floor":28.0},{"not_picked":["ReplayTheSpireMod:GoodbyeWorld","Go for the Eyes","Rebound","Eclipse"],"picked":"Leap+1","floor":31.0},{"not_picked":["StuffTheSpire:Purify","StuffTheSpire:LaunchingStrike","All For One","Electrodynamics"],"picked":"Demon Form","floor":33.0},{"not_picked":["Redo+1","Cold Snap","Steam Power+1","Pommel Strike"],"picked":"Gash+1","floor":35.0},{"not_picked":["Panic Button","Compile Driver","Sunder","Steam+1"],"picked":"Disarm","floor":38.0},{"not_picked":["Beam Cell","Recycle","hubris:Ukulele","Anger"],"picked":"Lockon+1","floor":39.0},{"not_picked":["Steam Power","StuffTheSpire:Plugnplay+1","StuffTheSpire:LoadUp+1","Warcry"],"picked":"Gash+1","floor":47.0},{"not_picked":["Magnetism","StuffTheSpire:PlasmaPulse","Midas Touch"],"picked":"ReplayUltimateDefense","floor":48.0},{"not_picked":["Thunder Strike","hubris:DoWhile","Meteor Strike","conspire:HitWhereItHurts"],"picked":"Buffer","floor":50.0},{"not_picked":["Go for the Eyes","BootSequence","Blizzard","Evolve"],"picked":"Coolheaded","floor":52.0},{"not_picked":["Rebound","Cold Snap","Go for the Eyes","Melter"],"picked":"conspire:ExplosiveBarrier","floor":53.0},{"not_picked":["StuffTheSpire:Plugnplay","Hyperbeam","Doom and Gloom","Cleave"],"picked":"Ball Lightning","floor":58.0},{"not_picked":["Cold Snap","Panic Button","Ball Lightning","Turbo"],"picked":"Armaments","floor":59.0},{"not_picked":["StuffTheSpire:Coldhearted","Go for the Eyes","Sunder","Havoc"],"picked":"Beam Cell","floor":61.0},{"not_picked":["Hyperbeam","Streamline","Redo","Force Field"],"picked":"infinitespire:OneForAll","floor":65.0},{"not_picked":["Buffer+1","StuffTheSpire:Purify","Biased Cognition+1","Hyperbeam"],"picked":"Juggernaut","floor":67.0},{"not_picked":["Panic Button","Hologram+1","Beam Cell","Armaments"],"picked":"FIFO Queue+1","floor":69.0},{"not_picked":["hubris:PowerSurge+1","Leap","Streamline","Havoc"],"picked":"Fusion","floor":74.0}],"player_experience":552719,"relics_obtained":[{"floor":7.0,"key":"infinitespire:Beetle Shell"},{"floor":9.0,"key":"hubris:DisguiseKit"},{"floor":10.0,"key":"StuffTheSpire:NeowsTribute"},{"floor":12.0,"key":"aspiration:AnachronicSnailShell"},{"floor":24.0,"key":"aspiration:DSix"},{"floor":25.0,"key":"Replay:WaspNest"},{"floor":26.0,"key":"Question Card"},{"floor":29.0,"key":"Ring of Peace"},{"floor":29.0,"key":"Ring of Panic"},{"floor":43.0,"key":"Mango"},{"floor":47.0,"key":"halation:SelfBoilingWater"},{"floor":60.0,"key":"Toy Ornithopter"},{"floor":61.0,"key":"Boot"},{"floor":62.0,"key":"aspiration:HummingbirdHeart"},{"floor":65.0,"key":"qcfpunch:Necklace_of_Skulls"},{"floor":74.0,"key":"Replay:PocketPolymizer"}],"event_choices":[{"cards_removed":["Strike_B"],"damage_healed":0.0,"max_hp_gain":0.0,"max_hp_loss":0.0,"gold_gain":0.0,"event_name":"Back to Basics","player_choice":"Elegance","floor":19.0,"gold_loss":0.0,"damage_taken":0.0},{"cards_removed":["StuffTheSpire:FinalStruggle"],"damage_healed":0.0,"max_hp_gain":0.0,"max_hp_loss":0.0,"gold_gain":0.0,"event_name":"Purifier","player_choice":"Purged","floor":37.0,"gold_loss":0.0,"damage_taken":0.0},{"damage_healed":0.0,"max_hp_gain":0.0,"max_hp_loss":0.0,"gold_gain":0.0,"event_name":"WeMeetAgain","player_choice":"Gave Potion","floor":41.0,"gold_loss":0.0,"damage_taken":0.0,"relics_obtained":["Happy Flower"]},{"damage_healed":0.0,"max_hp_gain":0.0,"max_hp_loss":0.0,"gold_gain":0.0,"event_name":"Match and Keep!","player_choice":"1 cards matched","floor":45.0,"gold_loss":0.0,"damage_taken":0.0,"cards_obtained":["Enlightenment"]},{"damage_healed":0.0,"max_hp_gain":0.0,"max_hp_loss":0.0,"gold_gain":0.0,"event_name":"Tomb of Lord Red Mask","player_choice":"Paid","floor":46.0,"gold_loss":182.0,"damage_taken":0.0,"relics_obtained":["Red Mask"]},{"damage_healed":0.0,"max_hp_gain":0.0,"max_hp_loss":0.0,"gold_gain":0.0,"event_name":"SensoryStone","player_choice":"Memory 1","floor":48.0,"gold_loss":0.0,"damage_taken":0.0},{"damage_healed":0.0,"max_hp_gain":0.0,"max_hp_loss":0.0,"gold_gain":0.0,"event_name":"Big Fish","player_choice":"Box","floor":64.0,"gold_loss":0.0,"damage_taken":0.0,"relics_obtained":["MawBank"],"cards_obtained":["Regret"]},{"damage_healed":0.0,"max_hp_gain":0.0,"max_hp_loss":0.0,"gold_gain":0.0,"cards_transformed":["Defend_B"],"event_name":"Transmorgrifier","player_choice":"Transformed","floor":71.0,"gold_loss":0.0,"damage_taken":0.0,"cards_obtained":["BasicCrystalCard"]},{"damage_healed":0.0,"max_hp_gain":0.0,"max_hp_loss":0.0,"gold_gain":0.0,"event_name":"Duplicator","player_choice":"Copied","floor":72.0,"gold_loss":0.0,"damage_taken":0.0,"cards_obtained":["Juggernaut"]}],"is_beta":false,"boss_relics":[{"not_picked":["ReplayTheSpireMod:SealedPack","ReplayTheSpireMod:DimensionalGlitch"],"picked":"halation:Yufonium"},{"not_picked":["hubris:CrackedHourglass","hubris:RunicObelisk"],"picked":"Fusion Hammer"},{"not_picked":["Calling Bell","qcfpunch:Killian_Engine_Alpha"],"picked":"Coffee Dripper"},{"not_picked":["Painkiller Herb","aspiration:SecretTechniqueScroll"],"picked":"FrozenCore"}],"items_purged_floors":[30,70,73],"is_endless":true,"potions_floor_spawned":[5,10,16,21,22,25,38,47,52,53,65,67,74],"ascension_level":6}}