{"host":"st1kg310ms6sytc5","time":1607519300,"event":{"gold_per_floor":[138,198,257,293,330,330,406,406,458,518,282,348,407,474,474,469,469],"floor_reached":16,"playtime":654,"items_purged":["Koishi:BasicStrike"],"score":155,"play_id":"c39917f1-d4f0-4a97-a93b-b89df0cb0fcb","local_time":"20201209210820","is_ascension_mode":true,"campfire_choices":[{"data":"HandOfGreed","floor":6.0,"key":"SMITH"},{"data":"Koishi:MassHysteria","floor":8.0,"key":"SMITH"},{"floor":15.0,"key":"REST"}],"neow_cost":"PERCENT_DAMAGE","seed_source_timestamp":1913775076979500,"circlet_count":0,"master_deck":["Koishi:BasicStrike","Koishi:BasicStrike","Koishi:BasicStrike","Koishi:BasicDefend","Koishi:BasicDefend","Koishi:BasicDefend","Koishi:BasicDefend","Koishi:Provoke","Koishi:HauntingSlash","REME_BattleFury","HandOfGreed+1","Koishi:JumpScare","Koishi:UnconsciousUrges","Koishi:MassHysteria+1","Koishi:Whimsy","Koishi:FleetingPhantom","Koishi:RollingInRichesHeart"],"special_seed":0,"relics":["Koishi:ImaginaryFriend","REME_ComplimentaryCards","Koishi:AHoleWhereASisterShouldBe","Koishi:BloodstainedWhiteRose","Bottled Lightning"],"potions_floor_usage":[],"damage_taken":[{"damage":9.0,"enemies":"Cultist","floor":1.0,"turns":5.0},{"damage":7.0,"enemies":"Small Slimes","floor":2.0,"turns":4.0},{"damage":0.0,"enemies":"2 Louse","floor":3.0,"turns":5.0},{"damage":24.0,"enemies":"Exordium Thugs","floor":4.0,"turns":8.0},{"damage":6.0,"enemies":"Looter","floor":5.0,"turns":3.0},{"damage":0.0,"enemies":"3 Sentries","floor":7.0,"turns":5.0},{"damage":1.0,"enemies":"Gremlin Nob","floor":10.0,"turns":5.0},{"damage":0.0,"enemies":"Large Slime","floor":12.0,"turns":5.0},{"damage":18.0,"enemies":"Exordium Thugs","floor":13.0,"turns":5.0},{"damage":8.0,"enemies":"Exordium Wildlife","floor":14.0,"turns":4.0},{"damage":3,"enemies":"Hexaghost","floor":16,"turns":7}],"seed_played":"460199249409840295","potions_obtained":[{"floor":1.0,"key":"LiquidMemories"},{"floor":2.0,"key":"Dexterity Potion"},{"floor":4.0,"key":"Explosive Potion"}],"is_trial":false,"path_per_floor":["M","M","M","M","M","R","E","R","T","E","$","M","M","M","R","B"],"character_chosen":"KOISHI","items_purchased":["Koishi:RollingInRichesHeart"],"campfire_rested":1,"item_purchase_floors":[11],"current_hp_per_floor":[35,31,33,13,9,9,9,9,9,15,15,16,4,2,20,17,17],"gold":469,"neow_bonus":"RANDOM_COLORLESS_2","is_prod":false,"is_daily":false,"chose_seed":false,"campfire_upgraded":2,"win_rate":0,"timestamp":1607519300,"path_taken":["M","M","M","M","M","R","E","R","T","E","$","M","M","?","R","BOSS"],"build_version":"2020-11-30","purchased_purges":1,"victory":false,"max_hp_per_floor":[60,60,60,60,60,60,60,60,60,60,60,60,60,60,60,60,60],"relic_stats":{"counters":[11,56],"obtain_stats":[{"Koishi:AHoleWhereASisterShouldBe":7,"Bottled Lightning":10,"Koishi:BloodstainedWhiteRose":9,"Koishi:ImaginaryFriend":0,"REME_ComplimentaryCards":0},{"Koishi:AHoleWhereASisterShouldBe":6,"Bottled Lightning":7,"Koishi:BloodstainedWhiteRose":6,"Koishi:ImaginaryFriend":0,"REME_ComplimentaryCards":0},{"Koishi:AHoleWhereASisterShouldBe":30,"Bottled Lightning":35,"Koishi:BloodstainedWhiteRose":30,"Koishi:ImaginaryFriend":0,"REME_ComplimentaryCards":0}]},"card_choices":[{"not_picked":["REME_PuzzleBox","Violence"],"picked":"HandOfGreed","floor":0.0},{"not_picked":["Koishi:FleetingPhantom","Koishi:PhantomStrike"],"picked":"Koishi:JumpScare","floor":1.0},{"not_picked":["Koishi:ParalyzingFear","Koishi:Prune"],"picked":"Koishi:UnconsciousUrges","floor":2.0},{"not_picked":["Koishi:EmbryosDream","Koishi:RacingHeart"],"picked":"Koishi:MassHysteria","floor":3.0},{"not_picked":["Koishi:HeartfeltFancy","Koishi:SubterraneanRose","Koishi:SubconsciousSweep"],"picked":"SKIP","floor":4.0},{"not_picked":["Koishi:MindNumbingTerror","Koishi:FourthEye"],"picked":"Koishi:Whimsy","floor":5.0},{"not_picked":["Koishi:SubterraneanRose","Koishi:PhilosophyOfTheDespised"],"picked":"Koishi:FleetingPhantom","floor":7.0},{"not_picked":["Koishi:TerrifyingSpectre","Koishi:MassHysteria","Koishi:HeartAttack"],"picked":"SKIP","floor":10.0},{"not_picked":["Koishi:IdleWhim","Koishi:RacingHeart","Koishi:FleetingPhantom"],"picked":"SKIP","floor":12.0},{"not_picked":["Koishi:BramblyRoseGarden","Koishi:PhantomStrike","Koishi:SubterraneanRose"],"picked":"SKIP","floor":13.0},{"not_picked":["Koishi:Prune","Koishi:VengefulSpirit","Koishi:UnansweredLove"],"picked":"SKIP","floor":14.0}],"player_experience":1335699,"relics_obtained":[{"floor":7.0,"key":"Koishi:AHoleWhereASisterShouldBe"},{"floor":9.0,"key":"Koishi:BloodstainedWhiteRose"},{"floor":10.0,"key":"Bottled Lightning"}],"event_choices":[],"is_beta":false,"boss_relics":[],"items_purged_floors":[11],"is_endless":false,"potions_floor_spawned":[1,2,4],"killed_by":"Hexaghost","ascension_level":2}}