{"host":"rmsq46plbpwfbxcc","time":1607493090,"event":{"gold_per_floor":[110,110,130,143,162,162,191,191,191,255,275,275,275,275],"floor_reached":13,"playtime":328,"items_purged":[],"score":153,"play_id":"f9e65c5c-6644-496b-b319-90e42bb020dc","local_time":"20201209145130","is_ascension_mode":true,"campfire_choices":[{"data":"Blade Dance","floor":6.0,"key":"SMITH"},{"data":"Cloak And Dagger","floor":8.0,"key":"SMITH"}],"neow_cost":"NONE","seed_source_timestamp":1878138827216700,"circlet_count":0,"master_deck":["AscendersBane","Strike_G","Strike_G","Strike_G","Strike_G","Defend_G","Defend_G","Defend_G","Defend_G","Defend_G","Survivor","Neutralize+1","Dagger Spray","Cloak And Dagger+1","Blade Dance+1"],"special_seed":0,"relics":["Ring of the Snake","The Specimen","Du-Vu Doll","Turnip","Incense Burner"],"potions_floor_usage":[10],"damage_taken":[{"damage":0.0,"enemies":"2 Louse","floor":1.0,"turns":4.0},{"damage":0.0,"enemies":"Small Slimes","floor":3.0,"turns":4.0},{"damage":0.0,"enemies":"Cultist","floor":4.0,"turns":4.0},{"damage":0.0,"enemies":"Red Slaver","floor":5.0,"turns":4.0},{"damage":21.0,"enemies":"3 Sentries","floor":7.0,"turns":9.0},{"damage":10,"enemies":"3 Sentries","floor":10,"turns":4},{"damage":2,"enemies":"Gremlin Gang","floor":11,"turns":3},{"damage":34,"enemies":"Gremlin Nob","floor":13,"turns":4}],"seed_played":"-4371018450796369108","potions_obtained":[{"floor":1.0,"key":"Block Potion"},{"floor":4.0,"key":"CultistPotion"}],"is_trial":false,"path_per_floor":["M","?","M","M","M","R","E","R","T","?","M","?","E"],"character_chosen":"THE_SILENT","items_purchased":[],"campfire_rested":0,"item_purchase_floors":[],"current_hp_per_floor":[59,52,52,52,52,52,31,31,31,21,19,19,0,0],"gold":275,"neow_bonus":"UPGRADE_CARD","is_prod":false,"is_daily":false,"chose_seed":false,"campfire_upgraded":2,"win_rate":0,"timestamp":1607493090,"path_taken":["M","?","M","M","M","R","E","R","T","?","M","?","E"],"build_version":"2020-11-30","purchased_purges":0,"victory":false,"max_hp_per_floor":[66,66,66,66,66,66,66,66,66,66,66,66,66,66],"card_choices":[{"not_picked":["Prepared","Blur"],"picked":"Dagger Spray","floor":1.0},{"not_picked":["Acrobatics","Underhanded Strike"],"picked":"Cloak And Dagger","floor":3.0},{"not_picked":["Predator","Dagger Throw"],"picked":"Blade Dance","floor":4.0},{"not_picked":["Deflect","Dagger Spray","Flying Knee"],"picked":"SKIP","floor":5.0},{"not_picked":["Prepared","Acrobatics","Underhanded Strike"],"picked":"SKIP","floor":7.0},{"not_picked":["Cloak And Dagger","Blade Dance","Tools of the Trade"],"picked":"SKIP","floor":11}],"player_experience":1291107,"relics_obtained":[{"floor":7.0,"key":"The Specimen"},{"floor":9.0,"key":"Du-Vu Doll"},{"floor":10,"key":"Turnip"}],"event_choices":[{"cards_removed":["Strike_G"],"damage_healed":0.0,"max_hp_gain":0.0,"max_hp_loss":0.0,"gold_gain":0.0,"event_name":"Golden Wing","player_choice":"Card Removal","floor":2.0,"gold_loss":0.0,"damage_taken":7.0},{"damage_healed":0,"gold_gain":0,"player_choice":"Searched \u00272\u0027 times","damage_taken":0,"max_hp_gain":0,"max_hp_loss":0,"event_name":"Dead Adventurer","floor":10,"gold_loss":0},{"damage_healed":0,"gold_gain":0,"player_choice":"Gave Potion","damage_taken":0,"relics_obtained":["Incense Burner"],"max_hp_gain":0,"max_hp_loss":0,"event_name":"WeMeetAgain","floor":12,"gold_loss":0}],"is_beta":false,"boss_relics":[],"items_purged_floors":[],"is_endless":false,"potions_floor_spawned":[1,4,7],"killed_by":"Gremlin Nob","ascension_level":16}}