{"host":"p5axfb00mxhraew6","time":1607525557,"event":{"gold_per_floor":[110,123,135,67,77,77,105,116,116,126,126,20,20,30,30,131,131,144,158,9,24,36,66,66,91,173,193,225,225,255,319,331,446,458,482,494,516,169,0,0,11,37,37,70,70,70,88,122,122,122],"floor_reached":51,"playtime":3213,"items_purged":["Strike_Lin:ReiMu"],"score":1110,"play_id":"291661ac-de2d-442a-9ee7-cb2541574257","local_time":"20201209235237","is_ascension_mode":true,"campfire_choices":[{"data":"Determination:ReiMu","floor":6,"key":"SMITH"},{"data":"CleanRite:ReiMu","floor":11,"key":"SMITH"},{"data":"SealNeedle:ReiMu","floor":13,"key":"SMITH"},{"data":"Conquer:ReiMu","floor":15,"key":"SMITH"},{"data":"NB:ReiMu","floor":24,"key":"SMITH"},{"data":"Defend_Lin:ReiMu","floor":32,"key":"SMITH"},{"data":"Amulet:ReiMu","floor":40,"key":"SMITH"},{"data":"SealNeedle:ReiMu","floor":45,"key":"SMITH"},{"data":"Amulet:ReiMu","floor":49,"key":"SMITH"}],"neow_cost":"TEN_PERCENT_HP_LOSS","seed_source_timestamp":12940982419700,"circlet_count":0,"master_deck":["Strike_Lin:ReiMu","Strike_Lin:ReiMu","Strike_Lin:ReiMu","Defend_Lin:ReiMu","Defend_Lin:ReiMu+1","Defend_Lin:ReiMu","Defend_Lin:ReiMu+1","NB:ReiMu+1","Stagnation:ReiMu","Conquer:ReiMu+1","Amulet:ReiMu","Amulet:ReiMu+1","Determination:ReiMu+1","Amulet:ReiMu+1","CleanRite:ReiMu+1","UpKicking:ReiMu","SubAcupoint:ReiMu","SealNeedle:ReiMu+1","YinYangSange:ReiMu","TightArray:ReiMu","CleanRite:ReiMu+1","Amulet:ReiMu+1","SpiritualOutbreak2:ReiMu","TightArray:ReiMu","Intuition:ReiMu","Dreaming2:ReiMu+1","SpiritualOutbreak2:ReiMu+1","Revelation:ReiMu+1","UpKicking:ReiMu+1","KyokaiOfKami:ReiMu+1","EmergencyTakeOff:ReiMu","TightArray:ReiMu+1","Amulet:ReiMu","Parasite","SealNeedle:ReiMu+1","ShadowOfCrow2:ReiMu+1","UniversalSpiritual:ReiMu+1","KyokaiOfKami:ReiMu","LovePray:ReiMu"],"relics":["FlyPower:ReiMu","jedi:purplefairy","Shuriken","Gremlin Horn","Philosopher\u0027s Stone","ClockworkSouvenir","Tea:ReiMu","Regal Pillow","InkBottle","War Paint","Strawberry","MawBank","Potion Belt","Coffee Dripper","Bag of Preparation","Red Mask","Nunchaku","HornCleat","Blood Vial","Mummified Hand"],"potions_floor_usage":[7,18,23,25,25,28,33,37,42,42,50,50],"damage_taken":[{"damage":9,"enemies":"Cultist","floor":1,"turns":5},{"damage":2,"enemies":"Jaw Worm","floor":2,"turns":5},{"damage":4,"enemies":"Small Slimes","floor":3,"turns":3},{"damage":0,"enemies":"Red Slaver","floor":5,"turns":5},{"damage":4,"enemies":"Gremlin Nob","floor":7,"turns":3},{"damage":0,"enemies":"3 Louse","floor":8,"turns":3},{"damage":0,"enemies":"Looter","floor":10,"turns":3},{"damage":5,"enemies":"Exordium Wildlife","floor":14,"turns":3},{"damage":11,"enemies":"Hexaghost","floor":16,"turns":11},{"damage":20,"enemies":"3 Byrds","floor":18,"turns":4},{"damage":2,"enemies":"Chosen","floor":19,"turns":5},{"damage":0,"enemies":"Snecko","floor":21,"turns":6},{"damage":14,"enemies":"Shelled Parasite and Fungi","floor":22,"turns":6},{"damage":6,"enemies":"Book of Stabbing","floor":23,"turns":5},{"damage":10,"enemies":"Slavers","floor":25,"turns":4},{"damage":0,"enemies":"Snake Plant","floor":27,"turns":5},{"damage":24,"enemies":"Gremlin Leader","floor":28,"turns":4},{"damage":17,"enemies":"Book of Stabbing","floor":30,"turns":7},{"damage":12,"enemies":"Champ","floor":33,"turns":12},{"damage":4,"enemies":"Orb Walker","floor":35,"turns":4},{"damage":2,"enemies":"3 Shapes","floor":37,"turns":5},{"damage":0,"enemies":"Writhing Mass","floor":41,"turns":6},{"damage":7,"enemies":"Reptomancer","floor":42,"turns":4},{"damage":17,"enemies":"Giant Head","floor":44,"turns":7},{"damage":0,"enemies":"Maw","floor":47,"turns":4},{"damage":8,"enemies":"Reptomancer","floor":48,"turns":5},{"damage":13,"enemies":"Awakened One","floor":50,"turns":9}],"seed_played":"3197108088533479297","potions_obtained":[{"floor":1,"key":"FearPotion"},{"floor":7,"key":"Explosive Potion"},{"floor":16,"key":"LiquidMemories"},{"floor":19,"key":"PinkPotion:ReiMu"},{"floor":23,"key":"Fire Potion"},{"floor":25,"key":"BlessingOfTheForge"},{"floor":27,"key":"LiquidBronze"},{"floor":33,"key":"AttackPotion"},{"floor":35,"key":"Explosive Potion"},{"floor":44,"key":"Strength Potion"},{"floor":48,"key":"PowerPotion"}],"is_trial":false,"path_per_floor":["M","M","M","$","M","R","E","M","T","M","R","$","R","M","R","B",null,"M","M","$","M","M","E","R","E","T","M","E","?","E","T","R","B",null,"M","?","M","$","?","R","M","E","T","E","R","?","M","E","R","B",null],"character_chosen":"REIMU","items_purchased":["Determination:ReiMu","SealNeedle:ReiMu","YinYangSange:ReiMu","ClockworkSouvenir","Bag of Preparation","Amulet:ReiMu","EssenceOfSteel"],"campfire_rested":0,"item_purchase_floors":[4,12,12,20,38,38,38],"current_hp_per_floor":[50,48,44,44,44,45,41,41,41,41,42,42,47,42,52,41,55,35,33,33,33,19,13,59,49,49,49,25,32,15,15,66,54,63,59,59,57,57,57,66,66,59,59,42,47,47,49,43,53,66],"gold":122,"neow_bonus":"ONE_RARE_RELIC","is_prod":false,"is_daily":false,"chose_seed":false,"campfire_upgraded":9,"win_rate":0,"timestamp":1607525557,"path_taken":["M","M","M","$","?","R","E","M","T","M","R","$","R","M","R","BOSS","M","M","$","M","M","E","R","E","T","M","E","?","E","?","R","BOSS","M","?","?","$","?","R","M","E","T","E","R","?","M","E","R","BOSS"],"build_version":"2020-11-30","purchased_purges":1,"victory":true,"max_hp_per_floor":[59,59,59,59,59,59,59,59,59,59,59,59,59,59,59,59,59,59,59,59,59,59,59,59,59,59,59,59,66,66,66,66,66,66,66,66,66,66,66,66,66,66,66,66,66,66,66,66,66,66],"card_choices":[{"not_picked":["AirManeuver:ReiMu","SafetyPray:ReiMu"],"picked":"Conquer:ReiMu","floor":1},{"not_picked":["Intuition:ReiMu","SafetyPray:ReiMu"],"picked":"Amulet:ReiMu","floor":2},{"not_picked":["ShadowOfCrow2:ReiMu","CareerPray:ReiMu"],"picked":"Amulet:ReiMu","floor":3},{"not_picked":["SafetyPray:ReiMu","UpKicking:ReiMu"],"picked":"Amulet:ReiMu","floor":5},{"not_picked":["SubcavityInstant:ReiMu","UniversalSpiritual:ReiMu"],"picked":"CleanRite:ReiMu","floor":7},{"not_picked":["CareerPray:ReiMu","AirStrike:ReiMu"],"picked":"UpKicking:ReiMu","floor":8},{"not_picked":["UniversalSpiritual:ReiMu","SpringWay:ReiMu"],"picked":"SubAcupoint:ReiMu","floor":10},{"not_picked":["FineLineFantasy:ReiMu","CareerPray:ReiMu"],"picked":"TightArray:ReiMu","floor":14},{"not_picked":["BlastKick2:ReiMu","CeremonyResonance:ReiMu"],"picked":"CleanRite:ReiMu","floor":16},{"not_picked":["TightArray:ReiMu","SpreadBorder2:ReiMu"],"picked":"Amulet:ReiMu+1","floor":18},{"not_picked":["PhosphorusFlame:ReiMu+1","LovePray:ReiMu"],"picked":"SpiritualOutbreak2:ReiMu","floor":19},{"not_picked":["UpKicking:ReiMu","SubAcupoint:ReiMu"],"picked":"TightArray:ReiMu","floor":21},{"not_picked":["Gathering:ReiMu","TightArray:ReiMu"],"picked":"Intuition:ReiMu","floor":22},{"not_picked":["SpreadBorder2:ReiMu","HakureiPhantom:ReiMu","KamiSacrifice:ReiMu"],"picked":"SKIP","floor":23},{"not_picked":["Intuition:ReiMu","YinYangSange:ReiMu"],"picked":"Dreaming2:ReiMu+1","floor":25},{"not_picked":["AlertArray:ReiMu","FineLineFantasy:ReiMu"],"picked":"SpiritualOutbreak2:ReiMu+1","floor":27},{"not_picked":["WonderfulDomain:ReiMu","FantasyBorder:ReiMu+1"],"picked":"Revelation:ReiMu+1","floor":28},{"not_picked":["PhosphorusFlame:ReiMu","FantasyBorder:ReiMu"],"picked":"UpKicking:ReiMu+1","floor":30},{"not_picked":["Shading:ReiMu","Dreaming:ReiMu"],"picked":"KyokaiOfKami:ReiMu","floor":33},{"not_picked":["Meditation:ReiMu+1","UniversalSpiritual:ReiMu"],"picked":"EmergencyTakeOff:ReiMu","floor":35},{"not_picked":["CollectionFlower2:ReiMu","CareerPray:ReiMu"],"picked":"TightArray:ReiMu+1","floor":37},{"not_picked":["AlertArray:ReiMu","SubAcupoint:ReiMu"],"picked":"SealNeedle:ReiMu","floor":41},{"not_picked":["SealNeedle:ReiMu","OrbThrow:ReiMu"],"picked":"ShadowOfCrow2:ReiMu+1","floor":42},{"not_picked":["FantasyBorder:ReiMu+1","Intuition:ReiMu+1"],"picked":"UniversalSpiritual:ReiMu+1","floor":44},{"not_picked":["CareerPray:ReiMu+1","OctopathBindingBorder2:ReiMu"],"picked":"KyokaiOfKami:ReiMu","floor":47},{"not_picked":["Enchanting:ReiMu","PrepareRite:ReiMu+1"],"picked":"LovePray:ReiMu","floor":48}],"player_experience":1237171,"relics_obtained":[{"floor":7,"key":"Shuriken"},{"floor":9,"key":"Gremlin Horn"},{"floor":23,"key":"Tea:ReiMu"},{"floor":25,"key":"Regal Pillow"},{"floor":26,"key":"InkBottle"},{"floor":28,"key":"War Paint"},{"floor":29,"key":"Strawberry"},{"floor":30,"key":"MawBank"},{"floor":31,"key":"Potion Belt"},{"floor":42,"key":"Nunchaku"},{"floor":43,"key":"HornCleat"},{"floor":44,"key":"Blood Vial"},{"floor":48,"key":"Mummified Hand"}],"event_choices":[{"damage_healed":0,"gold_gain":0,"player_choice":"Upgraded","damage_taken":0,"max_hp_gain":0,"max_hp_loss":0,"event_name":"Upgrade Shrine","floor":36,"gold_loss":0,"cards_upgraded":["KyokaiOfKami:ReiMu"]},{"damage_healed":0,"gold_gain":0,"player_choice":"Paid","damage_taken":0,"relics_obtained":["Red Mask"],"max_hp_gain":0,"max_hp_loss":0,"event_name":"Tomb of Lord Red Mask","floor":39,"gold_loss":169},{"damage_healed":0,"gold_gain":0,"player_choice":"Ignored","damage_taken":0,"max_hp_gain":0,"max_hp_loss":0,"event_name":"Mysterious Sphere","floor":46,"gold_loss":0}],"is_beta":false,"boss_relics":[{"not_picked":["DonationBox:ReiMu","Calling Bell"],"picked":"Philosopher\u0027s Stone"},{"not_picked":["Astrolabe","jedi:battlestandard"],"picked":"Coffee Dripper"}],"items_purged_floors":[38],"is_endless":false,"potions_floor_spawned":[1,7,16,19,23,25,27,33,35,44,48],"ascension_level":7}}