{"host":"ecaj4hn004xnnrw9","time":1607473877,"event":{"gold_per_floor":[113,188,201,201,212,242,242,276,322,353,367,434,434,434],"floor_reached":13,"playtime":397,"items_purged":[],"score":103,"play_id":"9fb438a8-23a6-4979-9c7f-4661ae46f417","local_time":"20201209003117","is_ascension_mode":false,"campfire_choices":[{"data":"TheCursedMod:RavingStaff","floor":7,"key":"SMITH"}],"neow_cost":"NONE","seed_source_timestamp":36458559973400,"circlet_count":0,"master_deck":["TheCursedMod:Strike_TheCursed","TheCursedMod:Strike_TheCursed","TheCursedMod:Strike_TheCursed","TheCursedMod:Strike_TheCursed","TheCursedMod:Defend_TheCursed","TheCursedMod:Defend_TheCursed","TheCursedMod:Defend_TheCursed","TheCursedMod:Defend_TheCursed","TheCursedMod:CursedWand","TheCursedMod:CleanUpWorkshop","TheCursedMod:Dregs","TheCursedMod:RavingStaff+1","TheCursedMod:SurpriseAttack","TheCursedMod:SmokeScreen","TheCursedMod:WearCloak","TheCursedMod:LuckyCharm","TheCursedMod:DemonSword","TheCursedMod:AshesToAshes"],"relics":["TheCursedMod:BlackMagic101","NeowsBlessing","Darkstone Periapt","Replay:Rubber Ducky","PreservedInsect","Happy Flower"],"potions_floor_usage":[6,11,13],"damage_taken":[{"damage":0,"enemies":"Jaw Worm","floor":1,"turns":1},{"damage":0,"enemies":"Small Slimes","floor":3,"turns":1},{"damage":0,"enemies":"Cultist","floor":5,"turns":1},{"damage":37,"enemies":"Lagavulin","floor":6,"turns":8},{"damage":13,"enemies":"Gremlin Nob","floor":8,"turns":4},{"damage":17,"enemies":"Lagavulin","floor":10,"turns":5},{"damage":0,"enemies":"Blue Slaver","floor":11,"turns":4},{"damage":3,"enemies":"Gremlin Nob","floor":13,"turns":2}],"seed_played":"2606560688382483259","potions_obtained":[{"floor":5,"key":"Weak Potion"},{"floor":6,"key":"SpeedPotion"},{"floor":8,"key":"Swift Potion"}],"is_trial":false,"path_per_floor":["M","?","M","?","M","E","R","E","T","E","M","?","E"],"character_chosen":"THE_CURSED","items_purchased":[],"campfire_rested":0,"item_purchase_floors":[],"current_hp_per_floor":[75,64,64,69,69,32,32,19,19,2,2,2,0,0],"gold":434,"neow_bonus":"THREE_ENEMY_KILL","is_prod":false,"is_daily":false,"chose_seed":false,"campfire_upgraded":1,"win_rate":0.0,"timestamp":1607473877,"path_taken":["M","?","M","?","M","E","R","E","T","E","M","?","E"],"build_version":"2020-11-30","purchased_purges":0,"victory":false,"max_hp_per_floor":[75,75,75,80,80,80,80,80,80,80,80,80,80,80],"card_choices":[{"not_picked":["TheCursedMod:RapidMovement","TheCursedMod:Evocation"],"picked":"TheCursedMod:RavingStaff","floor":1},{"not_picked":["TheCursedMod:DoubleShield","TheCursedMod:RapidMovement"],"picked":"TheCursedMod:SurpriseAttack","floor":3},{"not_picked":["TheCursedMod:BlessingInDisguise","TheCursedMod:Obscuration"],"picked":"TheCursedMod:SmokeScreen","floor":5},{"not_picked":["TheCursedMod:Stretching","TheCursedMod:Neurasthenia"],"picked":"TheCursedMod:WearCloak","floor":6},{"not_picked":["TheCursedMod:CursedAmulet","TheCursedMod:Stretching"],"picked":"TheCursedMod:LuckyCharm","floor":8},{"not_picked":["TheCursedMod:CursedAmulet","TheCursedMod:HellsGateOpen"],"picked":"TheCursedMod:DemonSword","floor":10},{"not_picked":["TheCursedMod:Obscuration","TheCursedMod:WearCloak"],"picked":"TheCursedMod:AshesToAshes","floor":11}],"player_experience":130797,"relics_obtained":[{"floor":6,"key":"Darkstone Periapt"},{"floor":8,"key":"Replay:Rubber Ducky"},{"floor":9,"key":"PreservedInsect"},{"floor":10,"key":"Happy Flower"}],"event_choices":[{"damage_healed":0,"gold_gain":75,"player_choice":"Gather Gold","damage_taken":11,"max_hp_gain":0,"max_hp_loss":0,"event_name":"World of Goop","floor":2,"gold_loss":0},{"damage_healed":0,"gold_gain":0,"player_choice":"Donut","damage_taken":0,"max_hp_gain":5,"max_hp_loss":0,"event_name":"Big Fish","floor":4,"gold_loss":0},{"damage_healed":0,"gold_gain":67,"player_choice":"Gained Gold","damage_taken":0,"max_hp_gain":0,"max_hp_loss":0,"event_name":"Golden Wing","floor":12,"gold_loss":0}],"is_beta":false,"boss_relics":[],"items_purged_floors":[],"is_endless":false,"potions_floor_spawned":[5,6,8],"killed_by":"Gremlin Nob","ascension_level":0}}