{"host":"Ansgar","time":1607545015,"event":{"gold_per_floor":[367,381,400,550,530,530,122,122,146,165,182,200,200,234,234,312,312,327,341,341,341,3,3,29,29,103,135,135,135,135],"floor_reached":29,"playtime":2234,"items_purged":["Doubt","Writhe"],"score":572,"play_id":"bcaee511-fda4-460b-97a6-a1b24815a97b","local_time":"20201209211655","is_ascension_mode":true,"campfire_choices":[{"data":"Neutralize","floor":6.0,"key":"SMITH"},{"data":"Adrenaline","floor":8.0,"key":"SMITH"},{"data":"Bouncing Flask","floor":13.0,"key":"SMITH"},{"data":"Doppelganger","floor":15.0,"key":"SMITH"},{"floor":23,"key":"REST"},{"data":"Tools of the Trade","floor":25,"key":"SMITH"},{"floor":28,"key":"REST"}],"neow_cost":"PERCENT_DAMAGE","seed_source_timestamp":9049291265100,"circlet_count":0,"master_deck":["AscendersBane","Strike_G","Strike_G","Strike_G","Strike_G","Strike_G","Defend_G","Defend_G","Defend_G","Defend_G","Defend_G","Survivor","Neutralize+1","Quick Slash","Dagger Spray","Unload","Adrenaline+1","Concentrate","Bouncing Flask+1","Doppelganger+1","Tools of the Trade+1","Quick Slash","Blur","Backflip"],"special_seed":0,"relics":["Ring of the Snake","Bag of Marbles","The Courier","Busted Crown","Enchiridion","Anchor","Frozen Egg 2","MealTicket","HornCleat","Dream Catcher"],"potions_floor_usage":[24,27,29],"damage_taken":[{"damage":1.0,"enemies":"Small Slimes","floor":1.0,"turns":3.0},{"damage":1.0,"enemies":"Cultist","floor":2.0,"turns":4.0},{"damage":7.0,"enemies":"2 Louse","floor":3.0,"turns":4.0},{"damage":0.0,"enemies":"Exordium Wildlife","floor":10.0,"turns":3.0},{"damage":0.0,"enemies":"Looter","floor":11.0,"turns":2.0},{"damage":0.0,"enemies":"Exordium Thugs","floor":12.0,"turns":4.0},{"damage":2.0,"enemies":"Lagavulin","floor":14.0,"turns":3.0},{"damage":23.0,"enemies":"Hexaghost","floor":16.0,"turns":8.0},{"damage":20,"enemies":"3 Byrds","floor":18,"turns":5},{"damage":0,"enemies":"Spheric Guardian","floor":19,"turns":3},{"damage":0,"enemies":"Slavers","floor":24,"turns":4},{"damage":27,"enemies":"Book of Stabbing","floor":27,"turns":6},{"damage":22,"enemies":"Slavers","floor":29,"turns":5}],"seed_played":"5253776873960523124","potions_obtained":[{"floor":2.0,"key":"LiquidMemories"},{"floor":3.0,"key":"LiquidMemories"},{"floor":5.0,"key":"AttackPotion"},{"floor":18,"key":"GhostInAJar"},{"floor":19,"key":"AttackPotion"},{"floor":27,"key":"PowerPotion"}],"is_trial":false,"path_per_floor":["M","M","M","?","?","R","$","R","T","M","M","M","R","E","R","B",null,"M","M","?","?","$","R","E","R","T","E","R","E"],"character_chosen":"THE_SILENT","items_purchased":["Unload","Adrenaline","Frozen Egg 2","Blur"],"campfire_rested":2,"item_purchase_floors":[7,7,22,22],"current_hp_per_floor":[43,42,35,35,35,35,35,35,35,35,35,35,35,33,33,10,52,32,32,11,11,11,30,30,30,30,3,22,0,0],"gold":135,"neow_bonus":"TWO_FIFTY_GOLD","is_prod":false,"is_daily":false,"chose_seed":false,"campfire_upgraded":5,"win_rate":0,"timestamp":1607545015,"path_taken":["M","M","M","?","?","R","$","R","T","M","?","M","R","E","R","BOSS","M","M","?","?","$","R","E","R","T","E","R","E"],"build_version":"2020-12-07","purchased_purges":2,"victory":false,"max_hp_per_floor":[66,66,66,66,66,66,66,66,66,66,66,66,66,66,66,66,66,66,66,66,66,66,66,66,66,66,66,66,66,66],"card_choices":[{"not_picked":["Backflip","Poisoned Stab"],"picked":"Quick Slash","floor":1.0},{"not_picked":["Cloak And Dagger","Poisoned Stab"],"picked":"Dagger Spray","floor":2.0},{"not_picked":["Dagger Throw","Deflect","Acrobatics"],"picked":"SKIP","floor":3.0},{"not_picked":["Underhanded Strike","Flying Knee","Concentrate"],"picked":"SKIP","floor":10.0},{"not_picked":["Underhanded Strike","Flying Knee"],"picked":"Concentrate","floor":10.0},{"not_picked":["All Out Attack","Dagger Throw","Catalyst"],"picked":"SKIP","floor":11.0},{"not_picked":["Well Laid Plans","Flechettes"],"picked":"Bouncing Flask","floor":12.0},{"not_picked":["Flying Knee","Dagger Throw"],"picked":"Doppelganger","floor":14.0},{"not_picked":["Phantasmal Killer","Doppelganger"],"picked":"Tools of the Trade","floor":16.0},{"not_picked":["Dagger Spray"],"picked":"SKIP","floor":18},{"not_picked":[],"picked":"Quick Slash","floor":19},{"not_picked":["Slice"],"picked":"SKIP","floor":24},{"not_picked":["Unload"],"picked":"SKIP","floor":27},{"not_picked":[],"picked":"Backflip","floor":28}],"player_experience":1182929,"relics_obtained":[{"floor":9.0,"key":"Bag of Marbles"},{"floor":14.0,"key":"The Courier"},{"floor":20,"key":"Enchiridion"},{"floor":24,"key":"MealTicket"},{"floor":26,"key":"HornCleat"},{"floor":27,"key":"Dream Catcher"}],"event_choices":[{"damage_healed":0.0,"max_hp_gain":0.0,"max_hp_loss":0.0,"gold_gain":150.0,"event_name":"Liars Game","player_choice":"AGREE","floor":4.0,"gold_loss":0.0,"damage_taken":0.0,"cards_obtained":["Doubt"]},{"damage_healed":0.0,"max_hp_gain":0.0,"max_hp_loss":0.0,"gold_gain":0.0,"event_name":"The Woman in Blue","player_choice":"Bought 1 Potion","floor":5.0,"gold_loss":0.0,"damage_taken":0.0},{"damage_healed":0,"gold_gain":0,"player_choice":"Obtained Book","damage_taken":21,"max_hp_gain":0,"max_hp_loss":0,"event_name":"Cursed Tome","floor":20,"gold_loss":0},{"damage_healed":0,"gold_gain":0,"player_choice":"Opened","damage_taken":0,"relics_obtained":["Anchor"],"max_hp_gain":0,"max_hp_loss":0,"event_name":"The Mausoleum","floor":21,"gold_loss":0,"cards_obtained":["Writhe"]}],"is_beta":true,"boss_relics":[{"not_picked":["SacredBark","SlaversCollar"],"picked":"Busted Crown"}],"items_purged_floors":[7,22],"is_endless":false,"potions_floor_spawned":[2,3,18,19,27],"killed_by":"Slavers","ascension_level":20}}