{"host":"uzmrqx5atqqbkwzo","time":1607526027,"event":{"gold_per_floor":[115,115,92,92,92,127,147,46,46,66,101,101,116,141,141,260,260,274,199,199],"floor_reached":19,"playtime":1215,"items_purged":[],"score":202,"play_id":"3d71ee3e-5c47-469b-9105-c62159dfd5e6","local_time":"20201209080027","is_ascension_mode":false,"campfire_choices":[{"floor":12,"key":"RECALL"},{"data":"beaked:Ceremony","floor":15,"key":"SMITH"}],"neow_cost":"NONE","seed_source_timestamp":2208824120482599,"circlet_count":0,"master_deck":["beaked:Strike_Y","beaked:Strike_Y","beaked:Strike_Y","beaked:Strike_Y","beaked:Strike_Y","beaked:Strike_Y","beaked:Defend_Y","beaked:Defend_Y","beaked:Defend_Y","beaked:Defend_Y","beaked:Ceremony","beaked:Ceremony","beaked:Ceremony+1","beaked:MaddeningMurmurs","beaked:Evade","infinitespire:FutureSight","beaked:TuckingFeathers","beaked:BraceForImpact","beaked:Evade","beaked:Insight","beaked:Brace"],"relics":["beaked:MendingPlumage","NeowsBlessing","Golden Idol","Shovel","construct:FoamFinger","MealTicket","aspiration:PoetsPen_weak"],"potions_floor_usage":[14],"damage_taken":[{"damage":0,"enemies":"2 Louse","floor":1,"turns":1},{"damage":0,"enemies":"Gremlin Nob","floor":6,"turns":1},{"damage":0,"enemies":"Jaw Worm","floor":7,"turns":1},{"damage":13,"enemies":"Cultist","floor":10,"turns":5},{"damage":18,"enemies":"Replay:BlueRogue","floor":11,"turns":7},{"damage":16,"enemies":"3 Louse","floor":13,"turns":4},{"damage":20,"enemies":"Large Slime","floor":14,"turns":6},{"damage":64,"enemies":"The Guardian","floor":16,"turns":12},{"damage":44,"enemies":"Spheric Guardian","floor":18,"turns":6},{"damage":38,"enemies":"2 Thieves","floor":19,"turns":3}],"seed_played":"-7307103918035468550","potions_obtained":[{"floor":6,"key":"Regen Potion"},{"floor":14,"key":"Guardian:BlockOnCardUsePotion"},{"floor":16,"key":"beaked:MendingBrew"}],"is_trial":false,"path_per_floor":["M","?","$","?","T","E","M","$","T","M","E","R","M","M","R","B",null,"M","M"],"character_chosen":"BEAKED_THE_CULTIST","items_purchased":["beaked:Evade","beaked:Evade","beaked:Insight"],"campfire_rested":0,"item_purchase_floors":[3,8,8],"current_hp_per_floor":[50,38,38,26,26,27,28,28,28,33,36,36,38,50,50,29,50,22,0,0],"gold":199,"neow_bonus":"THREE_ENEMY_KILL","is_prod":false,"is_daily":false,"chose_seed":false,"campfire_upgraded":1,"win_rate":0,"timestamp":1607526027,"path_taken":["M","?","$","?","?","E","M","$","T","?","E","R","M","M","R","BOSS","M","M"],"build_version":"2020-11-30","purchased_purges":0,"victory":false,"max_hp_per_floor":[50,50,50,50,50,50,50,50,50,50,50,50,50,50,50,50,50,50,50,50],"card_choices":[{"not_picked":["beaked:Negation","beaked:BounceBack"],"picked":"beaked:MaddeningMurmurs","floor":1},{"not_picked":["infinitespire:UltimateForm","infinitespire:DeathsTouch"],"picked":"infinitespire:FutureSight","floor":4},{"not_picked":["beaked:Evade","beaked:Windmill"],"picked":"beaked:TuckingFeathers","floor":6},{"not_picked":["beaked:Resilience","beaked:Pecker"],"picked":"beaked:BraceForImpact","floor":7},{"not_picked":["beaked:RuinSticks","beaked:Hexing","beaked:Devastation"],"picked":"SKIP","floor":10},{"not_picked":["beaked:Cower","beaked:Tradeoff","beaked:Poke"],"picked":"SKIP","floor":11},{"not_picked":["beaked:Overpower","beaked:Caw"],"picked":"beaked:Brace","floor":13},{"not_picked":["beaked:Foresight","ReplayTheSpireMod:Prepare the Ceremony","beaked:Molting"],"picked":"SKIP","floor":14},{"not_picked":["beaked:Resilience","beaked:CursingBlood","beaked:HuntressSpirit"],"picked":"SKIP","floor":18}],"player_experience":352218,"relics_obtained":[{"floor":6,"key":"Shovel"},{"floor":9,"key":"construct:FoamFinger"},{"floor":11,"key":"MealTicket"}],"event_choices":[{"damage_healed":0,"gold_gain":0,"player_choice":"Take Damage","damage_taken":12,"relics_obtained":["Golden Idol"],"max_hp_gain":0,"max_hp_loss":0,"event_name":"Golden Idol","floor":2,"gold_loss":0}],"is_beta":false,"boss_relics":[{"not_picked":["Snecko Eye","Replay:Fungal Core"],"picked":"aspiration:PoetsPen_weak"}],"items_purged_floors":[],"is_endless":false,"potions_floor_spawned":[6,14,16],"killed_by":"2 Thieves","ascension_level":0}}