{"host":"16pupetwkpt1jfy9","time":1607486850,"event":{"gold_per_floor":[109,34,44,60,74,85,85,104,104,29,29,29],"floor_reached":11,"playtime":608,"items_purged":["Compile Driver"],"score":67,"play_id":"1107f5b9-f549-43ff-a9a3-3bf089b1d28a","local_time":"20201208230730","is_ascension_mode":false,"campfire_choices":[],"neow_cost":"NONE","seed_source_timestamp":617460155956000,"circlet_count":0,"master_deck":["Strike_B","Strike_B","Strike_B","Strike_B","Defend_B","Defend_B","Defend_B","Defend_B","Zap","Dualcast","Ball Lightning","Genetic Algorithm","Redo","Gash","Streamline"],"relics":["Cracked Core","NeowsBlessing","Shuriken","Lizard Tail"],"potions_floor_usage":[5,11],"damage_taken":[{"damage":0,"enemies":"2 Louse","floor":1,"turns":1},{"damage":0,"enemies":"Cultist","floor":3,"turns":1},{"damage":0,"enemies":"Small Slimes","floor":4,"turns":1},{"damage":11,"enemies":"Exordium Wildlife","floor":5,"turns":4},{"damage":24,"enemies":"Lots of Slimes","floor":6,"turns":5},{"damage":8,"enemies":"3 Louse","floor":8,"turns":3},{"damage":26,"enemies":"Lagavulin","floor":11,"turns":7}],"seed_played":"5320936676566300757","potions_obtained":[{"floor":4,"key":"Fire Potion"},{"floor":6,"key":"PotionOfCapacity"},{"floor":8,"key":"FocusPotion"}],"is_trial":false,"path_per_floor":["M","$","M","M","M","M","?","M","T","$","E"],"character_chosen":"DEFECT","items_purchased":["Genetic Algorithm"],"campfire_rested":0,"item_purchase_floors":[2],"current_hp_per_floor":[75,75,75,75,64,40,40,32,32,32,6,6],"gold":29,"neow_bonus":"THREE_ENEMY_KILL","is_prod":false,"is_daily":false,"chose_seed":false,"campfire_upgraded":0,"win_rate":0.0,"timestamp":1607486850,"path_taken":["M","$","M","M","M","M","?","M","T","$","E"],"build_version":"2020-11-30","purchased_purges":1,"victory":false,"max_hp_per_floor":[75,75,75,75,75,75,75,75,75,75,75,75],"card_choices":[{"not_picked":["Hologram","Lockon"],"picked":"Ball Lightning","floor":1},{"not_picked":["Conserve Battery","Beam Cell"],"picked":"Redo","floor":3},{"not_picked":["Conserve Battery","Stack"],"picked":"Compile Driver","floor":4},{"not_picked":["Reprogram","Beam Cell"],"picked":"Gash","floor":5},{"not_picked":["Consume","Go for the Eyes"],"picked":"Streamline","floor":6},{"not_picked":["Redo","Cold Snap","Barrage"],"picked":"SKIP","floor":8}],"player_experience":62703,"relics_obtained":[{"floor":9,"key":"Lizard Tail"}],"event_choices":[{"damage_healed":0,"gold_gain":0,"player_choice":"Gave Potion","damage_taken":0,"relics_obtained":["Shuriken"],"max_hp_gain":0,"max_hp_loss":0,"event_name":"WeMeetAgain","floor":7,"gold_loss":0}],"is_beta":false,"boss_relics":[],"items_purged_floors":[10],"is_endless":false,"potions_floor_spawned":[4,6,8],"killed_by":"Lagavulin","ascension_level":0}}