{"host":"iy58fyt9wsbv4cf1","time":1607477047,"event":{"gold_per_floor":[115,115,115,115,142,142,163,6,31,55,91,91,91],"floor_reached":12,"playtime":207,"items_purged":["Strike_B"],"score":76,"play_id":"2d9085d7-a263-45e0-9ebe-efd86841399d","local_time":"20201208202407","is_ascension_mode":false,"campfire_choices":[{"floor":6,"key":"REST"}],"neow_cost":"","seed_source_timestamp":442700776538200,"circlet_count":0,"master_deck":["Strike_B","Strike_B","Strike_B","Defend_B","Defend_B","Defend_B","Defend_B","Zap","Dualcast","Tempest","Capacitor","Static Discharge","Leap","Fission"],"relics":["Cracked Core","Mummified Hand","Golden Idol","hubris:BallOfYels","Strange Spoon"],"potions_floor_usage":[11],"damage_taken":[{"damage":7,"enemies":"2 Louse","floor":1,"turns":2},{"damage":0,"enemies":"Small Slimes","floor":7,"turns":2},{"damage":11,"enemies":"Jaw Worm","floor":10,"turns":2},{"damage":16,"enemies":"Gremlin Nob","floor":11,"turns":3},{"damage":17,"enemies":"2 Fungi Beasts","floor":12,"turns":2}],"seed_played":"-3840617344741886663","potions_obtained":[{"floor":1,"key":"SpeedPotion"},{"floor":7,"key":"Energy Potion"}],"is_trial":false,"path_per_floor":["M","$","?","?","T","R","M","$","T","M","E","M"],"character_chosen":"DEFECT","items_purchased":["Mummified Hand","Tempest","Capacitor","Static Discharge","Strange Spoon"],"campfire_rested":1,"item_purchase_floors":[0,0,0,0,8],"current_hp_per_floor":[39,39,21,21,21,43,43,43,43,32,16,0,0],"gold":91,"neow_bonus":"","is_prod":false,"is_daily":false,"chose_seed":false,"campfire_upgraded":0,"win_rate":0,"timestamp":1607477047,"path_taken":["M","$","?","?","?","R","M","$","T","M","E","M"],"build_version":"2020-11-30","purchased_purges":1,"victory":false,"max_hp_per_floor":[75,75,75,75,75,75,75,75,75,75,75,75,75],"card_choices":[{"not_picked":["Ball Lightning","Go for the Eyes","Turbo"],"picked":"SKIP","floor":1},{"not_picked":["Rebound","Leap","Redo"],"picked":"SKIP","floor":7},{"not_picked":["Turbo","Beam Cell","Steam"],"picked":"SKIP","floor":10},{"not_picked":["Barrage","Steam"],"picked":"Fission","floor":11}],"player_experience":87380,"relics_obtained":[{"floor":5,"key":"hubris:BallOfYels"}],"event_choices":[{"damage_healed":0,"gold_gain":0,"player_choice":"Take Damage","damage_taken":18,"relics_obtained":["Golden Idol"],"max_hp_gain":0,"max_hp_loss":0,"event_name":"Golden Idol","floor":3,"gold_loss":0}],"is_beta":false,"boss_relics":[],"items_purged_floors":[0],"is_endless":false,"potions_floor_spawned":[1,7],"killed_by":"2 Fungi Beasts","ascension_level":0}}