{"host":"07uaop1inayl4i9k","time":1607479555,"event":{"gold_per_floor":[87,101,113,113,127,153,153,172,172,200,200,15,31,44,44,149,149,169,169,188,188,206,240,12,28,28,28,28,28,41,52,52,151,151,171,200,200,228,262,262,293,325,350,384,43,43,80,99,99,99,99,99,50,80,80],"floor_reached":56,"playtime":3489,"items_purged":[],"score":1467,"play_id":"60d957c4-3908-48ec-bc2b-345ea5ac0831","local_time":"20201208210555","is_ascension_mode":false,"campfire_choices":[{"floor":7,"key":"REST"},{"floor":15,"key":"RECALL"},{"floor":27,"key":"REST"},{"data":"GetWldd","floor":29,"key":"SMITH"},{"floor":32,"key":"REST"},{"floor":40,"key":"REST"},{"floor":46,"key":"REST"},{"floor":49,"key":"REST"},{"floor":52,"key":"REST"}],"neow_cost":"NONE","seed_source_timestamp":133514491054899,"circlet_count":0,"master_deck":["Strike_HD","Strike_HD","Strike_HD+1","DrunkenFist","Defend_HD","Defend_HD","Defend_HD+1","AlcoholBarrier","BreakDrink+1","Twin","Beer","Susie","DrunkForget","Margarita","GetAll","ShrimpCocktail+1","Metabolism","Caffeine","CardDestruct","GetWldd+1","CurseOfTheBell","Icecream","AlcoholBarrier","ChickenAttack","ShrimpCocktail","Susie+1","GetWldd","CardReborn+1","KingRound","ShrimpCocktail","ThrowBottle","Parasite","ChickenAttack","Caffeine+1","Fbi","ShrimpCocktail","LightAttack"],"relics":["WineBottle","Ancient Tea Set","aspiration:TomeofQuesting","energizedSpire:OgreHead","hubris:GlazedTorus","Calling Bell","Orichalcum","hubris:TinFlute","aspiration:HatOfInfinitePower","Happy Flower","PreservedInsect","infinitespire:WardingShard","infinitespire:EvilPickle","Gremlin Food","hubris:Backtick","Lizard Tail","aspiration:ChemicalBlood","ReplayTheSpireMod:Lightbulb","Replay:Mystery Machine","infinitespire:Lucky Rock"],"potions_floor_usage":[6,10,16,33,33,33,44,47,50,50,50,50,55,55,55,55,55,55,55],"damage_taken":[{"damage":3,"enemies":"Jaw Worm","floor":1,"turns":5},{"damage":2,"enemies":"2 Louse","floor":2,"turns":3},{"damage":0,"enemies":"Cultist","floor":3,"turns":3},{"damage":0,"enemies":"Looter","floor":5,"turns":3},{"damage":4,"enemies":"Gremlin Nob","floor":6,"turns":3},{"damage":7,"enemies":"Exordium Thugs","floor":8,"turns":5},{"damage":12,"enemies":"3 Sentries","floor":10,"turns":8},{"damage":0,"enemies":"Red Slaver","floor":13,"turns":3},{"damage":0,"enemies":"Looter","floor":14,"turns":1},{"damage":4,"enemies":"Slime Boss","floor":16,"turns":6},{"damage":14,"enemies":"Shell Parasite","floor":18,"turns":3},{"damage":1,"enemies":"Chosen","floor":20,"turns":3},{"damage":8,"enemies":"Centurion and Healer","floor":22,"turns":6},{"damage":27,"enemies":"Book of Stabbing","floor":23,"turns":7},{"damage":3,"enemies":"Cultist and Chosen","floor":25,"turns":7},{"damage":11,"enemies":"3 Cultists","floor":30,"turns":5},{"damage":9,"enemies":"Shelled Parasite and Fungi","floor":31,"turns":3},{"damage":59,"enemies":"Pondfish","floor":33,"turns":15},{"damage":5,"enemies":"Orb Walker","floor":35,"turns":4},{"damage":4,"enemies":"3 Darklings","floor":36,"turns":8},{"damage":0,"enemies":"Spire Growth","floor":38,"turns":4},{"damage":42,"enemies":"Maw","floor":39,"turns":8},{"damage":9,"enemies":"Sphere and 2 Shapes","floor":41,"turns":4},{"damage":15,"enemies":"Transient","floor":42,"turns":5},{"damage":20,"enemies":"Writhing Mass","floor":44,"turns":5},{"damage":22,"enemies":"Nemesis","floor":47,"turns":3},{"damage":0,"enemies":"Sphere and 2 Shapes","floor":48,"turns":4},{"damage":36,"enemies":"Time Eater","floor":50,"turns":9},{"damage":18,"enemies":"Shield and Spear","floor":54,"turns":5},{"damage":82,"enemies":"The Heart","floor":55,"turns":6}],"seed_played":"-6757149129180408736","potions_obtained":[{"floor":1,"key":"SteroidPotion"},{"floor":8,"key":"Explosive Potion"},{"floor":10,"key":"ColorlessPotion"},{"floor":13,"key":"Dexterity Potion"},{"floor":16,"key":"BlessingOfTheForge"},{"floor":18,"key":"SpeedPotion"},{"floor":22,"key":"SteroidPotion"},{"floor":25,"key":"SkillPotion"},{"floor":39,"key":"Elixir"},{"floor":41,"key":"SmokeBomb"},{"floor":42,"key":"Block Potion"},{"floor":44,"key":"PowerPotion"},{"floor":48,"key":"DuplicationPotion"},{"floor":54,"key":"AlcoholPotion"}],"is_trial":false,"path_per_floor":["M","M","M","?","M","E","R","M","T","E","?","$","M","M","R","B",null,"M","AVR","M","?","M","E","$","M","T","R","?","R","M","M","R","B",null,"M","M","AVR","M","M","R","M","M","T","M","$","R","E","M","R","B",null,"R","$","E","B",null],"character_chosen":"HORNYDRAGON","items_purchased":["Caffeine","CardDestruct","PreservedInsect","Adrenaline Potion","Caffeine","ReplayTheSpireMod:Lightbulb","DistilledChaos","AttackPotion"],"campfire_rested":7,"item_purchase_floors":[12,12,24,24,45,45,45,53],"current_hp_per_floor":[84,82,82,65,65,61,87,80,80,68,68,68,68,68,68,64,87,73,73,72,72,64,37,37,34,34,60,60,60,49,40,66,7,87,82,78,78,78,36,62,53,38,38,18,18,44,22,22,48,12,87,87,87,69,31],"gold":80,"neow_bonus":"ONE_RANDOM_RARE_CARD","is_prod":false,"is_daily":false,"chose_seed":false,"campfire_upgraded":1,"win_rate":0,"timestamp":1607479555,"path_taken":["M","M","M","?","M","E","R","M","T","E","?","$","?","M","R","BOSS","M","AVR","M","?","M","E","?","M","T","R","?","R","M","?","R","BOSS","M","M","AVR","M","M","R","M","M","T","M","?","R","E","M","R","BOSS","R","$","E","BOSS"],"build_version":"2020-11-30","purchased_purges":0,"victory":true,"max_hp_per_floor":[87,87,87,87,87,87,87,87,87,87,87,87,87,87,87,87,87,87,87,87,87,87,87,87,87,87,87,87,87,87,87,87,87,87,87,87,87,87,87,87,87,87,87,87,87,87,87,87,87,87,87,87,87,87,87],"card_choices":[{"not_picked":["AlcoholAttack","Pigeon"],"picked":"Beer","floor":1},{"not_picked":["Fly","Fury"],"picked":"Susie","floor":2},{"not_picked":["Fly","StrangeSheild"],"picked":"DrunkForget","floor":3},{"not_picked":["BreakDrink","Fly"],"picked":"Margarita","floor":5},{"not_picked":["AlcoholAttack","BunnyJump"],"picked":"GetAll","floor":6},{"not_picked":["BlackJackAttack","HeadDefend"],"picked":"ShrimpCocktail","floor":8},{"not_picked":["Guppy","Yeast"],"picked":"Metabolism","floor":10},{"not_picked":["SexyLeg","Circle","Margarita"],"picked":"SKIP","floor":13},{"not_picked":["AlcoholHeal","Vomiting","Platelet"],"picked":"SKIP","floor":14},{"not_picked":["Hammer","Linda"],"picked":"GetWldd","floor":16},{"not_picked":["ThrowBottle+1","KingRound","DrumStick"],"picked":"SKIP","floor":18},{"not_picked":["BunnyJump","BottleAttack","Circle"],"picked":"SKIP","floor":20},{"not_picked":["DrumStick","ChickenAttack"],"picked":"Icecream","floor":22},{"not_picked":["Ahahah+1","Sadman570"],"picked":"AlcoholBarrier","floor":23},{"not_picked":["Beer+1","HeadDefend"],"picked":"ChickenAttack","floor":25},{"not_picked":["Guppy","AlcoholHeal"],"picked":"ShrimpCocktail","floor":30},{"not_picked":["RainbowAttack","Wtf"],"picked":"Susie","floor":31},{"not_picked":["Linda","Ie6"],"picked":"GetWldd","floor":33},{"not_picked":["AlcoholAttack","DrunkardWalk"],"picked":"CardReborn+1","floor":35},{"not_picked":["Wtf","Alcoholic"],"picked":"KingRound","floor":36},{"not_picked":["DrunkardWalk","DrumStick","Conch"],"picked":"SKIP","floor":38},{"not_picked":["GetAll","Fly"],"picked":"ShrimpCocktail","floor":39},{"not_picked":["BlackJackAttack+1","RainbowAttack"],"picked":"ThrowBottle","floor":41},{"not_picked":["Alcoholic","DrunkForget+1","Pigeon+1"],"picked":"SKIP","floor":42},{"not_picked":["Distracted+1","Ocd"],"picked":"ChickenAttack","floor":44},{"not_picked":["Sadman570+1","Wtf+1"],"picked":"Fbi","floor":47},{"not_picked":["Nihilism","Alcoholic"],"picked":"ShrimpCocktail","floor":48},{"not_picked":["Wtf+1","DrunkenFist+1"],"picked":"LightAttack","floor":54}],"player_experience":195402,"relics_obtained":[{"floor":6,"key":"Ancient Tea Set"},{"floor":10,"key":"aspiration:TomeofQuesting"},{"floor":19,"key":"Orichalcum"},{"floor":19,"key":"hubris:TinFlute"},{"floor":19,"key":"aspiration:HatOfInfinitePower"},{"floor":23,"key":"Happy Flower"},{"floor":26,"key":"infinitespire:WardingShard"},{"floor":43,"key":"aspiration:ChemicalBlood"},{"floor":47,"key":"Replay:Mystery Machine"},{"floor":54,"key":"infinitespire:Lucky Rock"}],"event_choices":[{"damage_healed":0,"gold_gain":0,"player_choice":"Entered Light","damage_taken":17,"max_hp_gain":0,"max_hp_loss":0,"event_name":"Shining Light","floor":4,"gold_loss":0,"cards_upgraded":["Defend_HD","BreakDrink"]},{"cards_removed":["Strike_HD"],"damage_healed":0,"gold_gain":0,"player_choice":"Offered Basic","damage_taken":0,"max_hp_gain":0,"max_hp_loss":0,"event_name":"Bonfire Elementals","floor":11,"gold_loss":0},{"damage_healed":0,"gold_gain":0,"player_choice":"Ignored","damage_taken":0,"max_hp_gain":0,"max_hp_loss":0,"event_name":"Purifier","floor":21,"gold_loss":0},{"cards_removed":["Defend_HD"],"damage_healed":0,"gold_gain":0,"player_choice":"Card Removal","damage_taken":0,"max_hp_gain":0,"max_hp_loss":0,"event_name":"Wheel of Change","floor":28,"gold_loss":0}],"is_beta":false,"boss_relics":[{"not_picked":["energizedSpire:RedRose","Ring of Chaos"],"picked":"energizedSpire:OgreHead"},{"not_picked":["hubris:Stopwatch","aspiration:MarisaSkillbook","hubris:CrackedHourglass"]}],"items_purged_floors":[],"is_endless":false,"potions_floor_spawned":[1,8,10,13,16,18,22,25,31,39,41,42,44,48,54],"ascension_level":0}}