{"host":"htpechobqgpaugnv","time":1607506544,"event":{"gold_per_floor":[113,124,124,138,138,138,164,184,210,235,235,252,287,306,306,380,380,390,304,304,219,235,245,272,36,63,63,63,82,116,134,134,211,211,230,230,19,19,35,35,69,69,139,139,170,222,222,222,222,222,222],"floor_reached":50,"playtime":1221,"items_purged":["Strike_P","Strike_P"],"score":1237,"play_id":"48e0d699-b37f-4565-9fe2-6f52ebc5c26e","local_time":"20201209033544","is_ascension_mode":true,"campfire_choices":[{"data":"Conclude","floor":6.0,"key":"SMITH"},{"data":"Eruption","floor":15.0,"key":"SMITH"},{"data":"Tantrum","floor":27.0,"key":"SMITH"},{"data":"CrushJoints","floor":32.0,"key":"SMITH"},{"floor":40.0,"key":"RECALL"},{"data":"Purity","floor":44.0,"key":"SMITH"},{"data":"Vigilance","floor":47.0,"key":"SMITH"},{"floor":49,"key":"REST"}],"neow_cost":"NONE","seed_source_timestamp":85474862129900,"circlet_count":0,"master_deck":["AscendersBane","Defend_P","Defend_P","Defend_P","Eruption+1","Vigilance+1","Conclude+1","DevaForm","ReachHeaven","Scrawl","Tantrum+1","DeceiveReality+1","Evaluate+1","Alpha+1","CrushJoints+1","Scrawl+1","Fasting2","Purity+1"],"special_seed":0,"relics":["PureWater","NeowsBlessing","Ancient Tea Set","Centennial Puzzle","Lantern","Art of War","Bronze Scales","Empty Cage","MutagenicStrength","Anchor","Happy Flower","OrangePellets","Vajra","Orichalcum","Runic Pyramid","Membership Card","PreservedInsect","Ginger","War Paint"],"potions_floor_usage":[],"damage_taken":[{"damage":0.0,"enemies":"2 Louse","floor":1.0,"turns":2.0},{"damage":0.0,"enemies":"Cultist","floor":2.0,"turns":1.0},{"damage":0.0,"enemies":"Small Slimes","floor":4.0,"turns":1.0},{"damage":0.0,"enemies":"Gremlin Nob","floor":7.0,"turns":2.0},{"damage":0.0,"enemies":"Gremlin Gang","floor":8.0,"turns":2.0},{"damage":2.0,"enemies":"3 Sentries","floor":10.0,"turns":3.0},{"damage":0.0,"enemies":"Blue Slaver","floor":12.0,"turns":3.0},{"damage":8.0,"enemies":"Gremlin Nob","floor":13.0,"turns":3.0},{"damage":2.0,"enemies":"Exordium Wildlife","floor":14.0,"turns":2.0},{"damage":42.0,"enemies":"The Guardian","floor":16.0,"turns":9.0},{"damage":24.0,"enemies":"Chosen","floor":18.0,"turns":3.0},{"damage":3.0,"enemies":"Shell Parasite","floor":22.0,"turns":2.0},{"damage":15.0,"enemies":"Shelled Parasite and Fungi","floor":23.0,"turns":3.0},{"damage":0.0,"enemies":"Gremlin Leader","floor":24.0,"turns":3.0},{"damage":0.0,"enemies":"Cultist and Chosen","floor":29.0,"turns":3.0},{"damage":3.0,"enemies":"Book of Stabbing","floor":30.0,"turns":4.0},{"damage":0.0,"enemies":"Snake Plant","floor":31.0,"turns":2.0},{"damage":12.0,"enemies":"Champ","floor":33.0,"turns":6.0},{"damage":0.0,"enemies":"Orb Walker","floor":35.0,"turns":1.0},{"damage":0.0,"enemies":"3 Shapes","floor":39.0,"turns":1.0},{"damage":23.0,"enemies":"Reptomancer","floor":41.0,"turns":4.0},{"damage":7.0,"enemies":"Giant Head","floor":45.0,"turns":4.0},{"damage":57,"enemies":"Donu and Deca","floor":50,"turns":3}],"seed_played":"7524371729625045072","potions_obtained":[{"floor":3.0,"key":"ColorlessPotion"},{"floor":3.0,"key":"EssenceOfSteel"},{"floor":4.0,"key":"BottledMiracle"},{"floor":7.0,"key":"Fire Potion"},{"floor":8.0,"key":"SkillPotion"},{"floor":10.0,"key":"SpeedPotion"},{"floor":14.0,"key":"Regen Potion"},{"floor":22.0,"key":"CultistPotion"},{"floor":24.0,"key":"Energy Potion"},{"floor":31.0,"key":"SpeedPotion"}],"is_trial":false,"path_per_floor":["M","M","?","M","?","R","E","M","T","E","?","M","E","M","R","B",null,"M","$","?","?","M","M","E","$","T","R","?","M","E","M","R","B",null,"M","?","$","?","M","R","E","?","T","R","E","T","R","?","R","B"],"character_chosen":"WATCHER","items_purchased":["Tantrum","OrangePellets","Membership Card"],"campfire_rested":1,"item_purchase_floors":[19,25,37],"current_hp_per_floor":[61,61,61,61,66,66,66,66,66,64,64,64,56,54,54,27,62,38,38,38,38,35,20,20,20,20,20,20,20,17,17,17,5,56,56,56,56,56,56,56,33,33,33,33,26,26,26,26,47,0,0],"gold":222,"neow_bonus":"THREE_ENEMY_KILL","is_prod":false,"is_daily":false,"chose_seed":false,"campfire_upgraded":6,"win_rate":0,"timestamp":1607506544,"path_taken":["M","M","?","?","?","R","E","M","T","E","?","?","E","M","R","BOSS","M","$","?","?","M","M","E","$","T","R","?","?","E","M","R","BOSS","M","?","$","?","?","R","E","?","T","R","E","?","R","?","R","BOSS"],"build_version":"2020-11-30","purchased_purges":2,"victory":false,"max_hp_per_floor":[68,68,68,68,73,73,73,73,73,73,73,73,73,73,73,73,73,73,73,73,73,73,73,73,73,73,73,73,73,73,73,73,73,73,73,73,73,73,73,73,73,73,73,73,73,73,73,73,73,73,73],"relic_stats":{"OrangePellets":[5],"Centennial Puzzle":[36],"Happy Flower":[9],"counters":[23,67],"Bronze Scales":[99],"PreservedInsect":130,"Art of War":[10],"Ginger":[0],"Orichalcum":[12],"War Paint":["Alpha","DeceiveReality"],"obtain_stats":[{"Lantern":10,"NeowsBlessing":0,"Happy Flower":24,"Vajra":26,"PreservedInsect":41,"Ginger":45,"Orichalcum":30,"War Paint":46,"Ancient Tea Set":7,"Empty Cage":17,"OrangePellets":25,"Centennial Puzzle":9,"Anchor":21,"Bronze Scales":13,"MutagenicStrength":20,"Art of War":11,"Membership Card":37,"PureWater":0,"Runic Pyramid":34},{"Lantern":6,"NeowsBlessing":0,"Happy Flower":14,"Vajra":14,"PreservedInsect":21,"Ginger":22,"Orichalcum":16,"War Paint":22,"Ancient Tea Set":4,"Empty Cage":10,"OrangePellets":14,"Centennial Puzzle":5,"Anchor":11,"Bronze Scales":8,"MutagenicStrength":11,"Art of War":6,"Membership Card":19,"PureWater":0,"Runic Pyramid":18},{"Lantern":11,"NeowsBlessing":0,"Happy Flower":39,"Vajra":39,"PreservedInsect":60,"Ginger":64,"Orichalcum":46,"War Paint":64,"Ancient Tea Set":6,"Empty Cage":28,"OrangePellets":39,"Centennial Puzzle":8,"Anchor":31,"Bronze Scales":17,"MutagenicStrength":31,"Art of War":11,"Membership Card":55,"PureWater":0,"Runic Pyramid":54}]},"card_choices":[{"not_picked":["FlyingSleeves","BowlingBash"],"picked":"Conclude","floor":1.0},{"not_picked":["MentalFortress","BattleHymn","Halt"],"picked":"SKIP","floor":2.0},{"not_picked":["WreathOfFlame","Crescendo","ThirdEye"],"picked":"SKIP","floor":4.0},{"not_picked":["FlyingSleeves","SashWhip"],"picked":"DevaForm","floor":7.0},{"not_picked":["Consecrate","Perseverance"],"picked":"ReachHeaven","floor":8.0},{"not_picked":["Pray","BowlingBash","DeceiveReality"],"picked":"SKIP","floor":10.0},{"not_picked":["Nirvana","Conclude","Prostrate"],"picked":"SKIP","floor":12.0},{"not_picked":["DeceiveReality","Crescendo","Fasting2"],"picked":"SKIP","floor":13.0},{"not_picked":["FlyingSleeves","BowlingBash","ForeignInfluence"],"picked":"SKIP","floor":14.0},{"not_picked":["ConjureBlade","Omniscience"],"picked":"Scrawl","floor":16.0},{"not_picked":["Nirvana","EmptyFist","Study"],"picked":"SKIP","floor":18.0},{"not_picked":["CutThroughFate","BattleHymn"],"picked":"DeceiveReality","floor":22.0},{"not_picked":["FlurryOfBlows+1","Halt"],"picked":"Evaluate+1","floor":23.0},{"not_picked":["Evaluate","LikeWater"],"picked":"Alpha","floor":24.0},{"not_picked":["Collect","FlurryOfBlows","BowlingBash"],"picked":"SKIP","floor":29.0},{"not_picked":["FlurryOfBlows","Conclude"],"picked":"CrushJoints","floor":30.0},{"not_picked":["Weave+1","PathToVictory","EmptyBody"],"picked":"SKIP","floor":31.0},{"not_picked":["Judgement","SpiritShield"],"picked":"Scrawl","floor":33.0},{"not_picked":["JustLucky","CutThroughFate+1","SashWhip"],"picked":"SKIP","floor":35.0},{"not_picked":["Worship","FlurryOfBlows"],"picked":"Fasting2","floor":39.0},{"not_picked":["CutThroughFate","Prostrate","ForeignInfluence"],"picked":"SKIP","floor":41.0},{"not_picked":["Swift Strike","Master of Strategy"],"picked":"Purity","floor":42.0},{"not_picked":["ForeignInfluence+1","Collect+1","EmptyFist+1"],"picked":"SKIP","floor":45.0}],"player_experience":1261081,"relics_obtained":[{"floor":7.0,"key":"Ancient Tea Set"},{"floor":9.0,"key":"Centennial Puzzle"},{"floor":10.0,"key":"Lantern"},{"floor":13.0,"key":"Bronze Scales"},{"floor":24.0,"key":"Happy Flower"},{"floor":26.0,"key":"Vajra"},{"floor":30.0,"key":"Orichalcum"},{"floor":41.0,"key":"PreservedInsect"},{"floor":45.0,"key":"Ginger"},{"floor":46.0,"key":"War Paint"}],"event_choices":[{"damage_healed":0.0,"max_hp_gain":0.0,"max_hp_loss":0.0,"gold_gain":0.0,"event_name":"Lab","player_choice":"Got Potions","floor":3.0,"gold_loss":0.0,"damage_taken":0.0},{"damage_healed":0.0,"max_hp_gain":5.0,"max_hp_loss":0.0,"gold_gain":0.0,"event_name":"Big Fish","player_choice":"Donut","floor":5.0,"gold_loss":0.0,"damage_taken":0.0},{"damage_healed":0.0,"max_hp_gain":0.0,"max_hp_loss":0.0,"gold_gain":0.0,"event_name":"WeMeetAgain","player_choice":"Gave Potion","floor":11.0,"gold_loss":0.0,"damage_taken":0.0,"relics_obtained":["Art of War"]},{"damage_healed":0.0,"max_hp_gain":0.0,"max_hp_loss":0.0,"gold_gain":0.0,"event_name":"Drug Dealer","player_choice":"Inject Mutagens","floor":20.0,"gold_loss":0.0,"damage_taken":0.0,"relics_obtained":["MutagenicStrength"]},{"damage_healed":0.0,"max_hp_gain":0.0,"max_hp_loss":0.0,"gold_gain":0.0,"event_name":"Addict","player_choice":"Obtained Relic","floor":21.0,"gold_loss":85.0,"damage_taken":0.0,"relics_obtained":["Anchor"]},{"cards_removed":["Defend_P"],"damage_healed":0.0,"max_hp_gain":0.0,"max_hp_loss":0.0,"gold_gain":0.0,"event_name":"Purifier","player_choice":"Purged","floor":28.0,"gold_loss":0.0,"damage_taken":0.0},{"damage_healed":0.0,"max_hp_gain":0.0,"max_hp_loss":0.0,"gold_gain":0.0,"event_name":"Tomb of Lord Red Mask","player_choice":"Ignored","floor":36.0,"gold_loss":0.0,"damage_taken":0.0},{"damage_healed":0.0,"max_hp_gain":0.0,"max_hp_loss":0.0,"gold_gain":0.0,"event_name":"Upgrade Shrine","player_choice":"Upgraded","floor":38.0,"gold_loss":0.0,"damage_taken":0.0,"cards_upgraded":["Scrawl"]},{"damage_healed":0.0,"max_hp_gain":0.0,"max_hp_loss":0.0,"gold_gain":0.0,"event_name":"SensoryStone","player_choice":"Memory 1","floor":42.0,"gold_loss":0.0,"damage_taken":0.0},{"damage_healed":0,"gold_gain":0,"player_choice":"Ignored","damage_taken":0,"max_hp_gain":0,"max_hp_loss":0,"event_name":"Mysterious Sphere","floor":48,"gold_loss":0}],"is_beta":false,"boss_relics":[{"not_picked":["Coffee Dripper","Ectoplasm"],"picked":"Empty Cage"},{"not_picked":["Snecko Eye","SacredBark"],"picked":"Runic Pyramid"}],"items_purged_floors":[25,37],"is_endless":false,"potions_floor_spawned":[4,7,8,10,14,22,24,31,35,45],"killed_by":"Donu and Deca","ascension_level":20}}