{"host":"jpzdg3po3tjxdjri","time":1607548242,"event":{"gold_per_floor":[119,294,294,294,69,69,84,127,127,127,127],"floor_reached":10,"playtime":211,"items_purged":["Doubt"],"score":106,"play_id":"b51b5027-5f28-42e6-9fca-e62bde8df93f","local_time":"20201209211042","is_ascension_mode":true,"campfire_choices":[{"data":"Dagger Throw","floor":6,"key":"SMITH"}],"neow_cost":"NONE","seed_source_timestamp":1860812880583400,"circlet_count":0,"master_deck":["AscendersBane","Strike_G","Strike_G","Strike_G","Strike_G","Strike_G","Defend_G","Defend_G","Defend_G","Defend_G","Defend_G","Survivor","Neutralize+1","Dagger Throw+1","Slice","Cloak And Dagger"],"relics":["Ring of the Snake","Golden Idol","Anchor","Potion Belt","Meat on the Bone"],"potions_floor_usage":[],"damage_taken":[{"damage":1,"enemies":"Jaw Worm","floor":1,"turns":3},{"damage":0,"enemies":"2 Louse","floor":7,"turns":3},{"damage":37,"enemies":"3 Sentries","floor":8,"turns":11},{"damage":28,"enemies":"Gremlin Nob","floor":10,"turns":3}],"seed_played":"-4413884405249169005","potions_obtained":[{"floor":7,"key":"LiquidBronze"}],"is_trial":false,"path_per_floor":["M","?","?","?","$","R","M","E","T","E"],"character_chosen":"THE_SILENT","items_purchased":["Anchor"],"campfire_rested":0,"item_purchase_floors":[5],"current_hp_per_floor":[62,62,45,45,45,45,45,8,8,0,0],"gold":127,"neow_bonus":"UPGRADE_CARD","is_prod":false,"is_daily":false,"chose_seed":false,"campfire_upgraded":1,"win_rate":0,"timestamp":1607548242,"path_taken":["M","?","?","?","$","R","M","E","T","E"],"build_version":"2020-11-30","purchased_purges":1,"victory":false,"max_hp_per_floor":[70,70,70,70,70,70,70,70,70,70,70],"card_choices":[{"not_picked":["Cloak And Dagger","Sucker Punch"],"picked":"Dagger Throw","floor":1},{"not_picked":["Distraction","Reflex"],"picked":"Slice","floor":7},{"not_picked":["Outmaneuver","Eviscerate"],"picked":"Cloak And Dagger","floor":8}],"player_experience":799194,"relics_obtained":[{"floor":8,"key":"Potion Belt"},{"floor":9,"key":"Meat on the Bone"}],"event_choices":[{"damage_healed":0,"gold_gain":175,"player_choice":"AGREE","damage_taken":119,"max_hp_gain":0,"max_hp_loss":0,"event_name":"betterThird:BetterSerpent","floor":2,"gold_loss":0},{"damage_healed":0,"gold_gain":0,"player_choice":"Take Damage","damage_taken":17,"relics_obtained":["Golden Idol"],"max_hp_gain":0,"max_hp_loss":0,"event_name":"Golden Idol","floor":3,"gold_loss":0},{"damage_healed":0,"gold_gain":0,"player_choice":"Bought 0 Potions","damage_taken":0,"max_hp_gain":0,"max_hp_loss":0,"event_name":"The Woman in Blue","floor":4,"gold_loss":0}],"is_beta":false,"boss_relics":[],"items_purged_floors":[5],"is_endless":false,"potions_floor_spawned":[7],"killed_by":"Gremlin Nob","ascension_level":13}}