{"host":"ci7ivtocgfxh0ueo","time":1607507271,"event":{"gold_per_floor":[13,26,26,44,44,44,71,71,71,100,4,39,56,56,56],"floor_reached":14,"playtime":290,"items_purged":[],"score":194,"play_id":"0d6ede3e-4a6c-4708-a0ae-6c3435f054bc","local_time":"20201209174751","is_ascension_mode":true,"campfire_choices":[{"data":"Rainbow","floor":6,"key":"SMITH"},{"floor":8,"key":"REST"}],"neow_cost":"NO_GOLD","seed_source_timestamp":83050343983200,"circlet_count":0,"master_deck":["AscendersBane","Strike_B","Strike_B","Strike_B","Defend_B","Defend_B","Defend_B","Defend_B","Zap","Dualcast","Streamline+1","Sunder","Genetic Algorithm","Rainbow+1","Meteor Strike","BootSequence","Loop+1","Reboot","White Noise"],"relics":["Cracked Core","StoneCalendar","Peace Pipe","InkBottle","Frozen Egg 2","Prayer Wheel"],"potions_floor_usage":[7,12,12],"damage_taken":[{"damage":0,"enemies":"Cultist","floor":1,"turns":3},{"damage":10,"enemies":"2 Louse","floor":2,"turns":2},{"damage":12,"enemies":"Jaw Worm","floor":4,"turns":2},{"damage":34,"enemies":"3 Sentries","floor":7,"turns":7},{"damage":16,"enemies":"Lagavulin","floor":10,"turns":7},{"damage":10,"enemies":"3 Sentries","floor":12,"turns":4},{"damage":0,"enemies":"3 Louse","floor":13,"turns":2},{"damage":12,"enemies":"Gremlin Nob","floor":14,"turns":2}],"seed_played":"3473352773787389976","potions_obtained":[{"floor":2,"key":"AttackPotion"},{"floor":10,"key":"Fire Potion"},{"floor":12,"key":"Dexterity Potion"},{"floor":13,"key":"SpeedPotion"}],"is_trial":false,"path_per_floor":["M","M","?","M","?","R","E","R","T","E","$","E","M","?"],"character_chosen":"DEFECT","items_purchased":["Loop+1","Fire Potion"],"campfire_rested":1,"item_purchase_floors":[11,11],"current_hp_per_floor":[64,54,54,42,42,42,8,29,29,13,13,3,3,0,0],"gold":56,"neow_bonus":"ONE_RARE_RELIC","is_prod":false,"is_daily":false,"chose_seed":false,"campfire_upgraded":1,"win_rate":0,"timestamp":1607507271,"path_taken":["M","M","?","M","?","R","E","R","T","E","$","E","?","?"],"build_version":"2020-11-30","purchased_purges":0,"victory":false,"max_hp_per_floor":[71,71,71,71,71,71,71,71,71,71,71,71,71,71,71],"card_choices":[{"not_picked":["Turbo","Self Repair"],"picked":"Streamline","floor":1},{"not_picked":["Hologram","Beam Cell"],"picked":"Sunder","floor":2},{"not_picked":["Consume","Turbo"],"picked":"Genetic Algorithm","floor":4},{"not_picked":["Rebound","Heatsinks"],"picked":"Meteor Strike","floor":7},{"not_picked":["Steam","Turbo"],"picked":"BootSequence","floor":10},{"not_picked":["Beam Cell","Static Discharge+1"],"picked":"Reboot","floor":12},{"not_picked":["Barrage","Sweeping Beam"],"picked":"White Noise","floor":13},{"not_picked":["Sweeping Beam","Blizzard","Rip and Tear"],"picked":"SKIP","floor":13}],"player_experience":1238277,"relics_obtained":[{"floor":7,"key":"Peace Pipe"},{"floor":9,"key":"InkBottle"},{"floor":10,"key":"Frozen Egg 2"},{"floor":12,"key":"Prayer Wheel"}],"event_choices":[{"damage_healed":0,"gold_gain":0,"player_choice":"Grow","damage_taken":0,"max_hp_gain":0,"max_hp_loss":0,"event_name":"Living Wall","floor":3,"gold_loss":0,"cards_upgraded":["Streamline"]},{"damage_healed":0,"gold_gain":0,"cards_transformed":["Strike_B"],"player_choice":"Transformed","damage_taken":0,"max_hp_gain":0,"max_hp_loss":0,"event_name":"Transmorgrifier","floor":5,"gold_loss":0,"cards_obtained":["Rainbow"]},{"damage_healed":0,"gold_gain":0,"player_choice":"Searched \u00271\u0027 times","damage_taken":0,"max_hp_gain":0,"max_hp_loss":0,"event_name":"Dead Adventurer","floor":14,"gold_loss":0}],"is_beta":false,"boss_relics":[],"items_purged_floors":[],"is_endless":false,"potions_floor_spawned":[2,10,12,13],"killed_by":"Gremlin Nob","ascension_level":16}}