{"host":"og6lam4kt3nibbw0","time":1607533788,"event":{"gold_per_floor":[10,24,43,58,58,87,87,97,97,172,172,172,192,209,209,286,286,298,309,309,309,309,309],"floor_reached":22,"playtime":1490,"items_purged":[],"score":376,"play_id":"6b1f514c-3e68-4c7c-886a-4061babf8d5d","local_time":"20201210020948","is_ascension_mode":true,"campfire_choices":[{"floor":7.0,"key":"REST"},{"floor":12.0,"key":"REST"},{"floor":15.0,"key":"REST"}],"neow_cost":"NO_GOLD","seed_source_timestamp":528158088744699,"circlet_count":0,"master_deck":["AscendersBane","Strike_G","Strike_G","Strike_G","Strike_G","Defend_G","Defend_G","Defend_G","Defend_G","Survivor","Neutralize","Accuracy","Doppelganger","Cloak And Dagger+1","Noxious Fumes","Bullet Time","Blade Dance","Dagger Throw","Backflip","Burst","Finisher+1","Decay"],"special_seed":0,"relics":["Ring of the Snake","Pocketwatch","Tingsha","WristBlade"],"potions_floor_usage":[22],"damage_taken":[{"damage":16.0,"enemies":"Cultist","floor":1.0,"turns":5.0},{"damage":6.0,"enemies":"2 Louse","floor":2.0,"turns":4.0},{"damage":0.0,"enemies":"Jaw Worm","floor":3.0,"turns":7.0},{"damage":1.0,"enemies":"Red Slaver","floor":4.0,"turns":5.0},{"damage":33.0,"enemies":"3 Sentries","floor":6.0,"turns":10.0},{"damage":8.0,"enemies":"Blue Slaver","floor":8.0,"turns":3.0},{"damage":6.0,"enemies":"3 Louse","floor":13.0,"turns":4.0},{"damage":9.0,"enemies":"Large Slime","floor":14.0,"turns":5.0},{"damage":25.0,"enemies":"The Guardian","floor":16.0,"turns":12.0},{"damage":26.0,"enemies":"3 Byrds","floor":18.0,"turns":5.0},{"damage":13.0,"enemies":"Chosen","floor":19.0,"turns":4.0},{"damage":17,"enemies":"Shelled Parasite and Fungi","floor":22,"turns":3}],"seed_played":"-9035854638259121981","potions_obtained":[{"floor":2.0,"key":"EssenceOfSteel"},{"floor":3.0,"key":"DistilledChaos"},{"floor":6.0,"key":"BlessingOfTheForge"},{"floor":14.0,"key":"DuplicationPotion"},{"floor":16.0,"key":"Fruit Juice"},{"floor":19.0,"key":"SpeedPotion"}],"is_trial":false,"path_per_floor":["M","M","M","M","$","E","R","M","T","?","?","R","M","M","R","B",null,"M","M","?","?","M"],"character_chosen":"THE_SILENT","items_purchased":[],"campfire_rested":3,"item_purchase_floors":[],"current_hp_per_floor":[43,37,37,36,36,3,22,14,14,3,3,22,16,7,26,1,50,29,16,16,16,0,0],"gold":309,"neow_bonus":"TRANSFORM_TWO_CARDS","is_prod":false,"is_daily":false,"chose_seed":false,"campfire_upgraded":0,"win_rate":0,"timestamp":1607533788,"path_taken":["M","M","?","M","$","E","R","M","T","?","?","R","?","M","R","BOSS","M","M","?","?","M"],"build_version":"2020-11-30","purchased_purges":0,"victory":false,"max_hp_per_floor":[66,66,66,66,66,66,66,66,66,66,66,66,66,66,66,66,66,71,71,71,71,71,71],"card_choices":[{"not_picked":["Dagger Spray","Outmaneuver"],"picked":"Cloak And Dagger","floor":1.0},{"not_picked":["Underhanded Strike","Skewer","Outmaneuver"],"picked":"SKIP","floor":2.0},{"not_picked":["Flying Knee","Outmaneuver"],"picked":"Noxious Fumes","floor":3.0},{"not_picked":["Choke","Sucker Punch"],"picked":"Bullet Time","floor":4.0},{"not_picked":["PiercingWail","Blur"],"picked":"Blade Dance","floor":6.0},{"not_picked":["Tactician","Bane"],"picked":"Dagger Throw","floor":8.0},{"not_picked":["Outmaneuver","Expertise"],"picked":"Backflip","floor":13.0},{"not_picked":["Eviscerate","Dagger Spray","Leg Sweep"],"picked":"SKIP","floor":14.0},{"not_picked":["Grand Finale","Wraith Form v2"],"picked":"Burst","floor":16.0},{"not_picked":["All Out Attack","PiercingWail","Dagger Throw"],"picked":"SKIP","floor":18.0},{"not_picked":["Deflect","Noxious Fumes"],"picked":"Finisher+1","floor":19.0}],"player_experience":752873,"relics_obtained":[{"floor":6.0,"key":"Pocketwatch"},{"floor":9.0,"key":"Tingsha"}],"event_choices":[{"damage_healed":0.0,"max_hp_gain":0.0,"max_hp_loss":0.0,"gold_gain":75.0,"event_name":"World of Goop","player_choice":"Gather Gold","floor":10.0,"gold_loss":0.0,"damage_taken":11.0},{"damage_healed":0.0,"max_hp_gain":0.0,"max_hp_loss":0.0,"gold_gain":0.0,"event_name":"Upgrade Shrine","player_choice":"Upgraded","floor":11.0,"gold_loss":0.0,"damage_taken":0.0,"cards_upgraded":["Cloak And Dagger"]},{"damage_healed":0.0,"max_hp_gain":0.0,"max_hp_loss":0.0,"gold_gain":0.0,"event_name":"Ghosts","player_choice":"Ignored","floor":20.0,"gold_loss":0.0,"damage_taken":0.0},{"damage_healed":0.0,"max_hp_gain":0.0,"max_hp_loss":0.0,"gold_gain":0.0,"event_name":"Forgotten Altar","player_choice":"Smashed Altar","floor":21.0,"gold_loss":0.0,"damage_taken":0.0,"cards_obtained":["Decay"]}],"is_beta":false,"boss_relics":[{"not_picked":["SlaversCollar","Ring of the Serpent"],"picked":"WristBlade"}],"items_purged_floors":[],"is_endless":false,"potions_floor_spawned":[2,3,6,14,16,19],"killed_by":"Shelled Parasite and Fungi","ascension_level":20}}