{"host":"a0bi5e935fpwrwib","time":1607552045,"event":{"gold_per_floor":[115,134,144,144,144,144,8,8,8],"floor_reached":8,"playtime":782,"items_purged":[],"score":51,"play_id":"1c79d5e5-53ca-47a8-9eb8-48252353db7d","local_time":"20201209161405","is_ascension_mode":true,"campfire_choices":[{"data":"ReplayTheSpireMod:Brewmster","floor":6,"key":"SMITH"}],"neow_cost":"PERCENT_DAMAGE","seed_source_timestamp":6617990066100,"circlet_count":0,"master_deck":["Strike_P","Strike_P","Strike_P","Strike_P","Defend_P","Defend_P","Defend_P","Defend_P","Eruption","Vigilance","ReplayTheSpireMod:Brewmster+1","Pray","Worship","Replay:ManipulateFuture","PathToVictory","hubris:Greed","Wireheading","Wireheading","Sadistic Nature","Dark Shackles","Madness"],"relics":["PureWater","hubris:Towel","Ring of Hypnosis","Ring of Misfortune","Replay:Wax Seal","ReplayTheSpireMod:CursedCoin","ReplayTheSpireMod:ShopPack"],"potions_floor_usage":[1,1,2,2,2,3,3,3,3,8,8,8,8],"damage_taken":[{"damage":1,"enemies":"Cultist","floor":1,"turns":5},{"damage":2,"enemies":"Jaw Worm","floor":2,"turns":5},{"damage":23,"enemies":"Small Slimes","floor":3,"turns":5},{"damage":34,"enemies":"Gremlin Nob","floor":8,"turns":4}],"seed_played":"8454703042898415768","potions_obtained":[{"floor":1,"key":"DuplicationPotion"}],"is_trial":false,"path_per_floor":["M","M","M","?","?","R","$","E"],"character_chosen":"WATCHER","items_purchased":["PathToVictory","Replay:Wax Seal","ReplayTheSpireMod:CursedCoin","Wireheading","ReplayTheSpireMod:ShopPack"],"campfire_rested":0,"item_purchase_floors":[7,7,7,7,7],"current_hp_per_floor":[50,57,34,34,34,34,34,0,0],"gold":8,"neow_bonus":"RANDOM_COLORLESS_2","is_prod":false,"is_daily":false,"chose_seed":false,"campfire_upgraded":1,"win_rate":0,"timestamp":1607552045,"path_taken":["M","?","?","?","?","R","$","E"],"build_version":"2020-11-30","purchased_purges":0,"victory":false,"max_hp_per_floor":[72,72,72,72,72,72,72,72,72],"relic_stats":{"counters":[198,849],"obtain_stats":[{"TwistedFunnel":0,"Golden Egg":0,"Bottled Tornado":21,"Boot":21,"Blood Vial":14,"Sundial":26,"MealTicket":5,"Replay:Bottled Flurry":0,"Kunai":8,"Replay:Wax Seal":30,"Replay:Bottled Steam":28,"ReplayTheSpireMod:Ring of Addiction":5,"Blue Candle":39,"Counterbalance":8,"Velvet Choker":19,"Eternal Feather":26,"Pen Nib":11,"Replay:Ancient Bell":36,"SlaversCollar":19,"hubris:BottledHeart":25,"MutagenicStrength":30,"Bird Faced Urn":36,"ReplayTheSpireMod:Ring of Collecting":19,"Lantern":31,"Regal Pillow":43,"Torii":0,"Singing Bowl":0,"Blue Doll":0,"StoneCalendar":24,"Bag of Preparation":31,"Cursed Key":17,"Smiling Mask":40,"Pet Ghost":8,"Replay:Rubber Ducky":44,"Matryoshka":9,"Ring of Fangs":19,"hubris:Backtick":17,"Shovel":24,"WristBlade":34,"Ninja Scroll":0,"Ring of Peace":19,"Chemical X":44,"Replay:Bottled Eggs":2,"Ring of Panic":39,"Ring of the Snake":0,"Potion Belt":19,"Lee\u0027s Waffle":0,"Golden Idol":2,"Damaru":7,"Thread and Needle":0,"The Courier":28,"PreservedInsect":0,"Omamori":9,"Geode":9,"Ring of Greed":5,"Frozen Egg 2":24,"hubris:Towel":4,"MawBank":24,"Replay:Arrowhead":39,"Ornamental Fan":40,"Ring of Misfortune":5,"Orrery":19,"Art of War":45,"Bottled Lightning":17,"ReplayTheSpireMod:Ring of Challenge":19,"ReplayTheSpireMod:Lightbulb":10,"Toy Ornithopter":26,"Calipers":0,"Gremlin Horn":0,"Nilry\u0027s Codex":30,"HoveringKite":17,"Vajra":29,"Lizard Tail":9,"Centennial Puzzle":28,"HornCleat":12,"DollysMirror":28,"Iron Hammer":48,"Toxic Egg 2":19,"Byrd Skull":4,"Girya":0,"hubris:Teleporter":0,"Ring of Hypnosis":5,"ReplayTheSpireMod:CursedCoin":28,"Replay:Grab Bag":19,"Oddly Smooth Stone":50,"Ring of Chaos":39,"Letter Opener":37,"War Paint":8,"Question Card":26,"OrangePellets":0,"Bottled Flame":2,"Replay:Baseball":41,"Bronze Scales":9,"Molten Egg 2":13,"Simple Rune":39,"Black Star":34,"ReplayTheSpireMod:TigerMarble":33,"hubris:ToyBattleship":29,"Grinning Jar":0,"Mirror":36,"Meat on the Bone":0,"Darkstone Periapt":6,"ReplayFunnel":28,"ReplayTheSpireMod:Ring of Exchange":8,"Replay:PocketPolymizer":30,"SacredBark":17,"Mango":21,"Snake Skull":8,"Juzu Bracelet":6,"Incense Burner":37,"Replay:Mystery Machine":0,"Empty Cage":17,"ClockworkSouvenir":45,"Replay:Bandana":6,"Dream Catcher":6,"Chameleon Ring":2,"Mummified Hand":12,"Pantograph":9,"Tiny Chest":23,"Red Mask":27,"Replay:Antivirus Software":26,"Replay:Drink Me":34,"Gremlin Food":27,"BargainBundle":4,"ReplayTheSpireMod:Ninjato":44,"Replay:Towering Pillar of Hats":0,"Quantum Egg":10,"Replay:WaspNest":5,"Odd Mushroom":8,"Medical Kit":20,"White Beast Statue":5,"Mercury Hourglass":6,"Strange Spoon":0,"Anchor":38,"ChewingGum":34,"Bag of Marbles":43,"Snack Pack":41,"Membership Card":0,"PureWater":0,"ReplayTheSpireMod:ShopPack":0},{"TwistedFunnel":15,"Golden Egg":116,"Bottled Tornado":126,"Boot":126,"Blood Vial":136,"Sundial":45,"MealTicket":34,"Replay:Bottled Flurry":130,"Kunai":36,"Replay:Wax Seal":13,"Replay:Bottled Steam":46,"ReplayTheSpireMod:Ring of Addiction":34,"Blue Candle":49,"Counterbalance":61,"Velvet Choker":164,"Eternal Feather":128,"Pen Nib":70,"Replay:Ancient Bell":174,"SlaversCollar":164,"hubris:BottledHeart":191,"MutagenicStrength":77,"Bird Faced Urn":107,"ReplayTheSpireMod:Ring of Collecting":138,"Lantern":29,"Regal Pillow":82,"Torii":32,"Singing Bowl":182,"Blue Doll":32,"StoneCalendar":76,"Bag of Preparation":47,"Cursed Key":40,"Smiling Mask":50,"Pet Ghost":61,"Replay:Rubber Ducky":83,"Matryoshka":20,"Ring of Fangs":26,"hubris:Backtick":188,"Shovel":191,"WristBlade":30,"Ninja Scroll":32,"Ring of Peace":138,"Chemical X":51,"Replay:Bottled Eggs":16,"Ring of Panic":81,"Ring of the Snake":0,"Potion Belt":9,"Lee\u0027s Waffle":86,"Golden Idol":155,"Damaru":119,"Thread and Needle":116,"The Courier":13,"PreservedInsect":32,"Omamori":69,"Geode":92,"Ring of Greed":34,"Frozen Egg 2":139,"hubris:Towel":197,"MawBank":101,"Replay:Arrowhead":148,"Ornamental Fan":110,"Ring of Misfortune":197,"Orrery":9,"Art of War":52,"Bottled Lightning":188,"ReplayTheSpireMod:Ring of Challenge":26,"ReplayTheSpireMod:Lightbulb":4,"Toy Ornithopter":12,"Calipers":130,"Gremlin Horn":56,"Nilry\u0027s Codex":46,"HoveringKite":8,"Vajra":103,"Lizard Tail":36,"Centennial Puzzle":46,"HornCleat":135,"DollysMirror":77,"Iron Hammer":151,"Toxic Egg 2":41,"Byrd Skull":34,"Girya":56,"hubris:Teleporter":182,"Ring of Hypnosis":197,"ReplayTheSpireMod:CursedCoin":46,"Replay:Grab Bag":164,"Oddly Smooth Stone":181,"Ring of Chaos":81,"Letter Opener":49,"War Paint":4,"Question Card":140,"OrangePellets":154,"Bottled Flame":65,"Replay:Baseball":149,"Bronze Scales":61,"Molten Egg 2":62,"Simple Rune":175,"Black Star":145,"ReplayTheSpireMod:TigerMarble":173,"hubris:ToyBattleship":192,"Grinning Jar":15,"Mirror":174,"Meat on the Bone":32,"Darkstone Periapt":3,"ReplayFunnel":170,"ReplayTheSpireMod:Ring of Exchange":119,"Replay:PocketPolymizer":143,"SacredBark":25,"Mango":26,"Snake Skull":20,"Juzu Bracelet":68,"Incense Burner":147,"Replay:Mystery Machine":0,"Empty Cage":72,"ClockworkSouvenir":83,"Replay:Bandana":19,"Dream Catcher":35,"Chameleon Ring":183,"Mummified Hand":38,"Pantograph":4,"Tiny Chest":43,"Red Mask":46,"Replay:Antivirus Software":102,"Replay:Drink Me":48,"Gremlin Food":28,"BargainBundle":34,"ReplayTheSpireMod:Ninjato":178,"Replay:Towering Pillar of Hats":182,"Quantum Egg":21,"Replay:WaspNest":2,"Odd Mushroom":92,"Medical Kit":98,"White Beast Statue":34,"Mercury Hourglass":159,"Strange Spoon":56,"Anchor":49,"ChewingGum":79,"Bag of Marbles":51,"Snack Pack":149,"Membership Card":32,"PureWater":0,"ReplayTheSpireMod:ShopPack":56},{"TwistedFunnel":80,"Golden Egg":491,"Bottled Tornado":527,"Boot":527,"Blood Vial":559,"Sundial":207,"MealTicket":174,"Replay:Bottled Flurry":542,"Kunai":177,"Replay:Wax Seal":63,"Replay:Bottled Steam":208,"ReplayTheSpireMod:Ring of Addiction":174,"Blue Candle":225,"Counterbalance":259,"Velvet Choker":685,"Eternal Feather":535,"Pen Nib":291,"Replay:Ancient Bell":724,"SlaversCollar":685,"hubris:BottledHeart":810,"MutagenicStrength":319,"Bird Faced Urn":452,"ReplayTheSpireMod:Ring of Collecting":564,"Lantern":148,"Regal Pillow":339,"Torii":165,"Singing Bowl":769,"Blue Doll":165,"StoneCalendar":316,"Bag of Preparation":212,"Cursed Key":193,"Smiling Mask":228,"Pet Ghost":259,"Replay:Rubber Ducky":344,"Matryoshka":103,"Ring of Fangs":132,"hubris:Backtick":799,"Shovel":810,"WristBlade":157,"Ninja Scroll":165,"Ring of Peace":564,"Chemical X":230,"Replay:Bottled Eggs":84,"Ring of Panic":334,"Ring of the Snake":0,"Potion Belt":44,"Lee\u0027s Waffle":366,"Golden Idol":650,"Damaru":501,"Thread and Needle":491,"The Courier":63,"PreservedInsect":165,"Omamori":286,"Geode":387,"Ring of Greed":174,"Frozen Egg 2":569,"hubris:Towel":845,"MawBank":427,"Replay:Arrowhead":612,"Ornamental Fan":464,"Ring of Misfortune":845,"Orrery":44,"Art of War":231,"Bottled Lightning":799,"ReplayTheSpireMod:Ring of Challenge":132,"ReplayTheSpireMod:Lightbulb":19,"Toy Ornithopter":57,"Calipers":542,"Gremlin Horn":247,"Nilry\u0027s Codex":208,"HoveringKite":38,"Vajra":437,"Lizard Tail":177,"Centennial Puzzle":208,"HornCleat":556,"DollysMirror":319,"Iron Hammer":628,"Toxic Egg 2":196,"Byrd Skull":174,"Girya":247,"hubris:Teleporter":769,"Ring of Hypnosis":845,"ReplayTheSpireMod:CursedCoin":208,"Replay:Grab Bag":685,"Oddly Smooth Stone":762,"Ring of Chaos":334,"Letter Opener":225,"War Paint":19,"Question Card":572,"OrangePellets":648,"Bottled Flame":270,"Replay:Baseball":619,"Bronze Scales":259,"Molten Egg 2":263,"Simple Rune":730,"Black Star":594,"ReplayTheSpireMod:TigerMarble":717,"hubris:ToyBattleship":817,"Grinning Jar":80,"Mirror":724,"Meat on the Bone":165,"Darkstone Periapt":13,"ReplayFunnel":705,"ReplayTheSpireMod:Ring of Exchange":501,"Replay:PocketPolymizer":585,"SacredBark":128,"Mango":132,"Snake Skull":103,"Juzu Bracelet":282,"Incense Burner":608,"Replay:Mystery Machine":0,"Empty Cage":304,"ClockworkSouvenir":344,"Replay:Bandana":97,"Dream Catcher":175,"Chameleon Ring":773,"Mummified Hand":182,"Pantograph":19,"Tiny Chest":202,"Red Mask":208,"Replay:Antivirus Software":430,"Replay:Drink Me":223,"Gremlin Food":142,"BargainBundle":174,"ReplayTheSpireMod:Ninjato":748,"Replay:Towering Pillar of Hats":769,"Quantum Egg":107,"Replay:WaspNest":9,"Odd Mushroom":387,"Medical Kit":417,"White Beast Statue":174,"Mercury Hourglass":664,"Strange Spoon":247,"Anchor":225,"ChewingGum":329,"Bag of Marbles":230,"Snack Pack":619,"Membership Card":165,"PureWater":0,"ReplayTheSpireMod:ShopPack":247}]},"card_choices":[{"not_picked":["Mayhem","Violence"],"picked":"ReplayTheSpireMod:Brewmster","floor":0},{"not_picked":["Collect","Prostrate"],"picked":"Pray","floor":1},{"not_picked":["EmptyFist","CrushJoints"],"picked":"Worship","floor":2},{"not_picked":["SandsOfTime","FlyingSleeves"],"picked":"Replay:ManipulateFuture","floor":3},{"not_picked":["ReplayTheSpireMod:Necrogeddon","Chrysalis"],"picked":"Sadistic Nature","floor":7},{"not_picked":["Madness","Swift Strike"],"picked":"Dark Shackles","floor":7},{"not_picked":["Bandage Up","Replay:BasicMightCard"],"picked":"Madness","floor":7}],"player_experience":120896,"relics_obtained":[{"floor":5,"key":"Ring of Hypnosis"},{"floor":5,"key":"Ring of Misfortune"}],"event_choices":[],"is_beta":false,"boss_relics":[],"items_purged_floors":[],"is_endless":false,"potions_floor_spawned":[1],"killed_by":"Gremlin Nob","ascension_level":2}}