{"host":"9373kjg5yrouhim6","time":1607549791,"event":{"gold_per_floor":[110,35,35,71,91,91,102,102,102,102,102,143,167,181,181,181,181],"floor_reached":16,"playtime":605,"items_purged":["Strike_G"],"score":110,"play_id":"117989c9-ad0d-45eb-89f4-e5780382889c","local_time":"20201209163631","is_ascension_mode":true,"campfire_choices":[{"data":"Cloak And Dagger","floor":6,"key":"SMITH"},{"floor":11,"key":"REST"},{"floor":15,"key":"REST"}],"neow_cost":"PUNISHING","seed_source_timestamp":31548539681500,"circlet_count":0,"master_deck":["Strike_G","Strike_G","Strike_G","Strike_G","Defend_G","Defend_G","Defend_G","Defend_G","Defend_G","Survivor","Neutralize","Blade Dance","Cloak And Dagger+1"],"relics":["Replay:M_SmolderingBlood","aspiration:DSix","infinitespire:Cubic Diamond","Blue Doll","Golden Idol","Matryoshka","infinitespire:ShieldingShard"],"potions_floor_usage":[12,16],"damage_taken":[{"damage":0,"enemies":"2 Louse","floor":1,"turns":4},{"damage":28,"enemies":"conspire:MimicChest","floor":4,"turns":8},{"damage":0,"enemies":"Small Slimes","floor":5,"turns":3},{"damage":0,"enemies":"Jaw Worm","floor":7,"turns":3},{"damage":22,"enemies":"Gremlin Nob","floor":12,"turns":4},{"damage":0,"enemies":"2 Fungi Beasts","floor":13,"turns":3},{"damage":0,"enemies":"Looter","floor":14,"turns":3},{"damage":46,"enemies":"Hexaghost","floor":16,"turns":13}],"seed_played":"5591173127959696908","potions_obtained":[{"floor":5,"key":"Poison Potion"},{"floor":7,"key":"Reflective Coating"}],"is_trial":false,"path_per_floor":["M","$","?","?","M","R","M","?","T","T","R","E","M","M","R","B"],"character_chosen":"THE_SILENT","items_purchased":[],"campfire_rested":2,"item_purchase_floors":[],"current_hp_per_floor":[70,70,70,42,42,42,42,25,25,25,46,24,24,24,45,0,0],"gold":181,"neow_bonus":"DSIX","is_prod":false,"is_daily":false,"chose_seed":false,"campfire_upgraded":1,"win_rate":0,"timestamp":1607549791,"path_taken":["M","$","?","?","M","R","M","?","T","?","R","E","M","M","R","BOSS"],"build_version":"2020-11-30","purchased_purges":1,"victory":false,"max_hp_per_floor":[70,70,70,70,70,70,70,70,70,70,70,70,70,70,70,70,70],"card_choices":[{"not_picked":["Deadly Poison","hubris:SlightOfHand"],"picked":"Blade Dance","floor":1},{"not_picked":["Flying Knee","Carnage"],"picked":"Cloak And Dagger","floor":4},{"not_picked":["Replay:Bag of Tricks","FlyingSleeves","PiercingWail"],"picked":"SKIP","floor":5},{"not_picked":["Dagger Spray","FlyingSleeves","Choke"],"picked":"SKIP","floor":7},{"not_picked":["conspire:PoisonWeapons","Envenom","Quick Slash"],"picked":"SKIP","floor":12},{"not_picked":["Dodge and Roll","Underhanded Strike","Outmaneuver"],"picked":"SKIP","floor":13},{"not_picked":["Halt","ReplayTheSpireMod:Exploit Weakness","Night Terror"],"picked":"SKIP","floor":14}],"player_experience":222434,"relics_obtained":[{"floor":4,"key":"Blue Doll"},{"floor":10,"key":"Matryoshka"},{"floor":12,"key":"infinitespire:ShieldingShard"}],"event_choices":[{"damage_healed":0,"gold_gain":0,"player_choice":"Take Damage","damage_taken":17,"relics_obtained":["Golden Idol"],"max_hp_gain":0,"max_hp_loss":0,"event_name":"Golden Idol","floor":8,"gold_loss":0}],"is_beta":false,"boss_relics":[],"items_purged_floors":[2],"is_endless":false,"potions_floor_spawned":[5,7],"killed_by":"Hexaghost","ascension_level":2}}