{"host":"pl1fbpkom0aq337f","time":1607517346,"event":{"gold_per_floor":[118,130,280,100,80,80,113,129,140,140,140,154,154,167,67,85,85,85,161,161,178,178,195,38,57,57,57,89,140,140,154,13,32,32,43,68,82,82,155,155,155,170,184,209,227,227,252,279,279,279,279,106,132,132,150,150,150],"floor_reached":58,"playtime":4765,"items_purged":["Doubt","Strike_P"],"score":1365,"play_id":"dc701f67-b7d8-4f9e-8350-cff0cd4723ce","local_time":"20201209133546","is_ascension_mode":true,"campfire_choices":[{"floor":13.0,"key":"REST"},{"data":"Eruption","floor":17.0,"key":"SMITH"},{"data":"Adaptation","floor":18.0,"key":"SMITH"},{"data":"Crescendo","floor":26.0,"key":"SMITH"},{"floor":38.0,"key":"REST"},{"floor":46.0,"key":"REST"},{"data":"TalkToTheHand","floor":49.0,"key":"SMITH"},{"data":"Tantrum","floor":51.0,"key":"SMITH"},{"floor":54.0,"key":"REST"},{"data":"Tantrum","floor":56,"key":"SMITH"}],"neow_cost":"NONE","seed_source_timestamp":959372304480100,"circlet_count":0,"master_deck":["AscendersBane","Strike_P","Strike_P","Defend_P","Defend_P","Defend_P","Defend_P","Eruption+1","Vigilance","Consecrate","EmptyBody","BowlingBash+1","Adaptation+1","EmptyBody","InnerPeace+1","FlurryOfBlows+1","ReachHeaven","Devotion+1","Meditate+1","Crescendo+1","Ragnarok+1","Tantrum+1","FlurryOfBlows+1","Tantrum+1","TalkToTheHand+1","LessonLearned","EmptyFist","FearNoEvil","Devotion+1"],"special_seed":0,"relics":["VioletLotus","Centennial Puzzle","Regal Pillow","Ornamental Fan","Calling Bell","Strawberry","HornCleat","Bird Faced Urn","Lee\u0027s Waffle","Pantograph","Tiny Chest","Pocketwatch","PreservedInsect","Sozu","Turnip","Bag of Preparation","StrikeDummy","Mercury Hourglass","DollysMirror","Shuriken"],"potions_floor_usage":[57],"damage_taken":[{"damage":0.0,"enemies":"Cultist","floor":1.0,"turns":3.0},{"damage":0.0,"enemies":"Jaw Worm","floor":2.0,"turns":3.0},{"damage":27.0,"enemies":"Lagavulin","floor":7.0,"turns":7.0},{"damage":7.0,"enemies":"Small Slimes","floor":8.0,"turns":4.0},{"damage":10.0,"enemies":"Exordium Thugs","floor":9.0,"turns":5.0},{"damage":5.0,"enemies":"Exordium Wildlife","floor":12.0,"turns":3.0},{"damage":12.0,"enemies":"3 Louse","floor":14.0,"turns":3.0},{"damage":5.0,"enemies":"Exordium Thugs","floor":16.0,"turns":2.0},{"damage":14.0,"enemies":"Hexaghost","floor":19.0,"turns":8.0},{"damage":24.0,"enemies":"2 Thieves","floor":21.0,"turns":4.0},{"damage":28.0,"enemies":"Shell Parasite","floor":23.0,"turns":9.0},{"damage":12.0,"enemies":"Snecko","floor":25.0,"turns":5.0},{"damage":20.0,"enemies":"Slavers","floor":28.0,"turns":4.0},{"damage":4.0,"enemies":"Centurion and Healer","floor":31.0,"turns":4.0},{"damage":13.0,"enemies":"Snake Plant","floor":33.0,"turns":3.0},{"damage":0.0,"enemies":"Sentry and Sphere","floor":35.0,"turns":3.0},{"damage":7.0,"enemies":"Gremlin Leader","floor":36.0,"turns":4.0},{"damage":5.0,"enemies":"Snecko","floor":37.0,"turns":4.0},{"damage":61.0,"enemies":"Automaton","floor":39.0,"turns":8.0},{"damage":0.0,"enemies":"3 Darklings","floor":41.0,"turns":1.0},{"damage":1.0,"enemies":"Orb Walker","floor":42.0,"turns":3.0},{"damage":3.0,"enemies":"Spire Growth","floor":43.0,"turns":3.0},{"damage":17.0,"enemies":"Mind Bloom Boss Battle","floor":44.0,"turns":5.0},{"damage":34.0,"enemies":"4 Shapes","floor":45.0,"turns":5.0},{"damage":32.0,"enemies":"Reptomancer","floor":48.0,"turns":4.0},{"damage":9.0,"enemies":"Nemesis","floor":53.0,"turns":3.0},{"damage":21,"enemies":"Writhing Mass","floor":55,"turns":4},{"damage":61,"enemies":"Donu and Deca","floor":57,"turns":4}],"seed_played":"8490973310513017209","potions_obtained":[{"floor":5.0,"key":"Regen Potion"},{"floor":7.0,"key":"BlessingOfTheForge"},{"floor":12.0,"key":"StancePotion"},{"floor":19.0,"key":"FearPotion"},{"floor":25.0,"key":"SmokeBomb"},{"floor":33.0,"key":"AttackPotion"},{"floor":39.0,"key":"Ancient Potion"}],"is_trial":false,"path_per_floor":["M","M","?","$","?","$","E","M","M","T","T","M","R","M","$","M","R","R","B",null,"M","?","M","$","M","R","?","E","T","T","M","$","M","M","M","E","M","R","B",null,"M","M","M","?","M","R","T","E","R","T","R","$","E","R","M","R","B",null],"character_chosen":"WATCHER","items_purchased":["BowlingBash","Adaptation","Lee\u0027s Waffle","Tantrum","FlurryOfBlows","DollysMirror"],"campfire_rested":4,"item_purchase_floors":[4,4,24,32,32,52],"current_hp_per_floor":[61,61,61,61,61,61,34,27,17,17,17,12,47,35,35,30,30,30,31,66,44,44,20,82,70,70,70,54,54,54,52,52,39,39,41,38,37,76,21,67,67,70,69,65,35,74,74,44,44,44,44,44,37,76,61,61,23],"gold":150,"neow_bonus":"BOSS_RELIC","is_prod":false,"is_daily":false,"chose_seed":false,"campfire_upgraded":6,"win_rate":0,"timestamp":1607517346,"path_taken":["M","?","?","$","?","$","E","M","M","T","T","M","R","M","$","?","R","R","BOSS","M","?","M","?","M","R","?","E","T","T","M","$","M","M","?","E","?","R","BOSS","M","M","M","?","M","R","?","E","R","T","R","$","E","R","?","R","BOSS"],"build_version":"2020-11-30","purchased_purges":2,"victory":true,"max_hp_per_floor":[68,68,68,68,68,68,68,68,68,68,68,68,68,68,68,68,68,68,68,75,75,75,75,82,82,82,82,82,82,82,82,82,82,82,82,82,82,82,82,82,82,82,82,82,82,82,82,82,82,82,82,82,82,82,82,82,82],"card_choices":[{"not_picked":["Evaluate","SashWhip"],"picked":"Consecrate","floor":1.0},{"not_picked":["ClearTheMind","Vengeance"],"picked":"EmptyBody","floor":2.0},{"not_picked":["Prostrate","PathToVictory"],"picked":"EmptyBody","floor":7.0},{"not_picked":["Adaptation","SashWhip"],"picked":"InnerPeace","floor":8.0},{"not_picked":["Nirvana","EmptyFist"],"picked":"FlurryOfBlows","floor":9.0},{"not_picked":["Meditate","Pray","DeusExMachina"],"picked":"SKIP","floor":12.0},{"not_picked":["Protect","FlyingSleeves","PathToVictory"],"picked":"SKIP","floor":14.0},{"not_picked":["EmptyBody","Pray"],"picked":"ReachHeaven","floor":16.0},{"not_picked":["MasterReality","Brilliance"],"picked":"Devotion","floor":19.0},{"not_picked":["ThirdEye","Prostrate"],"picked":"Meditate","floor":21.0},{"not_picked":["CutThroughFate","Collect"],"picked":"Crescendo","floor":23.0},{"not_picked":["WindmillStrike+1","Collect","SashWhip"],"picked":"SKIP","floor":25.0},{"not_picked":["InnerPeace","BowlingBash","PathToVictory"],"picked":"SKIP","floor":28.0},{"not_picked":["InnerPeace","WreathOfFlame"],"picked":"Ragnarok","floor":31.0},{"not_picked":["Evaluate","JustLucky","SignatureMove"],"picked":"SKIP","floor":33.0},{"not_picked":["Weave","CrushJoints+1","Collect"],"picked":"SKIP","floor":35.0},{"not_picked":["Brilliance","SashWhip+1"],"picked":"Tantrum","floor":36.0},{"not_picked":["BowlingBash","DeceiveReality"],"picked":"TalkToTheHand","floor":37.0},{"not_picked":["Wish","Brilliance"],"picked":"LessonLearned","floor":39.0},{"not_picked":["BowlingBash+1","FlurryOfBlows"],"picked":"EmptyFist","floor":42.0},{"not_picked":["Sanctity","FlurryOfBlows+1"],"picked":"FearNoEvil","floor":43.0},{"not_picked":["ClearTheMind","MasterReality","DeceiveReality"],"picked":"SKIP","floor":45.0},{"not_picked":["EmptyBody","Vengeance","ThirdEye"],"picked":"SKIP","floor":48.0},{"not_picked":["SashWhip","SpiritShield","FlurryOfBlows"],"picked":"SKIP","floor":53.0},{"not_picked":["Swivel","JustLucky+1","Consecrate"],"picked":"SKIP","floor":55}],"player_experience":370373,"relics_obtained":[{"floor":7.0,"key":"Centennial Puzzle"},{"floor":10.0,"key":"Regal Pillow"},{"floor":11.0,"key":"Ornamental Fan"},{"floor":20.0,"key":"Strawberry"},{"floor":20.0,"key":"HornCleat"},{"floor":20.0,"key":"Bird Faced Urn"},{"floor":28.0,"key":"Pantograph"},{"floor":29.0,"key":"Tiny Chest"},{"floor":30.0,"key":"Pocketwatch"},{"floor":36.0,"key":"PreservedInsect"},{"floor":44.0,"key":"Turnip"},{"floor":47.0,"key":"Bag of Preparation"},{"floor":48.0,"key":"StrikeDummy"},{"floor":50.0,"key":"Mercury Hourglass"},{"floor":53.0,"key":"Shuriken"}],"event_choices":[{"damage_healed":0.0,"max_hp_gain":0.0,"max_hp_loss":0.0,"gold_gain":150.0,"event_name":"Liars Game","player_choice":"AGREE","floor":3.0,"gold_loss":0.0,"damage_taken":0.0,"cards_obtained":["Doubt"]},{"damage_healed":0.0,"max_hp_gain":0.0,"max_hp_loss":0.0,"gold_gain":0.0,"event_name":"The Woman in Blue","player_choice":"Bought 1 Potion","floor":5.0,"gold_loss":0.0,"damage_taken":0.0},{"cards_removed":["Strike_P"],"damage_healed":0.0,"max_hp_gain":0.0,"max_hp_loss":0.0,"gold_gain":0.0,"event_name":"Bonfire Elementals","player_choice":"Offered Basic","floor":22.0,"gold_loss":0.0,"damage_taken":0.0},{"damage_healed":0.0,"max_hp_gain":0.0,"max_hp_loss":0.0,"gold_gain":0.0,"event_name":"Accursed Blacksmith","player_choice":"Forge","floor":27.0,"gold_loss":0.0,"damage_taken":0.0,"cards_upgraded":["Devotion"]},{"damage_healed":0.0,"max_hp_gain":0.0,"max_hp_loss":0.0,"gold_gain":0.0,"event_name":"MindBloom","player_choice":"Fight","floor":44.0,"gold_loss":0.0,"damage_taken":0.0}],"is_beta":false,"boss_relics":[{"not_picked":["Velvet Choker","Cursed Key"],"picked":"Calling Bell"},{"not_picked":["Coffee Dripper","Astrolabe"],"picked":"Sozu"}],"items_purged_floors":[4,15],"is_endless":false,"potions_floor_spawned":[7,12,19,21,23,25,33,35,39,43,44,53],"ascension_level":17}}