{"host":"ek0z0lqzh47k8ua6","time":1607506781,"event":{"gold_per_floor":[216,226,86,86,96,96,116,126,126,159,176,176,201,221,221,322,322,342,342,359,379,399,432,432,446,446,446,458,474,494,510,510,609,609,619,619,636,650,117,117,137,137,137,137,147,247,247,282,282,282],"floor_reached":51,"playtime":6669,"items_purged":[],"score":742,"play_id":"9f6a8b84-1a21-4f5c-8570-06f5c8724494","local_time":"20201209043941","is_ascension_mode":false,"campfire_choices":[{"floor":12,"key":"REST"},{"data":"PrismaMod:ChloeEyeOfTheEuryale","floor":15,"key":"SMITH"},{"floor":24,"key":"REST"},{"floor":27,"key":"REST"},{"floor":32,"key":"REST"},{"data":"PrismaMod:ChloeBetterTracePools","floor":40,"key":"SMITH"},{"data":"PrismaMod:ChloeUnlimitedBladeWorks","floor":42,"key":"SMITH"},{"floor":49,"key":"REST"}],"neow_cost":"NONE","seed_source_timestamp":964174765358500,"circlet_count":0,"master_deck":["PrismaMod:ChloeCommonAttack","PrismaMod:ChloeCommonAttack","PrismaMod:ChloeCommonAttack","PrismaMod:ChloeCommonAttack","PrismaMod:ChloeCommonAttack","PrismaMod:ChloeCommonDefend","PrismaMod:ChloeCommonDefend","PrismaMod:ChloeCommonDefend","PrismaMod:ChloeCommonDefend","PrismaMod:ChloeCommonDefend","PrismaMod:ChloeCheapAttack","PrismaMod:ChloeCheapDefend","PrismaMod:ChloeEyeOfTheEuryale+1","PrismaMod:ChloeGaeBolg","infinitespire:Collect","PrismaMod:ChloeCheapAttack","PrismaMod:ChloeCheapAttackTwo","PrismaMod:ChloeUncommonDefend","PrismaMod:ChloeExhaustOne","PrismaMod:ChloeUnlimitedBladeWorks+1","PrismaMod:ChloeExcalibur","PrismaMod:ChloeDevil","PrismaMod:ChloeCheapAttackTwo","PrismaMod:ChloeDevil","PrismaMod:ChloeRuleBreaker","PrismaMod:ChloeCommonAOEAttack","PrismaMod:ChloeMordred","PrismaMod:ChloeExhaustTwo+1","PrismaMod:ChloeCheapAttackTwo","PrismaMod:ChloeCaladbolg","PrismaMod:ChloeUncommonAttack+1","PrismaMod:ChloeCheapAttackTwo","PrismaMod:ChloeCheapAttackTwo+1","PrismaMod:ChloeCheapAttackTwo","PrismaMod:ChloeDoubleRelicSpeed+1","CurseOfTheBell","PrismaMod:ChloeRhongomyniad","PrismaMod:ChloeExhaustOne+1","PrismaMod:ChloeDoubleRelicSpeed","PrismaMod:ChloeBetterTracePools+1","PrismaMod:ChloeDiscardRecovery+1","PrismaMod:ChloeCheapAttackTwo+1","PrismaMod:ChloeDiscardRecovery","PrismaMod:ChloeMordred+1"],"relics":["PrismaMod:PrismaTraceOnUpgrade","hubris:FunFungus","White Beast Statue","Potion Belt","hubris:CuriousFeather","Ginger","Pantograph","Calling Bell","Vajra","Gremlin Horn","Ice Cream","hubris:EmptyBottle","Dream Catcher","Juzu Bracelet","Dead Branch","Unceasing Top","hubris:SlimyHat"],"potions_floor_usage":[23,23,30,31,31,31,35,50,50,50,50],"damage_taken":[{"damage":0,"enemies":"Gensokyo:3_Fairies","floor":1,"turns":5},{"damage":0,"enemies":"Gensokyo:2_Kodama","floor":2,"turns":3},{"damage":0,"enemies":"Gensokyo:Gryphon","floor":5,"turns":5},{"damage":0,"enemies":"Gensokyo:2_Rabbits","floor":7,"turns":4},{"damage":0,"enemies":"Gensokyo:Kitsune","floor":8,"turns":2},{"damage":24,"enemies":"Gensokyo:Cirno","floor":10,"turns":5},{"damage":0,"enemies":"Gensokyo:VengefulSpirit","floor":11,"turns":5},{"damage":4,"enemies":"Gensokyo:Mamizou","floor":13,"turns":5},{"damage":1,"enemies":"Gensokyo:5_Fairies","floor":14,"turns":5},{"damage":17,"enemies":"Gensokyo:Kokoro","floor":16,"turns":10},{"damage":2,"enemies":"Shell Parasite","floor":18,"turns":4},{"damage":22,"enemies":"2 Thieves","floor":20,"turns":5},{"damage":0,"enemies":"Centurion and Healer","floor":21,"turns":5},{"damage":9,"enemies":"Snecko","floor":22,"turns":5},{"damage":57,"enemies":"Gremlin Leader","floor":23,"turns":9},{"damage":0,"enemies":"Chosen and Byrds","floor":25,"turns":4},{"damage":14,"enemies":"Centurion and Healer","floor":28,"turns":5},{"damage":29,"enemies":"Shelled Parasite and Fungi","floor":29,"turns":6},{"damage":6,"enemies":"Cultist and Chosen","floor":30,"turns":3},{"damage":0,"enemies":"Snake Plant","floor":31,"turns":3},{"damage":68,"enemies":"hubris:MusketHawk","floor":33,"turns":7},{"damage":13,"enemies":"3 Darklings","floor":35,"turns":8},{"damage":25,"enemies":"3 Shapes","floor":37,"turns":8},{"damage":22,"enemies":"Transient","floor":38,"turns":5},{"damage":70,"enemies":"4 Shapes","floor":41,"turns":47},{"damage":10,"enemies":"3 Darklings","floor":45,"turns":5},{"damage":44,"enemies":"Nemesis","floor":48,"turns":11},{"damage":77,"enemies":"Awakened One","floor":50,"turns":62}],"seed_played":"8548750334611269827","potions_obtained":[{"floor":2,"key":"Strength Potion"},{"floor":5,"key":"SkillPotion"},{"floor":10,"key":"LiquidBronze"},{"floor":11,"key":"Weak Potion"},{"floor":13,"key":"LiquidMemories"},{"floor":14,"key":"Swift Potion"},{"floor":18,"key":"DuplicationPotion"},{"floor":23,"key":"Explosive Potion"},{"floor":25,"key":"LiquidMemories"},{"floor":30,"key":"Dexterity Potion"},{"floor":31,"key":"Fire Potion"},{"floor":33,"key":"SteroidPotion"},{"floor":35,"key":"BlessingOfTheForge"},{"floor":37,"key":"EssenceOfSteel"},{"floor":38,"key":"AttackPotion"},{"floor":45,"key":"GamblersBrew"}],"is_trial":false,"path_per_floor":["M","M","?","?","M","?","M","M","T","E","M","R","E","M","R","B",null,"M","?","M","M","M","E","R","M","T","R","M","M","M","M","R","B",null,"M","?","M","M","$","R","M","R","T","T","M","?","$","E","R","B",null],"character_chosen":"CHLOE","items_purchased":["hubris:EmptyBottle","Dream Catcher","Juzu Bracelet","PrismaMod:ChloeBetterTracePools"],"campfire_rested":5,"item_purchase_floors":[39,39,39,39],"current_hp_per_floor":[75,75,75,57,61,61,62,63,63,41,44,66,66,65,65,55,75,75,75,55,60,60,7,30,33,33,56,46,21,19,21,44,6,78,73,73,78,62,62,62,84,84,84,84,79,79,79,58,83,84],"gold":282,"neow_bonus":"HUNDRED_GOLD","is_prod":false,"is_daily":false,"chose_seed":false,"campfire_upgraded":3,"win_rate":1,"timestamp":1607506781,"path_taken":["M","M","?","?","M","?","M","?","T","E","M","R","E","M","R","BOSS","M","?","M","?","M","E","R","M","T","R","M","M","M","?","R","BOSS","M","?","?","M","$","R","M","R","T","?","M","?","?","E","R","BOSS"],"build_version":"2020-11-30","purchased_purges":0,"victory":true,"max_hp_per_floor":[75,75,75,75,75,75,75,75,75,75,75,75,75,75,75,75,75,75,75,75,75,78,78,78,78,78,78,78,78,78,78,78,78,78,78,78,78,78,78,78,84,84,84,84,84,84,84,84,84,84],"card_choices":[{"not_picked":["PrismaMod:ChloeCheapAttack","PrismaMod:ChloeRitsuka"],"picked":"PrismaMod:ChloeEyeOfTheEuryale","floor":1},{"not_picked":["PrismaMod:ChloeDiscardRecovery","PrismaMod:ChloeCheapDefend"],"picked":"PrismaMod:ChloeGaeBolg","floor":2},{"not_picked":["hubris:Rewind","infinitespire:UltimateForm"],"picked":"infinitespire:Collect","floor":4},{"not_picked":["PrismaMod:ChloeDiscardRecovery","PrismaMod:ChloeCarnivalAOEAttack"],"picked":"PrismaMod:ChloeCheapAttack","floor":5},{"not_picked":["PrismaMod:ChloeCheapDefend","PrismaMod:ChloeUncommonAttack"],"picked":"PrismaMod:ChloeUncommonDefend","floor":7},{"not_picked":["PrismaMod:ChloeCheapDefend","PrismaMod:ChloeDemonicTutor"],"picked":"PrismaMod:ChloeExhaustOne","floor":8},{"not_picked":["PrismaMod:ChloeCheapAttackTwo","PrismaMod:ChloeCheapDefendTwo"],"picked":"PrismaMod:ChloeUnlimitedBladeWorks","floor":10},{"not_picked":["PrismaMod:ChloeUncommonDefend","PrismaMod:ChloeCheapAttackTwo"],"picked":"PrismaMod:ChloeExcalibur","floor":11},{"not_picked":["PrismaMod:ChloeExhaustOne","PrismaMod:ChloeExhaustTwo"],"picked":"PrismaMod:ChloeDevil","floor":13},{"not_picked":["PrismaMod:ChloeMaid","PrismaMod:ChloeCheapAttack"],"picked":"PrismaMod:ChloeCheapAttackTwo","floor":14},{"not_picked":["PrismaMod:ChloeAnyCommonTrace","PrismaMod:ChloeAnyPowerTrace"],"picked":"PrismaMod:ChloeDevil","floor":16},{"not_picked":["PrismaMod:ChloeCheapDefendTwo+1","PrismaMod:ChloeUncommonAttack"],"picked":"PrismaMod:ChloeRuleBreaker","floor":18},{"not_picked":["PrismaMod:ChloeExhaustOne+1","PrismaMod:ChloeBetterTracePools"],"picked":"PrismaMod:ChloeCommonAOEAttack","floor":20},{"not_picked":["PrismaMod:ChloeDemonicTutor+1","PrismaMod:ChloeCheapDefendTwo"],"picked":"PrismaMod:ChloeMordred","floor":21},{"not_picked":["PrismaMod:ChloeEyeOfTheEuryale","PrismaMod:ChloeCheapAttackTwo+1"],"picked":"PrismaMod:ChloeExhaustTwo+1","floor":22},{"not_picked":["PrismaMod:ChloeEyeOfTheEuryale","PrismaMod:ChloeCommonAOEAttack+1"],"picked":"PrismaMod:ChloeCheapAttackTwo","floor":23},{"not_picked":["PrismaMod:ChloeRuleBreaker","PrismaMod:ChloeCheapAttackTwo"],"picked":"PrismaMod:ChloeCaladbolg","floor":25},{"not_picked":["PrismaMod:ChloeCarnivalAttack","PrismaMod:ChloeDiscardRecovery"],"picked":"PrismaMod:ChloeUncommonAttack+1","floor":28},{"not_picked":["PrismaMod:ChloeDemonicTutor","PrismaMod:ChloeDiscardRecovery"],"picked":"PrismaMod:ChloeCheapAttackTwo","floor":29},{"not_picked":["PrismaMod:ChloeChristmas","PrismaMod:ChloeEyeOfTheEuryale"],"picked":"PrismaMod:ChloeCheapAttackTwo+1","floor":30},{"not_picked":["PrismaMod:ChloeExcalibur","PrismaMod:ChloeExhaustTwo"],"picked":"PrismaMod:ChloeCheapAttackTwo","floor":31},{"not_picked":["PrismaMod:ChloeAnyAttackTrace","PrismaMod:ChloeAnyPowerTrace"],"picked":"PrismaMod:ChloeDoubleRelicSpeed","floor":33},{"not_picked":["PrismaMod:ChloeCaladbolg","PrismaMod:ChloeCheapDefend"],"picked":"PrismaMod:ChloeRhongomyniad","floor":35},{"not_picked":["PrismaMod:ChloeChristmas","PrismaMod:ChloeUncommonAttack"],"picked":"PrismaMod:ChloeExhaustOne+1","floor":37},{"not_picked":["PrismaMod:ChloeCheapDefend+1","PrismaMod:ChloeCheapDefendTwo+1"],"picked":"PrismaMod:ChloeDoubleRelicSpeed","floor":38},{"not_picked":["PrismaMod:ChloeCheapAttackTwo","PrismaMod:ChloeEyeOfTheEuryale"],"picked":"PrismaMod:ChloeDiscardRecovery+1","floor":41},{"not_picked":["PrismaMod:ChloeUncommonDefend","PrismaMod:ChloeRhongomyniad"],"picked":"PrismaMod:ChloeCheapAttackTwo+1","floor":45},{"not_picked":["PrismaMod:ChloeCaladbolg","PrismaMod:ChloeAnyUncommonTrace"],"picked":"PrismaMod:ChloeDiscardRecovery","floor":48},{"not_picked":["PrismaMod:ChloeCheapAttack","PrismaMod:ChloeDiscardRecovery"],"picked":"PrismaMod:ChloeMordred+1","floor":49}],"player_experience":158608,"relics_obtained":[{"floor":9,"key":"White Beast Statue"},{"floor":10,"key":"Potion Belt"},{"floor":13,"key":"hubris:CuriousFeather"},{"floor":23,"key":"Ginger"},{"floor":26,"key":"Pantograph"},{"floor":34,"key":"Vajra"},{"floor":34,"key":"Gremlin Horn"},{"floor":34,"key":"Ice Cream"},{"floor":43,"key":"Dead Branch"},{"floor":44,"key":"Unceasing Top"},{"floor":48,"key":"hubris:SlimyHat"}],"event_choices":[{"damage_healed":0,"gold_gain":0,"player_choice":"Ignored","damage_taken":0,"max_hp_gain":0,"max_hp_loss":0,"event_name":"Purifier","floor":19,"gold_loss":0},{"damage_healed":0,"gold_gain":0,"player_choice":"Upgraded","damage_taken":0,"max_hp_gain":0,"max_hp_loss":0,"event_name":"Upgrade Shrine","floor":36,"gold_loss":0,"cards_upgraded":["PrismaMod:ChloeDoubleRelicSpeed"]},{"damage_healed":0,"gold_gain":100,"player_choice":"Pray","damage_taken":0,"max_hp_gain":0,"max_hp_loss":0,"event_name":"Golden Shrine","floor":46,"gold_loss":0}],"is_beta":false,"boss_relics":[{"not_picked":["infinitespire:Cupcake","Ectoplasm"],"picked":"PrismaMod:PrismaTraceOnUpgrade"},{"not_picked":["Runic Pyramid","hubris:Backtick"],"picked":"Calling Bell"}],"items_purged_floors":[],"is_endless":false,"potions_floor_spawned":[2,5,10,11,13,14,16,18,20,21,22,23,25,28,29,30,31,33,35,37,38,41,45,48],"ascension_level":0}}