{"host":"xrbxyo513dr24h85","time":1607552467,"event":{"gold_per_floor":[109,125,125,43,61,61,86,86,86,86,26,41,98,130,130,130,130],"floor_reached":16,"playtime":457,"items_purged":[],"score":158,"play_id":"5a966d73-e8d3-4573-8afd-0047ed769f5b","local_time":"20201209142107","daily_mods":["Shiny"],"is_ascension_mode":false,"campfire_choices":[{"data":"Replay:Many Hands","floor":6,"key":"SMITH"},{"data":"Demon Form","floor":8,"key":"SMITH"},{"data":"DDmod:PlatedThornsSkill","floor":15,"key":"SMITH"}],"neow_cost":"","seed_source_timestamp":0,"circlet_count":0,"master_deck":["Double Tap","Fiend Fire","Eclipse","Demonic Infusion","Exhume","Bludgeon","Limit Break","Hemogenesis","DDmod:PlatedThornsSkill+1","DDmod:GrandUltimatumAttack","Demon Form+1","DDmod:SpikeShotSkill","DDmod:RechargeSkill","Berserk","Impervious","Juggernaut","DDmod:AllInSkill","Brutality","Offering","Feed","Replay:Many Hands+1","Corruption","Barricade","hubris:StunningStrike","Reaper","Immolate+1","DDmod:SpikedSkill","Feed","ReplayTheSpireMod:Limb From Limb+1","ReplayTheSpireMod:Limb From Limb+1","Sword Boomerang+1"],"relics":["Burning Blood","halation:LostSnail","hubris:ToyBattleship","Molten Egg 2","Bronze Scales"],"potions_floor_usage":[],"damage_taken":[{"damage":17,"enemies":"Jaw Worm","floor":1,"turns":3},{"damage":15,"enemies":"Cultist","floor":2,"turns":4},{"damage":0,"enemies":"Small Slimes","floor":5,"turns":3},{"damage":24,"enemies":"Lagavulin","floor":7,"turns":5},{"damage":12,"enemies":"Exordium Wildlife","floor":12,"turns":2},{"damage":32,"enemies":"Gremlin Nob","floor":14,"turns":4},{"damage":45,"enemies":"The Guardian","floor":16,"turns":4}],"seed_played":"2175749979829374492","potions_obtained":[{"floor":1,"key":"blueLaboratory:TrueEctoplasm"},{"floor":12,"key":"Explosive Potion"},{"floor":14,"key":"SmokeBomb"}],"is_trial":true,"path_per_floor":["M","M","?","$","M","R","E","R","T","$","$","M","?","E","R","B"],"character_chosen":"IRONCLAD","items_purchased":["halation:LostSnail","ReplayTheSpireMod:Limb From Limb+1"],"campfire_rested":0,"item_purchase_floors":[4,11],"current_hp_per_floor":[69,60,60,60,66,66,68,68,68,68,68,62,62,43,43,0,0],"gold":130,"neow_bonus":"","is_prod":false,"is_daily":false,"chose_seed":false,"campfire_upgraded":3,"win_rate":0,"timestamp":1607552467,"path_taken":["M","M","?","?","M","R","E","R","T","?","$","M","?","E","R","BOSS"],"build_version":"2020-11-30","purchased_purges":0,"victory":false,"max_hp_per_floor":[80,80,80,80,80,80,80,80,80,80,80,80,80,83,83,83,83],"relic_stats":{"counters":[7,25],"Bronze Scales":[3],"obtain_stats":[{"Bronze Scales":14,"Molten Egg 2":9,"hubris:ToyBattleship":7,"halation:LostSnail":4,"Burning Blood":0},{"Bronze Scales":6,"Molten Egg 2":4,"hubris:ToyBattleship":4,"halation:LostSnail":2,"Burning Blood":0},{"Bronze Scales":21,"Molten Egg 2":15,"hubris:ToyBattleship":15,"halation:LostSnail":7,"Burning Blood":0}],"Burning Blood":36},"card_choices":[{"not_picked":["Abandon","Warcry"],"picked":"DDmod:SpikedSkill","floor":1},{"not_picked":["DDmod:UnstoppableAttack","Run Through","Body Slam"],"picked":"SKIP","floor":2},{"not_picked":["hubris:CleavingFinish","True Grit","Second Wind"],"picked":"SKIP","floor":5},{"not_picked":["Armaments","Feel No Pain"],"picked":"Feed","floor":7},{"not_picked":["Heavy Blade+1","Sentinel"],"picked":"Sword Boomerang+1","floor":12},{"not_picked":["hubris:CleavingFinish+1","Rupture","ReplayTheSpireMod:Strike From Hell+1"],"picked":"SKIP","floor":14}],"player_experience":1132671,"relics_obtained":[{"floor":7,"key":"hubris:ToyBattleship"},{"floor":9,"key":"Molten Egg 2"},{"floor":14,"key":"Bronze Scales"}],"event_choices":[{"damage_healed":0,"gold_gain":0,"player_choice":"Forge","damage_taken":0,"max_hp_gain":0,"max_hp_loss":0,"event_name":"Accursed Blacksmith","floor":3,"gold_loss":0,"cards_upgraded":["Immolate"]},{"damage_healed":0,"gold_gain":57,"player_choice":"Gained Gold","damage_taken":0,"max_hp_gain":0,"max_hp_loss":0,"event_name":"Golden Wing","floor":13,"gold_loss":0}],"is_beta":false,"boss_relics":[],"items_purged_floors":[],"is_endless":true,"potions_floor_spawned":[1,12,14],"killed_by":"The Guardian","ascension_level":0}}