{"host":"mhkr7x4e7etjsp1l","time":1607497668,"event":{"gold_per_floor":[119,129,129,54,54,89,89,40,67,100,100,0,0,17,17,112,112,128,139,139,139,158,183,197,215,239,251,100,100,432,443,443,538,538,558,558,571,338,338,31,58,58,58,91,103,128,161,71,71,71],"floor_reached":51,"playtime":1738,"items_purged":["Strike_G","Strike_G","Strike_G","Defend_G","Strike_G"],"score":1114,"play_id":"bc60b652-9a45-4171-8981-31fc5a66d3fc","local_time":"20201209160748","is_ascension_mode":true,"campfire_choices":[{"data":"Cloak And Dagger","floor":7.0,"key":"SMITH"},{"floor":11.0,"key":"REST"},{"data":"Venomology","floor":15.0,"key":"SMITH"},{"data":"Cloak And Dagger","floor":32.0,"key":"SMITH"},{"data":"Madness","floor":42,"key":"SMITH"},{"data":"Tactician","floor":49,"key":"SMITH"}],"neow_cost":"NONE","seed_source_timestamp":13812259700900,"circlet_count":0,"master_deck":["Defend_G","Survivor","Neutralize","Poisoned Stab","Cloak And Dagger+1","Blade Dance","Venomology+1","Burst+1","PiercingWail","Accuracy","Prepared+1","Terror+1","Cloak And Dagger+1","Acrobatics","All Out Attack+1","Tactician+1","Bullet Time","CurseOfTheBell","Outmaneuver","Escape Plan","Dash+1","Madness+1","Finisher+1","Infinite Blades","Dagger Spray+1"],"special_seed":0,"relics":["Ring of the Snake","NeowsBlessing","Orichalcum","Darkstone Periapt","Nunchaku","MealTicket","Empty Cage","MutagenicStrength","Blue Candle","Regal Pillow","Old Coin","Calling Bell","Smiling Mask","Ninja Scroll","FossilizedHelix","Lee\u0027s Waffle","Shuriken","Oddly Smooth Stone","Paper Crane","Anchor","Happy Flower","Omamori"],"potions_floor_usage":[41,44,45,47,50,50],"damage_taken":[{"damage":0.0,"enemies":"Cultist","floor":1.0,"turns":1.0},{"damage":0.0,"enemies":"Small Slimes","floor":2.0,"turns":1.0},{"damage":0.0,"enemies":"Gremlin Nob","floor":6.0,"turns":1.0},{"damage":26.0,"enemies":"Lagavulin","floor":10.0,"turns":7.0},{"damage":0.0,"enemies":"2 Louse","floor":14.0,"turns":3.0},{"damage":45.0,"enemies":"The Guardian","floor":16.0,"turns":16.0},{"damage":8.0,"enemies":"Shell Parasite","floor":18.0,"turns":6.0},{"damage":9.0,"enemies":"3 Byrds","floor":19.0,"turns":4.0},{"damage":0.0,"enemies":"Snecko","floor":22.0,"turns":4.0},{"damage":0.0,"enemies":"Gremlin Leader","floor":23.0,"turns":5.0},{"damage":0.0,"enemies":"3 Cultists","floor":24.0,"turns":4.0},{"damage":10.0,"enemies":"Sentry and Sphere","floor":25.0,"turns":4.0},{"damage":2.0,"enemies":"Chosen and Byrds","floor":27.0,"turns":3.0},{"damage":1.0,"enemies":"Book of Stabbing","floor":30.0,"turns":4.0},{"damage":0.0,"enemies":"Centurion and Healer","floor":31.0,"turns":4.0},{"damage":41.0,"enemies":"Champ","floor":33.0,"turns":6.0},{"damage":23,"enemies":"3 Darklings","floor":35,"turns":6},{"damage":18,"enemies":"3 Shapes","floor":37,"turns":3},{"damage":24,"enemies":"Giant Head","floor":41,"turns":6},{"damage":24,"enemies":"Reptomancer","floor":44,"turns":7},{"damage":2,"enemies":"Maw","floor":45,"turns":5},{"damage":0,"enemies":"Giant Head","floor":47,"turns":5},{"damage":34,"enemies":"Awakened One","floor":50,"turns":8}],"seed_played":"-872485249791621612","potions_obtained":[{"floor":6.0,"key":"Energy Potion"},{"floor":10.0,"key":"SpeedPotion"},{"floor":16.0,"key":"SpeedPotion"},{"floor":22.0,"key":"ColorlessPotion"},{"floor":23.0,"key":"Fruit Juice"},{"floor":27.0,"key":"Weak Potion"},{"floor":30.0,"key":"Regen Potion"},{"floor":31.0,"key":"DistilledChaos"},{"floor":45,"key":"LiquidMemories"}],"is_trial":false,"path_per_floor":["M","M","?","$","?","E","R","$","T","E","R","$","$","M","R","B",null,"M","M","?","?","M","E","M","M","T","M","$","$","E","M","R","B",null,"M","?","M","$","?","$","E","R","T","E","M","T","E","?","R","B",null],"character_chosen":"THE_SILENT","items_purchased":["Blade Dance","Acrobatics","Dash","Lee\u0027s Waffle","Shuriken"],"campfire_rested":1,"item_purchase_floors":[8,28,38,38,40],"current_hp_per_floor":[70,70,63,63,45,45,45,45,45,19,40,55,70,70,70,25,59,51,42,42,42,42,42,47,37,37,35,50,65,64,64,64,23,68,45,45,27,88,88,88,64,64,64,55,53,53,53,53,53,19],"gold":71,"neow_bonus":"THREE_ENEMY_KILL","is_prod":false,"is_daily":false,"chose_seed":false,"campfire_upgraded":5,"win_rate":0,"timestamp":1607497668,"path_taken":["M","?","?","$","?","E","R","$","T","E","R","?","$","M","R","BOSS","M","M","?","?","M","E","?","M","T","?","?","$","E","M","R","BOSS","M","?","M","$","?","?","E","R","T","E","M","?","E","?","R","BOSS"],"build_version":"2020-11-30","purchased_purges":5,"victory":true,"max_hp_per_floor":[70,70,70,70,70,70,70,70,70,70,70,70,70,70,70,70,70,70,70,70,70,70,70,75,75,75,75,75,75,75,75,75,75,81,81,81,81,88,88,88,88,88,88,88,88,88,88,88,88,88],"card_choices":[{"not_picked":["Quick Slash","Infinite Blades"],"picked":"Poisoned Stab","floor":1.0},{"not_picked":["Slice","Infinite Blades","Choke"],"picked":"SKIP","floor":2.0},{"not_picked":["Quick Slash","Bane"],"picked":"Cloak And Dagger","floor":6.0},{"not_picked":["All Out Attack","Riddle With Holes"],"picked":"Venomology","floor":10.0},{"not_picked":["Leg Sweep","Footwork"],"picked":"Backflip","floor":14.0},{"not_picked":["Tools of the Trade","Corpse Explosion"],"picked":"Burst","floor":16.0},{"not_picked":["Deflect","Poisoned Stab","Distraction"],"picked":"SKIP","floor":18.0},{"not_picked":["Heel Hook","Poisoned Stab"],"picked":"PiercingWail","floor":19.0},{"not_picked":["Bane","Masterful Stab"],"picked":"Accuracy","floor":22.0},{"not_picked":["Crippling Poison","Envenom"],"picked":"Prepared+1","floor":23.0},{"not_picked":["Reflex+1","Endless Agony"],"picked":"Terror+1","floor":24.0},{"not_picked":["Riddle With Holes","Poisoned Stab","Deadly Poison"],"picked":"SKIP","floor":25.0},{"not_picked":["Masterful Stab","Crippling Poison"],"picked":"Cloak And Dagger","floor":27.0},{"not_picked":["Slice","Sucker Punch+1"],"picked":"All Out Attack+1","floor":30.0},{"not_picked":["Dodge and Roll+1","Slice+1"],"picked":"Tactician","floor":31.0},{"not_picked":["Tools of the Trade","Grand Finale"],"picked":"Bullet Time","floor":33.0},{"not_picked":["Acrobatics","Bane"],"picked":"Outmaneuver","floor":35},{"not_picked":["Dodge and Roll","Poisoned Stab"],"picked":"Escape Plan","floor":37},{"not_picked":["Good Instincts","Dark Shackles"],"picked":"Madness","floor":39},{"not_picked":["Deadly Poison+1","Skewer","Setup+1"],"picked":"SKIP","floor":41},{"not_picked":["Flying Knee","Riddle With Holes"],"picked":"Finisher+1","floor":44},{"not_picked":["Escape Plan","Predator"],"picked":"Infinite Blades","floor":45},{"not_picked":["Leg Sweep","Flechettes"],"picked":"Dagger Spray+1","floor":47}],"player_experience":328639,"relics_obtained":[{"floor":6.0,"key":"Darkstone Periapt"},{"floor":9.0,"key":"Nunchaku"},{"floor":10.0,"key":"MealTicket"},{"floor":23.0,"key":"Blue Candle"},{"floor":26.0,"key":"Regal Pillow"},{"floor":30.0,"key":"Old Coin"},{"floor":34.0,"key":"Smiling Mask"},{"floor":34.0,"key":"Ninja Scroll"},{"floor":34.0,"key":"FossilizedHelix"},{"floor":41,"key":"Oddly Smooth Stone"},{"floor":43,"key":"Paper Crane"},{"floor":44,"key":"Anchor"},{"floor":46,"key":"Happy Flower"},{"floor":47,"key":"Omamori"}],"event_choices":[{"cards_removed":["Strike_G"],"damage_healed":0.0,"max_hp_gain":0.0,"max_hp_loss":0.0,"gold_gain":0.0,"event_name":"Golden Wing","player_choice":"Card Removal","floor":3.0,"gold_loss":0.0,"damage_taken":7.0},{"damage_healed":0.0,"max_hp_gain":0.0,"max_hp_loss":0.0,"gold_gain":0.0,"event_name":"Scrap Ooze","player_choice":"Success","floor":5.0,"gold_loss":0.0,"damage_taken":18.0,"relics_obtained":["Orichalcum"]},{"damage_healed":0.0,"max_hp_gain":0.0,"max_hp_loss":0.0,"gold_gain":0.0,"event_name":"Drug Dealer","player_choice":"Inject Mutagens","floor":20.0,"gold_loss":0.0,"damage_taken":0.0,"relics_obtained":["MutagenicStrength"]},{"damage_healed":0.0,"max_hp_gain":0.0,"max_hp_loss":0.0,"gold_gain":0.0,"event_name":"Accursed Blacksmith","player_choice":"Forge","floor":21.0,"gold_loss":0.0,"damage_taken":0.0,"cards_upgraded":["Burst"]},{"cards_removed":["Backflip"],"damage_healed":0,"gold_gain":0,"player_choice":"Removed Skill","damage_taken":0,"max_hp_gain":0,"max_hp_loss":0,"event_name":"Falling","floor":36,"gold_loss":0},{"damage_healed":0,"gold_gain":0,"player_choice":"Memory 1","damage_taken":0,"max_hp_gain":0,"max_hp_loss":0,"event_name":"SensoryStone","floor":39,"gold_loss":0},{"cards_removed":["Defend_G"],"damage_healed":0,"gold_gain":0,"player_choice":"Upgrade and Remove","damage_taken":0,"max_hp_gain":0,"max_hp_loss":0,"event_name":"Designer","floor":48,"gold_loss":90,"cards_upgraded":["Dash"]}],"is_beta":false,"boss_relics":[{"not_picked":["Velvet Choker","Tiny House"],"picked":"Empty Cage"},{"not_picked":["Philosopher\u0027s Stone","Astrolabe"],"picked":"Calling Bell"}],"items_purged_floors":[4,12,28,38,40],"is_endless":false,"potions_floor_spawned":[6,10,16,22,23,27,30,31,37,45],"ascension_level":5}}