{"host":"2yqfi47fogfu1ic4","time":1607497385,"event":{"gold_per_floor":[110,127,145,164,175,204,204,204,204,236,250,250,33,49,49,128,128,138,53,53,253,265,265,297,309,334,334,349,349,365,385,385,459,459,470,470,260,240,254,254,270,145,169,86,86,99,99,126,126,126,126,126,126,34,64,64],"floor_reached":57,"playtime":6190,"items_purged":["Strike_P","Defend_P","Defend_P"],"score":2878,"play_id":"709ca1e3-c9fe-4dd2-938b-6ea6a5254f4b","local_time":"20201209080305","is_ascension_mode":true,"campfire_choices":[{"data":"Meditate","floor":7,"key":"SMITH"},{"data":"Parasite","floor":12,"key":"PURGE"},{"data":"TalkToTheHand","floor":15,"key":"SMITH"},{"data":"Strike_P","floor":23,"key":"PURGE"},{"data":"Strike_P","floor":27,"key":"PURGE"},{"data":"Strike_P","floor":29,"key":"PURGE"},{"data":"Devotion","floor":32,"key":"SMITH"},{"data":"MentalFortress","floor":40,"key":"SMITH"},{"data":"Defend_P","floor":45,"key":"PURGE"},{"data":"Defend_P","floor":47,"key":"PURGE"},{"floor":49,"key":"RECALL"},{"data":"Fasting2","floor":53,"key":"SMITH"}],"neow_cost":"NONE","seed_source_timestamp":1207584067023225,"circlet_count":0,"master_deck":["AscendersBane","Eruption","Vigilance","TalkToTheHand+1","Protect","Meditate+1","FlyingSleeves","BowlingBash","FlurryOfBlows","EmptyFist","Tantrum","EmptyFist","Devotion+1","Crescendo+1","FlurryOfBlows+1","ThirdEye","Prostrate","Halt+1","WaveOfTheHand","SpiritShield","CrushJoints+1","MentalFortress+1","Prostrate","EmptyFist+1","Fasting2+1","Adaptation","CutThroughFate"],"relics":["Coffee Dripper","Bag of Preparation","Ice Cream","Peace Pipe","Runic Pyramid","Thread and Needle","Enchiridion","Torii","Oddly Smooth Stone","Busted Crown","HornCleat","Akabeko"],"potions_floor_usage":[6,11,16,16,24,28,30,39,56],"damage_taken":[{"damage":4,"enemies":"Small Slimes","floor":1,"turns":4},{"damage":0,"enemies":"2 Louse","floor":2,"turns":3},{"damage":0,"enemies":"Cultist","floor":3,"turns":3},{"damage":0,"enemies":"Looter","floor":4,"turns":4},{"damage":5,"enemies":"2 Fungi Beasts","floor":5,"turns":6},{"damage":23,"enemies":"Lagavulin","floor":6,"turns":9},{"damage":41,"enemies":"Gremlin Nob","floor":10,"turns":5},{"damage":1,"enemies":"Exordium Thugs","floor":11,"turns":3},{"damage":0,"enemies":"Blue Slaver","floor":14,"turns":4},{"damage":0,"enemies":"The Guardian","floor":16,"turns":7},{"damage":0,"enemies":"Chosen","floor":18,"turns":4},{"damage":0,"enemies":"3 Byrds","floor":22,"turns":3},{"damage":6,"enemies":"Slavers","floor":24,"turns":4},{"damage":0,"enemies":"Cultist and Chosen","floor":25,"turns":3},{"damage":7,"enemies":"Snake Plant","floor":28,"turns":3},{"damage":0,"enemies":"3 Cultists","floor":30,"turns":6},{"damage":0,"enemies":"Chosen and Byrds","floor":31,"turns":3},{"damage":0,"enemies":"Champ","floor":33,"turns":7},{"damage":0,"enemies":"Orb Walker","floor":35,"turns":3},{"damage":0,"enemies":"3 Darklings","floor":39,"turns":4},{"damage":0,"enemies":"Sphere and 2 Shapes","floor":41,"turns":4},{"damage":0,"enemies":"Spire Growth","floor":46,"turns":3},{"damage":0,"enemies":"Nemesis","floor":48,"turns":3},{"damage":1,"enemies":"Donu and Deca","floor":50,"turns":8},{"damage":1,"enemies":"Awakened One","floor":51,"turns":8},{"damage":0,"enemies":"Shield and Spear","floor":55,"turns":6},{"damage":12,"enemies":"The Heart","floor":56,"turns":8}],"seed_played":"5810399484712686518","potions_obtained":[{"floor":2,"key":"DistilledChaos"},{"floor":6,"key":"DuplicationPotion"},{"floor":10,"key":"Fire Potion"},{"floor":16,"key":"Swift Potion"},{"floor":25,"key":"SpeedPotion"},{"floor":28,"key":"Regen Potion"},{"floor":30,"key":"ColorlessPotion"},{"floor":33,"key":"Dexterity Potion"},{"floor":39,"key":"FearPotion"},{"floor":55,"key":"Block Potion"}],"is_trial":false,"path_per_floor":["M","M","M","M","M","E","R","?","T","E","M","R","$","M","R","B",null,"M","?","?","?","M","R","E","M","T","R","M","R","M","M","R","B",null,"M","?","$","?","M","R","M","$","T","$","R","M","R","E","R","B","B",null,"R","$","E","B",null],"character_chosen":"WATCHER","items_purchased":["Tantrum","Swift Potion","MentalFortress","Prostrate","Fasting2","Adaptation","CutThroughFate"],"campfire_rested":0,"item_purchase_floors":[13,13,37,37,44,54,54],"current_hp_per_floor":[57,57,57,57,52,29,29,46,46,5,4,4,4,4,4,4,50,50,50,29,29,29,29,23,23,23,23,16,16,31,31,31,31,57,57,57,57,57,57,57,57,57,57,57,57,57,57,57,57,56,55,63,63,63,63,51],"gold":64,"neow_bonus":"BOSS_RELIC","is_prod":false,"is_daily":false,"chose_seed":false,"campfire_upgraded":5,"win_rate":0,"timestamp":1607497385,"path_taken":["M","M","M","M","M","E","R","?","T","E","M","R","$","M","R","BOSS","M","?","?","?","M","R","E","M","T","R","M","R","M","?","R","BOSS","M","?","$","?","?","R","M","$","T","$","R","M","R","E","R","BOSS","BOSS","R","$","E","BOSS"],"build_version":"2020-11-30","purchased_purges":3,"victory":true,"max_hp_per_floor":[68,68,68,68,68,68,68,68,68,68,68,65,65,65,65,65,65,65,65,65,65,65,65,65,65,65,65,65,65,65,65,65,65,65,65,65,65,65,65,65,65,65,65,65,65,65,65,65,65,65,65,65,65,65,65,65],"relic_stats":{"Peace Pipe":7,"Busted Crown":12,"Torii":17,"counters":[27,128],"Bag of Preparation":[42],"obtain_stats":[{"Ice Cream":9,"Torii":24,"Enchiridion":20,"Oddly Smooth Stone":26,"Thread and Needle":19,"Bag of Preparation":6,"Akabeko":55,"Peace Pipe":10,"Busted Crown":34,"HornCleat":48,"Coffee Dripper":0,"PureWater":0,"Runic Pyramid":17},{"Ice Cream":6,"Torii":13,"Enchiridion":11,"Oddly Smooth Stone":14,"Thread and Needle":11,"Bag of Preparation":6,"Akabeko":26,"Peace Pipe":7,"Busted Crown":18,"HornCleat":23,"Coffee Dripper":0,"PureWater":0,"Runic Pyramid":10},{"Ice Cream":29,"Torii":59,"Enchiridion":52,"Oddly Smooth Stone":62,"Thread and Needle":52,"Bag of Preparation":29,"Akabeko":120,"Peace Pipe":34,"Busted Crown":81,"HornCleat":98,"Coffee Dripper":0,"PureWater":0,"Runic Pyramid":48}]},"card_choices":[{"not_picked":["CrushJoints","EmptyBody"],"picked":"TalkToTheHand","floor":1},{"not_picked":["Crescendo","CrushJoints"],"picked":"ThirdEye","floor":2},{"not_picked":["FollowUp","Collect"],"picked":"Protect","floor":3},{"not_picked":["WreathOfFlame","Adaptation"],"picked":"Meditate","floor":4},{"not_picked":["PathToVictory","EmptyBody"],"picked":"FlyingSleeves","floor":5},{"not_picked":["Consecrate","Pray"],"picked":"BowlingBash","floor":6},{"not_picked":["Evaluate","ConjureBlade"],"picked":"FlurryOfBlows","floor":10},{"not_picked":["Halt","Consecrate"],"picked":"EmptyFist","floor":11},{"not_picked":["CarveReality","Nirvana"],"picked":"EmptyFist","floor":14},{"not_picked":["SpiritShield","Judgement"],"picked":"Devotion","floor":16},{"not_picked":["PathToVictory","Prostrate"],"picked":"Crescendo+1","floor":18},{"not_picked":["CrushJoints","WindmillStrike","BowlingBash"],"picked":"SKIP","floor":22},{"not_picked":["PathToVictory+1","DeusExMachina"],"picked":"FlurryOfBlows+1","floor":24},{"not_picked":["SashWhip","WheelKick"],"picked":"ThirdEye","floor":25},{"not_picked":["CrushJoints","Wallop"],"picked":"Prostrate","floor":28},{"not_picked":["FollowUp","WindmillStrike+1"],"picked":"Halt+1","floor":30},{"not_picked":["WheelKick","Evaluate"],"picked":"WaveOfTheHand","floor":31},{"not_picked":["MasterReality","DeusExMachina"],"picked":"SpiritShield","floor":33},{"not_picked":[],"picked":"CrushJoints+1","floor":35},{"not_picked":[],"picked":"EmptyFist+1","floor":39},{"not_picked":["Nirvana"],"picked":"SKIP","floor":41},{"not_picked":["Wallop"],"picked":"SKIP","floor":46},{"not_picked":["WheelKick"],"picked":"SKIP","floor":48},{"not_picked":["CrushJoints"],"picked":"SKIP","floor":55}],"player_experience":1690152,"relics_obtained":[{"floor":6,"key":"Bag of Preparation"},{"floor":9,"key":"Ice Cream"},{"floor":10,"key":"Peace Pipe"},{"floor":20,"key":"Enchiridion"},{"floor":24,"key":"Torii"},{"floor":26,"key":"Oddly Smooth Stone"},{"floor":48,"key":"HornCleat"},{"floor":55,"key":"Akabeko"}],"event_choices":[{"damage_healed":17,"gold_gain":0,"player_choice":"Healed and dodged fight","damage_taken":0,"max_hp_gain":0,"max_hp_loss":0,"event_name":"Mushrooms","floor":8,"gold_loss":0,"cards_obtained":["Parasite"]},{"damage_healed":0,"gold_gain":0,"player_choice":"Obtained Relic","damage_taken":0,"relics_obtained":["Thread and Needle"],"max_hp_gain":0,"max_hp_loss":0,"event_name":"Addict","floor":19,"gold_loss":85},{"damage_healed":0,"gold_gain":0,"player_choice":"Obtained Book","damage_taken":21,"max_hp_gain":0,"max_hp_loss":0,"event_name":"Cursed Tome","floor":20,"gold_loss":0},{"damage_healed":0,"gold_gain":200,"player_choice":"Gold","damage_taken":0,"max_hp_gain":0,"max_hp_loss":0,"event_name":"Wheel of Change","floor":21,"gold_loss":0},{"cards_removed":["ThirdEye"],"damage_healed":0,"gold_gain":0,"player_choice":"Removed Skill","damage_taken":0,"max_hp_gain":0,"max_hp_loss":0,"event_name":"Falling","floor":36,"gold_loss":0},{"damage_healed":0,"gold_gain":0,"player_choice":"Bought 1 Potion","damage_taken":0,"max_hp_gain":0,"max_hp_loss":0,"event_name":"The Woman in Blue","floor":38,"gold_loss":0}],"is_beta":false,"boss_relics":[{"not_picked":["SacredBark","Astrolabe"],"picked":"Runic Pyramid"},{"not_picked":["Black Star","Philosopher\u0027s Stone"],"picked":"Busted Crown"}],"items_purged_floors":[13,37,42],"is_endless":false,"potions_floor_spawned":[2,6,10,14,16,25,28,30,33,39,41,46,55],"ascension_level":20}}