{"host":"gsp4qlltb0c3ynci","time":1607488656,"event":{"gold_per_floor":[99,99,174,174,174,279,372,459,459,516,269,353,428,515,515,515,515],"floor_reached":16,"playtime":432,"items_purged":["Defend_G+1"],"score":217,"play_id":"d3193036-cdfc-4136-8187-bb681d04db39","local_time":"20201209133736","daily_mods":["Vintage","Colorless Cards","Heirloom","Time Dilation","Flight","DeadlyEvents","Elite Swarm","Midas"],"is_ascension_mode":true,"campfire_choices":[{"data":"Strike_G+1","floor":15.0,"key":"PURGE"}],"neow_cost":"","seed_source_timestamp":0,"circlet_count":0,"master_deck":["Strike_G+1","Strike_G+1","Defend_G+1","Defend_G+1","Defend_G+1","Survivor+1","Neutralize+1","Forethought+1","Expertise+1","Master of Strategy","A Thousand Cuts","Caltrops","Dramatic Entrance","Poisoned Strike","Midas Touch"],"special_seed":0,"relics":["Ring of the Snake","Vampiric Spirits","Centennial Puzzle","Replay:Arrowhead","Mercury Hourglass","Lantern","Singing Bowl","Blue Candle","Gremlin Food","Replay:Bottled Steam","Peace Pipe"],"potions_floor_usage":[16],"damage_taken":[{"damage":18.0,"enemies":"Gremlin Nob","floor":6.0,"turns":6.0},{"damage":0.0,"enemies":"Replay:BlueRogue","floor":7.0,"turns":7.0},{"damage":0.0,"enemies":"Lagavulin","floor":8.0,"turns":4.0},{"damage":0.0,"enemies":"2 Louse","floor":10.0,"turns":1.0},{"damage":7.0,"enemies":"3 Sentries","floor":12.0,"turns":4.0},{"damage":0.0,"enemies":"Replay:BlueRogue","floor":13.0,"turns":4.0},{"damage":1.0,"enemies":"3 Sentries","floor":14.0,"turns":3.0},{"damage":0,"enemies":"Slime Boss","floor":16,"turns":5}],"seed_played":"-574318927313684657","potions_obtained":[{"floor":6.0,"key":"Adrenaline Potion"},{"floor":7.0,"key":"Toxic Potion"},{"floor":13.0,"key":"Poison Potion"},{"floor":14.0,"key":"AttackPotion"}],"is_trial":true,"path_per_floor":["?","?","?","?","T","E","E","E","T","M","$","E","E","E","R","B"],"character_chosen":"THE_SILENT","items_purchased":["Caltrops","Dramatic Entrance"],"campfire_rested":0,"item_purchase_floors":[11,11],"current_hp_per_floor":[70,70,59,59,59,47,52,60,60,64,64,63,69,71,71,72,72],"gold":515,"neow_bonus":"","is_prod":false,"is_daily":false,"chose_seed":false,"campfire_upgraded":0,"win_rate":0,"timestamp":1607488656,"path_taken":["?","?","?","?","?","E","E","?","T","?","$","E","?","E","R","BOSS"],"build_version":"2020-11-30","purchased_purges":1,"victory":false,"max_hp_per_floor":[70,70,70,70,70,70,70,70,70,70,70,70,72,72,72,72,72],"card_choices":[{"not_picked":["Tools of the Trade","Phantasmal Killer","ReplayTheSpireMod:From All Sides"],"picked":"SKIP","floor":6.0},{"not_picked":["Night Terror","ReplayTheSpireMod:From All Sides"],"picked":"Master of Strategy","floor":7.0},{"not_picked":["Atom Bomb","The Bomb"],"picked":"A Thousand Cuts","floor":8.0},{"not_picked":["ReplayTheSpireMod:Necrogeddon","Bullet Time"],"picked":"Poisoned Strike","floor":12.0},{"not_picked":["Magnetism","Secret Weapon","Tools of the Trade"],"picked":"Singing Bowl","floor":13.0},{"not_picked":["Master of Strategy","Secret Weapon"],"picked":"Midas Touch","floor":14.0}],"player_experience":488149,"relics_obtained":[{"floor":5.0,"key":"Centennial Puzzle"},{"floor":6.0,"key":"Replay:Arrowhead"},{"floor":7.0,"key":"Mercury Hourglass"},{"floor":8.0,"key":"Lantern"},{"floor":9.0,"key":"Singing Bowl"},{"floor":10.0,"key":"Blue Candle"},{"floor":12.0,"key":"Gremlin Food"},{"floor":13.0,"key":"Replay:Bottled Steam"},{"floor":14.0,"key":"Peace Pipe"}],"event_choices":[{"damage_healed":0.0,"max_hp_gain":0.0,"max_hp_loss":0.0,"gold_gain":75.0,"event_name":"World of Goop","player_choice":"Gather Gold","floor":3.0,"gold_loss":0.0,"damage_taken":11.0}],"is_beta":false,"boss_relics":[],"items_purged_floors":[11],"is_endless":false,"potions_floor_spawned":[6,7,13,14],"killed_by":"Slime Boss","ascension_level":0}}