{"host":"r3d3rfw8zyydmocx","time":1607546947,"event":{"gold_per_floor":[109,185,185,195,210,238,238,238,264,291,309,84,96,109,109,109,109],"floor_reached":16,"playtime":827,"items_purged":["mysticmod:Strike_Mystic"],"score":137,"play_id":"baaf0138-5a1a-4d4b-a09c-b5fe8ad7ab9f","local_time":"20201209124907","is_ascension_mode":false,"campfire_choices":[{"data":"mysticmod:Stoneskin","floor":7.0,"key":"SMITH"},{"data":"mysticmod:GeminiForm","floor":15,"key":"SMITH"}],"neow_cost":"NONE","seed_source_timestamp":688437647639100,"circlet_count":0,"master_deck":["mysticmod:Strike_Mystic","mysticmod:Strike_Mystic","mysticmod:Strike_Mystic","mysticmod:Defend_Mystic","mysticmod:Defend_Mystic","mysticmod:Defend_Mystic","mysticmod:Defend_Mystic","mysticmod:ArcaneDodge","mysticmod:ShockingGrasp","mysticmod:Alacrity","mysticmod:HeavyStrike","mysticmod:ArcaneAccuracy","mysticmod:Stoneskin+1","mysticmod:Snowball","mysticmod:ComboCaster","mysticmod:Alacrity","mysticmod:GeminiForm+1"],"special_seed":0,"relics":["hubris:CrackedHourglass","Anchor","Thread and Needle","hubris:CrystalStatue","Bronze Scales","hubris:GlazedTorus","ReplayFunnel"],"potions_floor_usage":[10,10,16],"damage_taken":[{"damage":0.0,"enemies":"Small Slimes","floor":1.0,"turns":3.0},{"damage":9.0,"enemies":"Jaw Worm","floor":4.0,"turns":4.0},{"damage":0.0,"enemies":"2 Louse","floor":5.0,"turns":3.0},{"damage":19.0,"enemies":"Lagavulin","floor":6.0,"turns":9.0},{"damage":0,"enemies":"Gremlin Nob","floor":10,"turns":4},{"damage":0,"enemies":"Looter","floor":11,"turns":2},{"damage":0,"enemies":"Blue Slaver","floor":13,"turns":3},{"damage":0,"enemies":"3 Louse","floor":14,"turns":3},{"damage":13,"enemies":"Fading Forest","floor":16,"turns":8}],"seed_played":"-5252197225907486499","potions_obtained":[{"floor":1.0,"key":"Block Potion"},{"floor":5.0,"key":"SteroidPotion"},{"floor":13,"key":"Adrenaline Potion"}],"is_trial":false,"path_per_floor":["M","?","?","M","M","E","R","T","T","E","M","$","M","M","R","B"],"character_chosen":"MYSTIC_CLASS","items_purchased":["ReplayFunnel"],"campfire_rested":0,"item_purchase_floors":[12],"current_hp_per_floor":[77,58,58,49,49,30,30,30,30,30,30,30,30,30,30,0,0],"gold":109,"neow_bonus":"BOSS_RELIC","is_prod":false,"is_daily":false,"chose_seed":false,"campfire_upgraded":2,"win_rate":0.0,"timestamp":1607546947,"path_taken":["M","?","?","M","M","E","R","?","T","E","M","$","M","M","R","BOSS"],"build_version":"2020-11-30","purchased_purges":1,"victory":false,"max_hp_per_floor":[77,77,77,77,77,77,77,77,77,77,77,77,77,77,77,77,77],"card_choices":[{"not_picked":["mysticmod:HunkerDown","mysticmod:StyleChange"],"picked":"mysticmod:Alacrity","floor":1.0},{"not_picked":["mysticmod:PowerSlash","mysticmod:TomeOfSpells"],"picked":"mysticmod:HeavyStrike","floor":2.0},{"not_picked":["mysticmod:Fly","mysticmod:BladedDash"],"picked":"mysticmod:ArcaneAccuracy","floor":2.0},{"not_picked":["mysticmod:SuddenClarity","mysticmod:CorrosiveTouch"],"picked":"mysticmod:Stoneskin","floor":4.0},{"not_picked":["mysticmod:HeavyStrike","mysticmod:Disengage"],"picked":"mysticmod:Snowball","floor":5.0},{"not_picked":["mysticmod:PunishingArmor","mysticmod:HeavyStrike","mysticmod:TomeOfSpells"],"picked":"SKIP","floor":6.0},{"not_picked":["mysticmod:DiviningBlow","mysticmod:Daze","mysticmod:Natural20"],"picked":"SKIP","floor":10},{"not_picked":["mysticmod:DiviningBlow","mysticmod:Dedication"],"picked":"mysticmod:ComboCaster","floor":11},{"not_picked":["mysticmod:Probe","mysticmod:TomeOfSpells"],"picked":"mysticmod:Alacrity","floor":13},{"not_picked":["mysticmod:KeenEdge","mysticmod:ChargedParry"],"picked":"mysticmod:GeminiForm","floor":14}],"player_experience":437332,"relics_obtained":[{"floor":2.0,"key":"Anchor"},{"floor":6.0,"key":"Thread and Needle"},{"floor":8.0,"key":"hubris:CrystalStatue"},{"floor":9.0,"key":"Bronze Scales"},{"floor":10,"key":"hubris:GlazedTorus"}],"event_choices":[{"damage_healed":0.0,"max_hp_gain":0.0,"max_hp_loss":0.0,"gold_gain":0.0,"event_name":"conspire:Investor","player_choice":"Leave","floor":3.0,"gold_loss":0.0,"damage_taken":0.0}],"is_beta":false,"boss_relics":[],"items_purged_floors":[12],"is_endless":false,"potions_floor_spawned":[1,5,13],"killed_by":"Fading Forest","ascension_level":0}}