{"host":"97bfbul5vt0mksxl","time":1607538331,"event":{"gold_per_floor":[14,14,14,14,30,66,66,66,66],"floor_reached":8,"playtime":413,"items_purged":[],"score":54,"play_id":"2a73133a-ef13-48ed-8083-4b6259189841","local_time":"20201209152531","is_ascension_mode":false,"campfire_choices":[{"floor":7,"key":"REST"}],"neow_cost":"NO_GOLD","seed_source_timestamp":658255787500,"circlet_count":0,"master_deck":["Strike_P","Strike_P","Strike_P","Strike_P","Defend_P","Defend_P","Defend_P","Defend_P","Eruption","Vigilance","Replay:ManipulateFuture","Adaptation"],"relics":["PureWater","Pondfish Scales","Golden Idol","MealTicket","Iron Hammer"],"potions_floor_usage":[],"damage_taken":[{"damage":0,"enemies":"2 Louse","floor":1,"turns":5},{"damage":9,"enemies":"Small Slimes","floor":5,"turns":3},{"damage":47,"enemies":"Lagavulin","floor":6,"turns":6},{"damage":49,"enemies":"Gremlin Nob","floor":8,"turns":5}],"seed_played":"-3688125083246736786","potions_obtained":[],"is_trial":false,"path_per_floor":["M","?","?","?","M","E","R","E"],"character_chosen":"WATCHER","items_purchased":[],"campfire_rested":1,"item_purchase_floors":[],"current_hp_per_floor":[72,72,72,72,63,16,37,0,0],"gold":66,"neow_bonus":"ONE_RARE_RELIC","is_prod":false,"is_daily":false,"chose_seed":false,"campfire_upgraded":0,"win_rate":0.0,"timestamp":1607538331,"path_taken":["M","?","?","?","M","E","R","E"],"build_version":"2020-11-30","purchased_purges":0,"victory":false,"max_hp_per_floor":[72,72,72,72,72,72,72,72,72],"card_choices":[{"not_picked":["JustLucky","Replay:BluntJabs"],"picked":"Tantrum","floor":1},{"not_picked":["TalkToTheHand","InnerPeace"],"picked":"Replay:ManipulateFuture","floor":5},{"not_picked":["Replay:BluntJabs","InnerPeace"],"picked":"Adaptation","floor":6}],"player_experience":129203,"relics_obtained":[{"floor":6,"key":"Iron Hammer"}],"event_choices":[{"damage_healed":0,"gold_gain":0,"player_choice":"Take Wound","damage_taken":0,"relics_obtained":["Golden Idol"],"max_hp_gain":0,"max_hp_loss":0,"event_name":"Golden Idol","floor":2,"gold_loss":0,"cards_obtained":["Injury"]},{"cards_removed":["Injury"],"damage_healed":0,"gold_gain":0,"player_choice":"Forget","damage_taken":0,"max_hp_gain":0,"max_hp_loss":0,"event_name":"Living Wall","floor":3,"gold_loss":0},{"cards_removed":["Tantrum"],"damage_healed":0,"gold_gain":0,"player_choice":"Gave Card","damage_taken":0,"relics_obtained":["MealTicket"],"max_hp_gain":0,"max_hp_loss":0,"event_name":"WeMeetAgain","floor":4,"gold_loss":0}],"is_beta":false,"boss_relics":[],"items_purged_floors":[],"is_endless":false,"potions_floor_spawned":[],"killed_by":"Gremlin Nob","ascension_level":0}}