{"host":"0vd2boh2oi7jm085","time":1607488933,"event":{"gold_per_floor":[216,232,29,45,55,55,80,13,13,13,13,13,13,33,33,109,159,171,142,142,67,79,79,79,79],"floor_reached":24,"playtime":574,"items_purged":["Parasite"],"score":343,"play_id":"13d67be6-96e8-4bdb-af32-701dbf72f304","local_time":"20201208204213","is_ascension_mode":true,"campfire_choices":[{"data":"Body Slam","floor":6.0,"key":"SMITH"},{"floor":10.0,"key":"REST"},{"floor":15.0,"key":"REST"},{"floor":23.0,"key":"REST"}],"neow_cost":"NONE","seed_source_timestamp":0,"circlet_count":0,"master_deck":["AscendersBane","Strike_R","Strike_R","Strike_R","Strike_R","Strike_R","Defend_R","Defend_R","Defend_R+1","Defend_R","Bash","Cleave","Impervious","Body Slam+1","Inflame","Inflame","Limit Break+1","Inflame","Entrench","Barricade","Body Slam+1","Shrug It Off","Anger+1","Impervious","Iron Wave+1"],"special_seed":0,"relics":["Burning Blood","Shovel","Darkstone Periapt","Molten Egg 2","Tiny House"],"potions_floor_usage":[24],"damage_taken":[{"damage":6.0,"enemies":"Cultist","floor":1.0,"turns":4.0},{"damage":18.0,"enemies":"Jaw Worm","floor":2.0,"turns":4.0},{"damage":2.0,"enemies":"2 Louse","floor":4.0,"turns":3.0},{"damage":1.0,"enemies":"2 Fungi Beasts","floor":5.0,"turns":3.0},{"damage":50.0,"enemies":"3 Sentries","floor":7.0,"turns":9.0},{"damage":26.0,"enemies":"Exordium Thugs","floor":14.0,"turns":5.0},{"damage":34.0,"enemies":"The Guardian","floor":16.0,"turns":7.0},{"damage":27.0,"enemies":"Chosen","floor":18.0,"turns":6.0},{"damage":10.0,"enemies":"2 Thieves","floor":19.0,"turns":5.0},{"damage":47.0,"enemies":"Snake Plant","floor":22.0,"turns":6.0},{"damage":36,"enemies":"Shelled Parasite and Fungi","floor":24,"turns":4}],"seed_played":"3003538136035082020","potions_obtained":[{"floor":4.0,"key":"SteroidPotion"},{"floor":5.0,"key":"BlessingOfTheForge"},{"floor":17.0,"key":"PowerPotion"},{"floor":19.0,"key":"Dexterity Potion"}],"is_trial":false,"path_per_floor":["M","M","$","M","M","R","E","$","T","R","?","?","?","M","R","B",null,"M","M","?","$","M","R","M"],"character_chosen":"IRONCLAD","items_purchased":["Impervious","Body Slam","Inflame"],"campfire_rested":3,"item_purchase_floors":[3,3,8],"current_hp_per_floor":[68,56,56,60,65,65,21,21,21,43,43,43,67,47,71,43,77,56,52,52,52,11,35,0,0],"gold":79,"neow_bonus":"HUNDRED_GOLD","is_prod":false,"is_daily":false,"chose_seed":false,"campfire_upgraded":1,"win_rate":0,"timestamp":1607488933,"path_taken":["M","M","$","M","?","R","E","$","T","R","?","?","?","M","R","BOSS","M","M","?","?","?","R","M"],"build_version":"2020-11-30","purchased_purges":1,"victory":false,"max_hp_per_floor":[75,75,75,75,75,75,75,75,75,75,75,75,81,81,81,81,86,86,86,86,83,83,83,83,83],"card_choices":[{"not_picked":["Iron Wave","Armaments"],"picked":"Cleave","floor":1.0},{"not_picked":["Warcry","Feel No Pain","Twin Strike"],"picked":"SKIP","floor":2.0},{"not_picked":["Perfected Strike","Clothesline"],"picked":"Inflame","floor":4.0},{"not_picked":["Headbutt","Hemokinesis"],"picked":"Inflame","floor":5.0},{"not_picked":["Heavy Blade","Carnage"],"picked":"Limit Break","floor":7.0},{"not_picked":["Anger+1","Fire Breathing"],"picked":"Entrench","floor":14.0},{"not_picked":["Exhume","Corruption"],"picked":"Barricade","floor":16.0},{"not_picked":["Anger+1","Carnage+1"],"picked":"Body Slam+1","floor":17.0},{"not_picked":["Sword Boomerang+1","Armaments"],"picked":"Shrug It Off","floor":18.0},{"not_picked":["Dark Embrace","Perfected Strike+1"],"picked":"Anger+1","floor":19.0},{"not_picked":["Anger+1","Perfected Strike+1"],"picked":"Iron Wave+1","floor":22.0}],"player_experience":64391,"relics_obtained":[{"floor":7.0,"key":"Shovel"},{"floor":9.0,"key":"Darkstone Periapt"}],"event_choices":[{"damage_healed":0.0,"max_hp_gain":0.0,"max_hp_loss":0.0,"gold_gain":0.0,"event_name":"Dead Adventurer","player_choice":"Searched \u00271\u0027 times","floor":11.0,"gold_loss":0.0,"damage_taken":0.0,"relics_obtained":["Molten Egg 2"]},{"damage_healed":0.0,"max_hp_gain":0.0,"max_hp_loss":0.0,"gold_gain":0.0,"event_name":"Living Wall","player_choice":"Grow","floor":12.0,"gold_loss":0.0,"damage_taken":0.0,"cards_upgraded":["Limit Break"]},{"damage_healed":18.0,"max_hp_gain":0.0,"max_hp_loss":0.0,"gold_gain":0.0,"event_name":"Mushrooms","player_choice":"Healed and dodged fight","floor":13.0,"gold_loss":0.0,"damage_taken":0.0,"cards_obtained":["Parasite"]},{"damage_healed":0.0,"max_hp_gain":0.0,"max_hp_loss":0.0,"gold_gain":0.0,"event_name":"Duplicator","player_choice":"Copied","floor":20.0,"gold_loss":0.0,"damage_taken":0.0,"cards_obtained":["Impervious"]}],"is_beta":false,"boss_relics":[{"not_picked":["Busted Crown","Mark of Pain"],"picked":"Tiny House"}],"items_purged_floors":[21],"is_endless":false,"potions_floor_spawned":[4,5,14,19],"killed_by":"Shelled Parasite and Fungi","ascension_level":15}}