{"host":"m0bekkrd201b63ug","time":1607534041,"event":{"gold_per_floor":[114,114,129,129,144,174,174,204,204,219,219,249,249,279,279,379,379,394,19,19,118,133,163,193,223,223,253,253,253,283,298,298,398,398,413,428,428,443,443,473,86,116,116,116,116,116,116,146,146,146],"floor_reached":51,"playtime":3432,"items_purged":["Steam","JustLucky"],"score":1080,"play_id":"585f4239-264e-44c5-af44-d893a3fc1a51","local_time":"20201209151401","daily_mods":["SealedDeck","Purple Cards","Elite Swarm"],"is_ascension_mode":false,"campfire_choices":[{"data":"Double Energy","floor":7,"key":"SMITH"},{"data":"Scrawl","floor":11,"key":"SMITH"},{"data":"Establishment","floor":13,"key":"SMITH"},{"data":"ThirdEye","floor":15,"key":"SMITH"},{"data":"PathToVictory","floor":28,"key":"SMITH"},{"data":"PathToVictory","floor":32,"key":"SMITH"},{"data":"Reprogram","floor":44,"key":"SMITH"},{"data":"White Noise","floor":46,"key":"SMITH"},{"data":"DeusExMachina","floor":49,"key":"SMITH"}],"neow_cost":"","seed_source_timestamp":0,"circlet_count":0,"master_deck":["Sunder","Double Energy+1","Go for the Eyes","Protect","Hologram","PathToVictory+1","PathToVictory+1","Wallop","ThirdEye+1","DeceiveReality","Scrawl+1","Establishment+1","Reprogram+1","Vault","Conserve Battery","DeusExMachina+1","White Noise+1","Flash of Steel+1"],"special_seed":18605,"relics":["Cracked Core","InkBottle","Dream Catcher","Meat on the Bone","Orichalcum","Centennial Puzzle","WingedGreaves","SlaversCollar","Mango","Pantograph","Ginger","Singing Bowl","White Beast Statue","Darkstone Periapt","Nunchaku","Coffee Dripper","Boot","Mummified Hand","Molten Egg 2","MealTicket"],"potions_floor_usage":[14,24,24,40],"damage_taken":[{"damage":0,"enemies":"2 Louse","floor":1,"turns":1},{"damage":0,"enemies":"Cultist","floor":3,"turns":2},{"damage":2,"enemies":"Jaw Worm","floor":5,"turns":2},{"damage":0,"enemies":"Lagavulin","floor":6,"turns":5},{"damage":5,"enemies":"Gremlin Nob","floor":8,"turns":3},{"damage":0,"enemies":"Lots of Slimes","floor":10,"turns":3},{"damage":1,"enemies":"Lagavulin","floor":12,"turns":3},{"damage":0,"enemies":"Gremlin Nob","floor":14,"turns":2},{"damage":3,"enemies":"Hexaghost","floor":16,"turns":8},{"damage":0,"enemies":"3 Byrds","floor":18,"turns":3},{"damage":0,"enemies":"Spheric Guardian","floor":22,"turns":3},{"damage":0,"enemies":"Gremlin Leader","floor":23,"turns":3},{"damage":6,"enemies":"Slavers","floor":24,"turns":3},{"damage":0,"enemies":"Gremlin Leader","floor":25,"turns":6},{"damage":0,"enemies":"Book of Stabbing","floor":27,"turns":5},{"damage":7,"enemies":"Slavers","floor":30,"turns":4},{"damage":0,"enemies":"Snake Plant","floor":31,"turns":3},{"damage":0,"enemies":"Automaton","floor":33,"turns":9},{"damage":0,"enemies":"Orb Walker","floor":35,"turns":4},{"damage":6,"enemies":"3 Darklings","floor":36,"turns":4},{"damage":0,"enemies":"Spire Growth","floor":38,"turns":4},{"damage":0,"enemies":"Reptomancer","floor":40,"turns":5},{"damage":1,"enemies":"Nemesis","floor":42,"turns":5},{"damage":0,"enemies":"Giant Head","floor":48,"turns":4},{"damage":5,"enemies":"Awakened One","floor":50,"turns":12}],"seed_played":"4494449258677458329","potions_obtained":[{"floor":1,"key":"Energy Potion"},{"floor":5,"key":"EssenceOfSteel"},{"floor":6,"key":"FearPotion"},{"floor":12,"key":"Swift Potion"},{"floor":16,"key":"SteroidPotion"},{"floor":24,"key":"SteroidPotion"},{"floor":25,"key":"FairyPotion"},{"floor":30,"key":"Regen Potion"},{"floor":36,"key":"PowerPotion"},{"floor":38,"key":"DistilledChaos"},{"floor":40,"key":"EssenceOfDarkness"}],"is_trial":false,"path_per_floor":["M","?","M","?","M","E","R","E","T","M","R","E","R","E","R","B",null,"M","$","?","?","M","E","E","E","T","E","R","?","E","M","R","B",null,"M","M","?","M","?","E","$","E","T","R","?","R","$","E","R","B",null],"character_chosen":"DEFECT","items_purchased":["Mango","Mummified Hand","White Noise"],"campfire_rested":0,"item_purchase_floors":[19,41,41],"current_hp_per_floor":[75,75,75,75,73,73,73,68,68,68,68,67,67,67,67,64,75,75,89,89,89,89,89,83,85,85,85,85,85,78,80,80,95,95,97,93,93,95,95,97,97,98,98,98,98,98,98,100,100,97],"gold":146,"neow_bonus":"","is_prod":false,"is_daily":true,"chose_seed":false,"campfire_upgraded":9,"win_rate":0,"timestamp":1607534041,"path_taken":["M","?","?","?","?","E","R","E","T","M","R","E","R","E","R","BOSS","M","$","?","?","M","E","E","E","T","E","R","?","E","M","R","BOSS","M","M","?","M","?","E","$","E","T","R","?","R","$","E","R","BOSS"],"build_version":"2020-11-30","purchased_purges":2,"victory":true,"max_hp_per_floor":[75,75,75,75,75,75,75,75,75,75,75,75,75,75,75,75,75,75,89,89,89,89,89,89,91,91,91,91,91,91,93,93,95,95,97,99,94,96,96,98,98,100,100,100,100,100,100,102,102,102],"card_choices":[{"not_picked":["CrushJoints","Evaluate"],"picked":"ThirdEye","floor":1},{"not_picked":["Auto Shields","Consume"],"picked":"DeceiveReality","floor":3},{"not_picked":["FlyingSleeves","Scrape","Doom and Gloom"],"picked":"SKIP","floor":5},{"not_picked":["Thunder Strike","Wish"],"picked":"Scrawl","floor":6},{"not_picked":["Seek","All For One","Meteor Strike"],"picked":"SKIP","floor":8},{"not_picked":["Steam Power","Halt","Redo"],"picked":"SKIP","floor":10},{"not_picked":["Reboot","Alpha"],"picked":"Establishment","floor":12},{"not_picked":["Rainbow","Ragnarok","MasterReality"],"picked":"SKIP","floor":14},{"not_picked":["BattleHymn","Turbo","Sanctity"],"picked":"SKIP","floor":18},{"not_picked":["Barrage+1","Vengeance"],"picked":"Reprogram","floor":22},{"not_picked":["Electrodynamics","Machine Learning","Creative AI"],"picked":"SKIP","floor":23},{"not_picked":["Alpha","Fission","Creative AI"],"picked":"SKIP","floor":24},{"not_picked":["Multi-Cast","Amplify","Buffer"],"picked":"Singing Bowl","floor":25},{"not_picked":["Fission","Echo Form"],"picked":"Vault","floor":27},{"not_picked":["Scrawl","Reboot"],"picked":"DeusExMachina","floor":30},{"not_picked":["Cold Snap","EmptyFist","Prostrate"],"picked":"Singing Bowl","floor":31},{"not_picked":["Omniscience","Judgement","Meteor Strike"],"picked":"Singing Bowl","floor":33},{"not_picked":["FollowUp+1","Stack","Streamline"],"picked":"Singing Bowl","floor":35},{"not_picked":["ClearTheMind","Perseverance","Genetic Algorithm+1"],"picked":"Singing Bowl","floor":36},{"not_picked":["Halt+1","Barrage","Ball Lightning+1"],"picked":"Singing Bowl","floor":38},{"not_picked":["Amplify","All For One","Creative AI"],"picked":"Singing Bowl","floor":40},{"not_picked":["Creative AI","Biased Cognition","LessonLearned+1"],"picked":"Singing Bowl","floor":42},{"not_picked":["Chrysalis","Violence"],"picked":"Flash of Steel+1","floor":45},{"not_picked":["Seek","Wish","Ragnarok+1"],"picked":"Singing Bowl","floor":48}],"player_experience":212734,"relics_obtained":[{"floor":4,"key":"InkBottle"},{"floor":6,"key":"Dream Catcher"},{"floor":8,"key":"Meat on the Bone"},{"floor":9,"key":"Orichalcum"},{"floor":12,"key":"Centennial Puzzle"},{"floor":14,"key":"WingedGreaves"},{"floor":23,"key":"Pantograph"},{"floor":24,"key":"Ginger"},{"floor":25,"key":"Singing Bowl"},{"floor":26,"key":"White Beast Statue"},{"floor":27,"key":"Darkstone Periapt"},{"floor":30,"key":"Nunchaku"},{"floor":40,"key":"Boot"},{"floor":42,"key":"Molten Egg 2"},{"floor":48,"key":"MealTicket"}],"event_choices":[{"damage_healed":0,"gold_gain":0,"player_choice":"0 cards matched","damage_taken":0,"max_hp_gain":0,"max_hp_loss":0,"event_name":"Match and Keep!","floor":2,"gold_loss":0,"cards_obtained":[]},{"damage_healed":0,"gold_gain":0,"player_choice":"Relic","damage_taken":0,"max_hp_gain":0,"max_hp_loss":0,"event_name":"Wheel of Change","floor":4,"gold_loss":0},{"damage_healed":0,"gold_gain":0,"player_choice":"Ignored","damage_taken":0,"max_hp_gain":0,"max_hp_loss":0,"event_name":"Ghosts","floor":20,"gold_loss":0},{"damage_healed":0,"gold_gain":99,"player_choice":"Stole From Cult","damage_taken":0,"max_hp_gain":0,"max_hp_loss":0,"event_name":"Nest","floor":21,"gold_loss":0},{"damage_healed":0,"gold_gain":0,"player_choice":"Read","damage_taken":0,"max_hp_gain":0,"max_hp_loss":0,"event_name":"The Library","floor":29,"gold_loss":0,"cards_obtained":["Conserve Battery"]},{"damage_healed":0,"gold_gain":0,"player_choice":"Max HP","damage_taken":0,"max_hp_gain":0,"max_hp_loss":5,"event_name":"Winding Halls","floor":37,"gold_loss":0},{"damage_healed":0,"gold_gain":0,"player_choice":"Ignored","damage_taken":0,"max_hp_gain":0,"max_hp_loss":0,"event_name":"Tomb of Lord Red Mask","floor":39,"gold_loss":0},{"damage_healed":0,"gold_gain":0,"player_choice":"Memory 1","damage_taken":0,"max_hp_gain":0,"max_hp_loss":0,"event_name":"SensoryStone","floor":45,"gold_loss":0}],"is_beta":false,"boss_relics":[{"not_picked":["FrozenCore","Empty Cage"],"picked":"SlaversCollar"},{"not_picked":["Runic Dome","Calling Bell"],"picked":"Coffee Dripper"}],"items_purged_floors":[19,41],"is_endless":false,"potions_floor_spawned":[1,5,6,12,16,23,24,25,27,30,31,33,35,36,38,40,42,48],"ascension_level":0}}