{"host":"fq1bpa5mgr3rtgnr","time":1607523283,"event":{"gold_per_floor":[112,37,53,53,53,53,84,84,84,104,54,88,99,99,99,200,200,238,275,275,275,275],"floor_reached":21,"playtime":916,"items_purged":["Strike_P","Defend_P"],"score":314,"play_id":"a138961d-5d22-409e-9d3e-13b51529cf28","local_time":"20201209091443","is_ascension_mode":true,"campfire_choices":[{"data":"Eruption","floor":6.0,"key":"SMITH"},{"data":"TalkToTheHand","floor":8.0,"key":"SMITH"},{"data":"Study","floor":15.0,"key":"SMITH"}],"neow_cost":"NONE","seed_source_timestamp":194624882577300,"circlet_count":0,"master_deck":["Strike_P","Strike_P","Defend_P","Defend_P","Eruption+1","Vigilance","TalkToTheHand+1","TalkToTheHand","Study+1","CarveReality","ThirdEye","ReachHeaven","Wish","InnerPeace","LikeWater","WindmillStrike"],"special_seed":0,"relics":["PureWater","NeowsBlessing","Calipers","Smiling Mask","Art of War","The Courier","SlaversCollar"],"potions_floor_usage":[],"damage_taken":[{"damage":0.0,"enemies":"Small Slimes","floor":1.0,"turns":1.0},{"damage":0.0,"enemies":"Jaw Worm","floor":3.0,"turns":1.0},{"damage":0.0,"enemies":"Gremlin Nob","floor":7.0,"turns":1.0},{"damage":3.0,"enemies":"2 Louse","floor":10.0,"turns":2.0},{"damage":68.0,"enemies":"3 Sentries","floor":12.0,"turns":8.0},{"damage":0.0,"enemies":"Looter","floor":13.0,"turns":3.0},{"damage":0.0,"enemies":"Hexaghost","floor":16.0,"turns":9.0},{"damage":22.0,"enemies":"Spheric Guardian","floor":18.0,"turns":4.0},{"damage":39.0,"enemies":"2 Thieves","floor":19.0,"turns":4.0},{"damage":20,"enemies":"Shelled Parasite and Fungi","floor":21,"turns":2}],"seed_played":"-7353019788490541718","potions_obtained":[{"floor":1.0,"key":"DuplicationPotion"},{"floor":7.0,"key":"CultistPotion"},{"floor":16.0,"key":"LiquidBronze"}],"is_trial":false,"path_per_floor":["M","$","M","?","T","R","E","R","T","M","$","E","M","?","R","B",null,"M","M","?","M"],"character_chosen":"WATCHER","items_purchased":[],"campfire_rested":0,"item_purchase_floors":[],"current_hp_per_floor":[72,72,72,77,77,77,77,77,77,74,74,6,6,6,6,6,77,55,16,16,0,0],"gold":275,"neow_bonus":"THREE_ENEMY_KILL","is_prod":false,"is_daily":false,"chose_seed":false,"campfire_upgraded":3,"win_rate":0,"timestamp":1607523283,"path_taken":["M","$","M","?","?","R","E","R","T","M","?","E","M","?","R","BOSS","M","M","?","?"],"build_version":"2020-11-30","purchased_purges":2,"victory":false,"max_hp_per_floor":[72,72,72,77,77,77,77,77,77,77,77,77,77,77,77,77,77,77,77,77,77,77],"relic_stats":{"counters":[10,35],"Art of War":[1],"Smiling Mask":50,"obtain_stats":[{"SlaversCollar":17,"Calipers":5,"NeowsBlessing":0,"The Courier":12,"Art of War":9,"PureWater":0,"Smiling Mask":7},{"SlaversCollar":7,"Calipers":2,"NeowsBlessing":0,"The Courier":5,"Art of War":3,"PureWater":0,"Smiling Mask":3},{"SlaversCollar":25,"Calipers":2,"NeowsBlessing":0,"The Courier":13,"Art of War":3,"PureWater":0,"Smiling Mask":3}]},"card_choices":[{"not_picked":["Collect","Crescendo","Protect"],"picked":"SKIP","floor":1.0},{"not_picked":["Evaluate","Prostrate"],"picked":"TalkToTheHand","floor":3.0},{"not_picked":["Perseverance","EmptyMind"],"picked":"TalkToTheHand","floor":7.0},{"not_picked":["ClearTheMind","Nirvana"],"picked":"Study","floor":10.0},{"not_picked":["LikeWater","CrushJoints"],"picked":"CarveReality","floor":12.0},{"not_picked":["Consecrate","SashWhip"],"picked":"ThirdEye","floor":13.0},{"not_picked":["Vault","Alpha"],"picked":"Wish","floor":16.0},{"not_picked":["Fasting2+1","JustLucky"],"picked":"InnerPeace","floor":18.0},{"not_picked":["Consecrate","Perseverance"],"picked":"LikeWater","floor":19.0}],"player_experience":321189,"relics_obtained":[{"floor":5.0,"key":"Calipers"},{"floor":7.0,"key":"Smiling Mask"},{"floor":9.0,"key":"Art of War"},{"floor":12.0,"key":"The Courier"}],"event_choices":[{"damage_healed":0.0,"max_hp_gain":5.0,"max_hp_loss":0.0,"gold_gain":0.0,"event_name":"Big Fish","player_choice":"Donut","floor":4.0,"gold_loss":0.0,"damage_taken":0.0},{"damage_healed":0.0,"max_hp_gain":0.0,"max_hp_loss":0.0,"gold_gain":0.0,"cards_transformed":["Strike_P"],"event_name":"Living Wall","player_choice":"Change","floor":14.0,"gold_loss":0.0,"damage_taken":0.0,"cards_obtained":["ReachHeaven"]},{"damage_healed":0.0,"max_hp_gain":0.0,"max_hp_loss":0.0,"gold_gain":0.0,"cards_transformed":["Defend_P"],"event_name":"Transmorgrifier","player_choice":"Transformed","floor":20.0,"gold_loss":0.0,"damage_taken":0.0,"cards_obtained":["WindmillStrike"]}],"is_beta":false,"boss_relics":[{"not_picked":["Busted Crown","HolyWater"],"picked":"SlaversCollar"}],"items_purged_floors":[2,11],"is_endless":false,"potions_floor_spawned":[1,7,16],"killed_by":"Shelled Parasite and Fungi","ascension_level":4}}