{"host":"1rf9pknejqhzkc4o","time":1607518816,"event":{"gold_per_floor":[114,189,43,43,59,59,76,76,76,76,91,106,141,141,141,141,141],"floor_reached":16,"playtime":668,"items_purged":[],"score":90,"play_id":"a6fb15cb-f6bd-4bda-a98f-04854e46e639","local_time":"20201209160016","is_ascension_mode":false,"campfire_choices":[{"floor":6,"key":"REST"},{"data":"SashWhip","floor":8,"key":"SMITH"},{"data":"TalkToTheHand","floor":10,"key":"SMITH"},{"floor":15,"key":"REST"}],"neow_cost":"NONE","seed_source_timestamp":103082072981200,"circlet_count":0,"master_deck":["Vigilance","ICR:DragonStrike","ICR:DragonStrike","ICR:DragonStrike","ICR:DragonStrike","ICR:CraneWing","ICR:CraneWing","ICR:CraneWing","ICR:CraneWing","SashWhip+1","CutThroughFate","TalkToTheHand+1","BowlingBash","EmptyFist","Protect"],"relics":["PureWater","Membership Card","trackpad:Mousetrap","aspiration:Nostalgia","Replay:M_SmolderingBlood","Bottled Flame"],"potions_floor_usage":[13,13],"damage_taken":[{"damage":9,"enemies":"Jaw Worm","floor":1,"turns":6},{"damage":0,"enemies":"2 Louse","floor":5,"turns":2},{"damage":4,"enemies":"conspire:RoseBush","floor":7,"turns":3},{"damage":0,"enemies":"2 Fungi Beasts","floor":11,"turns":2},{"damage":1,"enemies":"Blue Slaver","floor":12,"turns":3},{"damage":16,"enemies":"conspire:MimicChest","floor":13,"turns":8},{"damage":69,"enemies":"Hexaghost","floor":16,"turns":16}],"seed_played":"-4019719903818144762","potions_obtained":[{"floor":7,"key":"blueLaboratory:SavagePotion"},{"floor":11,"key":"Adrenaline Potion"}],"is_trial":false,"path_per_floor":["M","?","$","?","M","R","M","R","T","R","M","M","?","T","R","B"],"character_chosen":"WATCHER","items_purchased":["Membership Card"],"campfire_rested":2,"item_purchase_floors":[3],"current_hp_per_floor":[63,52,52,45,45,66,62,62,62,62,62,61,45,45,66,0,0],"gold":141,"neow_bonus":"WATCHER_MONK","is_prod":false,"is_daily":false,"chose_seed":false,"campfire_upgraded":2,"win_rate":0,"timestamp":1607518816,"path_taken":["M","?","?","?","M","R","M","R","T","R","M","?","?","?","R","BOSS"],"build_version":"2020-11-30","purchased_purges":0,"victory":false,"max_hp_per_floor":[72,72,72,72,72,72,72,72,72,72,72,72,72,72,72,72,72],"relic_stats":{"counters":[7,40],"obtain_stats":[{"trackpad:Mousetrap":9,"Bottled Flame":14,"aspiration:Nostalgia":13,"Replay:M_SmolderingBlood":13,"Membership Card":3,"PureWater":0},{"trackpad:Mousetrap":3,"Bottled Flame":6,"aspiration:Nostalgia":6,"Replay:M_SmolderingBlood":6,"Membership Card":1,"PureWater":0},{"trackpad:Mousetrap":11,"Bottled Flame":24,"aspiration:Nostalgia":24,"Replay:M_SmolderingBlood":24,"Membership Card":6,"PureWater":0}]},"card_choices":[{"not_picked":["Replay:ManipulateFuture","CutThroughFate"],"picked":"SashWhip","floor":1},{"not_picked":["Wireheading","Replay:AtTheReady"],"picked":"CutThroughFate","floor":5},{"not_picked":["Crescendo","Replay:AtTheReady"],"picked":"TalkToTheHand","floor":7},{"not_picked":["Sanctity","Weave"],"picked":"BowlingBash","floor":11},{"not_picked":["ThirdEye","CrushJoints"],"picked":"EmptyFist","floor":12},{"not_picked":["FlurryOfBlows","Evaluate"],"picked":"Protect","floor":13}],"player_experience":122870,"relics_obtained":[{"floor":9,"key":"trackpad:Mousetrap"},{"floor":13,"key":"aspiration:Nostalgia"},{"floor":14,"key":"Bottled Flame"}],"event_choices":[{"damage_healed":0,"gold_gain":75,"player_choice":"Gold","damage_taken":11,"max_hp_gain":0,"max_hp_loss":0,"event_name":"betterThird:BetterGoop","floor":2,"gold_loss":0},{"cards_removed":["Eruption"],"damage_healed":0,"gold_gain":0,"player_choice":"Card Removal","damage_taken":7,"max_hp_gain":0,"max_hp_loss":0,"event_name":"Golden Wing","floor":4,"gold_loss":0}],"is_beta":false,"boss_relics":[],"items_purged_floors":[],"is_endless":false,"potions_floor_spawned":[7,11],"killed_by":"Hexaghost","ascension_level":0}}