{"host":"jm9833yuloeli2yd","time":1607534995,"event":{"gold_per_floor":[112,131,150,170,170,170,198,198,266,297,309,337,349,380,392,404,404],"floor_reached":16,"playtime":327,"items_purged":[],"score":224,"play_id":"ef6a92bd-178f-4c9e-ad08-8dab3154fec8","local_time":"20201209122955","is_ascension_mode":true,"campfire_choices":[{"data":"Sweeping Beam","floor":6,"key":"SMITH"},{"data":"Zap","floor":8,"key":"SMITH"},{"floor":15,"key":"REST"}],"neow_cost":"NONE","seed_source_timestamp":761176029178200,"circlet_count":0,"master_deck":["AscendersBane","Strike_B","Strike_B","Strike_B","Defend_B","Defend_B","Defend_B","Defend_B","Zap+1","Dualcast","Dramatic Entrance","Compile Driver","Barrage","Sweeping Beam+1","Go for the Eyes","Turbo","Cold Snap","Doom and Gloom","Double Energy"],"special_seed":0,"relics":["Cracked Core","Turnip","Bottled Flame","MawBank","Golden Idol"],"potions_floor_usage":[7,10,14,16],"damage_taken":[{"damage":1,"enemies":"Cultist","floor":1,"turns":3},{"damage":3,"enemies":"Small Slimes","floor":2,"turns":2},{"damage":2,"enemies":"2 Louse","floor":3,"turns":2},{"damage":8,"enemies":"Blue Slaver","floor":4,"turns":3},{"damage":10,"enemies":"3 Sentries","floor":7,"turns":5},{"damage":8,"enemies":"Gremlin Nob","floor":10,"turns":3},{"damage":9,"enemies":"3 Louse","floor":12,"turns":2},{"damage":4,"enemies":"Exordium Thugs","floor":14,"turns":2},{"damage":32,"enemies":"Slime Boss","floor":16,"turns":6}],"seed_played":"8160880407946868364","potions_obtained":[{"floor":2,"key":"SpeedPotion"},{"floor":4,"key":"EssenceOfDarkness"},{"floor":7,"key":"DistilledChaos"},{"floor":12,"key":"SkillPotion"}],"is_trial":false,"path_per_floor":["M","M","M","M","?","R","E","R","T","E","?","M","?","M","R","B"],"character_chosen":"DEFECT","items_purchased":[],"campfire_rested":1,"item_purchase_floors":[],"current_hp_per_floor":[63,60,58,50,43,43,33,33,33,25,25,16,16,12,31,0,0],"gold":404,"neow_bonus":"RANDOM_COLORLESS","is_prod":false,"is_daily":false,"chose_seed":false,"campfire_upgraded":2,"win_rate":0,"timestamp":1607534995,"path_taken":["M","M","?","M","?","R","E","R","T","E","?","M","?","M","R","BOSS"],"build_version":"2020-11-30","purchased_purges":0,"victory":false,"max_hp_per_floor":[71,71,71,71,71,71,71,71,71,71,64,64,64,64,64,64,64],"card_choices":[{"not_picked":["Impatience","Madness"],"picked":"Dramatic Entrance","floor":0},{"not_picked":["Stack","Turbo"],"picked":"Compile Driver","floor":1},{"not_picked":["Steam Power","Compile Driver"],"picked":"Barrage","floor":2},{"not_picked":["Darkness","Beam Cell"],"picked":"Sweeping Beam","floor":3},{"not_picked":["Aggregate","Sweeping Beam"],"picked":"Go for the Eyes","floor":4},{"not_picked":["Steam","Creative AI"],"picked":"Turbo","floor":7},{"not_picked":["Compile Driver","BootSequence"],"picked":"Cold Snap","floor":10},{"not_picked":["Streamline","Reboot"],"picked":"Doom and Gloom","floor":12},{"not_picked":["Rebound","Steam Power"],"picked":"Double Energy","floor":14}],"player_experience":979067,"relics_obtained":[{"floor":7,"key":"Turnip"},{"floor":9,"key":"Bottled Flame"},{"floor":10,"key":"MawBank"}],"event_choices":[{"cards_removed":["Strike_B"],"damage_healed":0,"gold_gain":0,"player_choice":"Card Removal","damage_taken":7,"max_hp_gain":0,"max_hp_loss":0,"event_name":"Golden Wing","floor":5,"gold_loss":0},{"damage_healed":0,"gold_gain":0,"player_choice":"Lose Max HP","damage_taken":0,"relics_obtained":["Golden Idol"],"max_hp_gain":0,"max_hp_loss":7,"event_name":"Golden Idol","floor":11,"gold_loss":0},{"damage_healed":0,"gold_gain":0,"player_choice":"Ignored","damage_taken":0,"max_hp_gain":0,"max_hp_loss":0,"event_name":"Shining Light","floor":13,"gold_loss":0}],"is_beta":false,"boss_relics":[],"items_purged_floors":[],"is_endless":false,"potions_floor_spawned":[2,4,7,12],"killed_by":"Slime Boss","ascension_level":20}}