{"host":"aeidq2c3auzxo1yh","time":1607531707,"event":{"gold_per_floor":[114,114,133,146,166,166,178,208,208,78,78,92,123,139,139,216,216,230,230,155,155,155,182,182,182,182,182,214,15,15,15,15],"floor_reached":31,"playtime":1910,"items_purged":["Strike_R","Bite"],"score":562,"play_id":"4920a91f-ae27-4a12-89bf-36e2d907ba49","local_time":"20201209213507","is_ascension_mode":true,"campfire_choices":[{"data":"Uppercut","floor":6,"key":"SMITH"},{"data":"Pommel Strike","floor":11,"key":"SMITH"},{"data":"Combust","floor":15,"key":"SMITH"},{"floor":24,"key":"REST"},{"data":"Entrench","floor":27,"key":"SMITH"},{"data":"Inflame","floor":30,"key":"SMITH"}],"neow_cost":"NONE","seed_source_timestamp":3044413549209200,"circlet_count":0,"master_deck":["AscendersBane","Defend_R","Defend_R","Defend_R","Defend_R","Shrug It Off","Uppercut+1","Anger","Iron Wave","Pommel Strike+1","Ghostly Armor","Entrench+1","Combust+1","Juggernaut","Rage","Bite","Bite","Bite","RitualDagger","Battle Trance","Brutality","Pommel Strike+1","Armaments","Inflame+1"],"relics":["Burning Blood","Omamori","Nunchaku","White Beast Statue","InkBottle","Calling Bell","The Courier","Magic Flower","TungstenRod","Art of War"],"potions_floor_usage":[8,13,16,16,23,23],"damage_taken":[{"damage":9,"enemies":"2 Louse","floor":1,"turns":4},{"damage":8,"enemies":"Small Slimes","floor":3,"turns":6},{"damage":5,"enemies":"Cultist","floor":4,"turns":5},{"damage":15,"enemies":"Gremlin Gang","floor":5,"turns":7},{"damage":7,"enemies":"Exordium Wildlife","floor":7,"turns":6},{"damage":7,"enemies":"Lagavulin","floor":8,"turns":5},{"damage":0,"enemies":"2 Fungi Beasts","floor":12,"turns":3},{"damage":8,"enemies":"Gremlin Nob","floor":13,"turns":3},{"damage":0,"enemies":"Large Slime","floor":14,"turns":7},{"damage":29,"enemies":"Slime Boss","floor":16,"turns":6},{"damage":29,"enemies":"Shell Parasite","floor":18,"turns":6},{"damage":61,"enemies":"Book of Stabbing","floor":23,"turns":6},{"damage":2,"enemies":"Gremlin Leader","floor":28,"turns":6},{"damage":67,"enemies":"Book of Stabbing","floor":31,"turns":7}],"seed_played":"-5716290720196835503","potions_obtained":[{"floor":5,"key":"LiquidMemories"},{"floor":8,"key":"ColorlessPotion"},{"floor":12,"key":"LiquidMemories"},{"floor":13,"key":"Swift Potion"},{"floor":16,"key":"DuplicationPotion"},{"floor":18,"key":"BloodPotion"},{"floor":23,"key":"Swift Potion"},{"floor":28,"key":"FearPotion"}],"is_trial":false,"path_per_floor":["M","?","M","M","M","R","M","E","T","$","R","M","E","M","R","B",null,"M","?","?","?","?","E","R","?","T","R","E","$","R","E"],"character_chosen":"IRONCLAD","items_purchased":["Fire Potion","Armaments","Inflame","PowerPotion"],"campfire_rested":1,"item_purchase_floors":[10,29,29,29],"current_hp_per_floor":[65,47,45,46,37,37,36,35,35,35,35,41,39,45,45,22,62,45,45,45,39,39,16,38,38,38,38,60,60,60,0,0],"gold":15,"neow_bonus":"REMOVE_CARD","is_prod":false,"is_daily":false,"chose_seed":false,"campfire_upgraded":5,"win_rate":0,"timestamp":1607531707,"path_taken":["M","?","M","M","M","R","M","E","T","$","R","M","E","M","R","BOSS","M","?","?","?","?","E","R","?","T","R","E","$","R","E"],"build_version":"2020-11-30","purchased_purges":2,"victory":false,"max_hp_per_floor":[75,75,75,75,75,75,75,75,75,75,75,75,75,75,75,75,75,75,75,75,75,75,75,75,75,75,75,75,75,75,75,75],"relic_stats":{"Nunchaku":[8],"counters":[14,77],"Magic Flower":[27],"Art of War":[1],"obtain_stats":[{"Calling Bell":17,"Blood Vial":17,"Nunchaku":8,"Magic Flower":17,"The Courier":17,"Omamori":2,"Art of War":28,"Burning Blood":0,"White Beast Statue":9,"InkBottle":13,"TungstenRod":23},{"Calling Bell":10,"Blood Vial":10,"Nunchaku":6,"Magic Flower":10,"The Courier":10,"Omamori":1,"Art of War":13,"Burning Blood":0,"White Beast Statue":6,"InkBottle":8,"TungstenRod":12},{"Calling Bell":52,"Blood Vial":52,"Nunchaku":33,"Magic Flower":52,"The Courier":52,"Omamori":4,"Art of War":70,"Burning Blood":0,"White Beast Statue":33,"InkBottle":39,"TungstenRod":64}],"Burning Blood":87,"InkBottle":[9],"TungstenRod":39},"card_choices":[{"not_picked":["Havoc","Heavy Blade"],"picked":"Shrug It Off","floor":1},{"not_picked":["Clothesline","Armaments"],"picked":"Uppercut","floor":3},{"not_picked":["Sword Boomerang","Clothesline"],"picked":"Anger","floor":4},{"not_picked":["Heavy Blade","Clothesline"],"picked":"Iron Wave","floor":5},{"not_picked":["Inflame","Wild Strike"],"picked":"Pommel Strike","floor":7},{"not_picked":["Bloodletting","Inflame"],"picked":"Ghostly Armor","floor":8},{"not_picked":["Shrug It Off","Flex"],"picked":"Entrench","floor":12},{"not_picked":["Clash","Carnage"],"picked":"Clothesline","floor":13},{"not_picked":["Rampage","Clothesline"],"picked":"Combust","floor":14},{"not_picked":["Immolate","Fiend Fire"],"picked":"Juggernaut","floor":16},{"not_picked":["Entrench","Perfected Strike"],"picked":"Rage","floor":18},{"not_picked":["Havoc","Sword Boomerang"],"picked":"Brutality","floor":23},{"not_picked":["Wild Strike","Sword Boomerang"],"picked":"Pommel Strike+1","floor":28}],"player_experience":806642,"relics_obtained":[{"floor":8,"key":"Nunchaku"},{"floor":9,"key":"White Beast Statue"},{"floor":13,"key":"InkBottle"},{"floor":17,"key":"Blood Vial"},{"floor":17,"key":"The Courier"},{"floor":17,"key":"Magic Flower"},{"floor":23,"key":"TungstenRod"},{"floor":28,"key":"Art of War"}],"event_choices":[{"damage_healed":0,"gold_gain":0,"player_choice":"Success","damage_taken":18,"relics_obtained":["Omamori"],"max_hp_gain":0,"max_hp_loss":0,"event_name":"Scrap Ooze","floor":2,"gold_loss":0},{"damage_healed":0,"gold_gain":0,"player_choice":"Became a vampire (Vial)","damage_taken":0,"max_hp_gain":0,"max_hp_loss":0,"event_name":"Vampires","floor":19,"relics_lost":["Blood Vial"],"gold_loss":0,"cards_obtained":["Bite","Bite","Bite","Bite","Bite"]},{"cards_removed":["Bite"],"damage_healed":0,"gold_gain":0,"player_choice":"Gave Gold","damage_taken":0,"max_hp_gain":0,"max_hp_loss":0,"event_name":"Beggar","floor":20,"gold_loss":75},{"damage_healed":0,"gold_gain":0,"player_choice":"Joined the Cult","damage_taken":6,"max_hp_gain":0,"max_hp_loss":0,"event_name":"Nest","floor":21,"gold_loss":0,"cards_obtained":["RitualDagger"]},{"damage_healed":0,"gold_gain":0,"cards_transformed":["Bash","Clothesline"],"player_choice":"Became Test Subject","damage_taken":0,"max_hp_gain":0,"max_hp_loss":0,"event_name":"Drug Dealer","floor":22,"gold_loss":0,"cards_obtained":["Feel No Pain","Battle Trance"]},{"cards_removed":["Feel No Pain"],"damage_healed":0,"gold_gain":0,"player_choice":"Purged","damage_taken":0,"max_hp_gain":0,"max_hp_loss":0,"event_name":"Purifier","floor":25,"gold_loss":0}],"is_beta":false,"boss_relics":[{"not_picked":["Astrolabe","Runic Pyramid"],"picked":"Calling Bell"}],"items_purged_floors":[10,29],"is_endless":false,"potions_floor_spawned":[5,8,12,13,14,16,18,23,28],"killed_by":"Book of Stabbing","ascension_level":20}}