{"host":"reugk9pd1uotrglt","time":1607557833,"event":{"gold_per_floor":[115,131,144,219,219,219,247,262,287,287,298,298,322,363,363,457,457,473,473,488,317,342,342,377,395,395,439,458,458,485,516,516,598,598,618,636,511,531,556,556,595,615,615,644,644,662,682,696,696,696,696],"floor_reached":52,"playtime":2843,"items_purged":["Defend_G","Defend_G","Strike_G","Strike_G"],"score":2560,"play_id":"db4c9798-bfba-4509-a7ce-a2250667e7dc","local_time":"20201210005033","is_ascension_mode":true,"campfire_choices":[{"data":"Apotheosis","floor":6.0,"key":"SMITH"},{"data":"Madness","floor":10.0,"key":"SMITH"},{"data":"Neutralize","floor":15.0,"key":"SMITH"},{"data":"Malaise","floor":23.0,"key":"SMITH"},{"floor":32.0,"key":"REST"},{"data":"Terror","floor":40.0,"key":"SMITH"},{"data":"Madness","floor":45.0,"key":"SMITH"},{"floor":49,"key":"REST"}],"neow_cost":"","seed_source_timestamp":250426844888300,"circlet_count":0,"master_deck":["AscendersBane","Strike_G","Strike_G","Defend_G","Defend_G","Survivor","Neutralize+1","Blur","Dodge and Roll","Die Die Die","Caltrops+1","Master of Strategy","Apotheosis+1","Noxious Fumes+1","Blur","Madness+1","Backflip","PiercingWail","Flying Knee","Wraith Form v2+1","Crippling Poison","Malaise+1","Sucker Punch","Dagger Spray","Violence","Quick Slash","Envenom+1","Escape Plan","Backstab","Tools of the Trade+1","Acrobatics+1","Madness","Madness+1","Terror+1","Acrobatics","Corpse Explosion","Acrobatics","PiercingWail","Flash of Steel","Mayhem+1"],"special_seed":0,"relics":["Ring of the Snake","Chemical X","Bronze Scales","Calipers","Membership Card","Frozen Egg 2","Happy Flower","Lee\u0027s Waffle","TungstenRod","Potion Belt","Vajra","Centennial Puzzle","Regal Pillow","Bloody Idol","Toy Ornithopter","Art of War","Empty Cage","Gambling Chip","Turnip","Lizard Tail","CeramicFish","Blood Vial","SlaversCollar","Torii","Omamori","White Beast Statue"],"potions_floor_usage":[50,51,51,51],"damage_taken":[{"damage":0.0,"enemies":"2 Louse","floor":1.0,"turns":3.0},{"damage":0.0,"enemies":"Jaw Worm","floor":2.0,"turns":4.0},{"damage":0.0,"enemies":"Cultist","floor":3.0,"turns":3.0},{"damage":0.0,"enemies":"3 Sentries","floor":7.0,"turns":4.0},{"damage":8.0,"enemies":"Exordium Thugs","floor":8.0,"turns":4.0},{"damage":1.0,"enemies":"Large Slime","floor":11.0,"turns":5.0},{"damage":0.0,"enemies":"Gremlin Nob","floor":14.0,"turns":3.0},{"damage":12.0,"enemies":"Slime Boss","floor":16.0,"turns":10.0},{"damage":14.0,"enemies":"2 Thieves","floor":18.0,"turns":3.0},{"damage":0.0,"enemies":"Chosen","floor":20.0,"turns":5.0},{"damage":8.0,"enemies":"Snecko","floor":22.0,"turns":5.0},{"damage":3.0,"enemies":"Gremlin Leader","floor":24.0,"turns":6.0},{"damage":2.0,"enemies":"Centurion and Healer","floor":25.0,"turns":5.0},{"damage":9.0,"enemies":"Book of Stabbing","floor":27.0,"turns":5.0},{"damage":0.0,"enemies":"Snake Plant","floor":28.0,"turns":4.0},{"damage":14.0,"enemies":"Slavers","floor":31.0,"turns":4.0},{"damage":26.0,"enemies":"Automaton","floor":33.0,"turns":10.0},{"damage":0.0,"enemies":"3 Shapes","floor":35.0,"turns":5.0},{"damage":3.0,"enemies":"3 Darklings","floor":38.0,"turns":5.0},{"damage":0.0,"enemies":"Mind Bloom Boss Battle","floor":39.0,"turns":6.0},{"damage":13.0,"enemies":"Nemesis","floor":41.0,"turns":7.0},{"damage":0.0,"enemies":"Maw","floor":42.0,"turns":7.0},{"damage":19.0,"enemies":"Reptomancer","floor":44.0,"turns":6.0},{"damage":35.0,"enemies":"Writhing Mass","floor":47.0,"turns":5.0},{"damage":0,"enemies":"3 Darklings","floor":48,"turns":2},{"damage":40,"enemies":"Awakened One","floor":50,"turns":13},{"damage":31,"enemies":"Time Eater","floor":51,"turns":13}],"seed_played":"-5149719708334599880","potions_obtained":[{"floor":3.0,"key":"AttackPotion"},{"floor":7.0,"key":"Poison Potion"},{"floor":14.0,"key":"EntropicBrew"},{"floor":25.0,"key":"Weak Potion"},{"floor":39.0,"key":"Block Potion"},{"floor":44.0,"key":"Energy Potion"}],"is_trial":false,"path_per_floor":["M","M","M","?","?","R","E","M","T","R","M","?","T","E","R","B",null,"M","?","M","$","M","R","E","M","T","E","M","?","T","E","R","B",null,"M","?","$","M","?","R","E","M","T","E","R","?","M","M","R","B","B",null],"character_chosen":"THE_SILENT","items_purchased":["Chemical X","Bronze Scales","Calipers","Blur","Dodge and Roll","Membership Card","Frozen Egg 2","Happy Flower","Die Die Die","Caltrops+1","Master of Strategy","Apotheosis","Lee\u0027s Waffle","Noxious Fumes+1","Blur","Potion Belt","Vajra","Madness","Violence","Terror","Acrobatics"],"campfire_rested":2,"item_purchase_floors":[0,0,0,0,0,0,0,0,0,0,0,0,0,0,0,0,0,0,21,37,37],"current_hp_per_floor":[73,73,73,63,63,63,63,55,55,55,54,54,54,54,54,42,60,51,51,51,51,43,43,40,43,43,39,39,39,44,35,66,50,62,66,65,66,66,66,66,63,66,66,52,52,53,25,32,66,26,12],"gold":696,"neow_bonus":"","is_prod":false,"is_daily":false,"chose_seed":false,"campfire_upgraded":6,"win_rate":0,"timestamp":1607557833,"path_taken":["M","M","M","?","?","R","E","M","T","R","M","?","?","E","R","BOSS","M","?","M","?","M","R","E","M","T","E","M","?","?","E","R","BOSS","M","?","$","M","?","R","E","M","T","E","R","?","?","?","R","BOSS","BOSS"],"build_version":"2020-11-30","purchased_purges":4,"victory":true,"max_hp_per_floor":[73,73,73,73,73,73,73,73,73,73,73,66,66,66,66,66,66,66,66,66,66,66,66,66,66,66,66,66,66,66,66,66,66,66,66,66,66,66,66,66,66,66,66,66,66,66,66,66,66,66,66],"card_choices":[{"not_picked":["Blade Dance","Flechettes"],"picked":"Backflip","floor":1.0},{"not_picked":["Expertise","Outmaneuver","Acrobatics"],"picked":"SKIP","floor":2.0},{"not_picked":["Backflip","Slice"],"picked":"PiercingWail","floor":3.0},{"not_picked":["Bullet Time","Acrobatics"],"picked":"Flying Knee","floor":7.0},{"not_picked":["Accuracy+1","Outmaneuver","Endless Agony"],"picked":"SKIP","floor":8.0},{"not_picked":["Bane","Infinite Blades+1"],"picked":"Wraith Form v2+1","floor":11.0},{"not_picked":["Blade Dance","Dagger Throw"],"picked":"Crippling Poison","floor":14.0},{"not_picked":["Glass Knife","Grand Finale"],"picked":"Malaise","floor":16.0},{"not_picked":["Poisoned Stab","Cloak And Dagger"],"picked":"Sucker Punch","floor":18.0},{"not_picked":["Slice","Outmaneuver"],"picked":"Dagger Spray","floor":20.0},{"not_picked":["Predator","Bane"],"picked":"Quick Slash","floor":22.0},{"not_picked":["Distraction","Dash+1"],"picked":"Envenom+1","floor":24.0},{"not_picked":["Outmaneuver","Bouncing Flask"],"picked":"Escape Plan","floor":25.0},{"not_picked":["Acrobatics","Bane"],"picked":"Backstab","floor":27.0},{"not_picked":["Flechettes","Slice","Cloak And Dagger+1"],"picked":"SKIP","floor":28.0},{"not_picked":["Unload","Outmaneuver","Infinite Blades+1"],"picked":"SKIP","floor":31.0},{"not_picked":["Storm of Steel","A Thousand Cuts+1"],"picked":"Tools of the Trade+1","floor":33.0},{"not_picked":["Outmaneuver","Dagger Spray"],"picked":"Acrobatics+1","floor":35.0},{"not_picked":["Expertise","Backflip"],"picked":"Corpse Explosion","floor":38.0},{"not_picked":["Slice","Quick Slash"],"picked":"Acrobatics","floor":41.0},{"not_picked":["Dodge and Roll+1","Quick Slash"],"picked":"PiercingWail","floor":42.0},{"not_picked":["Acrobatics","Concentrate","Bane"],"picked":"SKIP","floor":44.0},{"not_picked":["Forethought","Trip"],"picked":"Flash of Steel","floor":46.0},{"not_picked":["PanicButton","Panacea"],"picked":"Mayhem+1","floor":46.0},{"not_picked":["Blade Dance+1","Cloak And Dagger","Sucker Punch+1"],"picked":"SKIP","floor":47.0},{"not_picked":["Prepared","Caltrops+1","Acrobatics"],"picked":"SKIP","floor":48}],"player_experience":1483872,"relics_obtained":[{"floor":7.0,"key":"Centennial Puzzle"},{"floor":9.0,"key":"Regal Pillow"},{"floor":13.0,"key":"Toy Ornithopter"},{"floor":14.0,"key":"Art of War"},{"floor":24.0,"key":"Gambling Chip"},{"floor":26.0,"key":"Turnip"},{"floor":27.0,"key":"Lizard Tail"},{"floor":30.0,"key":"CeramicFish"},{"floor":31.0,"key":"Blood Vial"},{"floor":39.0,"key":"Torii"},{"floor":41.0,"key":"Omamori"},{"floor":44.0,"key":"White Beast Statue"}],"event_choices":[{"damage_healed":0.0,"max_hp_gain":0.0,"max_hp_loss":0.0,"gold_gain":75.0,"event_name":"World of Goop","player_choice":"Gather Gold","floor":4.0,"gold_loss":0.0,"damage_taken":11.0},{"damage_healed":0.0,"max_hp_gain":0.0,"max_hp_loss":0.0,"gold_gain":0.0,"event_name":"Liars Game","player_choice":"Ignored","floor":5.0,"gold_loss":0.0,"damage_taken":0.0},{"damage_healed":0.0,"max_hp_gain":0.0,"max_hp_loss":7.0,"gold_gain":0.0,"event_name":"Golden Idol","player_choice":"Lose Max HP","floor":12.0,"gold_loss":0.0,"damage_taken":0.0,"relics_obtained":["Golden Idol"]},{"damage_healed":0.0,"max_hp_gain":0.0,"max_hp_loss":0.0,"gold_gain":0.0,"event_name":"Lab","player_choice":"Got Potions","floor":19.0,"gold_loss":0.0,"damage_taken":0.0},{"damage_healed":0.0,"max_hp_gain":0.0,"max_hp_loss":0.0,"gold_gain":0.0,"event_name":"Forgotten Altar","player_choice":"Gave Idol","floor":29.0,"relics_lost":["Golden Idol"],"gold_loss":0.0,"damage_taken":0.0,"relics_obtained":["Bloody Idol"]},{"damage_healed":0.0,"max_hp_gain":0.0,"max_hp_loss":0.0,"gold_gain":0.0,"event_name":"Winding Halls","player_choice":"Embrace Madness","floor":36.0,"gold_loss":0.0,"damage_taken":12.0,"cards_obtained":["Madness","Madness"]},{"damage_healed":0.0,"max_hp_gain":0.0,"max_hp_loss":0.0,"gold_gain":0.0,"event_name":"MindBloom","player_choice":"Fight","floor":39.0,"gold_loss":0.0,"damage_taken":0.0},{"damage_healed":0.0,"max_hp_gain":0.0,"max_hp_loss":0.0,"gold_gain":0.0,"event_name":"SensoryStone","player_choice":"Memory 3","floor":46.0,"gold_loss":0.0,"damage_taken":10.0}],"is_beta":false,"boss_relics":[{"not_picked":["Coffee Dripper","Fusion Hammer"],"picked":"Empty Cage"},{"not_picked":["Runic Pyramid","Tiny House"],"picked":"SlaversCollar"}],"items_purged_floors":[0,0,21,37],"is_endless":false,"potions_floor_spawned":[3,7,14,18,25,39,44,47,48],"ascension_level":20}}