{"host":"wvcyfzs99um8is6a","time":1607480449,"event":{"gold_per_floor":[118,118,68,89,112,155,168,168,168,142,162,193,193,193,193,193,193],"floor_reached":16,"playtime":2197,"items_purged":[],"score":102,"play_id":"7bc6842a-dae1-4498-9e50-afb179696482","local_time":"20201208212049","is_ascension_mode":false,"campfire_choices":[{"data":"Fission","floor":8,"key":"SMITH"},{"data":"Chill","floor":13,"key":"SMITH"},{"floor":15,"key":"REST"}],"neow_cost":"NONE","seed_source_timestamp":15926655344008,"circlet_count":0,"master_deck":["Strike_B","Strike_B","Defend_B","Defend_B","Defend_B","Defend_B","Zap","Dualcast","Chill+1","Heatsinks","Fission+1","Storm"],"relics":["Cracked Core","Golden Idol","Pear","Meat on the Bone","Odd Mushroom"],"potions_floor_usage":[6,7,16,16,16],"damage_taken":[{"damage":6,"enemies":"Jaw Worm","floor":1,"turns":3},{"damage":0,"enemies":"Small Slimes","floor":4,"turns":2},{"damage":0,"enemies":"2 Louse","floor":5,"turns":2},{"damage":19,"enemies":"3 Sentries","floor":6,"turns":10},{"damage":9,"enemies":"Large Slime","floor":7,"turns":6},{"damage":14,"enemies":"Exordium Thugs","floor":10,"turns":5},{"damage":8,"enemies":"2 Fungi Beasts","floor":11,"turns":6},{"damage":15,"enemies":"The Mushroom Lair","floor":12,"turns":7},{"damage":51,"enemies":"Slime Boss","floor":16,"turns":9}],"seed_played":"-6611138037503716274","potions_obtained":[{"floor":0,"key":"Swift Potion"},{"floor":0,"key":"BlessingOfTheForge"},{"floor":0,"key":"Strength Potion"},{"floor":4,"key":"Ancient Potion"},{"floor":7,"key":"DuplicationPotion"},{"floor":11,"key":"SteroidPotion"}],"is_trial":false,"path_per_floor":["M","?","?","M","M","E","M","R","T","M","M","?","R","?","R","B"],"character_chosen":"DEFECT","items_purchased":[],"campfire_rested":1,"item_purchase_floors":[],"current_hp_per_floor":[69,51,51,51,51,42,33,33,33,31,35,32,32,25,50,0,0],"gold":193,"neow_bonus":"THREE_SMALL_POTIONS","is_prod":false,"is_daily":false,"chose_seed":false,"campfire_upgraded":2,"win_rate":0,"timestamp":1607480449,"path_taken":["M","?","?","M","M","E","M","R","T","M","M","?","R","?","R","BOSS"],"build_version":"2020-11-30","purchased_purges":0,"victory":false,"max_hp_per_floor":[75,75,75,75,75,85,85,85,85,85,85,85,85,85,85,85,85],"card_choices":[{"not_picked":["Streamline","Ball Lightning","Turbo"],"picked":"SKIP","floor":1},{"not_picked":["Cold Snap","Gash"],"picked":"Chill","floor":4},{"not_picked":["Streamline","Conserve Battery","Rebound"],"picked":"SKIP","floor":5},{"not_picked":["Lockon","Stack"],"picked":"Heatsinks","floor":6},{"not_picked":["Cold Snap","Coolheaded"],"picked":"Fission","floor":7},{"not_picked":["Reprogram","Ball Lightning"],"picked":"Storm","floor":10},{"not_picked":["Steam","Hologram","Sweeping Beam"],"picked":"SKIP","floor":11}],"player_experience":974003,"relics_obtained":[{"floor":6,"key":"Pear"},{"floor":9,"key":"Meat on the Bone"},{"floor":12,"key":"Odd Mushroom"}],"event_choices":[{"damage_healed":0,"gold_gain":0,"player_choice":"Take Damage","damage_taken":18,"relics_obtained":["Golden Idol"],"max_hp_gain":0,"max_hp_loss":0,"event_name":"Golden Idol","floor":2,"gold_loss":0},{"cards_removed":["Strike_B"],"damage_healed":0,"gold_gain":0,"player_choice":"Card Removal","damage_taken":0,"max_hp_gain":0,"max_hp_loss":0,"event_name":"The Cleric","floor":3,"gold_loss":50},{"damage_healed":0,"gold_gain":0,"player_choice":"Fought Mushrooms","damage_taken":0,"max_hp_gain":0,"max_hp_loss":0,"event_name":"Mushrooms","floor":12,"gold_loss":0},{"cards_removed":["Strike_B"],"damage_healed":0,"gold_gain":0,"player_choice":"Card Removal","damage_taken":7,"max_hp_gain":0,"max_hp_loss":0,"event_name":"Golden Wing","floor":14,"gold_loss":0}],"is_beta":false,"boss_relics":[],"items_purged_floors":[],"is_endless":false,"potions_floor_spawned":[4,7,11],"killed_by":"Slime Boss","ascension_level":0}}