{"host":"f0gpob8hq9vgebej","time":1607494916,"event":{"gold_per_floor":[119,138,153,169,169,169,180,230,230,241,261,275,275,290,290,368,368,382,397,397,397],"floor_reached":20,"playtime":519,"items_purged":[],"score":318,"play_id":"5ae4fbbd-62b8-4e36-9292-0be36da99d19","local_time":"20201209152156","is_ascension_mode":true,"campfire_choices":[{"data":"Accuracy","floor":6,"key":"SMITH"},{"data":"Prepared","floor":13,"key":"SMITH"},{"data":"Blade Dance","floor":15,"key":"SMITH"}],"neow_cost":"NONE","seed_source_timestamp":595198177772600,"circlet_count":0,"master_deck":["AscendersBane","Strike_G","Strike_G","Defend_G","Defend_G","Defend_G","Defend_G","Survivor","Neutralize","Accuracy+1","Storm of Steel","Masterful Stab","Leg Sweep","Blade Dance+1","Dagger Spray+1","Acrobatics","Prepared+1","Envenom","Accuracy+1","Concentrate+1","Heel Hook+1","Blade Dance","Footwork"],"special_seed":0,"relics":["Ring of the Snake","NeowsBlessing","Molten Egg 2","Astrolabe"],"potions_floor_usage":[4,16],"damage_taken":[{"damage":0,"enemies":"Jaw Worm","floor":1,"turns":1},{"damage":0,"enemies":"Cultist","floor":2,"turns":1},{"damage":0,"enemies":"Small Slimes","floor":3,"turns":1},{"damage":1,"enemies":"Red Slaver","floor":4,"turns":3},{"damage":2,"enemies":"Exordium Thugs","floor":7,"turns":5},{"damage":10,"enemies":"Large Slime","floor":10,"turns":4},{"damage":0,"enemies":"Looter","floor":11,"turns":4},{"damage":0,"enemies":"Blue Slaver","floor":12,"turns":4},{"damage":0,"enemies":"2 Fungi Beasts","floor":14,"turns":2},{"damage":13,"enemies":"The Guardian","floor":16,"turns":11},{"damage":15,"enemies":"Spheric Guardian","floor":18,"turns":4},{"damage":11,"enemies":"2 Thieves","floor":19,"turns":3},{"damage":33,"enemies":"Masked Bandits","floor":20,"turns":3}],"seed_played":"8940817094406004538","potions_obtained":[{"floor":3,"key":"AttackPotion"},{"floor":4,"key":"CultistPotion"},{"floor":7,"key":"CultistPotion"},{"floor":11,"key":"FairyPotion"}],"is_trial":false,"path_per_floor":["M","M","M","M","?","R","M","?","T","M","M","M","R","M","R","B",null,"M","M","?"],"character_chosen":"THE_SILENT","items_purchased":[],"campfire_rested":0,"item_purchase_floors":[],"current_hp_per_floor":[59,59,59,58,58,58,56,56,56,46,46,46,46,46,46,33,58,43,32,19,19],"gold":397,"neow_bonus":"THREE_ENEMY_KILL","is_prod":false,"is_daily":false,"chose_seed":false,"campfire_upgraded":3,"win_rate":0,"timestamp":1607494916,"path_taken":["M","M","M","M","?","R","?","?","T","M","?","M","R","M","R","BOSS","M","M","?"],"build_version":"2020-11-30","purchased_purges":0,"victory":false,"max_hp_per_floor":[66,66,66,66,66,66,66,66,66,66,66,66,66,66,66,66,66,66,66,66,66],"card_choices":[{"not_picked":["Dagger Throw","Predator"],"picked":"Accuracy","floor":1},{"not_picked":["Flying Knee","Bane"],"picked":"Storm of Steel","floor":2},{"not_picked":["Eviscerate","Expertise"],"picked":"Masterful Stab","floor":3},{"not_picked":["Escape Plan","Dodge and Roll"],"picked":"Leg Sweep","floor":4},{"not_picked":["Distraction","Deflect"],"picked":"Blade Dance","floor":7},{"not_picked":["Flechettes+1","Catalyst"],"picked":"Dagger Spray+1","floor":10},{"not_picked":["Flying Knee+1","Slice+1"],"picked":"Acrobatics","floor":11},{"not_picked":["Flechettes+1","Cloak And Dagger"],"picked":"Prepared","floor":12},{"not_picked":["Malaise","Bane+1","Sucker Punch+1"],"picked":"SKIP","floor":14},{"not_picked":["Die Die Die+1","Bullet Time"],"picked":"Envenom","floor":16},{"not_picked":["PiercingWail+1","Accuracy+1"],"picked":"Blade Dance","floor":18},{"not_picked":["Riddle With Holes+1","Dagger Spray+1"],"picked":"Footwork","floor":19}],"player_experience":269160,"relics_obtained":[{"floor":9,"key":"Molten Egg 2"}],"event_choices":[{"cards_removed":["Strike_G"],"damage_healed":0,"gold_gain":0,"player_choice":"Purged","damage_taken":0,"max_hp_gain":0,"max_hp_loss":0,"event_name":"Purifier","floor":5,"gold_loss":0},{"damage_healed":0,"gold_gain":50,"player_choice":"Pray","damage_taken":0,"max_hp_gain":0,"max_hp_loss":0,"event_name":"Golden Shrine","floor":8,"gold_loss":0},{"damage_healed":0,"gold_gain":0,"player_choice":"Fought Bandits","damage_taken":0,"max_hp_gain":0,"max_hp_loss":0,"event_name":"Masked Bandits","floor":20,"gold_loss":0}],"is_beta":false,"boss_relics":[{"not_picked":["Coffee Dripper","Snecko Eye"],"picked":"Astrolabe"}],"items_purged_floors":[],"is_endless":false,"potions_floor_spawned":[3,4,7,10,11],"killed_by":"Masked Bandits","ascension_level":17}}