{"host":"qyjrmrr57odine7m","time":1607542497,"event":{"gold_per_floor":[167,184,199,211,211,211,241,241,241,251,267,194,210,243,243,343,343,358,374,394,410,410,445,445,445,520,545,545,574,574,590,590,690,690,706,706,706,733,764,804,816,843,855,878,917,979,1026,1055,1067,1079],"floor_reached":51,"playtime":9325,"items_purged":[],"score":964,"play_id":"355ff425-08e2-44b2-b204-efe3b45a8ce7","local_time":"20201209193457","is_ascension_mode":false,"campfire_choices":[{"floor":6,"key":"REST"},{"floor":8,"key":"REST"},{"floor":15,"key":"REST"},{"floor":28,"key":"REST"},{"floor":30,"key":"REST"},{"floor":32,"key":"REST"},{"floor":41,"key":"REST"},{"floor":49,"key":"REST"}],"neow_cost":"NONE","seed_source_timestamp":13398949995200,"circlet_count":0,"master_deck":["Strike_P+1","Defend_P+1","Vigilance+1","Consecrate+1","DeceiveReality+1","WindmillStrike+1","LikeWater+1","Consecrate+1","Perseverance+1","MasterReality+1","LikeWater+1","DevaForm+1","ClearTheMind+1","LikeWater+1","LikeWater+1"],"relics":["Hammer of Thor","Seething Fire","Anvil of the Gods","Tiny House","Smiling Mask","White Beast Statue","Letter Opener","VioletLotus","MealTicket","Pear","Red Mask","Toxic Egg 2","Fusion Hammer","MawBank","Omamori","Dream Catcher","Nunchaku","Prayer Wheel","Akabeko"],"potions_floor_usage":[16,20,23,29,33,33,44,50,50,50],"damage_taken":[{"damage":0,"enemies":"Jaw Worm","floor":1,"turns":3},{"damage":1,"enemies":"2 Louse","floor":2,"turns":3},{"damage":0,"enemies":"Small Slimes","floor":3,"turns":2},{"damage":0,"enemies":"Exordium Wildlife","floor":4,"turns":2},{"damage":28,"enemies":"Gremlin Nob","floor":7,"turns":4},{"damage":0,"enemies":"Blue Slaver","floor":10,"turns":3},{"damage":0,"enemies":"Looter","floor":11,"turns":3},{"damage":0,"enemies":"2 Fungi Beasts","floor":13,"turns":3},{"damage":0,"enemies":"Lagavulin","floor":14,"turns":6},{"damage":0,"enemies":"Slime Boss","floor":16,"turns":8},{"damage":0,"enemies":"Spheric Guardian","floor":18,"turns":6},{"damage":0,"enemies":"3 Byrds","floor":19,"turns":6},{"damage":0,"enemies":"Snake Plant","floor":20,"turns":6},{"damage":0,"enemies":"Centurion and Healer","floor":21,"turns":9},{"damage":31,"enemies":"Gremlin Leader","floor":23,"turns":10},{"damage":19,"enemies":"Masked Bandits","floor":27,"turns":6},{"damage":24,"enemies":"Slavers","floor":29,"turns":9},{"damage":0,"enemies":"Shelled Parasite and Fungi","floor":31,"turns":10},{"damage":0,"enemies":"Automaton","floor":33,"turns":11},{"damage":0,"enemies":"3 Darklings","floor":35,"turns":7},{"damage":0,"enemies":"Orb Walker","floor":39,"turns":8},{"damage":8,"enemies":"Nemesis","floor":40,"turns":15},{"damage":0,"enemies":"Maw","floor":42,"turns":12},{"damage":0,"enemies":"4 Shapes","floor":44,"turns":13},{"damage":2,"enemies":"Giant Head","floor":45,"turns":13},{"damage":3,"enemies":"Mind Bloom Boss Battle","floor":46,"turns":13},{"damage":0,"enemies":"Nemesis","floor":47,"turns":11},{"damage":0,"enemies":"Jaw Worm Horde","floor":48,"turns":6},{"damage":36,"enemies":"Awakened One","floor":50,"turns":16}],"seed_played":"2300907383276016381","potions_obtained":[{"floor":0,"key":"CultistPotion"},{"floor":4,"key":"CultistPotion"},{"floor":7,"key":"SpeedPotion"},{"floor":10,"key":"CultistPotion"},{"floor":16,"key":"GamblersBrew"},{"floor":20,"key":"Strength Potion"},{"floor":23,"key":"GamblersBrew"},{"floor":29,"key":"FearPotion"},{"floor":33,"key":"Swift Potion"},{"floor":35,"key":"LiquidBronze"},{"floor":44,"key":"Ancient Potion"}],"is_trial":false,"path_per_floor":["M","M","M","M","?","R","E","R","T","M","M","$","M","E","R","B",null,"M","M","M","M","?","E","$","?","T","?","R","E","R","M","R","B",null,"M","?","?","T","M","E","R","M","T","M","E","?","E","M","R","B",null],"character_chosen":"WATCHER","items_purchased":["Perseverance"],"campfire_rested":8,"item_purchase_floors":[12],"current_hp_per_floor":[77,76,76,76,76,77,49,72,72,72,72,72,72,72,77,77,77,77,77,77,77,77,46,61,61,71,52,78,54,80,80,87,87,87,87,87,87,87,87,79,87,87,87,87,85,82,82,82,87,51],"gold":1091,"neow_bonus":"BOSS_RELIC","is_prod":false,"is_daily":false,"chose_seed":false,"campfire_upgraded":0,"win_rate":0,"timestamp":1607542497,"path_taken":["M","M","M","M","?","R","E","R","T","M","M","$","M","E","R","BOSS","M","M","M","M","?","E","$","?","T","?","R","E","R","M","R","BOSS","M","?","?","?","M","E","R","M","T","M","E","?","E","M","R","BOSS"],"build_version":"2020-11-30","purchased_purges":0,"victory":true,"max_hp_per_floor":[77,77,77,77,77,77,77,77,77,77,77,77,77,77,77,77,77,77,77,77,77,77,77,77,77,87,87,87,87,87,87,87,87,87,87,87,87,87,87,87,87,87,87,87,87,87,87,87,87,87],"card_choices":[{"not_picked":["EmptyFist","Protect"],"picked":"Consecrate","floor":0},{"not_picked":["PathToVictory","CrushJoints"],"picked":"DeceiveReality","floor":1},{"not_picked":["BowlingBash","ForeignInfluence","Fasting2"],"picked":"SKIP","floor":2},{"not_picked":["SignatureMove","Crescendo","EmptyBody"],"picked":"SKIP","floor":3},{"not_picked":["Worship","Ragnarok"],"picked":"DeceiveReality","floor":4},{"not_picked":["JustLucky","Vault"],"picked":"LikeWater","floor":7},{"not_picked":["InnerPeace","FlyingSleeves"],"picked":"Consecrate","floor":10},{"not_picked":["ClearTheMind","Pray","Halt"],"picked":"SKIP","floor":11},{"not_picked":["Fasting2","ForeignInfluence"],"picked":"ThirdEye","floor":13},{"not_picked":["Prostrate","Protect","Pray"],"picked":"SKIP","floor":14},{"not_picked":["Vault","Brilliance"],"picked":"MasterReality","floor":16},{"not_picked":["WreathOfFlame","Consecrate+1"],"picked":"LikeWater+1","floor":18},{"not_picked":["Vengeance","SashWhip","CarveReality"],"picked":"SKIP","floor":19},{"not_picked":["Tantrum","EmptyBody+1"],"picked":"LikeWater","floor":20},{"not_picked":["CrushJoints","EmptyFist","EmptyBody+1"],"picked":"SKIP","floor":21},{"not_picked":["EmptyMind+1","WreathOfFlame+1"],"picked":"DevaForm","floor":23},{"not_picked":["Prostrate+1","BowlingBash"],"picked":"ClearTheMind","floor":27},{"not_picked":["ThirdEye+1","Prostrate+1","Brilliance"],"picked":"SKIP","floor":29},{"not_picked":["Indignation+1","FollowUp"],"picked":"LikeWater","floor":31},{"not_picked":["FollowUp","CutThroughFate+1","Halt+1"],"picked":"SKIP","floor":35},{"not_picked":["ReachHeaven","EmptyBody+1","SashWhip+1"],"picked":"SKIP","floor":39},{"not_picked":["ThirdEye+1","WindmillStrike+1","Brilliance"],"picked":"SKIP","floor":40},{"not_picked":["WaveOfTheHand+1","Protect+1","Consecrate+1"],"picked":"SKIP","floor":42},{"not_picked":["WheelKick+1","Nirvana+1","InnerPeace+1"],"picked":"SKIP","floor":44},{"not_picked":["LikeWater","JustLucky","Collect+1"],"picked":"SKIP","floor":45},{"not_picked":["Tantrum","Meditate+1","FlyingSleeves+1"],"picked":"SKIP","floor":47},{"not_picked":["PathToVictory+1","ClearTheMind+1","FollowUp+1"],"picked":"SKIP","floor":48},{"not_picked":["SignatureMove","EmptyBody+1","FlyingSleeves"],"picked":"SKIP","floor":48}],"player_experience":1121720,"relics_obtained":[{"floor":7,"key":"Smiling Mask"},{"floor":9,"key":"White Beast Statue"},{"floor":14,"key":"Letter Opener"},{"floor":23,"key":"MealTicket"},{"floor":26,"key":"Pear"},{"floor":27,"key":"Red Mask"},{"floor":29,"key":"Toxic Egg 2"},{"floor":38,"key":"MawBank"},{"floor":40,"key":"Omamori"},{"floor":43,"key":"Dream Catcher"},{"floor":45,"key":"Nunchaku"},{"floor":46,"key":"Prayer Wheel"},{"floor":47,"key":"Akabeko"}],"event_choices":[{"damage_healed":0,"gold_gain":0,"cards_transformed":["Strike_P"],"player_choice":"Change","damage_taken":0,"max_hp_gain":0,"max_hp_loss":0,"event_name":"Living Wall","floor":5,"gold_loss":0,"cards_obtained":["Worship"]},{"damage_healed":0,"gold_gain":0,"player_choice":"Simplicity","damage_taken":0,"max_hp_gain":0,"max_hp_loss":0,"event_name":"Back to Basics","floor":22,"gold_loss":0,"cards_upgraded":[]},{"damage_healed":0,"gold_gain":0,"player_choice":"Ignored","damage_taken":0,"max_hp_gain":0,"max_hp_loss":0,"event_name":"Ghosts","floor":25,"gold_loss":0},{"damage_healed":0,"gold_gain":0,"player_choice":"Fought Bandits","damage_taken":0,"max_hp_gain":0,"max_hp_loss":0,"event_name":"Masked Bandits","floor":27,"gold_loss":0},{"cards_removed":["LikeWater"],"damage_healed":0,"gold_gain":0,"player_choice":"Removed Power","damage_taken":0,"max_hp_gain":0,"max_hp_loss":0,"event_name":"Falling","floor":36,"gold_loss":0},{"damage_healed":22,"gold_gain":0,"player_choice":"Writhe","damage_taken":0,"max_hp_gain":0,"max_hp_loss":0,"event_name":"Winding Halls","floor":37,"gold_loss":0,"cards_obtained":["Writhe"]},{"damage_healed":0,"gold_gain":0,"player_choice":"Fight","damage_taken":0,"max_hp_gain":0,"max_hp_loss":0,"event_name":"MindBloom","floor":46,"gold_loss":0}],"is_beta":false,"boss_relics":[{"not_picked":["Ectoplasm","Pandora\u0027s Box"],"picked":"VioletLotus"},{"not_picked":["Astrolabe","SacredBark"],"picked":"Fusion Hammer"}],"items_purged_floors":[],"is_endless":false,"potions_floor_spawned":[4,7,10,11,13,14,16,18,19,20,21,23,27,29,31,33,35,39,40,42,44,45,46,47,48],"ascension_level":0}}