{"host":"reugk9pd1uotrglt","time":1607548413,"event":{"gold_per_floor":[116,132,148,164,164,164,184,214,214,248,262,262,262,297,297,376,426,441,441,0,16,33,63,63,90,113,142,142,161,161,193,193,266,266,284,284,284,284,159,194,219,219,295,295,328,347,364,389,389,389,389,389,389,67,98,98],"floor_reached":57,"playtime":2493,"items_purged":["Strike_R","Strike_R","Strike_R"],"score":3822,"play_id":"3d531fd0-5a91-4615-9b27-9f92f82a8008","local_time":"20201209221333","is_ascension_mode":true,"campfire_choices":[{"floor":6.0,"key":"REST"},{"floor":13.0,"key":"REST"},{"data":"Apotheosis","floor":15.0,"key":"SMITH"},{"data":"Inflame","floor":24.0,"key":"SMITH"},{"data":"Limit Break","floor":30.0,"key":"SMITH"},{"floor":32.0,"key":"REST"},{"floor":42.0,"key":"REST"},{"floor":44.0,"key":"RECALL"},{"floor":49.0,"key":"REST"},{"floor":53.0,"key":"REST"}],"neow_cost":"","seed_source_timestamp":237525974777200,"circlet_count":0,"master_deck":["AscendersBane","Strike_R","Strike_R","Defend_R+1","Defend_R+1","Defend_R","Defend_R+1","Bash+1","Seeing Red","Apotheosis+1","Pummel","Dropkick","Spot Weakness","Finesse","Mayhem+1","Sword Boomerang","Shrug It Off","Madness","Dropkick","Inflame+1","Limit Break+1","Battle Trance+1","Flash of Steel","Shockwave","Madness","Madness","Limit Break","Seeing Red"],"special_seed":0,"relics":["Burning Blood","PreservedInsect","Mango","Singing Bowl","Paper Frog","Dead Branch","Blue Candle","Bag of Preparation","Darkstone Periapt","Strawberry","Tiny House","Champion Belt","Dream Catcher","Calipers","Ancient Tea Set","Potion Belt","MutagenicStrength","Akabeko","Fusion Hammer","Kunai","TungstenRod","Blood Vial","Eternal Feather","Bottled Lightning","War Paint"],"potions_floor_usage":[56,56],"damage_taken":[{"damage":0.0,"enemies":"2 Louse","floor":1.0,"turns":1.0},{"damage":4.0,"enemies":"Jaw Worm","floor":2.0,"turns":2.0},{"damage":4.0,"enemies":"Small Slimes","floor":3.0,"turns":3.0},{"damage":16.0,"enemies":"Gremlin Gang","floor":4.0,"turns":5.0},{"damage":7.0,"enemies":"2 Fungi Beasts","floor":7.0,"turns":3.0},{"damage":16.0,"enemies":"Lagavulin","floor":8.0,"turns":5.0},{"damage":33.0,"enemies":"Gremlin Nob","floor":10.0,"turns":4.0},{"damage":11.0,"enemies":"Looter","floor":11.0,"turns":2.0},{"damage":12.0,"enemies":"3 Sentries","floor":14.0,"turns":6.0},{"damage":0.0,"enemies":"Slime Boss","floor":16.0,"turns":3.0},{"damage":0.0,"enemies":"3 Byrds","floor":18.0,"turns":4.0},{"damage":22.0,"enemies":"2 Thieves","floor":21.0,"turns":3.0},{"damage":0.0,"enemies":"Shelled Parasite and Fungi","floor":22.0,"turns":2.0},{"damage":12.0,"enemies":"Slavers","floor":23.0,"turns":2.0},{"damage":21.0,"enemies":"Book of Stabbing","floor":25.0,"turns":3.0},{"damage":24.0,"enemies":"Gremlin Leader","floor":27.0,"turns":4.0},{"damage":0.0,"enemies":"3 Cultists","floor":29.0,"turns":4.0},{"damage":3.0,"enemies":"Slavers","floor":31.0,"turns":2.0},{"damage":18.0,"enemies":"Automaton","floor":33.0,"turns":6.0},{"damage":1.0,"enemies":"3 Shapes","floor":35.0,"turns":4.0},{"damage":6.0,"enemies":"Giant Head","floor":40.0,"turns":3.0},{"damage":10.0,"enemies":"Mind Bloom Boss Battle","floor":41.0,"turns":4.0},{"damage":0.0,"enemies":"Reptomancer","floor":45.0,"turns":3.0},{"damage":5.0,"enemies":"3 Darklings","floor":46.0,"turns":3.0},{"damage":2.0,"enemies":"4 Shapes","floor":47.0,"turns":11.0},{"damage":25.0,"enemies":"Nemesis","floor":48.0,"turns":3.0},{"damage":30.0,"enemies":"Time Eater","floor":50.0,"turns":4.0},{"damage":86.0,"enemies":"Awakened One","floor":51.0,"turns":6.0},{"damage":27.0,"enemies":"Shield and Spear","floor":55.0,"turns":3.0},{"damage":96,"enemies":"The Heart","floor":56,"turns":6}],"seed_played":"-1014663000896307266","potions_obtained":[{"floor":3.0,"key":"Fruit Juice"},{"floor":8.0,"key":"Weak Potion"},{"floor":10.0,"key":"PowerPotion"},{"floor":11.0,"key":"Regen Potion"},{"floor":14.0,"key":"DuplicationPotion"},{"floor":17.0,"key":"ElixirPotion"},{"floor":21.0,"key":"Fire Potion"},{"floor":22.0,"key":"FearPotion"},{"floor":27.0,"key":"Block Potion"},{"floor":29.0,"key":"SkillPotion"},{"floor":33.0,"key":"BlessingOfTheForge"},{"floor":35.0,"key":"FearPotion"},{"floor":47.0,"key":"LiquidMemories"}],"is_trial":false,"path_per_floor":["M","M","M","M","?","R","M","E","T","E","M","?","R","E","R","B",null,"M","?","$","M","M","E","R","E","T","E","?","M","R","E","R","B",null,"M","?","?","?","$","E","?","R","T","R","E","M","M","E","R","B","B",null,"R","$","E","B",null],"character_chosen":"IRONCLAD","items_purchased":["PreservedInsect","Mango","Seeing Red","Apotheosis","Singing Bowl","Pummel","Dropkick","Spot Weakness","Finesse","Mayhem","Sword Boomerang","Shrug It Off","Madness","Paper Frog","Fruit Juice","Flash of Steel","Champion Belt","Bottled Lightning","SteroidPotion"],"campfire_rested":6,"item_purchase_floors":[0,0,0,0,0,0,0,0,0,0,0,0,0,0,0,20,20,54,54],"current_hp_per_floor":[48,52,61,53,21,53,54,44,44,17,12,1,33,51,51,57,110,116,116,116,102,110,106,106,93,93,77,77,85,85,90,131,121,136,143,143,143,117,117,117,115,147,147,147,149,151,151,134,155,131,53,130,157,157,138,50],"gold":98,"neow_bonus":"","is_prod":false,"is_daily":false,"chose_seed":false,"campfire_upgraded":3,"win_rate":0,"timestamp":1607548413,"path_taken":["M","M","M","M","?","R","M","E","T","E","M","?","R","E","R","BOSS","M","?","$","?","M","E","R","E","T","E","?","M","R","E","R","BOSS","M","?","?","?","$","E","?","R","T","R","E","M","M","E","R","BOSS","BOSS","R","$","E","BOSS"],"build_version":"2020-11-30","purchased_purges":3,"victory":true,"max_hp_per_floor":[96,98,105,107,107,107,109,109,109,109,109,109,109,118,118,118,125,125,125,125,127,129,131,131,133,133,135,135,137,137,139,139,141,141,143,143,143,143,143,143,145,147,147,147,149,151,151,153,155,155,155,155,157,157,159,159],"card_choices":[{"not_picked":["Clothesline","Clash","Body Slam"],"picked":"Singing Bowl","floor":1.0},{"not_picked":["True Grit","Perfected Strike","Wild Strike"],"picked":"Singing Bowl","floor":2.0},{"not_picked":["Flex","Wild Strike","Sword Boomerang"],"picked":"Singing Bowl","floor":3.0},{"not_picked":["Warcry","Fiend Fire","Anger"],"picked":"Singing Bowl","floor":4.0},{"not_picked":["Headbutt","Iron Wave","Wild Strike"],"picked":"Singing Bowl","floor":7.0},{"not_picked":["Headbutt","Reckless Charge"],"picked":"Disarm","floor":8.0},{"not_picked":["Body Slam","Havoc"],"picked":"Dropkick","floor":10.0},{"not_picked":["Dual Wield","Second Wind"],"picked":"Inflame","floor":11.0},{"not_picked":["Infernal Blade","Searing Blow","Clothesline"],"picked":"Singing Bowl","floor":14.0},{"not_picked":["Double Tap","Corruption"],"picked":"Limit Break","floor":16.0},{"not_picked":["Sever Soul","Armaments","Clothesline"],"picked":"Singing Bowl","floor":17.0},{"not_picked":["Havoc","Perfected Strike"],"picked":"Battle Trance","floor":18.0},{"not_picked":["Heavy Blade","Pommel Strike","True Grit"],"picked":"Singing Bowl","floor":21.0},{"not_picked":["Flame Barrier","Iron Wave","Warcry"],"picked":"Singing Bowl","floor":22.0},{"not_picked":["Impervious","Exhume","Twin Strike"],"picked":"Singing Bowl","floor":23.0},{"not_picked":["Iron Wave+1","Burning Pact","Thunderclap+1"],"picked":"Singing Bowl","floor":25.0},{"not_picked":["Spot Weakness","Havoc","Offering"],"picked":"Singing Bowl","floor":27.0},{"not_picked":["Shrug It Off","Headbutt","Body Slam"],"picked":"Singing Bowl","floor":29.0},{"not_picked":["Armaments","True Grit+1","Sword Boomerang"],"picked":"Singing Bowl","floor":31.0},{"not_picked":["Wild Strike","Clothesline"],"picked":"Shockwave","floor":32.0},{"not_picked":["Offering","Exhume","Immolate"],"picked":"Singing Bowl","floor":33.0},{"not_picked":["Shrug It Off","Anger","Clash+1"],"picked":"Singing Bowl","floor":35.0},{"not_picked":["Heavy Blade","Shrug It Off"],"picked":"Limit Break","floor":40.0},{"not_picked":["Headbutt","Flex","Perfected Strike"],"picked":"Singing Bowl","floor":41.0},{"not_picked":["Havoc","Juggernaut","Flex"],"picked":"Singing Bowl","floor":42.0},{"not_picked":["Searing Blow+1","Anger+1","Rupture+1"],"picked":"Singing Bowl","floor":45.0},{"not_picked":["Wild Strike+1","Iron Wave+1","Combust"],"picked":"Singing Bowl","floor":46.0},{"not_picked":["Anger","Perfected Strike"],"picked":"Seeing Red","floor":47.0},{"not_picked":["Bludgeon","Twin Strike","True Grit"],"picked":"Singing Bowl","floor":48.0},{"not_picked":["Shrug It Off","Spot Weakness","Shockwave"],"picked":"Singing Bowl","floor":49.0},{"not_picked":["Armaments","Searing Blow","Perfected Strike+1"],"picked":"Singing Bowl","floor":53.0},{"not_picked":["Bloodletting","Pommel Strike","Sentinel+1"],"picked":"Singing Bowl","floor":55.0}],"player_experience":1475982,"relics_obtained":[{"floor":8.0,"key":"Dead Branch"},{"floor":9.0,"key":"Blue Candle"},{"floor":10.0,"key":"Bag of Preparation"},{"floor":14.0,"key":"Strawberry"},{"floor":23.0,"key":"Dream Catcher"},{"floor":25.0,"key":"Calipers"},{"floor":26.0,"key":"Ancient Tea Set"},{"floor":27.0,"key":"Potion Belt"},{"floor":31.0,"key":"Akabeko"},{"floor":40.0,"key":"Kunai"},{"floor":41.0,"key":"TungstenRod"},{"floor":45.0,"key":"Blood Vial"},{"floor":48.0,"key":"Eternal Feather"},{"floor":55.0,"key":"War Paint"}],"event_choices":[{"damage_healed":0.0,"max_hp_gain":0.0,"max_hp_loss":0.0,"gold_gain":0.0,"event_name":"Shining Light","player_choice":"Entered Light","floor":5.0,"gold_loss":0.0,"damage_taken":32.0,"cards_upgraded":["Bash","Defend_R"]},{"damage_healed":0.0,"max_hp_gain":0.0,"max_hp_loss":0.0,"gold_gain":0.0,"event_name":"Scrap Ooze","player_choice":"Success","floor":12.0,"gold_loss":0.0,"damage_taken":11.0,"relics_obtained":["Darkstone Periapt"]},{"damage_healed":0.0,"max_hp_gain":0.0,"max_hp_loss":0.0,"gold_gain":0.0,"event_name":"Upgrade Shrine","player_choice":"Upgraded","floor":19.0,"gold_loss":0.0,"damage_taken":0.0,"cards_upgraded":["Mayhem"]},{"damage_healed":0.0,"max_hp_gain":0.0,"max_hp_loss":0.0,"gold_gain":0.0,"event_name":"Drug Dealer","player_choice":"Inject Mutagens","floor":28.0,"gold_loss":0.0,"damage_taken":0.0,"relics_obtained":["MutagenicStrength"]},{"damage_healed":0.0,"max_hp_gain":0.0,"max_hp_loss":0.0,"gold_gain":0.0,"event_name":"Tomb of Lord Red Mask","player_choice":"Ignored","floor":36.0,"gold_loss":0.0,"damage_taken":0.0},{"cards_removed":["Disarm"],"damage_healed":0.0,"max_hp_gain":0.0,"max_hp_loss":0.0,"gold_gain":0.0,"event_name":"Falling","player_choice":"Removed Skill","floor":37.0,"gold_loss":0.0,"damage_taken":0.0},{"damage_healed":0.0,"max_hp_gain":0.0,"max_hp_loss":0.0,"gold_gain":0.0,"event_name":"Winding Halls","player_choice":"Embrace Madness","floor":38.0,"gold_loss":0.0,"damage_taken":26.0,"cards_obtained":["Madness","Madness"]},{"damage_healed":0.0,"max_hp_gain":0.0,"max_hp_loss":0.0,"gold_gain":0.0,"event_name":"MindBloom","player_choice":"Fight","floor":41.0,"gold_loss":0.0,"damage_taken":0.0}],"is_beta":false,"boss_relics":[{"not_picked":["Snecko Eye","Runic Dome"],"picked":"Tiny House"},{"not_picked":["Velvet Choker","Empty Cage"],"picked":"Fusion Hammer"}],"items_purged_floors":[0,0,39],"is_endless":false,"potions_floor_spawned":[3,8,10,11,14,21,22,27,29,33,35,47],"ascension_level":20}}