{"host":"pjtxjvv633kx5p21","time":1607550643,"event":{"gold_per_floor":[111,126,126,143,143,170,170,203,203,213,232,157,186,186,186,186,186],"floor_reached":16,"playtime":650,"items_purged":["Strike_P"],"score":180,"play_id":"0b8bfcfe-afef-45db-8c1e-ef17177f529d","local_time":"20201209225043","is_ascension_mode":true,"campfire_choices":[{"data":"PathToVictory","floor":7,"key":"SMITH"},{"floor":15,"key":"REST"}],"neow_cost":"NONE","seed_source_timestamp":11868716055200,"circlet_count":0,"master_deck":["AscendersBane","Strike_P","Defend_P","Defend_P","Defend_P","Defend_P","Eruption","Vigilance","PathToVictory+1","MentalFortress"],"special_seed":0,"relics":["PureWater","NeowsBlessing","Gremlin Horn","Matryoshka","Letter Opener","Mummified Hand","Singing Bowl"],"potions_floor_usage":[5,6,6,11],"damage_taken":[{"damage":0,"enemies":"Small Slimes","floor":1,"turns":2},{"damage":0,"enemies":"Cultist","floor":2,"turns":1},{"damage":0,"enemies":"Jaw Worm","floor":4,"turns":1},{"damage":24,"enemies":"Gremlin Nob","floor":6,"turns":5},{"damage":18,"enemies":"Lagavulin","floor":8,"turns":6},{"damage":7,"enemies":"3 Louse","floor":10,"turns":3},{"damage":4,"enemies":"Large Slime","floor":11,"turns":5},{"damage":61,"enemies":"Gremlin Nob","floor":13,"turns":4},{"damage":26,"enemies":"Slime Boss","floor":16,"turns":4}],"seed_played":"2146254087300031931","potions_obtained":[{"floor":1,"key":"FearPotion"},{"floor":4,"key":"PowerPotion"},{"floor":5,"key":"Fruit Juice"},{"floor":5,"key":"DuplicationPotion"},{"floor":5,"key":"FairyPotion"},{"floor":8,"key":"Weak Potion"}],"is_trial":false,"path_per_floor":["M","M","?","M","?","E","R","E","T","M","M","$","E","?","R","B"],"character_chosen":"WATCHER","items_purchased":[],"campfire_rested":1,"item_purchase_floors":[],"current_hp_per_floor":[65,65,65,65,70,46,46,28,28,21,17,17,25,18,41,15,15],"gold":186,"neow_bonus":"THREE_ENEMY_KILL","is_prod":false,"is_daily":false,"chose_seed":false,"campfire_upgraded":1,"win_rate":0,"timestamp":1607550643,"path_taken":["M","M","?","?","?","E","R","E","T","M","?","$","E","?","R","BOSS"],"build_version":"2020-11-30","purchased_purges":1,"victory":false,"max_hp_per_floor":[72,72,72,72,77,77,77,77,77,77,77,77,79,79,79,79,79],"card_choices":[{"not_picked":["Sanctity","FlurryOfBlows","Crescendo"],"picked":"SKIP","floor":1},{"not_picked":["BowlingBash","JustLucky"],"picked":"PathToVictory","floor":2},{"not_picked":["Wallop","EmptyBody","Nirvana"],"picked":"SKIP","floor":4},{"not_picked":["MasterReality","FollowUp","Crescendo"],"picked":"SKIP","floor":6},{"not_picked":["JustLucky","WheelKick","EmptyBody"],"picked":"SKIP","floor":8},{"not_picked":["ForeignInfluence","CutThroughFate","FollowUp"],"picked":"SKIP","floor":10},{"not_picked":["ClearTheMind","CrushJoints","WindmillStrike"],"picked":"SKIP","floor":11},{"not_picked":["Perseverance","Prostrate","Consecrate"],"picked":"Singing Bowl","floor":13}],"player_experience":248378,"relics_obtained":[{"floor":6,"key":"Gremlin Horn"},{"floor":8,"key":"Matryoshka"},{"floor":9,"key":"Letter Opener"},{"floor":9,"key":"Mummified Hand"},{"floor":13,"key":"Singing Bowl"}],"event_choices":[{"damage_healed":0,"gold_gain":0,"cards_transformed":["Strike_P"],"player_choice":"Transformed","damage_taken":0,"max_hp_gain":0,"max_hp_loss":0,"event_name":"Transmorgrifier","floor":3,"gold_loss":0,"cards_obtained":["MentalFortress"]},{"damage_healed":0,"gold_gain":0,"player_choice":"Got Potions","damage_taken":0,"max_hp_gain":0,"max_hp_loss":0,"event_name":"Lab","floor":5,"gold_loss":0},{"cards_removed":["Strike_P"],"damage_healed":0,"gold_gain":0,"player_choice":"Card Removal","damage_taken":7,"max_hp_gain":0,"max_hp_loss":0,"event_name":"Golden Wing","floor":14,"gold_loss":0}],"is_beta":false,"boss_relics":[],"items_purged_floors":[12],"is_endless":false,"potions_floor_spawned":[1,4,8],"killed_by":"Slime Boss","ascension_level":10}}