{"host":"ueef25wtkg2eer3h","time":1607520660,"event":{"gold_per_floor":[118,118,129,139,153,153,179,179,252,268,268,283,297,332,332,435,435,445,458,5,5,23,23,23,23,49,49,88,88,130,239,239,349,349,385,394,394,453,52,93,121,151,177,58,58,91,23,57,57,57,57,57,15,53,53,53],"floor_reached":55,"playtime":4121,"items_purged":[],"score":1060,"play_id":"6e1b7cd7-d43a-4c4d-b222-39606858190f","local_time":"20201209143100","is_ascension_mode":true,"campfire_choices":[{"data":"Zap","floor":6,"key":"SMITH"},{"floor":8,"key":"REST"},{"floor":15,"key":"REST"},{"floor":23,"key":"RECALL"},{"floor":27,"key":"REST"},{"data":"Creative AI","floor":29,"key":"SMITH"},{"floor":32,"key":"REST"},{"data":"Seek","floor":49,"key":"SMITH"},{"data":"Dark Shackles","floor":52,"key":"SMITH"}],"neow_cost":"CURSE","seed_source_timestamp":87327998519900,"circlet_count":0,"master_deck":["Strike_B","Strike_B","Defend_B+1","Defend_B","Defend_B","Defend_B+1","Zap+1","Dualcast","Static Discharge+1","Ball Lightning","Stack+1","Static Discharge","Streamline","Lockon","Loop","Beam Cell","Creative AI+1","Self Repair","Conserve Battery","Echo Form","Chill+1","Sunder","Turbo","Gash+1","Thunder Strike","Echo Form","Chill+1","Force Field","Sweeping Beam","Core Surge","Chaos+1","Compile Driver+1","Electrodynamics","Capacitor","Defragment+1","Bandage Up","Ball Lightning+1","Rip and Tear+1","Storm+1","Turbo+1","White Noise+1","Leap+1","Dark Shackles+1","Seek+1","Conserve Battery+1","Turbo+1"],"relics":["Cracked Core","FossilizedHelix","Prayer Wheel","Meat on the Bone","War Paint","SacredBark","Mummified Hand","Enchiridion","CeramicFish","Akabeko","MealTicket","CaptainsWheel","HornCleat","Black Star","Ice Cream","OrangePellets","Gremlin Horn","White Beast Statue","The Courier","Centennial Puzzle","Bag of Marbles","PreservedInsect","Emotion Chip","Bottled Flame"],"potions_floor_usage":[7,13,16,22,28,30,31,42,50,50,50,55,55],"damage_taken":[{"damage":0,"enemies":"Jaw Worm","floor":1,"turns":3},{"damage":0,"enemies":"Cultist","floor":3,"turns":4},{"damage":0,"enemies":"Small Slimes","floor":4,"turns":2},{"damage":11,"enemies":"Exordium Wildlife","floor":5,"turns":3},{"damage":24,"enemies":"3 Sentries","floor":7,"turns":4},{"damage":12,"enemies":"3 Louse","floor":10,"turns":3},{"damage":1,"enemies":"Looter","floor":12,"turns":3},{"damage":12,"enemies":"Large Slime","floor":13,"turns":4},{"damage":22,"enemies":"Lagavulin","floor":14,"turns":7},{"damage":15,"enemies":"The Guardian","floor":16,"turns":7},{"damage":33,"enemies":"2 Thieves","floor":18,"turns":3},{"damage":9,"enemies":"Chosen","floor":19,"turns":5},{"damage":17,"enemies":"Shelled Parasite and Fungi","floor":22,"turns":7},{"damage":10,"enemies":"Slavers","floor":28,"turns":4},{"damage":16,"enemies":"Gremlin Leader","floor":30,"turns":5},{"damage":0,"enemies":"Colosseum Slavers","floor":31,"turns":3},{"damage":0,"enemies":"Colosseum Nobs","floor":31,"turns":3},{"damage":29,"enemies":"Champ","floor":33,"turns":8},{"damage":0,"enemies":"3 Darklings","floor":35,"turns":6},{"damage":12,"enemies":"Mind Bloom Boss Battle","floor":38,"turns":8},{"damage":0,"enemies":"Reptomancer","floor":40,"turns":5},{"damage":0,"enemies":"Orb Walker","floor":41,"turns":3},{"damage":38,"enemies":"Nemesis","floor":42,"turns":7},{"damage":0,"enemies":"Jaw Worm Horde","floor":46,"turns":4},{"damage":0,"enemies":"4 Shapes","floor":48,"turns":4},{"damage":19,"enemies":"Donu and Deca","floor":50,"turns":6},{"damage":42,"enemies":"Shield and Spear","floor":54,"turns":4},{"damage":60,"enemies":"The Heart","floor":55,"turns":5}],"seed_played":"-8426970419563535900","potions_obtained":[{"floor":1,"key":"FocusPotion"},{"floor":3,"key":"Explosive Potion"},{"floor":7,"key":"Strength Potion"},{"floor":12,"key":"Regen Potion"},{"floor":13,"key":"FocusPotion"},{"floor":16,"key":"Swift Potion"},{"floor":22,"key":"FearPotion"},{"floor":28,"key":"SpeedPotion"},{"floor":31,"key":"EssenceOfSteel"},{"floor":33,"key":"SteroidPotion"},{"floor":40,"key":"EssenceOfDarkness"},{"floor":42,"key":"Block Potion"},{"floor":48,"key":"Energy Potion"},{"floor":54,"key":"Fire Potion"}],"is_trial":false,"path_per_floor":["M","?","M","M","M","R","E","R","T","M","?","M","M","E","R","B",null,"M","M","$","?","M","R","$","?","T","R","E","R","E","?","R","B",null,"M","?","?","?","$","E","M","E","T","$","?","M","$","M","R","B",null,"R","$","E","B"],"character_chosen":"DEFECT","items_purchased":["Mummified Hand","Thunder Strike","Echo Form","OrangePellets","Gremlin Horn","PreservedInsect","Dark Shackles","Energy Potion"],"campfire_rested":4,"item_purchase_floors":[20,20,20,39,39,44,47,53],"current_hp_per_floor":[68,61,61,61,50,50,26,48,48,48,33,44,41,38,60,52,69,48,39,39,39,41,41,41,25,25,47,56,56,40,40,62,52,69,75,75,75,70,75,75,75,48,48,63,63,70,75,75,75,63,72,72,75,56,0,0],"gold":53,"neow_bonus":"ONE_RARE_RELIC","is_prod":false,"is_daily":false,"chose_seed":false,"campfire_upgraded":4,"win_rate":0,"timestamp":1607520660,"path_taken":["M","?","M","M","M","R","E","R","T","M","?","M","M","E","R","BOSS","M","M","$","?","?","R","?","?","T","R","E","R","E","?","R","BOSS","M","?","?","?","$","E","M","E","T","$","?","?","$","?","R","BOSS","R","$","E","BOSS"],"build_version":"2020-11-30","purchased_purges":0,"victory":false,"max_hp_per_floor":[75,75,75,75,75,75,75,75,75,75,75,75,75,75,75,75,75,75,75,75,75,75,75,75,75,75,75,75,75,75,75,75,75,75,75,75,75,75,75,75,75,75,75,75,75,75,75,75,75,75,75,75,75,75,75,75],"card_choices":[{"not_picked":["Recycle","Steam"],"picked":"Static Discharge","floor":1},{"not_picked":["Go for the Eyes","Compile Driver"],"picked":"Ball Lightning","floor":3},{"not_picked":["Barrage","Reprogram"],"picked":"Stack","floor":4},{"not_picked":["Barrage","Go for the Eyes"],"picked":"Static Discharge","floor":5},{"not_picked":["Beam Cell","Leap"],"picked":"Streamline","floor":7},{"not_picked":["Leap","Compile Driver"],"picked":"Lockon","floor":10},{"not_picked":["Skim","Scrape"],"picked":"Loop","floor":10},{"not_picked":["Tempest","Static Discharge"],"picked":"Beam Cell","floor":12},{"not_picked":["Darkness","Stack"],"picked":"Creative AI","floor":12},{"not_picked":["Reprogram","Static Discharge"],"picked":"Self Repair","floor":13},{"not_picked":["Barrage","Compile Driver","Steam"],"picked":"SKIP","floor":13},{"not_picked":["Beam Cell","Compile Driver"],"picked":"Conserve Battery","floor":14},{"not_picked":["Rainbow","Amplify"],"picked":"Echo Form","floor":16},{"not_picked":["Compile Driver","Sweeping Beam"],"picked":"Chill+1","floor":18},{"not_picked":["Barrage","Ball Lightning"],"picked":"Sunder","floor":18},{"not_picked":["All For One","Streamline"],"picked":"Turbo","floor":19},{"not_picked":["Steam","Coolheaded"],"picked":"Gash+1","floor":19},{"not_picked":["Heatsinks","Conserve Battery"],"picked":"Force Field","floor":22},{"not_picked":["Hologram","Go for the Eyes"],"picked":"Sweeping Beam","floor":22},{"not_picked":["Sweeping Beam","FTL"],"picked":"Core Surge","floor":28},{"not_picked":["Hello World","Redo"],"picked":"Chaos+1","floor":30},{"not_picked":["Skim","Chaos"],"picked":"Compile Driver+1","floor":31},{"not_picked":["Buffer","Biased Cognition"],"picked":"Electrodynamics","floor":33},{"not_picked":["Go for the Eyes+1","Blizzard"],"picked":"Capacitor","floor":35},{"not_picked":["Streamline+1","Double Energy+1"],"picked":"Defragment+1","floor":35},{"not_picked":["Discovery","Madness"],"picked":"Bandage Up","floor":36},{"not_picked":["Reprogram","Blizzard"],"picked":"Ball Lightning+1","floor":38},{"not_picked":["FTL","Stack"],"picked":"Rip and Tear+1","floor":40},{"not_picked":["Reinforced Body+1","Coolheaded"],"picked":"Storm+1","floor":41},{"not_picked":["Streamline+1","Redo+1"],"picked":"Turbo+1","floor":41},{"not_picked":["Cold Snap","Streamline","Scrape"],"picked":"SKIP","floor":42},{"not_picked":["Skim","Hologram+1"],"picked":"White Noise+1","floor":46},{"not_picked":["Reinforced Body","Cold Snap+1"],"picked":"Leap+1","floor":46},{"not_picked":["FTL+1","Heatsinks+1"],"picked":"Seek","floor":48},{"not_picked":["Stack","Darkness"],"picked":"Conserve Battery+1","floor":48},{"not_picked":["Chaos+1","Steam"],"picked":"Turbo+1","floor":54}],"player_experience":206380,"relics_obtained":[{"floor":7,"key":"Prayer Wheel"},{"floor":9,"key":"Meat on the Bone"},{"floor":14,"key":"War Paint"},{"floor":26,"key":"CeramicFish"},{"floor":28,"key":"Akabeko"},{"floor":30,"key":"MealTicket"},{"floor":31,"key":"CaptainsWheel"},{"floor":31,"key":"HornCleat"},{"floor":38,"key":"Ice Cream"},{"floor":40,"key":"White Beast Statue"},{"floor":40,"key":"The Courier"},{"floor":42,"key":"Centennial Puzzle"},{"floor":42,"key":"Bag of Marbles"},{"floor":54,"key":"Emotion Chip"},{"floor":54,"key":"Bottled Flame"}],"event_choices":[{"cards_removed":["Doubt"],"damage_healed":0,"gold_gain":0,"player_choice":"Card Removal","damage_taken":7,"max_hp_gain":0,"max_hp_loss":0,"event_name":"Golden Wing","floor":2,"gold_loss":0},{"damage_healed":0,"gold_gain":0,"player_choice":"Entered Light","damage_taken":15,"max_hp_gain":0,"max_hp_loss":0,"event_name":"Shining Light","floor":11,"gold_loss":0,"cards_upgraded":["Static Discharge","Stack"]},{"damage_healed":0,"gold_gain":0,"player_choice":"Copied","damage_taken":0,"max_hp_gain":0,"max_hp_loss":0,"event_name":"Duplicator","floor":21,"gold_loss":0,"cards_obtained":["Chill"]},{"damage_healed":0,"gold_gain":0,"player_choice":"Obtained Book","damage_taken":16,"max_hp_gain":0,"max_hp_loss":0,"event_name":"Cursed Tome","floor":25,"gold_loss":0},{"damage_healed":0,"gold_gain":0,"player_choice":"Fight","damage_taken":0,"max_hp_gain":0,"max_hp_loss":0,"event_name":"Colosseum","floor":31,"gold_loss":0},{"damage_healed":0,"gold_gain":0,"player_choice":"Fought Nobs","damage_taken":0,"max_hp_gain":0,"max_hp_loss":0,"event_name":"Colosseum","floor":31,"gold_loss":0},{"damage_healed":0,"gold_gain":0,"player_choice":"Memory 1","damage_taken":0,"max_hp_gain":0,"max_hp_loss":0,"event_name":"SensoryStone","floor":36,"gold_loss":0},{"cards_removed":["Strike_B"],"damage_healed":0,"gold_gain":0,"player_choice":"Removed Attack","damage_taken":0,"max_hp_gain":0,"max_hp_loss":0,"event_name":"Falling","floor":37,"gold_loss":0},{"damage_healed":0,"gold_gain":0,"player_choice":"Fight","damage_taken":0,"max_hp_gain":0,"max_hp_loss":0,"event_name":"MindBloom","floor":38,"gold_loss":0},{"cards_removed":["Strike_B"],"damage_healed":0,"gold_gain":0,"player_choice":"Purged","damage_taken":0,"max_hp_gain":0,"max_hp_loss":0,"event_name":"Purifier","floor":45,"gold_loss":0}],"is_beta":false,"boss_relics":[{"not_picked":["Ectoplasm","Snecko Eye"],"picked":"SacredBark"},{"not_picked":["Nuclear Battery","Coffee Dripper"],"picked":"Black Star"}],"items_purged_floors":[],"is_endless":false,"potions_floor_spawned":[1,3,7,12,13,16,22,28,31,31,33,38,40,41,42,46,48,54],"killed_by":"The Heart","ascension_level":7}}