{"host":"6p0attdrtjqaih7v","time":1607540245,"event":{"gold_per_floor":[116,116,6,20,38,38,72,72,99,115,115,133,133,158,158,256,256,271,231,24,24,24],"floor_reached":21,"playtime":845,"items_purged":[],"score":331,"play_id":"9778919c-ead3-4862-a96a-c22dff859cdc","local_time":"20201209135725","is_ascension_mode":true,"campfire_choices":[{"data":"construct:Reinforce","floor":6,"key":"SMITH"},{"data":"construct:FlameCore","floor":11,"key":"SMITH"},{"data":"construct:FlameCore","floor":15,"key":"SMITH"}],"neow_cost":"NONE","seed_source_timestamp":1934284426698400,"circlet_count":0,"master_deck":["AscendersBane","construct:Strike_Gold","construct:Strike_Gold","construct:Strike_Gold","construct:Strike_Gold","construct:Strike_Gold","construct:Defend_Gold","construct:Defend_Gold","construct:Defend_Gold","construct:Defend_Gold","construct:AttackMode","construct:DefenseMode","construct:Reinforce+1","construct:ModeShift","construct:Accumulate","construct:FlameCore+1","construct:FlameCore+1","construct:SpinDrive","construct:PowerUp+1","construct:FlameCore"],"relics":["construct:Cogwheel","Bag of Marbles","Omamori","Golden Idol","Philosopher\u0027s Stone","Bag of Preparation"],"potions_floor_usage":[7,10,10,16,16],"damage_taken":[{"damage":7,"enemies":"Jaw Worm","floor":1,"turns":4},{"damage":5,"enemies":"Cultist","floor":4,"turns":5},{"damage":7,"enemies":"2 Louse","floor":5,"turns":2},{"damage":26,"enemies":"3 Sentries","floor":7,"turns":8},{"damage":13,"enemies":"Exordium Thugs","floor":10,"turns":5},{"damage":3,"enemies":"Exordium Wildlife","floor":12,"turns":4},{"damage":4,"enemies":"2 Fungi Beasts","floor":14,"turns":5},{"damage":2,"enemies":"Hexaghost","floor":16,"turns":11},{"damage":14,"enemies":"Chosen","floor":18,"turns":7},{"damage":62,"enemies":"3 Byrds","floor":21,"turns":4}],"seed_played":"2365679256063769029","potions_obtained":[{"floor":7,"key":"Adrenaline Potion"},{"floor":12,"key":"Reflective Coating"},{"floor":14,"key":"Weak Potion"},{"floor":19,"key":"CultistPotion"},{"floor":19,"key":"CultistPotion"}],"is_trial":false,"path_per_floor":["M","?","$","M","M","R","E","$","T","M","R","M","?","M","R","B",null,"M","?","$","M"],"character_chosen":"THE_CONSTRUCT_MOD","items_purchased":["SpeedPotion","FearPotion","Bag of Preparation","construct:FlameCore"],"campfire_rested":0,"item_purchase_floors":[3,3,20,20],"current_hp_per_floor":[73,73,73,68,61,61,35,35,35,22,22,19,19,15,15,13,69,55,55,55,0,0],"gold":24,"neow_bonus":"TEN_PERCENT_HP_BONUS","is_prod":false,"is_daily":false,"chose_seed":false,"campfire_upgraded":3,"win_rate":0,"timestamp":1607540245,"path_taken":["M","?","?","M","M","R","E","$","T","M","R","M","?","M","R","BOSS","M","?","?","M"],"build_version":"2020-11-30","purchased_purges":0,"victory":false,"max_hp_per_floor":[88,88,88,88,88,88,88,88,88,88,88,88,88,88,88,88,88,88,88,88,88,88],"relic_stats":{"counters":[10,54],"Golden Idol":28,"Bag of Preparation":[2],"obtain_stats":[{"Golden Idol":13,"construct:Cogwheel":0,"Philosopher\u0027s Stone":17,"Bag of Marbles":7,"Omamori":9,"Bag of Preparation":20},{"Golden Idol":6,"construct:Cogwheel":0,"Philosopher\u0027s Stone":8,"Bag of Marbles":4,"Omamori":4,"Bag of Preparation":9},{"Golden Idol":28,"construct:Cogwheel":0,"Philosopher\u0027s Stone":44,"Bag of Marbles":19,"Omamori":19,"Bag of Preparation":50}]},"card_choices":[{"not_picked":["construct:Boost","construct:Implosion"],"picked":"construct:Reinforce","floor":1},{"not_picked":["construct:FocusedBeam","construct:CreateCores","construct:FlammableFog"],"picked":"SKIP","floor":4},{"not_picked":["construct:Rollout","construct:OmegaCannon","construct:ShiftStrike"],"picked":"SKIP","floor":5},{"not_picked":["construct:ShieldGenerator","construct:GoldenBullet"],"picked":"construct:Accumulate","floor":7},{"not_picked":["construct:Construct_Overclock","construct:FlammableFog"],"picked":"construct:FlameCore","floor":10},{"not_picked":["construct:FocusedBeam","construct:Antimatter"],"picked":"construct:FlameCore","floor":12},{"not_picked":["construct:ShiftStrike","construct:BatteryAcid","construct:Versatility"],"picked":"SKIP","floor":14},{"not_picked":["construct:HyperBeam","construct:GatlingGun"],"picked":"construct:SpinDrive","floor":16},{"not_picked":["construct:SaveState","construct:FlakBarrage"],"picked":"construct:PowerUp+1","floor":18}],"player_experience":792036,"relics_obtained":[{"floor":7,"key":"Bag of Marbles"},{"floor":9,"key":"Omamori"}],"event_choices":[{"damage_healed":0,"gold_gain":0,"cards_transformed":["construct:Defend_Gold"],"player_choice":"Transformed","damage_taken":0,"max_hp_gain":0,"max_hp_loss":0,"event_name":"Transmorgrifier","floor":2,"gold_loss":0,"cards_obtained":["construct:ModeShift"]},{"damage_healed":0,"gold_gain":0,"player_choice":"Take Wound","damage_taken":0,"relics_obtained":["Golden Idol"],"max_hp_gain":0,"max_hp_loss":0,"event_name":"Golden Idol","floor":13,"gold_loss":0,"cards_obtained":["Injury"]},{"damage_healed":0,"gold_gain":0,"player_choice":"Bought 3 Potions","damage_taken":0,"max_hp_gain":0,"max_hp_loss":0,"event_name":"The Woman in Blue","floor":19,"gold_loss":0}],"is_beta":false,"boss_relics":[{"not_picked":["Replay:Bronze Core","Painkiller Herb"],"picked":"Philosopher\u0027s Stone"}],"items_purged_floors":[],"is_endless":false,"potions_floor_spawned":[5,7,12,14],"killed_by":"3 Byrds","ascension_level":17}}