{"host":"xodzlm10r37577ou","time":1607529769,"event":{"gold_per_floor":[119,119,44,44,63,63,98,98,148,179,197,36,52,52,52,127,127,145,195,212,231,50,50,50],"floor_reached":23,"playtime":1063,"items_purged":["Dualcast","Strike_B","Defend_B"],"score":437,"play_id":"383f721c-2096-4839-9ae5-eaabffdabd8d","local_time":"20201210000249","is_ascension_mode":true,"campfire_choices":[{"data":"Hologram","floor":6,"key":"SMITH"},{"data":"Rip and Tear","floor":8,"key":"SMITH"},{"data":"Cold Snap","floor":15,"key":"SMITH"}],"neow_cost":"NONE","seed_source_timestamp":374883291845700,"circlet_count":0,"master_deck":["AscendersBane","Strike_B","Strike_B","Strike_B","Defend_B","Defend_B","Defend_B","Hologram+1","Rip and Tear+1","ReplayTheSpireMod:System Scan","Panic Button","Cold Snap+1","Hello World+1","ReplayTheSpireMod:Omega Cannon","ReplayTheSpireMod:Calculation Training","Capacitor","Capacitor"],"special_seed":0,"relics":["NeowsBlessing","Emotion Chip","DataDisk","Replay:Wax Seal","Iron Core","Cursed Key"],"potions_floor_usage":[10,10,16],"damage_taken":[{"damage":0.0,"enemies":"Jaw Worm","floor":1.0,"turns":1.0},{"damage":0,"enemies":"Small Slimes","floor":5,"turns":1},{"damage":0,"enemies":"Lagavulin","floor":7,"turns":1},{"damage":20,"enemies":"3 Sentries","floor":10,"turns":6},{"damage":0,"enemies":"Cultist","floor":11,"turns":2},{"damage":6,"enemies":"Red Slaver","floor":13,"turns":3},{"damage":18,"enemies":"The Guardian","floor":16,"turns":8},{"damage":0,"enemies":"Spheric Guardian","floor":18,"turns":3},{"damage":18,"enemies":"Shell Parasite","floor":20,"turns":3},{"damage":0,"enemies":"Sentry and Sphere","floor":21,"turns":3},{"damage":24,"enemies":"Slavers","floor":23,"turns":2}],"seed_played":"-7754004549404367343","potions_obtained":[{"floor":1.0,"key":"ColorlessPotion"},{"floor":7,"key":"Explosive Potion"},{"floor":10,"key":"SteroidPotion"},{"floor":18,"key":"Venom Potion"},{"floor":20,"key":"Elixir"}],"is_trial":false,"path_per_floor":["M","?","$","?","M","R","E","R","T","E","M","$","M","?","R","B",null,"M","?","M","M","$","E"],"character_chosen":"DEFECT","items_purchased":["Hello World+1","Capacitor"],"campfire_rested":0,"item_purchase_floors":[12,22],"current_hp_per_floor":[64,64,64,64,64,64,64,64,64,44,44,44,38,38,38,20,58,58,58,40,40,40,16,16],"gold":50,"neow_bonus":"THREE_ENEMY_KILL","is_prod":false,"is_daily":false,"chose_seed":false,"campfire_upgraded":3,"win_rate":0,"timestamp":1607529769,"path_taken":["M","?","$","?","M","R","E","R","T","E","?","?","M","?","R","BOSS","M","?","M","?","$","E"],"build_version":"2020-11-30","purchased_purges":3,"victory":false,"max_hp_per_floor":[71,71,71,71,71,71,71,71,71,71,71,71,71,71,71,71,71,71,71,71,71,71,71,71],"card_choices":[{"not_picked":["Undo","ReplayTheSpireMod:Calculation Training"],"picked":"Hologram","floor":1.0},{"not_picked":["Leap","Blizzard"],"picked":"Rip and Tear","floor":5},{"not_picked":["Conserve Battery","Compile Driver"],"picked":"ReplayTheSpireMod:System Scan","floor":7},{"not_picked":["Mirror Shield","Fusion"],"picked":"Panic Button","floor":10},{"not_picked":["White Noise","Stack"],"picked":"Cold Snap","floor":11},{"not_picked":["Coolheaded","Gash","Heatsinks"],"picked":"SKIP","floor":13},{"not_picked":["Machine Learning","ReplayRNGCard"],"picked":"ReplayTheSpireMod:Omega Cannon","floor":16},{"not_picked":["Force Field","Beam Cell","ReplaySort"],"picked":"SKIP","floor":18},{"not_picked":["Sweeping Beam+1","Rebound","Hologram"],"picked":"SKIP","floor":20},{"not_picked":["Loop+1","Heatsinks"],"picked":"ReplayTheSpireMod:Calculation Training","floor":21}],"player_experience":406005,"relics_obtained":[{"floor":7,"key":"Emotion Chip"},{"floor":9,"key":"DataDisk"},{"floor":10,"key":"Replay:Wax Seal"}],"event_choices":[{"damage_healed":0,"gold_gain":0,"player_choice":"Fled","damage_taken":0,"max_hp_gain":0,"max_hp_loss":0,"event_name":"Scrap Ooze","floor":2,"gold_loss":0},{"cards_removed":["Zap"],"damage_healed":0,"gold_gain":0,"player_choice":"Purged","damage_taken":0,"max_hp_gain":0,"max_hp_loss":0,"event_name":"Purifier","floor":4,"gold_loss":0},{"damage_healed":0,"gold_gain":50,"player_choice":"Pray","damage_taken":0,"max_hp_gain":0,"max_hp_loss":0,"event_name":"Golden Shrine","floor":19,"gold_loss":0}],"is_beta":false,"boss_relics":[{"not_picked":["Busted Crown","Runic Pyramid"],"picked":"Cursed Key"}],"items_purged_floors":[3,12,22],"is_endless":false,"potions_floor_spawned":[1,7,10,18,20,21],"killed_by":"Slavers","ascension_level":19}}