{"host":"Jedit","time":1607475642,"event":{"gold_per_floor":[110,285,298,311,330,357,357,357,357,392,409,442,442,2,2,103,103,114,134,34,50,60,60,0,31,31,31,31,31,49,80,80,178,178,198,198,198,1197,375,375,389,389,389,83,95,107,153,187,187,187,187,187,38,67,67,67],"floor_reached":55,"playtime":3023,"items_purged":["Doubt","Strike_R","Normality","Normality"],"score":918,"play_id":"72a8a161-11d7-4462-b399-ea2fb6c3b1a0","local_time":"20201209010042","is_ascension_mode":true,"campfire_choices":[{"data":"Cleave","floor":7,"key":"SMITH"},{"data":"Warcry","floor":13,"key":"SMITH"},{"data":"Dark Embrace","floor":15,"key":"SMITH"},{"floor":23,"key":"REST"},{"data":"True Grit","floor":27,"key":"SMITH"},{"data":"Feed","floor":29,"key":"SMITH"},{"data":"Havoc","floor":32,"key":"SMITH"},{"data":"Disarm","floor":40,"key":"SMITH"},{"floor":42,"key":"RECALL"},{"data":"Fiend Fire","floor":49,"key":"SMITH"},{"data":"Spot Weakness","floor":52,"key":"SMITH"}],"neow_cost":"NONE","seed_source_timestamp":49380442697900,"circlet_count":0,"master_deck":["Defend_R","Defend_R","Defend_R","Defend_R","Bash","Cleave","Cleave+1","Thunderclap","Headbutt","Shrug It Off","Warcry+1","Clothesline","Pommel Strike","Dark Embrace+1","True Grit+1","Pummel","Havoc+1","Feed+1","Intimidate","Dual Wield","Spot Weakness+1","Sever Soul","Ghostly","Ghostly","Ghostly","Ghostly","Ghostly","Havoc","Limit Break","Feed+1","Offering+1","Flex+1","Purity","Inflame","Disarm+1","Panacea","Feel No Pain+1","Fiend Fire+1","Impervious","Demon Form"],"relics":["Burning Blood","Ancient Tea Set","Centennial Puzzle","Bronze Scales","Paper Frog","Juzu Bracelet","Nunchaku","Runic Pyramid","FossilizedHelix","Strawberry","Self Forming Clay","Regal Pillow","Astrolabe","Vajra","Turnip","Anchor","Calipers","Shuriken","Blood Vial"],"potions_floor_usage":[6,10,11,21,22,46,47,47,55,55],"damage_taken":[{"damage":4,"enemies":"2 Louse","floor":1,"turns":3},{"damage":0,"enemies":"Small Slimes","floor":3,"turns":3},{"damage":1,"enemies":"Cultist","floor":4,"turns":4},{"damage":1,"enemies":"2 Fungi Beasts","floor":5,"turns":2},{"damage":20,"enemies":"Gremlin Nob","floor":6,"turns":4},{"damage":28,"enemies":"Lagavulin","floor":10,"turns":6},{"damage":9,"enemies":"Exordium Thugs","floor":11,"turns":2},{"damage":10,"enemies":"3 Sentries","floor":12,"turns":4},{"damage":0,"enemies":"Slime Boss","floor":16,"turns":7},{"damage":1,"enemies":"Chosen","floor":18,"turns":4},{"damage":18,"enemies":"Shell Parasite","floor":19,"turns":6},{"damage":45,"enemies":"Shelled Parasite and Fungi","floor":21,"turns":10},{"damage":18,"enemies":"3 Cultists","floor":22,"turns":5},{"damage":34,"enemies":"Slavers","floor":25,"turns":5},{"damage":0,"enemies":"Centurion and Healer","floor":30,"turns":7},{"damage":6,"enemies":"Book of Stabbing","floor":31,"turns":7},{"damage":50,"enemies":"Champ","floor":33,"turns":16},{"damage":9,"enemies":"3 Darklings","floor":35,"turns":7},{"damage":0,"enemies":"Orb Walker","floor":41,"turns":2},{"damage":0,"enemies":"Spire Growth","floor":45,"turns":6},{"damage":0,"enemies":"4 Shapes","floor":46,"turns":7},{"damage":1,"enemies":"2 Orb Walkers","floor":47,"turns":4},{"damage":1,"enemies":"Nemesis","floor":48,"turns":7},{"damage":59,"enemies":"Awakened One","floor":50,"turns":14},{"damage":0,"enemies":"Shield and Spear","floor":54,"turns":7},{"damage":63,"enemies":"The Heart","floor":55,"turns":12}],"seed_played":"-6675482515184876139","potions_obtained":[{"floor":1,"key":"DuplicationPotion"},{"floor":3,"key":"Fire Potion"},{"floor":4,"key":"Weak Potion"},{"floor":10,"key":"LiquidMemories"},{"floor":18,"key":"DuplicationPotion"},{"floor":31,"key":"Explosive Potion"},{"floor":33,"key":"LiquidMemories"},{"floor":35,"key":"SkillPotion"},{"floor":46,"key":"Energy Potion"},{"floor":47,"key":"Fire Potion"}],"is_trial":false,"path_per_floor":["M","?","M","M","M","E","R","?","T","E","M","E","R","$","R","B",null,"M","M","$","M","M","R","?","E","T","R","?","R","M","E","R","B",null,"M","?","?","?","$","R","M","R","T","$","M","M","?","E","R","B",null,"R","$","E","B"],"character_chosen":"IRONCLAD","items_purchased":["Nunchaku","Dark Embrace","True Grit","Pummel","Havoc","Inflame","Disarm","Vajra","Turnip","Panacea","Anchor","Impervious"],"campfire_rested":1,"item_purchase_floors":[14,14,14,14,14,39,39,39,39,39,44,53],"current_hp_per_floor":[80,80,80,80,80,66,66,66,66,44,41,37,37,37,37,43,80,83,74,74,41,35,64,64,43,43,43,43,43,53,57,57,17,64,65,65,65,65,65,65,65,65,65,65,69,77,81,81,81,32,85,85,85,89,26,26],"gold":67,"neow_bonus":"RANDOM_COMMON_RELIC","is_prod":false,"is_daily":false,"chose_seed":false,"campfire_upgraded":9,"win_rate":0,"timestamp":1607475642,"path_taken":["M","?","M","M","M","E","R","?","T","E","?","E","R","$","R","BOSS","M","M","$","M","M","R","?","E","T","R","?","R","M","E","R","BOSS","M","?","?","?","$","R","M","R","T","?","M","M","?","E","R","BOSS","R","$","E","BOSS"],"build_version":"2020-12-07","purchased_purges":4,"victory":false,"max_hp_per_floor":[80,80,80,80,80,80,80,80,80,80,80,80,80,80,80,80,80,83,86,86,92,98,98,98,105,105,105,52,52,56,60,60,64,64,68,65,65,65,65,65,65,65,65,65,69,77,81,81,81,85,85,85,85,89,89,89],"relic_stats":{"Regal Pillow":0,"counters":[26,161],"Self Forming Clay":[87],"Astrolabe":["Feed","Offering","Flex"],"Juzu Bracelet":2,"Burning Blood":93,"Blood Vial":0,"Centennial Puzzle":[40],"Nunchaku":[19],"Shuriken":[2],"Bronze Scales":[562],"Turnip":[2],"obtain_stats":[{"Regal Pillow":31,"Calipers":47,"Self Forming Clay":26,"Astrolabe":34,"Vajra":39,"Juzu Bracelet":12,"Ancient Tea Set":0,"Burning Blood":0,"Blood Vial":54,"Centennial Puzzle":6,"Nunchaku":14,"Anchor":44,"Shuriken":48,"Bronze Scales":9,"Strawberry":25,"Turnip":39,"FossilizedHelix":24,"Paper Frog":10,"Runic Pyramid":17},{"Regal Pillow":16,"Calipers":22,"Self Forming Clay":14,"Astrolabe":17,"Vajra":18,"Juzu Bracelet":8,"Ancient Tea Set":0,"Burning Blood":0,"Blood Vial":25,"Centennial Puzzle":5,"Nunchaku":8,"Anchor":19,"Shuriken":23,"Bronze Scales":5,"Strawberry":14,"Turnip":18,"FossilizedHelix":13,"Paper Frog":6,"Runic Pyramid":9},{"Regal Pillow":79,"Calipers":121,"Self Forming Clay":65,"Astrolabe":95,"Vajra":102,"Juzu Bracelet":28,"Ancient Tea Set":0,"Burning Blood":0,"Blood Vial":149,"Centennial Puzzle":16,"Nunchaku":28,"Anchor":104,"Shuriken":128,"Bronze Scales":16,"Strawberry":65,"Turnip":102,"FossilizedHelix":60,"Paper Frog":22,"Runic Pyramid":35}]},"card_choices":[{"not_picked":["Rage","Havoc"],"picked":"Cleave","floor":1},{"not_picked":["Infernal Blade","Rampage"],"picked":"Cleave","floor":3},{"not_picked":["Flex","Perfected Strike"],"picked":"Thunderclap","floor":4},{"not_picked":["Rupture","Limit Break"],"picked":"Headbutt","floor":5},{"not_picked":["Sword Boomerang","Body Slam"],"picked":"Shrug It Off","floor":6},{"not_picked":["Cleave","Berserk"],"picked":"Clothesline","floor":10},{"not_picked":["Wild Strike","Armaments"],"picked":"Pommel Strike","floor":11},{"not_picked":["Body Slam","Seeing Red","Thunderclap"],"picked":"SKIP","floor":12},{"not_picked":["Barricade","Double Tap"],"picked":"Feed","floor":16},{"not_picked":["True Grit","Warcry"],"picked":"Intimidate","floor":18},{"not_picked":["Flex","Wild Strike"],"picked":"Dual Wield","floor":19},{"not_picked":["Combust+1","Anger"],"picked":"Spot Weakness","floor":21},{"not_picked":["Bloodletting","Reckless Charge","True Grit"],"picked":"SKIP","floor":22},{"not_picked":["Armaments","Blood for Blood"],"picked":"Sever Soul","floor":25},{"not_picked":["Body Slam","Flame Barrier","Heavy Blade"],"picked":"SKIP","floor":30},{"not_picked":["Pommel Strike+1","Blood for Blood+1"],"picked":"Havoc","floor":31},{"not_picked":["Juggernaut","Impervious"],"picked":"Limit Break","floor":33},{"not_picked":["Body Slam+1","Headbutt","Heavy Blade"],"picked":"SKIP","floor":35},{"not_picked":["Trip","Magnetism"],"picked":"Purity","floor":37},{"not_picked":["True Grit+1","Searing Blow"],"picked":"Feel No Pain+1","floor":41},{"not_picked":["Twin Strike","Dropkick","Headbutt+1"],"picked":"SKIP","floor":45},{"not_picked":["Body Slam","Reckless Charge","Dropkick+1"],"picked":"SKIP","floor":46},{"not_picked":["Havoc+1","Headbutt+1"],"picked":"Fiend Fire","floor":47},{"not_picked":["Metallicize","Ghostly Armor+1","Sword Boomerang+1"],"picked":"SKIP","floor":48},{"not_picked":["Clash","Uppercut"],"picked":"Demon Form","floor":54}],"player_experience":3373348,"relics_obtained":[{"floor":6,"key":"Centennial Puzzle"},{"floor":9,"key":"Bronze Scales"},{"floor":10,"key":"Paper Frog"},{"floor":12,"key":"Juzu Bracelet"},{"floor":25,"key":"Strawberry"},{"floor":26,"key":"Self Forming Clay"},{"floor":31,"key":"Regal Pillow"},{"floor":47,"key":"Calipers"},{"floor":48,"key":"Shuriken"},{"floor":54,"key":"Blood Vial"}],"event_choices":[{"damage_healed":0,"gold_gain":175,"player_choice":"AGREE","damage_taken":0,"max_hp_gain":0,"max_hp_loss":0,"event_name":"Liars Game","floor":2,"gold_loss":0,"cards_obtained":["Doubt"]},{"damage_healed":0,"gold_gain":0,"cards_transformed":["Strike_R"],"player_choice":"Transformed","damage_taken":0,"max_hp_gain":0,"max_hp_loss":0,"event_name":"Transmorgrifier","floor":8,"gold_loss":0,"cards_obtained":["Warcry"]},{"damage_healed":0,"gold_gain":0,"player_choice":"Paid Gold","damage_taken":0,"relics_obtained":["FossilizedHelix"],"max_hp_gain":0,"max_hp_loss":0,"event_name":"WeMeetAgain","floor":24,"gold_loss":60},{"damage_healed":0,"gold_gain":0,"player_choice":"Became a Ghost","damage_taken":0,"max_hp_gain":0,"max_hp_loss":53,"event_name":"Ghosts","floor":28,"gold_loss":0,"cards_obtained":["Ghostly","Ghostly","Ghostly","Ghostly","Ghostly"]},{"damage_healed":0,"gold_gain":0,"player_choice":"Max HP","damage_taken":0,"max_hp_gain":0,"max_hp_loss":3,"event_name":"Winding Halls","floor":36,"gold_loss":0},{"damage_healed":0,"gold_gain":0,"player_choice":"Memory 1","damage_taken":0,"max_hp_gain":0,"max_hp_loss":0,"event_name":"SensoryStone","floor":37,"gold_loss":0},{"damage_healed":0,"gold_gain":999,"player_choice":"Gold","damage_taken":0,"max_hp_gain":0,"max_hp_loss":0,"event_name":"MindBloom","floor":38,"gold_loss":0,"cards_obtained":["Normality","Normality"]},{"damage_healed":0,"gold_gain":0,"player_choice":"Fight","damage_taken":0,"max_hp_gain":0,"max_hp_loss":0,"event_name":"Mysterious Sphere","floor":47,"gold_loss":0}],"is_beta":true,"boss_relics":[{"not_picked":["SlaversCollar","Runic Cube"],"picked":"Runic Pyramid"},{"not_picked":["Pandora\u0027s Box","Tiny House"],"picked":"Astrolabe"}],"items_purged_floors":[14,20,39,44],"is_endless":false,"potions_floor_spawned":[1,3,4,10,18,31,33,35,46,47],"killed_by":"The Heart","ascension_level":1}}