{"host":"6bsan6hkua32tfq7","time":1607504224,"event":{"gold_per_floor":[109,120,120,45,64,79,112,112,112,112,112,112,146,166,166,265,265,288,288,12,12,12,12,12,12,82,95,116,157,181,201,201,297,297,321,347,370,160,173,213,13,78,104,139,154,198,211,101,101,101,101,101,101,26,60,60],"floor_reached":57,"playtime":4700,"items_purged":["Reprogram","Regret","Dualcast+1","Streamline+1"],"score":2815,"play_id":"04f5b639-63b3-42e2-9b7f-c447d1762015","local_time":"20201209095704","is_ascension_mode":true,"campfire_choices":[{"data":"Creative AI","floor":8,"key":"SMITH"},{"data":"Streamline","floor":11,"key":"SMITH"},{"data":"Coolheaded","floor":15,"key":"SMITH"},{"floor":23,"key":"REST"},{"data":"expansioncontent:Flail","floor":25,"key":"SMITH"},{"data":"Fission","floor":32,"key":"SMITH"},{"floor":49,"key":"RECALL"},{"data":"Recycle","floor":53,"key":"SMITH"}],"neow_cost":"NONE","seed_source_timestamp":146251101106300,"circlet_count":0,"master_deck":["AscendersBane","Coolheaded+1","Glacier","Steam+1","Creative AI+1","Barrage","Core Surge","Biased Cognition","Hologram","Steam Power","Chill+1","Sweeping Beam+1","BootSequence","expansioncontent:Flail+1","Fission+1","Amplify","Recycle+1","Creative AI","Blizzard"],"relics":["Cracked Core","The Courier","Pantograph","Golden Idol","Art of War","Pandora\u0027s Box","Thread and Needle","War Paint","Tiny Chest","HornCleat","Darkstone Periapt","Cursed Key","PreservedInsect","MealTicket","Kunai","Membership Card","Calipers","Blood Vial","StrikeDummy","Turnip"],"potions_floor_usage":[6,13,16,28,29,33,42,56],"damage_taken":[{"damage":2,"enemies":"Small Slimes","floor":1,"turns":3},{"damage":2,"enemies":"Jaw Worm","floor":2,"turns":2},{"damage":3,"enemies":"2 Louse","floor":5,"turns":2},{"damage":2,"enemies":"Exordium Thugs","floor":6,"turns":3},{"damage":9,"enemies":"Lagavulin","floor":7,"turns":10},{"damage":10,"enemies":"3 Sentries","floor":13,"turns":8},{"damage":30,"enemies":"Exordium Wildlife","floor":14,"turns":6},{"damage":18,"enemies":"Hexaghost","floor":16,"turns":11},{"damage":17,"enemies":"Spheric Guardian","floor":18,"turns":5},{"damage":2,"enemies":"2 Thieves","floor":27,"turns":4},{"damage":0,"enemies":"Cultist and Chosen","floor":28,"turns":5},{"damage":0,"enemies":"Gremlin Leader","floor":29,"turns":13},{"damage":0,"enemies":"Snecko","floor":30,"turns":7},{"damage":0,"enemies":"Sentry and Sphere","floor":31,"turns":8},{"damage":3,"enemies":"Collector","floor":33,"turns":10},{"damage":1,"enemies":"3 Darklings","floor":35,"turns":8},{"damage":7,"enemies":"3 Shapes","floor":37,"turns":5},{"damage":0,"enemies":"Sphere and 2 Shapes","floor":39,"turns":6},{"damage":0,"enemies":"Giant Head","floor":40,"turns":13},{"damage":60,"enemies":"2 Orb Walkers","floor":42,"turns":8},{"damage":7,"enemies":"Nemesis","floor":44,"turns":7},{"damage":0,"enemies":"3 Darklings","floor":45,"turns":7},{"damage":0,"enemies":"Giant Head","floor":46,"turns":12},{"damage":0,"enemies":"Maw","floor":47,"turns":15},{"damage":6,"enemies":"Donu and Deca","floor":50,"turns":8},{"damage":22,"enemies":"Time Eater","floor":51,"turns":15},{"damage":24,"enemies":"Shield and Spear","floor":55,"turns":7},{"damage":68,"enemies":"The Heart","floor":56,"turns":15}],"seed_played":"9120532487831243248","potions_obtained":[{"floor":2,"key":"AttackPotion"},{"floor":5,"key":"LiquidMemories"},{"floor":7,"key":"SkillPotion"},{"floor":13,"key":"Guardian:BlockOnCardUsePotion"},{"floor":27,"key":"Explosive Potion"},{"floor":28,"key":"Fruit Juice"},{"floor":29,"key":"CultistPotion"},{"floor":39,"key":"SpeedPotion"},{"floor":44,"key":"CultistPotion"}],"is_trial":false,"path_per_floor":["M","M","?","?","M","M","E","R","T","$","R","?","E","M","R","B",null,"M","?","$","T","$","R","?","R","T","M","M","E","M","M","R","B",null,"M","T","M","$","M","E","$","?","T","E","M","E","M","?","R","B","B",null,"R","$","E","B",null],"character_chosen":"DEFECT","items_purchased":["expansioncontent:Flail","War Paint","MealTicket","Membership Card"],"campfire_rested":1,"item_purchase_floors":[20,20,38,41],"current_hp_per_floor":[62,60,65,65,62,60,51,51,51,51,51,51,41,11,11,18,56,39,39,39,39,39,59,59,59,59,57,57,62,62,62,62,71,73,72,78,71,71,71,71,80,20,26,19,21,23,25,25,25,46,51,77,77,86,62,18],"gold":60,"neow_bonus":"UPGRADE_CARD","is_prod":false,"is_daily":false,"chose_seed":false,"campfire_upgraded":6,"win_rate":0,"timestamp":1607504224,"path_taken":["M","M","?","?","M","M","E","R","T","?","R","?","E","M","R","BOSS","M","?","$","?","?","R","?","R","T","M","M","E","?","M","R","BOSS","M","?","M","$","M","E","$","?","T","E","M","E","M","?","R","BOSS","BOSS","R","$","E","BOSS"],"build_version":"2020-11-30","purchased_purges":4,"victory":true,"max_hp_per_floor":[71,71,76,76,76,76,76,76,76,76,76,69,69,69,69,69,69,69,69,69,69,69,69,69,69,69,69,69,74,74,74,74,74,74,74,80,80,80,80,80,80,80,86,86,86,86,86,86,86,86,86,86,86,86,86,86],"card_choices":[{"not_picked":["Redo","Cold Snap"],"picked":"Streamline","floor":1},{"not_picked":["Reprogram","Lockon"],"picked":"Coolheaded","floor":2},{"not_picked":["Gash","Conserve Battery"],"picked":"Glacier","floor":5},{"not_picked":["Heatsinks","BootSequence"],"picked":"Steam","floor":6},{"not_picked":["Thunder Strike","Multi-Cast"],"picked":"Creative AI","floor":7},{"not_picked":["Hologram","Barrage"],"picked":"Recycle","floor":13},{"not_picked":["Storm","Ball Lightning"],"picked":"Barrage","floor":14},{"not_picked":["Multi-Cast","Creative AI"],"picked":"Core Surge","floor":16},{"not_picked":["Compile Driver+1","Gash","Reinforced Body+1"],"picked":"SKIP","floor":18},{"not_picked":["Conserve Battery","Stack+1","Gash+1"],"picked":"SKIP","floor":27},{"not_picked":["Sweeping Beam","Barrage","Turbo"],"picked":"SKIP","floor":28},{"not_picked":["Redo","Streamline+1"],"picked":"Fission","floor":29},{"not_picked":["Turbo","Doom and Gloom","Rebound"],"picked":"SKIP","floor":30},{"not_picked":["Coolheaded","Beam Cell","Go for the Eyes"],"picked":"SKIP","floor":31},{"not_picked":["Thunder Strike","Multi-Cast"],"picked":"Amplify","floor":33},{"not_picked":["Beam Cell","Melter","Sunder"],"picked":"SKIP","floor":35},{"not_picked":["Cold Snap","Steam","Go for the Eyes"],"picked":"SKIP","floor":37},{"not_picked":["Redo","Recycle","Tempest"],"picked":"SKIP","floor":39},{"not_picked":["Redo","Recycle","Tempest"],"picked":"SKIP","floor":39},{"not_picked":["Redo","Tempest"],"picked":"Recycle","floor":39},{"not_picked":["BootSequence","Reinforced Body+1","Hologram"],"picked":"SKIP","floor":40},{"not_picked":["Scrape","Sunder+1","Fusion"],"picked":"SKIP","floor":44},{"not_picked":["Redo+1","Double Energy+1","Stack"],"picked":"SKIP","floor":45},{"not_picked":["Compile Driver","Go for the Eyes"],"picked":"Creative AI","floor":46},{"not_picked":["Lockon","Redo","Force Field"],"picked":"SKIP","floor":47},{"not_picked":["Barrage","Rip and Tear"],"picked":"Blizzard","floor":55}],"player_experience":5124460,"relics_obtained":[{"floor":7,"key":"The Courier"},{"floor":9,"key":"Pantograph"},{"floor":13,"key":"Art of War"},{"floor":21,"key":"Tiny Chest"},{"floor":26,"key":"HornCleat"},{"floor":29,"key":"Darkstone Periapt"},{"floor":36,"key":"PreservedInsect"},{"floor":40,"key":"Kunai"},{"floor":42,"key":"Calipers"},{"floor":44,"key":"Blood Vial"},{"floor":46,"key":"StrikeDummy"},{"floor":55,"key":"Turnip"}],"event_choices":[{"damage_healed":0,"gold_gain":0,"player_choice":"Donut","damage_taken":0,"max_hp_gain":5,"max_hp_loss":0,"event_name":"Big Fish","floor":3,"gold_loss":0},{"cards_removed":["Defend_B"],"damage_healed":0,"gold_gain":0,"player_choice":"Card Removal","damage_taken":0,"max_hp_gain":0,"max_hp_loss":0,"event_name":"The Cleric","floor":4,"gold_loss":75},{"damage_healed":0,"gold_gain":0,"player_choice":"Lose Max HP","damage_taken":0,"relics_obtained":["Golden Idol"],"max_hp_gain":0,"max_hp_loss":7,"event_name":"Golden Idol","floor":12,"gold_loss":0},{"cards_removed":["Recycle"],"damage_healed":0,"gold_gain":0,"player_choice":"Gave Card","damage_taken":0,"relics_obtained":["Thread and Needle"],"max_hp_gain":0,"max_hp_loss":0,"event_name":"WeMeetAgain","floor":19,"gold_loss":0},{"cards_removed":["Zap"],"damage_healed":0,"gold_gain":0,"player_choice":"Offered Basic","damage_taken":0,"max_hp_gain":0,"max_hp_loss":0,"event_name":"Bonfire Elementals","floor":24,"gold_loss":0},{"damage_healed":0,"gold_gain":0,"player_choice":"Fight","damage_taken":0,"max_hp_gain":0,"max_hp_loss":0,"event_name":"Mysterious Sphere","floor":42,"gold_loss":0},{"cards_removed":["Slimebound:Icky"],"damage_healed":0,"gold_gain":0,"player_choice":"Upgrade and Remove","damage_taken":0,"max_hp_gain":0,"max_hp_loss":0,"event_name":"Designer","floor":48,"gold_loss":110,"cards_upgraded":["Sweeping Beam"]}],"is_beta":false,"boss_relics":[{"not_picked":["Black Star","Empty Cage"],"picked":"Pandora\u0027s Box"},{"not_picked":["Philosopher\u0027s Stone","Runic Pyramid"],"picked":"Cursed Key"}],"items_purged_floors":[20,38,41,54],"is_endless":false,"potions_floor_spawned":[2,5,7,13,27,28,29,30,39,44,45,47,55],"ascension_level":20}}