{"host":"ci7ivtocgfxh0ueo","time":1607493412,"event":{"gold_per_floor":[112,112,128,147,147,147,159,159,159],"floor_reached":8,"playtime":156,"items_purged":[],"score":86,"play_id":"1975e26e-4166-4867-8ece-b8742f570eaa","local_time":"20201209135652","is_ascension_mode":true,"campfire_choices":[{"data":"Cleave","floor":6,"key":"SMITH"}],"neow_cost":"NONE","seed_source_timestamp":69326517291800,"circlet_count":0,"master_deck":["AscendersBane","Strike_R","Strike_R","Strike_R","Defend_R","Defend_R","Defend_R","Defend_R","Bash","Cleave+1","Combust","Flex","Feel No Pain","Metallicize"],"relics":["Burning Blood","Tiny Chest"],"potions_floor_usage":[7],"damage_taken":[{"damage":12,"enemies":"Jaw Worm","floor":1,"turns":2},{"damage":1,"enemies":"Cultist","floor":3,"turns":3},{"damage":7,"enemies":"2 Louse","floor":4,"turns":3},{"damage":8,"enemies":"Red Slaver","floor":7,"turns":3},{"damage":69,"enemies":"Gremlin Nob","floor":8,"turns":5}],"seed_played":"-807211106151211504","potions_obtained":[{"floor":1,"key":"EssenceOfSteel"}],"is_trial":false,"path_per_floor":["M","?","M","M","?","R","M","E"],"character_chosen":"IRONCLAD","items_purchased":[],"campfire_rested":0,"item_purchase_floors":[],"current_hp_per_floor":[62,62,67,66,66,66,64,0,0],"gold":159,"neow_bonus":"RANDOM_COMMON_RELIC","is_prod":false,"is_daily":false,"chose_seed":false,"campfire_upgraded":1,"win_rate":0,"timestamp":1607493412,"path_taken":["M","?","M","?","?","R","M","E"],"build_version":"2020-11-30","purchased_purges":0,"victory":false,"max_hp_per_floor":[75,75,75,75,75,75,75,75,75],"card_choices":[{"not_picked":["Intimidate","Perfected Strike"],"picked":"Cleave","floor":1},{"not_picked":["Shrug It Off","Sever Soul"],"picked":"Combust","floor":3},{"not_picked":["Sentinel","Battle Trance"],"picked":"Flex","floor":4},{"not_picked":["Clothesline","Rampage"],"picked":"Metallicize","floor":7}],"player_experience":1232248,"relics_obtained":[],"event_choices":[{"cards_removed":["Strike_R"],"damage_healed":0,"gold_gain":0,"player_choice":"Purged","damage_taken":0,"max_hp_gain":0,"max_hp_loss":0,"event_name":"Purifier","floor":2,"gold_loss":0},{"damage_healed":0,"gold_gain":0,"cards_transformed":["Strike_R"],"player_choice":"Transformed","damage_taken":0,"max_hp_gain":0,"max_hp_loss":0,"event_name":"Transmorgrifier","floor":5,"gold_loss":0,"cards_obtained":["Feel No Pain"]}],"is_beta":false,"boss_relics":[],"items_purged_floors":[],"is_endless":false,"potions_floor_spawned":[1],"killed_by":"Gremlin Nob","ascension_level":16}}