{"host":"reugk9pd1uotrglt","time":1607541931,"event":{"gold_per_floor":[21,96,111,126,126,153,153,180,180,180,215,235,249,282,282,361,361,374,10,23,42,42,74,74,107,107,159,159,159,194,249,249,326,326,342,381,406,406,419,444,444,444,444,457,513,128,128,0,0,25,50],"floor_reached":52,"playtime":2748,"items_purged":[],"score":2646,"play_id":"7e0ab32b-c6cf-418d-8932-b919310d5441","local_time":"20201209202531","is_ascension_mode":true,"campfire_choices":[{"data":"Pommel Strike","floor":7.0,"key":"SMITH"},{"data":"Inflame","floor":10.0,"key":"SMITH"},{"data":"Metallicize","floor":15.0,"key":"SMITH"},{"data":"Inflame","floor":24.0,"key":"SMITH"},{"data":"Spot Weakness","floor":28.0,"key":"SMITH"},{"data":"Rampage","floor":32.0,"key":"SMITH"},{"data":"Metallicize","floor":41.0,"key":"SMITH"},{"data":"Shrug It Off","floor":47,"key":"SMITH"},{"data":"HandOfGreed","floor":49,"key":"SMITH"}],"neow_cost":"","seed_source_timestamp":234432024655500,"circlet_count":0,"master_deck":["AscendersBane","Strike_R","Strike_R","Strike_R+1","Strike_R","Defend_R","Defend_R+1","Defend_R","Defend_R","Bash+1","Inflame+1","Shrug It Off+1","Spot Weakness+1","Metallicize+1","Pommel Strike+1","Cleave+1","Shrug It Off+1","Intimidate+1","HandOfGreed+1","Rampage+1","Armaments+1","Metallicize+1","Inflame+1","Dropkick","Entrench+1","Flame Barrier+1","Carnage+1","Barricade","Perfected Strike+1","Shrug It Off+1","Iron Wave+1","Madness+1","Madness+1","Flame Barrier+1","Dark Embrace","Shrug It Off+1","Reaper+1"],"special_seed":0,"relics":["Burning Blood","Singing Bowl","Chemical X","Bronze Scales","Bag of Marbles","MealTicket","Blood Vial","Incense Burner","Meat on the Bone","Boot","Peace Pipe","Toxic Egg 2","TungstenRod","Whetstone","Snecko Eye","Potion Belt","Molten Egg 2","StrikeDummy","Eternal Feather","Black Star","Magic Flower","Kunai","Regal Pillow","White Beast Statue","Anchor","Smiling Mask","Nunchaku","Red Mask"],"potions_floor_usage":[44,51,51,51],"damage_taken":[{"damage":6.0,"enemies":"Cultist","floor":1.0,"turns":3.0},{"damage":2.0,"enemies":"2 Louse","floor":3.0,"turns":3.0},{"damage":7.0,"enemies":"Small Slimes","floor":4.0,"turns":4.0},{"damage":7.0,"enemies":"3 Sentries","floor":6.0,"turns":6.0},{"damage":13.0,"enemies":"Lagavulin","floor":8.0,"turns":7.0},{"damage":8.0,"enemies":"Gremlin Nob","floor":11.0,"turns":3.0},{"damage":2.0,"enemies":"Red Slaver","floor":12.0,"turns":4.0},{"damage":0.0,"enemies":"3 Louse","floor":13.0,"turns":1.0},{"damage":16.0,"enemies":"Lagavulin","floor":14.0,"turns":6.0},{"damage":0.0,"enemies":"Slime Boss","floor":16.0,"turns":5.0},{"damage":5.0,"enemies":"2 Thieves","floor":18.0,"turns":4.0},{"damage":0.0,"enemies":"Chosen","floor":20.0,"turns":3.0},{"damage":12.0,"enemies":"Sentry and Sphere","floor":21.0,"turns":7.0},{"damage":41.0,"enemies":"Book of Stabbing","floor":23.0,"turns":4.0},{"damage":15.0,"enemies":"3 Cultists","floor":25.0,"turns":4.0},{"damage":16.0,"enemies":"Slavers","floor":27.0,"turns":6.0},{"damage":9.0,"enemies":"Cultist and Chosen","floor":30.0,"turns":5.0},{"damage":21.0,"enemies":"Gremlin Leader","floor":31.0,"turns":4.0},{"damage":60.0,"enemies":"Automaton","floor":33.0,"turns":9.0},{"damage":0.0,"enemies":"Orb Walker","floor":35.0,"turns":4.0},{"damage":8.0,"enemies":"3 Shapes","floor":36.0,"turns":5.0},{"damage":4.0,"enemies":"Mind Bloom Boss Battle","floor":37.0,"turns":8.0},{"damage":38.0,"enemies":"Jaw Worm Horde","floor":39.0,"turns":5.0},{"damage":34.0,"enemies":"Reptomancer","floor":40.0,"turns":7.0},{"damage":13,"enemies":"Transient","floor":44,"turns":6},{"damage":9,"enemies":"Nemesis","floor":45,"turns":9},{"damage":60,"enemies":"Donu and Deca","floor":50,"turns":14},{"damage":138,"enemies":"Awakened One","floor":51,"turns":16}],"seed_played":"6656979786697174869","potions_obtained":[{"floor":8.0,"key":"SneckoOil"},{"floor":11.0,"key":"EntropicBrew"},{"floor":14.0,"key":"Strength Potion"},{"floor":16.0,"key":"Energy Potion"},{"floor":18.0,"key":"BloodPotion"},{"floor":25.0,"key":"BloodPotion"},{"floor":27.0,"key":"Energy Potion"},{"floor":31.0,"key":"Energy Potion"},{"floor":35.0,"key":"Block Potion"},{"floor":40.0,"key":"Strength Potion"},{"floor":44,"key":"FairyPotion"},{"floor":45,"key":"Ancient Potion"}],"is_trial":false,"path_per_floor":["M","?","M","M","?","E","R","E","T","R","E","M","M","E","R","B",null,"M","$","M","M","?","E","R","M","T","E","R","?","M","E","R","B",null,"M","M","?","?","M","E","R","?","T","M","E","$","R","?","R","B","B",null],"character_chosen":"IRONCLAD","items_purchased":["Singing Bowl","Chemical X","Inflame","Bronze Scales","Shrug It Off","Bag of Marbles","MealTicket","Spot Weakness","Blood Vial","Metallicize","Incense Burner","Meat on the Bone","HandOfGreed","Rampage","Armaments+1","Metallicize","Dark Embrace","Shrug It Off+1","Nunchaku","Reaper+1"],"campfire_rested":0,"item_purchase_floors":[0,0,0,0,0,0,0,0,0,0,0,0,19,19,19,19,46,46,46,46],"current_hp_per_floor":[37,26,44,45,22,37,37,46,46,46,60,66,76,68,68,78,85,89,89,89,83,83,64,64,57,57,61,61,61,62,67,82,42,80,88,88,92,76,70,68,86,86,86,87,90,99,99,99,99,66,45],"gold":50,"neow_bonus":"","is_prod":false,"is_daily":false,"chose_seed":false,"campfire_upgraded":9,"win_rate":0,"timestamp":1607541931,"path_taken":["M","?","M","M","?","E","R","E","T","R","E","M","M","E","R","BOSS","M","$","M","M","?","E","R","?","T","E","R","?","M","E","R","BOSS","M","M","?","?","M","E","R","?","T","M","E","$","R","?","R","BOSS","BOSS"],"build_version":"2020-11-30","purchased_purges":0,"victory":true,"max_hp_per_floor":[77,77,77,77,77,79,79,81,81,81,83,83,85,85,85,87,87,89,89,89,89,89,91,91,91,91,91,91,91,93,93,93,93,93,93,93,93,93,95,97,97,97,97,99,99,99,99,99,99,99,99],"card_choices":[{"not_picked":["Havoc","Anger","Clothesline"],"picked":"Singing Bowl","floor":1.0},{"not_picked":["Body Slam","Sword Boomerang"],"picked":"Pommel Strike","floor":3.0},{"not_picked":["Shockwave","Hemokinesis"],"picked":"Cleave","floor":4.0},{"not_picked":["Offering","Havoc","Shockwave"],"picked":"Singing Bowl","floor":6.0},{"not_picked":["Shockwave","Fire Breathing","Carnage"],"picked":"Singing Bowl","floor":8.0},{"not_picked":["Body Slam","Exhume+1","Pommel Strike"],"picked":"Singing Bowl","floor":11.0},{"not_picked":["Burning Pact+1","Armaments+1"],"picked":"Shrug It Off+1","floor":12.0},{"not_picked":["Headbutt","Wild Strike","Cleave"],"picked":"Singing Bowl","floor":13.0},{"not_picked":["Armaments+1","Flex+1"],"picked":"Intimidate+1","floor":14.0},{"not_picked":["Bludgeon","Corruption","Fiend Fire"],"picked":"Singing Bowl","floor":16.0},{"not_picked":["Body Slam+1","Rage+1","Havoc+1"],"picked":"Singing Bowl","floor":18.0},{"not_picked":["Wild Strike","Havoc+1"],"picked":"Inflame","floor":20.0},{"not_picked":["Cleave","Thunderclap"],"picked":"Dropkick","floor":21.0},{"not_picked":["Burning Pact+1","Sentinel+1","Thunderclap+1"],"picked":"Singing Bowl","floor":23.0},{"not_picked":["Flex+1","Hemokinesis"],"picked":"Entrench+1","floor":25.0},{"not_picked":["Fire Breathing","Immolate+1"],"picked":"Flame Barrier+1","floor":27.0},{"not_picked":["Armaments+1","Fire Breathing","Sword Boomerang+1"],"picked":"Singing Bowl","floor":30.0},{"not_picked":["Feel No Pain","Twin Strike+1"],"picked":"Carnage+1","floor":31.0},{"not_picked":["Feed+1","Reaper+1"],"picked":"Barricade","floor":33.0},{"not_picked":["Havoc+1","Anger+1"],"picked":"Perfected Strike+1","floor":35.0},{"not_picked":["Sword Boomerang+1","Warcry+1"],"picked":"Shrug It Off+1","floor":36.0},{"not_picked":["Feed+1","Flex+1"],"picked":"Iron Wave+1","floor":37.0},{"not_picked":["Twin Strike+1","Anger+1","Sword Boomerang+1"],"picked":"Singing Bowl","floor":39.0},{"not_picked":["Armaments+1","Double Tap+1","Brutality"],"picked":"Singing Bowl","floor":40.0},{"not_picked":["Headbutt+1","Warcry+1","Thunderclap+1"],"picked":"Singing Bowl","floor":44},{"not_picked":["Shrug It Off+1","Berserk"],"picked":"Flame Barrier+1","floor":45}],"player_experience":1475982,"relics_obtained":[{"floor":6.0,"key":"Boot"},{"floor":8.0,"key":"Peace Pipe"},{"floor":9.0,"key":"Toxic Egg 2"},{"floor":11.0,"key":"TungstenRod"},{"floor":14.0,"key":"Whetstone"},{"floor":23.0,"key":"Potion Belt"},{"floor":26.0,"key":"Molten Egg 2"},{"floor":27.0,"key":"StrikeDummy"},{"floor":31.0,"key":"Eternal Feather"},{"floor":37.0,"key":"Magic Flower"},{"floor":40.0,"key":"Kunai"},{"floor":40.0,"key":"Regal Pillow"},{"floor":43.0,"key":"White Beast Statue"},{"floor":45,"key":"Anchor"},{"floor":45,"key":"Smiling Mask"}],"event_choices":[{"damage_healed":0.0,"max_hp_gain":0.0,"max_hp_loss":0.0,"gold_gain":75.0,"event_name":"World of Goop","player_choice":"Gather Gold","floor":2.0,"gold_loss":0.0,"damage_taken":11.0},{"damage_healed":0.0,"max_hp_gain":0.0,"max_hp_loss":0.0,"gold_gain":0.0,"event_name":"Shining Light","player_choice":"Entered Light","floor":5.0,"gold_loss":0.0,"damage_taken":23.0,"cards_upgraded":["Defend_R","Bash"]},{"cards_removed":["Strike_R"],"damage_healed":0.0,"max_hp_gain":0.0,"max_hp_loss":0.0,"gold_gain":0.0,"event_name":"Purifier","player_choice":"Purged","floor":22.0,"gold_loss":0.0,"damage_taken":0.0},{"damage_healed":0.0,"max_hp_gain":0.0,"max_hp_loss":0.0,"gold_gain":0.0,"event_name":"Vampires","player_choice":"Ignored","floor":29.0,"gold_loss":0.0,"damage_taken":0.0},{"damage_healed":0.0,"max_hp_gain":0.0,"max_hp_loss":0.0,"gold_gain":0.0,"event_name":"MindBloom","player_choice":"Fight","floor":37.0,"gold_loss":0.0,"damage_taken":0.0},{"damage_healed":0.0,"max_hp_gain":0.0,"max_hp_loss":0.0,"gold_gain":0.0,"event_name":"Winding Halls","player_choice":"Embrace Madness","floor":38.0,"gold_loss":0.0,"damage_taken":17.0,"cards_obtained":["Madness","Madness"]},{"damage_healed":0.0,"max_hp_gain":0.0,"max_hp_loss":0.0,"gold_gain":0.0,"event_name":"Mysterious Sphere","player_choice":"Ignored","floor":42.0,"gold_loss":0.0,"damage_taken":0.0},{"damage_healed":0,"gold_gain":0,"player_choice":"Paid","damage_taken":0,"relics_obtained":["Red Mask"],"max_hp_gain":0,"max_hp_loss":0,"event_name":"Tomb of Lord Red Mask","floor":48,"gold_loss":128}],"is_beta":false,"boss_relics":[{"not_picked":["Fusion Hammer","Philosopher\u0027s Stone"],"picked":"Snecko Eye"},{"not_picked":["Runic Cube","Sozu"],"picked":"Black Star"}],"items_purged_floors":[],"is_endless":false,"potions_floor_spawned":[8,11,14,16,18,25,27,31,35,37,40,44,45],"ascension_level":20}}