{"host":"csp9nt53rootlkah","time":1607509364,"event":{"gold_per_floor":[112,112,37,37,55,55,83,98,124,138,138,171,188,204,204,301,301,319,6,6,6,6,35,35,50,50,77,97,36,36,51,51,51,51],"floor_reached":33,"playtime":2053,"items_purged":["Strike_S","Strike_S"],"score":346,"play_id":"03e5d81c-ff65-4655-8472-a8ab638a36ac","local_time":"20201209182244","is_ascension_mode":true,"campfire_choices":[{"data":"Gensokyo:CrescentMoonSlash","floor":6.0,"key":"SMITH"},{"data":"BestPractice","floor":11.0,"key":"SMITH"},{"data":"BottledTime","floor":15.0,"key":"SMITH"},{"data":"SilverBlades","floor":30,"key":"SMITH"},{"data":"InstantArmor","floor":32,"key":"SMITH"}],"neow_cost":"NONE","seed_source_timestamp":164748236543000,"circlet_count":0,"master_deck":["Strike_S+1","Defend_S+1","Defend_S","Defend_S","Defend_S","KidneyShot+1","Exchange+1","Rearm","Gensokyo:CrescentMoonSlash+1","SilverBlades+1","FastForward","BestPractice+1","BottledTime+1","Sunlight","InstantArmor+1","WasteNot","BottledTime+1"],"special_seed":0,"relics":["Uniform","NeowsBlessing","Strawberry","Happy Flower","Letter Opener","Runic Dome","Membership Card","War Paint","Boot","Gensokyo:ConquerorOfFear","Whetstone","The Courier","Smiling Mask","Lee\u0027s Waffle"],"potions_floor_usage":[27,27,27],"damage_taken":[{"damage":0.0,"enemies":"Gensokyo:2_Kodama","floor":1.0,"turns":1.0},{"damage":0.0,"enemies":"Gensokyo:3_Fairies","floor":5.0,"turns":2.0},{"damage":0.0,"enemies":"Gensokyo:Cirno","floor":7.0,"turns":2.0},{"damage":6.0,"enemies":"Gensokyo:Gryphon","floor":8.0,"turns":5.0},{"damage":0.0,"enemies":"Gensokyo:LivingMonolith","floor":10.0,"turns":3.0},{"damage":2.0,"enemies":"Gensokyo:Aya","floor":12.0,"turns":6.0},{"damage":1.0,"enemies":"Gensokyo:CorruptedTreant","floor":13.0,"turns":4.0},{"damage":2.0,"enemies":"Gensokyo:3_Kodama","floor":14.0,"turns":2.0},{"damage":31.0,"enemies":"Gensokyo:Kokoro","floor":16.0,"turns":14.0},{"damage":0.0,"enemies":"Gensokyo:2_Gloops","floor":18.0,"turns":4.0},{"damage":39.0,"enemies":"Gensokyo:Tenshi","floor":23.0,"turns":6.0},{"damage":2,"enemies":"Gensokyo:CosmicMonolith","floor":25,"turns":3},{"damage":9,"enemies":"Gensokyo:Koishi","floor":27,"turns":4},{"damage":12,"enemies":"Gensokyo:Mirror_and_Dog","floor":28,"turns":4},{"damage":17,"enemies":"Gensokyo:Swordslinger","floor":31,"turns":3},{"damage":87,"enemies":"Gensokyo:Eternal_Rivals","floor":33,"turns":6}],"seed_played":"3743058431381912712","potions_obtained":[{"floor":1.0,"key":"DuplicationPotion"},{"floor":10.0,"key":"Explosive Potion"},{"floor":14.0,"key":"AttackPotion"},{"floor":16.0,"key":"Block Potion"},{"floor":25,"key":"DistilledChaos"},{"floor":28,"key":"Fire Potion"}],"is_trial":false,"path_per_floor":["M","?","$","?","M","R","E","M","T","M","R","E","M","M","R","B",null,"M","$","?","?","?","E","?","M","T","E","M","$","R","M","R","B"],"character_chosen":"THE_SERVANT","items_purchased":["Membership Card","InstantArmor","War Paint","Lee\u0027s Waffle"],"campfire_rested":0,"item_purchase_floors":[19,19,19,29],"current_hp_per_floor":[65,59,59,59,59,59,66,60,60,60,60,58,57,55,55,24,72,72,72,72,67,67,28,28,26,26,17,5,74,74,57,57,0,0],"gold":51,"neow_bonus":"THREE_ENEMY_KILL","is_prod":false,"is_daily":false,"chose_seed":false,"campfire_upgraded":5,"win_rate":0,"timestamp":1607509364,"path_taken":["M","?","$","?","M","R","E","M","T","?","R","E","?","M","R","BOSS","M","$","?","?","?","E","?","M","T","E","M","?","R","M","R","BOSS"],"build_version":"2020-11-30","purchased_purges":2,"victory":false,"max_hp_per_floor":[65,65,65,65,65,65,72,72,72,72,72,72,72,72,72,72,72,72,72,72,67,67,67,67,67,67,67,67,74,74,74,74,74,74],"card_choices":[{"not_picked":["Reset","FastForward"],"picked":"Rearm","floor":1.0},{"not_picked":["MoonPhase","Potential","Revamp"],"picked":"SKIP","floor":5.0},{"not_picked":["Rewind","Snipe"],"picked":"SilverBlades","floor":7.0},{"not_picked":["Misdirection","Rewind"],"picked":"FastForward","floor":8.0},{"not_picked":["Starlight","Shuttle"],"picked":"BestPractice","floor":10.0},{"not_picked":["Unruled","StarChef","Defy"],"picked":"SKIP","floor":12.0},{"not_picked":["Starlight","BestPractice","ShiftingGears"],"picked":"SKIP","floor":13.0},{"not_picked":["Shuttle","Rearm"],"picked":"BottledTime","floor":14.0},{"not_picked":["PendulumOfEternity","Solidify"],"picked":"Sunlight","floor":16.0},{"not_picked":["ShiftingGears+1","ShatteredReality","DualDimension"],"picked":"SKIP","floor":18.0},{"not_picked":["Rewind","Unruled"],"picked":"WasteNot","floor":23.0},{"not_picked":["WasteNot+1","Replace","Spin+1"],"picked":"SKIP","floor":25},{"not_picked":["Read","FastForward","DoubleEdge"],"picked":"SKIP","floor":27},{"not_picked":["TimeWarp","FastForward"],"picked":"BottledTime+1","floor":28},{"not_picked":["Revamp","Alleviate","TimeWarp"],"picked":"SKIP","floor":31}],"player_experience":139238,"relics_obtained":[{"floor":7.0,"key":"Strawberry"},{"floor":9.0,"key":"Happy Flower"},{"floor":12.0,"key":"Letter Opener"},{"floor":23.0,"key":"Gensokyo:ConquerorOfFear"},{"floor":23.0,"key":"Whetstone"},{"floor":26,"key":"The Courier"},{"floor":27,"key":"Smiling Mask"}],"event_choices":[],"is_beta":false,"boss_relics":[{"not_picked":["SacredBark","Fusion Hammer"],"picked":"Runic Dome"}],"items_purged_floors":[3,19],"is_endless":false,"potions_floor_spawned":[1,10,14,16,18,25,28],"killed_by":"Gensokyo:Eternal_Rivals","ascension_level":2}}