{"host":"p245q48pmopyklqs","time":1607493135,"event":{"gold_per_floor":[20,20,20,40,54,54,70,70,70],"floor_reached":8,"playtime":300,"items_purged":[],"score":96,"play_id":"e115fe69-efb0-4b28-829a-721380f5c8e5","local_time":"20201209145215","is_ascension_mode":true,"campfire_choices":[{"data":"Envenom","floor":6.0,"key":"SMITH"}],"neow_cost":"NO_GOLD","seed_source_timestamp":11229038304100,"circlet_count":0,"master_deck":["AscendersBane","Strike_G","Strike_G","Strike_G","Strike_G","Strike_G","Defend_G","Defend_G","Defend_G","Defend_G","Survivor","Neutralize","Envenom+1","Deadly Poison","Backflip","Backstab","Quick Slash"],"special_seed":0,"relics":["Ring of the Snake","Golden Idol"],"potions_floor_usage":[8],"damage_taken":[{"damage":9.0,"enemies":"Small Slimes","floor":1.0,"turns":6.0},{"damage":0.0,"enemies":"Cultist","floor":4.0,"turns":4.0},{"damage":1.0,"enemies":"Jaw Worm","floor":5.0,"turns":4.0},{"damage":15.0,"enemies":"Exordium Wildlife","floor":7.0,"turns":5.0},{"damage":36,"enemies":"Gremlin Nob","floor":8,"turns":3}],"seed_played":"-9075514492215129703","potions_obtained":[{"floor":5.0,"key":"Poison Potion"}],"is_trial":false,"path_per_floor":["M","?","?","M","M","R","M","E"],"character_chosen":"THE_SILENT","items_purchased":[],"campfire_rested":0,"item_purchase_floors":[],"current_hp_per_floor":[50,27,27,27,26,26,11,0,0],"gold":70,"neow_bonus":"THREE_RARE_CARDS","is_prod":false,"is_daily":false,"chose_seed":false,"campfire_upgraded":1,"win_rate":0,"timestamp":1607493135,"path_taken":["M","?","?","M","M","R","M","E"],"build_version":"2020-11-30","purchased_purges":0,"victory":false,"max_hp_per_floor":[66,66,66,66,66,66,66,66,66],"relic_stats":{"counters":[5,22],"Golden Idol":10,"obtain_stats":[{"Golden Idol":2,"Ring of the Snake":0},{"Golden Idol":1,"Ring of the Snake":0},{"Golden Idol":6,"Ring of the Snake":0}],"Ring of the Snake":[10]},"card_choices":[{"not_picked":["Bullet Time","Burst"],"picked":"Envenom","floor":0.0},{"not_picked":["Tactician","Caltrops"],"picked":"Deadly Poison","floor":1.0},{"not_picked":["Reflex","Outmaneuver"],"picked":"Backflip","floor":4.0},{"not_picked":["Eviscerate","Dagger Throw"],"picked":"Backstab","floor":5.0},{"not_picked":["Sucker Punch","Backflip"],"picked":"Quick Slash","floor":7.0}],"player_experience":2242457,"relics_obtained":[],"event_choices":[{"damage_healed":0.0,"max_hp_gain":0.0,"max_hp_loss":0.0,"gold_gain":0.0,"event_name":"Golden Idol","player_choice":"Take Damage","floor":2.0,"gold_loss":0.0,"damage_taken":23.0,"relics_obtained":["Golden Idol"]},{"cards_removed":["Defend_G"],"damage_healed":0.0,"max_hp_gain":0.0,"max_hp_loss":0.0,"gold_gain":0.0,"event_name":"Purifier","player_choice":"Purged","floor":3.0,"gold_loss":0.0,"damage_taken":0.0}],"is_beta":false,"boss_relics":[],"items_purged_floors":[],"is_endless":false,"potions_floor_spawned":[5],"killed_by":"Gremlin Nob","ascension_level":20}}