{"host":"qqjv58wfhopf6ysa","time":1607495355,"event":{"gold_per_floor":[113,129,54,54,54,54,54,54,54,87,105,105],"floor_reached":11,"playtime":104,"items_purged":["Strike_B"],"score":96,"play_id":"6a432f7a-ec3c-4fa0-822f-638b9d13d929","local_time":"20201209152915","is_ascension_mode":false,"campfire_choices":[{"data":"Fusion","floor":6,"key":"SMITH"},{"data":"Zap","floor":8,"key":"SMITH"}],"neow_cost":"NONE","seed_source_timestamp":45432371979400,"circlet_count":0,"master_deck":["Strike_B","Strike_B","Strike_B","Defend_B","Defend_B","Defend_B","Zap+1","Dualcast","Fusion+1","Consume+1"],"relics":["Cracked Core","REME_ComplimentaryCards","NeowsBlessing","hubris:Towel","Toxic Egg 2","Quantum Egg","Replay:Baseball"],"potions_floor_usage":[],"damage_taken":[{"damage":0,"enemies":"Small Slimes","floor":1,"turns":1},{"damage":0,"enemies":"2 Louse","floor":2,"turns":1},{"damage":0,"enemies":"Gremlin Nob","floor":10,"turns":1},{"damage":1,"enemies":"Jaw Worm","floor":11,"turns":2}],"seed_played":"-9039589756428220308","potions_obtained":[{"floor":10,"key":"PotionOfCapacity"},{"floor":11,"key":"ColorlessPotion"}],"is_trial":false,"path_per_floor":["M","M","$","?","?","R","?","R","T","E","M"],"character_chosen":"DEFECT","items_purchased":[],"campfire_rested":0,"item_purchase_floors":[],"current_hp_per_floor":[75,75,75,75,57,57,57,57,57,57,56,56],"gold":105,"neow_bonus":"THREE_ENEMY_KILL","is_prod":false,"is_daily":false,"chose_seed":false,"campfire_upgraded":2,"win_rate":0,"timestamp":1607495355,"path_taken":["M","M","$","?","?","R","?","R","T","E","?"],"build_version":"2020-11-30","purchased_purges":1,"victory":false,"max_hp_per_floor":[75,75,75,75,75,75,75,75,75,75,75,75],"card_choices":[{"not_picked":["Leap","Static Discharge","Streamline"],"picked":"SKIP","floor":1},{"not_picked":["Steam Power","ReplayTheSpireMod:Reroute Power"],"picked":"Fusion","floor":2},{"not_picked":["Ball Lightning","Turbo+1","Conserve Battery+1"],"picked":"SKIP","floor":10},{"not_picked":["Cold Snap","Leap+1"],"picked":"Consume+1","floor":11}],"player_experience":405252,"relics_obtained":[{"floor":9,"key":"Quantum Egg"},{"floor":10,"key":"Replay:Baseball"}],"event_choices":[{"damage_healed":0,"gold_gain":0,"player_choice":"Success","damage_taken":18,"relics_obtained":["Toxic Egg 2"],"max_hp_gain":0,"max_hp_loss":0,"event_name":"Scrap Ooze","floor":5,"gold_loss":0}],"is_beta":false,"boss_relics":[],"items_purged_floors":[3],"is_endless":false,"potions_floor_spawned":[10,11],"killed_by":"Jaw Worm","ascension_level":0}}