{"host":"ydedwhtj7an0mou1","time":1607526655,"event":{"gold_per_floor":[109,9647,9647,9667,9667,9667,8952,8984,9063,9095,9127,9162,9162,9192,9192,9194,9194],"floor_reached":16,"playtime":1390,"items_purged":["HollowMod:NailStrikeStart","HollowMod:NailStrikeStart"],"score":213,"play_id":"75c641e2-a302-44d6-8242-d54b40eb7378","local_time":"20201209131055","daily_mods":["Heirloom","Time Dilation","Flight","DeadlyEvents","Elite Swarm"],"is_ascension_mode":true,"campfire_choices":[{"data":"HollowMod:FocusHealStart","floor":6,"key":"SMITH"},{"data":"HollowMod:SlysStrikes","floor":13,"key":"SMITH"},{"data":"HollowMod:QuickDashStart","floor":15,"key":"SMITH"}],"neow_cost":"","seed_source_timestamp":0,"circlet_count":0,"master_deck":["HollowMod:NailStrikeStart","HollowMod:NailStrikeStart+1","HollowMod:QuickDashStart+1","HollowMod:QuickDashStart","HollowMod:QuickDashStart","HollowMod:QuickDashStart","HollowMod:FocusHealStart+1","HollowMod:PogoStrike","HollowMod:SoulStrike","HollowMod:SoulVessel","HollowMod:SoulSplash","HollowMod:MantisMark","HollowMod:PureNailStrike+1","HollowMod:PureNailStrike","HollowMod:Weaversong","HollowMod:SlysStrikes+1","HollowMod:HornetsHelp"],"relics":["HollowMod:VesselMask","hubris:Zylophone","Omamori","hubris:BundleOfHerbs","Hallownest:DreamNailRelic","infinitespire:Satchel","aspiration:StickyExplosives_weak","hubris:HerbalPaste","ReplayTheSpireMod:Lightbulb","Letter Opener","conspire:GlowingRock","Kunai","Whetstone","Replay:Bandana"],"potions_floor_usage":[8,10],"damage_taken":[{"damage":11,"enemies":"Hallownest:2_Tiktiks_and_1_Crawlid","floor":1,"turns":3},{"damage":5,"enemies":"Hallownest:2_Baldur","floor":4,"turns":4},{"damage":29,"enemies":"Hallownest:eliteVengeflyKing","floor":8,"turns":10},{"damage":18,"enemies":"Hallownest:eliteCrystalGuardian","floor":10,"turns":5},{"damage":24,"enemies":"Hallownest:eliteMossKnight","floor":11,"turns":5},{"damage":15,"enemies":"Hallownest:eliteCrystalGuardian","floor":12,"turns":5},{"damage":17,"enemies":"Hallownest:eliteVengeflyKing","floor":14,"turns":6},{"damage":139,"enemies":"Hallownest:BossHornet","floor":16,"turns":6}],"seed_played":"1848246587986436589","potions_obtained":[{"floor":4,"key":"Explosive Potion"},{"floor":8,"key":"Energy Potion"},{"floor":11,"key":"Swift Potion"}],"is_trial":true,"path_per_floor":["M","$","?","M","?","R","$","E","T","E","E","E","R","E","R","B"],"character_chosen":"THE_BUGKNIGHT","items_purchased":["hubris:BundleOfHerbs","HollowMod:SoulVessel","HollowMod:SoulSplash","infinitespire:Satchel","aspiration:StickyExplosives_weak","hubris:HerbalPaste","HollowMod:PureNailStrike"],"campfire_rested":0,"item_purchase_floors":[2,2,2,7,7,7,7],"current_hp_per_floor":[70,70,70,71,71,71,71,56,56,56,48,49,49,48,48,0,0],"gold":9194,"neow_bonus":"","is_prod":false,"is_daily":false,"chose_seed":false,"campfire_upgraded":3,"win_rate":0.0,"timestamp":1607526655,"path_taken":["M","$","?","?","?","R","$","E","T","E","?","E","R","E","R","BOSS"],"build_version":"2020-11-30","purchased_purges":2,"victory":false,"max_hp_per_floor":[75,75,75,75,75,75,75,75,75,75,75,75,75,75,75,75,75],"card_choices":[{"not_picked":["HollowMod:DoubleDash","HollowMod:MawleksShell"],"picked":"HollowMod:SoulStrike","floor":1},{"not_picked":["HollowMod:CornifersMapStart","HollowMod:SoulStrike"],"picked":"HollowMod:MantisMark","floor":4},{"not_picked":["HollowMod:NewInfectedGuardian","HollowMod:SlysStrikes"],"picked":"HollowMod:Weaversong","floor":8},{"not_picked":["HollowMod:NewInfectedGuardian","HollowMod:VoidDash"],"picked":"HollowMod:SlysStrikes","floor":10},{"not_picked":["HollowMod:ElderbugsWisdom","HollowMod:ZotesMagnificence"],"picked":"HollowMod:HornetsHelp","floor":11},{"not_picked":["HollowMod:ElderbugsWisdom","HollowMod:ZotesMagnificence","HollowMod:Hiveblood"],"picked":"SKIP","floor":12},{"not_picked":["HollowMod:SlysStrikes","HollowMod:Hiveblood","HollowMod:VoidDash"],"picked":"SKIP","floor":14}],"player_experience":299508,"relics_obtained":[{"floor":8,"key":"ReplayTheSpireMod:Lightbulb"},{"floor":9,"key":"Letter Opener"},{"floor":10,"key":"conspire:GlowingRock"},{"floor":11,"key":"Kunai"},{"floor":12,"key":"Whetstone"},{"floor":14,"key":"Replay:Bandana"}],"event_choices":[],"is_beta":false,"boss_relics":[],"items_purged_floors":[2,7],"is_endless":true,"potions_floor_spawned":[4,8,11],"killed_by":"Hallownest:BossHornet","ascension_level":1}}