{"host":"dbzukadmkvvxpu74","time":1607505266,"event":{"gold_per_floor":[113,113,17,17,30,62,62,162,162,162,125,125,138,158,158,260,260,275,101,111,129,146,173,173,173],"floor_reached":24,"playtime":1811,"items_purged":[],"score":216,"play_id":"bd3fe756-617c-41b6-a3f1-f6b3eff24104","local_time":"20201209021426","is_ascension_mode":false,"campfire_choices":[{"data":"Armaments","floor":7,"key":"SMITH"},{"data":"Rampage","floor":10,"key":"SMITH"},{"data":"Flex","floor":12,"key":"SMITH"},{"data":"Run Through","floor":15,"key":"SMITH"}],"neow_cost":"NONE","seed_source_timestamp":20829272830300,"circlet_count":0,"master_deck":["Strike_R","Strike_R","Strike_R","Strike_R","Strike_R","Defend_R","Defend_R","Defend_R","Defend_R","Bash","Fiend Fire","Infernal Blade","Metallicize+1","Flex+1","Rampage+1","Armaments+1","Twin Strike","Twin Strike","Life Link","Run Through+1","Limit Break","Seeing Red+1","Mayhem","Anger","Demon Form","Twin Strike+1"],"relics":["Burning Blood","Replay:WaspNest","NlothsMask","Juzu Bracelet","Velvet Choker","Pen Nib"],"potions_floor_usage":[23],"damage_taken":[{"damage":0,"enemies":"2 Louse","floor":1,"turns":3},{"damage":0,"enemies":"Cultist","floor":5,"turns":2},{"damage":13,"enemies":"3 Sentries","floor":6,"turns":8},{"damage":7,"enemies":"Small Slimes","floor":13,"turns":3},{"damage":3,"enemies":"Blue Slaver","floor":14,"turns":4},{"damage":43,"enemies":"Hexaghost","floor":16,"turns":6},{"damage":11,"enemies":"2 Thieves","floor":18,"turns":4},{"damage":5,"enemies":"Chosen","floor":20,"turns":4},{"damage":29,"enemies":"3 Cultists","floor":21,"turns":5},{"damage":23,"enemies":"Centurion and Healer","floor":22,"turns":6},{"damage":31,"enemies":"Slavers","floor":23,"turns":5},{"damage":12,"enemies":"Snake Plant","floor":24,"turns":2}],"seed_played":"1431410662457816344","potions_obtained":[{"floor":1,"key":"Doom Potion"},{"floor":14,"key":"Toxic Potion"},{"floor":22,"key":"Milkshake"},{"floor":23,"key":"Milkshake"}],"is_trial":false,"path_per_floor":["M","?","$","?","M","E","R","?","T","R","$","R","M","M","R","B",null,"M","$","M","M","M","E","M"],"character_chosen":"IRONCLAD","items_purchased":["Metallicize+1","Flex","Twin Strike","Mayhem"],"campfire_rested":0,"item_purchase_floors":[3,3,11,19],"current_hp_per_floor":[80,80,80,80,80,73,73,73,73,73,73,73,72,75,75,38,80,75,75,76,53,36,11,0,0],"gold":173,"neow_bonus":"ONE_RANDOM_RARE_CARD","is_prod":false,"is_daily":false,"chose_seed":false,"campfire_upgraded":4,"win_rate":0.0,"timestamp":1607505266,"path_taken":["M","?","?","?","M","E","R","?","T","R","?","R","M","M","R","BOSS","M","?","M","M","M","E","M"],"build_version":"2020-11-30","purchased_purges":0,"victory":false,"max_hp_per_floor":[80,80,80,80,80,80,80,80,80,80,80,80,80,80,80,80,80,80,80,80,80,80,80,80,80],"card_choices":[{"not_picked":["Life Link","Run Through"],"picked":"Infernal Blade","floor":1},{"not_picked":["Iron Wave","Armaments"],"picked":"Rampage","floor":5},{"not_picked":["Feel No Pain","Iron Wave"],"picked":"Armaments","floor":6},{"not_picked":["Thunderclap","Heavy Blade"],"picked":"Life Link","floor":13},{"not_picked":["Warcry","Massacre"],"picked":"Run Through","floor":14},{"not_picked":["Reaper","Replay:Many Hands"],"picked":"Limit Break","floor":16},{"not_picked":["Battle Trance","Perfected Strike"],"picked":"Seeing Red+1","floor":18},{"not_picked":["Sword Boomerang","Headbutt"],"picked":"Anger","floor":20},{"not_picked":["Replay:Undeath\u0027s Touch","Armaments","Rampage"],"picked":"SKIP","floor":21},{"not_picked":["Dropkick","Intimidate"],"picked":"Demon Form","floor":22},{"not_picked":["Pommel Strike","Perfected Strike"],"picked":"Twin Strike+1","floor":23}],"player_experience":14850,"relics_obtained":[{"floor":6,"key":"Juzu Bracelet"},{"floor":23,"key":"Pen Nib"}],"event_choices":[{"damage_healed":0,"gold_gain":0,"player_choice":"Gave Potion","damage_taken":0,"relics_obtained":["Replay:WaspNest"],"max_hp_gain":0,"max_hp_loss":0,"event_name":"WeMeetAgain","floor":2,"gold_loss":0},{"damage_healed":0,"gold_gain":0,"player_choice":"Trade","damage_taken":0,"relics_obtained":["NlothsMask"],"max_hp_gain":0,"max_hp_loss":0,"event_name":"FaceTrader","floor":4,"gold_loss":0},{"damage_healed":0,"gold_gain":100,"player_choice":"Pray","damage_taken":0,"max_hp_gain":0,"max_hp_loss":0,"event_name":"Golden Shrine","floor":8,"gold_loss":0}],"is_beta":false,"boss_relics":[{"not_picked":["Mark of Pain","Calling Bell"],"picked":"Velvet Choker"}],"items_purged_floors":[],"is_endless":false,"potions_floor_spawned":[1,14,22,23],"killed_by":"Snake Plant","ascension_level":0}}