{"host":"ueef25wtkg2eer3h","time":1607551750,"event":{"gold_per_floor":[10,30,30,42,52,85,85,115,115,128,33,33,33,52,52,152,152,136,152,152,169,94,94,94],"floor_reached":23,"playtime":1047,"items_purged":[],"score":284,"play_id":"b18db0c1-4c7c-4677-a486-66befc3d0623","local_time":"20201209230910","is_ascension_mode":true,"campfire_choices":[{"floor":7.0,"key":"REST"},{"floor":12.0,"key":"REST"},{"floor":15.0,"key":"REST"}],"neow_cost":"NO_GOLD","seed_source_timestamp":0,"circlet_count":0,"master_deck":["Strike_B","Strike_B","Defend_B","Defend_B","Defend_B","Zap","Dualcast","Gash","Sweeping Beam","Cold Snap","Doom and Gloom","Chill","Chill","Leap","Dramatic Entrance","Reinforced Body","Zap","Hologram","Seek","Chill","Skim+1","Gash+1"],"special_seed":0,"relics":["Cracked Core","Du-Vu Doll","Sundial","Oddly Smooth Stone","Bottled Lightning","Cursed Key"],"potions_floor_usage":[23,23],"damage_taken":[{"damage":1.0,"enemies":"Small Slimes","floor":1.0,"turns":4.0},{"damage":16.0,"enemies":"2 Louse","floor":2.0,"turns":2.0},{"damage":1.0,"enemies":"Cultist","floor":4.0,"turns":3.0},{"damage":2.0,"enemies":"Exordium Wildlife","floor":5.0,"turns":6.0},{"damage":24.0,"enemies":"Lagavulin","floor":6.0,"turns":6.0},{"damage":40.0,"enemies":"Gremlin Nob","floor":8.0,"turns":5.0},{"damage":2.0,"enemies":"Large Slime","floor":10.0,"turns":5.0},{"damage":0.0,"enemies":"3 Louse","floor":14.0,"turns":1.0},{"damage":30.0,"enemies":"Slime Boss","floor":16.0,"turns":10.0},{"damage":8.0,"enemies":"2 Thieves","floor":18.0,"turns":4.0},{"damage":16.0,"enemies":"Chosen","floor":19.0,"turns":6.0},{"damage":17.0,"enemies":"Sentry and Sphere","floor":21.0,"turns":6.0},{"damage":24,"enemies":"Book of Stabbing","floor":23,"turns":6}],"seed_played":"-1715923118062038642","potions_obtained":[{"floor":1.0,"key":"SkillPotion"},{"floor":4.0,"key":"EssenceOfSteel"},{"floor":6.0,"key":"ColorlessPotion"},{"floor":10.0,"key":"Energy Potion"},{"floor":18.0,"key":"Ancient Potion"},{"floor":19.0,"key":"Block Potion"}],"is_trial":false,"path_per_floor":["M","M","?","M","M","E","R","E","T","M","$","R","?","M","R","B",null,"M","M","?","M","?","E"],"character_chosen":"DEFECT","items_purchased":["Dramatic Entrance"],"campfire_rested":3,"item_purchase_floors":[11],"current_hp_per_floor":[67,51,51,50,48,24,46,6,6,4,4,26,26,26,48,18,61,53,37,37,20,20,0,0],"gold":94,"neow_bonus":"ONE_RARE_RELIC","is_prod":false,"is_daily":false,"chose_seed":false,"campfire_upgraded":0,"win_rate":0,"timestamp":1607551750,"path_taken":["M","M","?","M","M","E","R","E","T","M","$","R","?","M","R","BOSS","M","?","?","M","?","E"],"build_version":"2020-11-30","purchased_purges":0,"victory":false,"max_hp_per_floor":[75,75,75,75,75,75,75,75,75,75,75,75,75,75,75,75,75,75,75,75,75,75,75,75],"card_choices":[{"not_picked":["Chaos","Reinforced Body"],"picked":"Gash","floor":1.0},{"not_picked":["Conserve Battery","Melter"],"picked":"Sweeping Beam","floor":2.0},{"not_picked":["Chaos","Scrape"],"picked":"Cold Snap","floor":4.0},{"not_picked":["Cold Snap","Leap"],"picked":"Doom and Gloom","floor":5.0},{"not_picked":["Reboot","Tempest"],"picked":"Chill","floor":6.0},{"not_picked":["Force Field","Fusion"],"picked":"Chill","floor":8.0},{"not_picked":["Heatsinks","Hologram"],"picked":"Leap","floor":10.0},{"not_picked":["Genetic Algorithm","Leap"],"picked":"Hologram","floor":14.0},{"not_picked":["Biased Cognition","Multi-Cast"],"picked":"Seek","floor":16.0},{"not_picked":["Steam Power+1","Rebound"],"picked":"Chill","floor":18.0},{"not_picked":["Leap","Force Field"],"picked":"Skim+1","floor":19.0},{"not_picked":["Hologram","Cold Snap"],"picked":"Gash+1","floor":21.0}],"player_experience":218071,"relics_obtained":[{"floor":6.0,"key":"Sundial"},{"floor":8.0,"key":"Oddly Smooth Stone"},{"floor":9.0,"key":"Bottled Lightning"}],"event_choices":[{"cards_removed":["Strike_B"],"damage_healed":0.0,"max_hp_gain":0.0,"max_hp_loss":0.0,"gold_gain":0.0,"event_name":"Living Wall","player_choice":"Forget","floor":3.0,"gold_loss":0.0,"damage_taken":0.0},{"damage_healed":0.0,"max_hp_gain":0.0,"max_hp_loss":0.0,"gold_gain":0.0,"event_name":"Match and Keep!","player_choice":"2 cards matched","floor":13.0,"gold_loss":0.0,"damage_taken":0.0,"cards_obtained":["Reinforced Body","Zap"]},{"cards_removed":["Defend_B"],"damage_healed":0.0,"max_hp_gain":0.0,"max_hp_loss":0.0,"gold_gain":0.0,"event_name":"Back to Basics","player_choice":"Elegance","floor":20.0,"gold_loss":0.0,"damage_taken":0.0},{"cards_removed":["Strike_B"],"damage_healed":0.0,"max_hp_gain":0.0,"max_hp_loss":0.0,"gold_gain":0.0,"event_name":"Beggar","player_choice":"Gave Gold","floor":22.0,"gold_loss":75.0,"damage_taken":0.0}],"is_beta":false,"boss_relics":[{"not_picked":["Tiny House","Velvet Choker"],"picked":"Cursed Key"}],"items_purged_floors":[],"is_endless":false,"potions_floor_spawned":[1,4,6,10,18,19],"killed_by":"Book of Stabbing","ascension_level":8}}