{"host":"do5be0rrwzdbe7ng","time":1607511344,"event":{"gold_per_floor":[109,120,120,120,135,135,153,153,176,192,212,230,230,103,103,180,180,192,92,52,52,52,77,2,2,2,2,17,37,47,47,47,123,123,134,0,25,25,43,43,43,77,101,101,127,141,141,157,157,157],"floor_reached":51,"playtime":1906,"items_purged":["Strike_G","Strike_G"],"score":1493,"play_id":"9757a699-084b-4aa0-9d03-8197004a8d30","local_time":"20201209195544","is_ascension_mode":true,"campfire_choices":[{"data":"Blade Dance","floor":6.0,"key":"SMITH"},{"data":"Leg Sweep","floor":8.0,"key":"SMITH"},{"data":"Well Laid Plans","floor":13.0,"key":"SMITH"},{"data":"Cloak And Dagger","floor":15.0,"key":"SMITH"},{"data":"Bullet Time","floor":25.0,"key":"SMITH"},{"data":"Cloak And Dagger","floor":27.0,"key":"SMITH"},{"data":"Accuracy","floor":32.0,"key":"SMITH"},{"data":"Finisher","floor":40.0,"key":"SMITH"},{"data":"Choke","floor":47,"key":"SMITH"},{"data":"Reflex","floor":49,"key":"SMITH"}],"neow_cost":"NONE","seed_source_timestamp":5794475707672100,"circlet_count":0,"master_deck":["AscendersBane","Defend_G","Defend_G","Defend_G","Defend_G","Survivor","Neutralize","Dagger Throw","Blade Dance+1","Backflip","Leg Sweep+1","Choke+1","Finisher+1","Cloak And Dagger+1","Bullet Time+1","Cloak And Dagger+1","Reflex+1","Accuracy+1","After Image","Dagger Throw+1","Blade Dance+1","Wraith Form v2+1","Panacea"],"special_seed":0,"relics":["Coffee Dripper","Akabeko","Runic Pyramid","Smiling Mask","Bronze Scales","Astrolabe","Red Mask","Lizard Tail","StoneCalendar","Nunchaku","Strawberry"],"potions_floor_usage":[46,50],"damage_taken":[{"damage":2.0,"enemies":"Jaw Worm","floor":1.0,"turns":5.0},{"damage":2.0,"enemies":"Small Slimes","floor":2.0,"turns":4.0},{"damage":4.0,"enemies":"Cultist","floor":5.0,"turns":3.0},{"damage":4.0,"enemies":"Blue Slaver","floor":7.0,"turns":2.0},{"damage":0.0,"enemies":"Exordium Thugs","floor":10.0,"turns":4.0},{"damage":19.0,"enemies":"Large Slime","floor":11.0,"turns":5.0},{"damage":1.0,"enemies":"Red Slaver","floor":12.0,"turns":3.0},{"damage":1.0,"enemies":"The Guardian","floor":16.0,"turns":9.0},{"damage":7.0,"enemies":"Shell Parasite","floor":18.0,"turns":5.0},{"damage":7.0,"enemies":"Gremlin Leader","floor":23.0,"turns":5.0},{"damage":0.0,"enemies":"Spheric Guardian","floor":28.0,"turns":3.0},{"damage":4.0,"enemies":"Snake Plant","floor":29.0,"turns":3.0},{"damage":8.0,"enemies":"Centurion and Healer","floor":30.0,"turns":6.0},{"damage":14.0,"enemies":"Collector","floor":33.0,"turns":7.0},{"damage":0.0,"enemies":"3 Shapes","floor":35.0,"turns":2.0},{"damage":11.0,"enemies":"Mind Bloom Boss Battle","floor":37.0,"turns":3.0},{"damage":7.0,"enemies":"3 Darklings","floor":39.0,"turns":5.0},{"damage":0.0,"enemies":"Reptomancer","floor":42.0,"turns":5.0},{"damage":0,"enemies":"Nemesis","floor":45,"turns":5},{"damage":18,"enemies":"4 Shapes","floor":46,"turns":6},{"damage":2,"enemies":"Sphere and 2 Shapes","floor":48,"turns":3},{"damage":16,"enemies":"Awakened One","floor":50,"turns":8}],"seed_played":"-616322538523194665","potions_obtained":[{"floor":2.0,"key":"Strength Potion"},{"floor":5.0,"key":"Block Potion"},{"floor":18.0,"key":"GamblersBrew"},{"floor":20.0,"key":"Strength Potion"},{"floor":20.0,"key":"CultistPotion"},{"floor":35.0,"key":"LiquidMemories"},{"floor":45,"key":"Weak Potion"}],"is_trial":false,"path_per_floor":["M","M","?","?","M","R","M","R","T","M","M","M","R","$","R","B",null,"M","$","?","$","$","E","?","R","T","R","M","M","M","?","R","B",null,"M","?","?","?","M","R","$","E","T","?","E","M","R","M","R","B",null],"character_chosen":"THE_SILENT","items_purchased":["Cloak And Dagger"],"campfire_rested":0,"item_purchase_floors":[14],"current_hp_per_floor":[57,55,48,39,35,35,31,31,31,31,12,11,11,11,11,10,52,45,45,45,45,45,38,38,38,38,38,38,34,26,26,26,12,53,53,53,42,42,35,35,35,35,35,35,42,24,24,22,22,6],"gold":157,"neow_bonus":"BOSS_RELIC","is_prod":false,"is_daily":false,"chose_seed":false,"campfire_upgraded":10,"win_rate":0,"timestamp":1607511344,"path_taken":["M","M","?","?","?","R","M","R","T","M","M","M","R","$","R","BOSS","M","$","?","?","$","E","?","R","T","R","M","?","M","?","R","BOSS","M","?","?","?","M","R","$","E","T","?","E","M","R","M","R","BOSS"],"build_version":"2020-11-30","purchased_purges":2,"victory":true,"max_hp_per_floor":[66,66,66,66,66,66,66,66,66,66,66,66,66,66,66,66,66,66,66,66,66,66,66,66,66,66,66,66,66,66,66,66,66,66,66,66,66,66,66,66,66,66,66,63,70,70,70,70,70,70],"card_choices":[{"not_picked":["Setup","Flechettes"],"picked":"Dagger Throw","floor":1.0},{"not_picked":["Deadly Poison","Deflect"],"picked":"Blade Dance","floor":2.0},{"not_picked":["Endless Agony","Deadly Poison"],"picked":"Backflip","floor":5.0},{"not_picked":["Glass Knife","Choke"],"picked":"Leg Sweep","floor":7.0},{"not_picked":["Sucker Punch","Dagger Spray"],"picked":"Choke","floor":10.0},{"not_picked":["Catalyst","Noxious Fumes"],"picked":"Finisher","floor":11.0},{"not_picked":["Deflect","Sucker Punch"],"picked":"Well Laid Plans","floor":12.0},{"not_picked":["Burst","Venomology"],"picked":"Bullet Time","floor":16.0},{"not_picked":["Well Laid Plans","Deadly Poison"],"picked":"Cloak And Dagger","floor":18.0},{"not_picked":["Eviscerate","Quick Slash","Dodge and Roll"],"picked":"SKIP","floor":23.0},{"not_picked":["Bane","Dagger Throw"],"picked":"Reflex","floor":28.0},{"not_picked":["Acrobatics","Cloak And Dagger","Backflip+1"],"picked":"SKIP","floor":29.0},{"not_picked":["Underhanded Strike","All Out Attack"],"picked":"Accuracy","floor":30.0},{"not_picked":["Malaise","Adrenaline"],"picked":"After Image","floor":33.0},{"not_picked":["Slice+1","Distraction","Bane"],"picked":"SKIP","floor":35.0},{"not_picked":["PanicButton","Enlightenment"],"picked":"Panacea","floor":38.0},{"not_picked":["PiercingWail+1","Flying Knee","Eviscerate"],"picked":"SKIP","floor":39.0},{"not_picked":["Malaise","Outmaneuver","Sucker Punch"],"picked":"SKIP","floor":42.0},{"not_picked":["Expertise","Prepared","Dash"],"picked":"SKIP","floor":45},{"not_picked":["Dagger Throw+1","Sucker Punch","Backflip"],"picked":"SKIP","floor":46},{"not_picked":["Flying Knee","Masterful Stab","Eviscerate"],"picked":"SKIP","floor":48}],"player_experience":332045,"relics_obtained":[{"floor":9.0,"key":"Akabeko"},{"floor":23.0,"key":"Smiling Mask"},{"floor":26.0,"key":"Bronze Scales"},{"floor":37.0,"key":"Lizard Tail"},{"floor":42.0,"key":"StoneCalendar"},{"floor":43.0,"key":"Nunchaku"},{"floor":45,"key":"Strawberry"}],"event_choices":[{"cards_removed":["Strike_G"],"damage_healed":0.0,"max_hp_gain":0.0,"max_hp_loss":0.0,"gold_gain":0.0,"event_name":"Golden Wing","player_choice":"Card Removal","floor":3.0,"gold_loss":0.0,"damage_taken":7.0},{"damage_healed":0.0,"max_hp_gain":0.0,"max_hp_loss":0.0,"gold_gain":0.0,"event_name":"Wheel of Change","player_choice":"Damaged","floor":4.0,"gold_loss":0.0,"damage_taken":9.0},{"damage_healed":0.0,"max_hp_gain":0.0,"max_hp_loss":0.0,"gold_gain":0.0,"event_name":"The Woman in Blue","player_choice":"Bought 3 Potions","floor":20.0,"gold_loss":0.0,"damage_taken":0.0},{"cards_removed":["Strike_G"],"damage_healed":0.0,"max_hp_gain":0.0,"max_hp_loss":0.0,"gold_gain":0.0,"event_name":"Designer","player_choice":"Single Remove","floor":24.0,"gold_loss":75.0,"damage_taken":0.0},{"damage_healed":0.0,"max_hp_gain":0.0,"max_hp_loss":0.0,"gold_gain":0.0,"event_name":"Cursed Tome","player_choice":"Ignored","floor":31.0,"gold_loss":0.0,"damage_taken":0.0},{"damage_healed":0.0,"max_hp_gain":0.0,"max_hp_loss":0.0,"gold_gain":0.0,"event_name":"Tomb of Lord Red Mask","player_choice":"Paid","floor":36.0,"gold_loss":134.0,"damage_taken":0.0,"relics_obtained":["Red Mask"]},{"damage_healed":0.0,"max_hp_gain":0.0,"max_hp_loss":0.0,"gold_gain":0.0,"event_name":"MindBloom","player_choice":"Fight","floor":37.0,"gold_loss":0.0,"damage_taken":0.0},{"damage_healed":0.0,"max_hp_gain":0.0,"max_hp_loss":0.0,"gold_gain":0.0,"event_name":"SensoryStone","player_choice":"Memory 1","floor":38.0,"gold_loss":0.0,"damage_taken":0.0},{"damage_healed":0.0,"max_hp_gain":0.0,"max_hp_loss":3.0,"gold_gain":0.0,"event_name":"Winding Halls","player_choice":"Max HP","floor":44.0,"gold_loss":0.0,"damage_taken":0.0}],"is_beta":false,"boss_relics":[{"not_picked":["Snecko Eye","Runic Dome"],"picked":"Runic Pyramid"},{"not_picked":["Sozu","Busted Crown"],"picked":"Astrolabe"}],"items_purged_floors":[14,19],"is_endless":false,"potions_floor_spawned":[2,5,12,18,30,35,39,45],"ascension_level":19}}