{"host":"lpze9ywvzk5bsxql","time":1607519896,"event":{"gold_per_floor":[109,109,123,198,210,245,245,278,278,278,294,51,79,79,134,237,237,250,250,444,464,52,87,87,119,119,139,159,159,159,187,187,300,300,327,327,391,467,497,542,542,572,595,618,663,210,210,64,64,80,80,80,80,130,144,144],"floor_reached":55,"playtime":4986,"items_purged":["ICR:RageStrike","ICR:RageStrike"],"score":861,"play_id":"9f97def3-d335-4fcb-82c3-21026c606846","local_time":"20201209141816","is_ascension_mode":true,"campfire_choices":[{"data":"Demon Form","floor":7,"key":"SMITH"},{"data":"Anger","floor":10,"key":"SMITH"},{"floor":24,"key":"REST"},{"data":"Metallicize","floor":29,"key":"SMITH"},{"floor":32,"key":"RECALL"},{"floor":41,"key":"REST"},{"floor":47,"key":"REST"},{"floor":49,"key":"REST"},{"floor":52,"key":"DIG"}],"neow_cost":"NONE","seed_source_timestamp":535351076445200,"circlet_count":0,"master_deck":["Bash","ICR:RageStrike","ICR:RageStrike","ICR:ShieldBash","ICR:ShieldBash","ICR:ShieldBash","ICR:ShieldBash","Bludgeon","ReplayTheSpireMod:Stacked","Demon Form+1","Anger+1","Cleave","Flex+1","Inflame","Shrug It Off+1","Iron Wave+1","Limit Break+1","Thunderclap+1","Disarm+1","Flex+1","Metallicize+1","Good Instincts+1","ICR:Frenzy+1","Rage+1","Iron Wave+1","Sentinel+1","Berserk+1","CurseOfTheBell","Seeing Red+1","ReplayTheSpireMod:LeadingStrike+1","Inflame+1","ReplayTheSpireMod:Limb From Limb+1","Disarm+1","ICR:PowerAttack+1"],"relics":["Burning Blood","Replay:Bottled Flurry","Toxic Egg 2","Molten Egg 2","Bottled Lightning","ReplayTheSpireMod:Spearhead","Ooze Armor","Self Forming Clay","Lizard Tail","Bird Faced Urn","Replay:Bottled Snecko","MutagenicStrength","Replay:Bandana","Calling Bell","Red Skull","HornCleat","Shovel","Girya","Prayer Wheel","Replay:Bottled Eggs","Sundial","Sling","Strawberry","Toolbox","Iron Hammer","Bag of Preparation"],"potions_floor_usage":[6,13,15,25,31,31,38,40,50,54,55],"damage_taken":[{"damage":3,"enemies":"Jaw Worm","floor":1,"turns":4},{"damage":2,"enemies":"Cultist","floor":3,"turns":3},{"damage":0,"enemies":"2 Louse","floor":5,"turns":3},{"damage":6,"enemies":"Gremlin Nob","floor":6,"turns":3},{"damage":8,"enemies":"Replay:BlueRogue","floor":8,"turns":5},{"damage":3,"enemies":"Large Slime","floor":11,"turns":4},{"damage":6,"enemies":"3 Sentries","floor":13,"turns":5},{"damage":8,"enemies":"Gremlin Nob","floor":15,"turns":4},{"damage":23,"enemies":"Hexaghost","floor":16,"turns":7},{"damage":23,"enemies":"Shell Parasite","floor":18,"turns":4},{"damage":12,"enemies":"2 Thieves","floor":21,"turns":2},{"damage":17,"enemies":"Slavers","floor":23,"turns":4},{"damage":18,"enemies":"Book of Stabbing","floor":25,"turns":4},{"damage":6,"enemies":"Snake Plant","floor":27,"turns":4},{"damage":1,"enemies":"Cultist and Chosen","floor":28,"turns":6},{"damage":3,"enemies":"Gremlin Leader","floor":31,"turns":5},{"damage":33,"enemies":"Automaton","floor":33,"turns":8},{"damage":21,"enemies":"Orb Walker","floor":35,"turns":4},{"damage":16,"enemies":"Mind Bloom Boss Battle","floor":37,"turns":5},{"damage":33,"enemies":"2 Orb Walkers","floor":38,"turns":6},{"damage":3,"enemies":"3 Shapes","floor":39,"turns":3},{"damage":43,"enemies":"Reptomancer","floor":40,"turns":7},{"damage":0,"enemies":"Jaw Worm Horde","floor":42,"turns":3},{"damage":20,"enemies":"Sphere and 2 Shapes","floor":44,"turns":5},{"damage":45,"enemies":"Giant Head","floor":45,"turns":8},{"damage":72,"enemies":"Awakened One","floor":50,"turns":9},{"damage":74,"enemies":"Shield and Spear","floor":54,"turns":6},{"damage":109,"enemies":"The Heart","floor":55,"turns":8}],"seed_played":"6080444330548820055","potions_obtained":[{"floor":1,"key":"SteroidPotion"},{"floor":11,"key":"HeartOfIron"},{"floor":13,"key":"SteroidPotion"},{"floor":18,"key":"Swift Potion"},{"floor":25,"key":"ElixirPotion"},{"floor":27,"key":"SkillPotion"},{"floor":28,"key":"Fire Potion"},{"floor":31,"key":"Energy Potion"},{"floor":35,"key":"Elixir"},{"floor":38,"key":"AttackPotion"},{"floor":44,"key":"Fire Potion"},{"floor":45,"key":"SmokeBomb"}],"is_trial":false,"path_per_floor":["M","?","M","?","M","E","R","E","T","R","M","$","E","?","R_BF","B",null,"M","?","?","M","$","E","R","E","T","M","M","R","?","E","R","B",null,"M","?","?","?","M","E","R","M","T","M","E","$","R","$","R","B",null,"R","$","E","B"],"character_chosen":"IRONCLAD","items_purchased":["Inflame","Shrug It Off+1","Flex+1","Metallicize","Good Instincts+1","Self Forming Clay","Sling","Strawberry","Energy Potion","Toolbox"],"campfire_rested":4,"item_purchase_floors":[12,12,12,22,22,22,46,46,46,48],"current_hp_per_floor":[80,80,80,69,75,75,75,73,73,73,76,76,76,69,67,50,80,63,63,63,57,57,46,70,58,58,62,73,73,73,80,80,53,80,71,71,67,44,49,22,46,54,54,46,17,24,50,50,76,22,87,87,87,25,0,0],"gold":144,"neow_bonus":"IRONCLAD_RAGER","is_prod":false,"is_daily":false,"chose_seed":false,"campfire_upgraded":3,"win_rate":0,"timestamp":1607519896,"path_taken":["M","?","?","?","M","E","R","E","T","R","M","$","E","?","R_BF","BOSS","M","?","?","M","$","E","R","E","T","M","M","R","?","E","R","BOSS","M","?","?","?","M","E","R","M","T","M","E","?","R","$","R","BOSS","R","$","E","BOSS"],"build_version":"2020-11-30","purchased_purges":2,"victory":false,"max_hp_per_floor":[80,80,80,80,80,80,80,80,80,80,80,80,80,80,80,80,80,80,80,80,80,80,80,80,80,80,80,80,80,80,80,80,80,80,80,80,80,80,80,80,80,80,80,80,80,87,87,87,87,87,87,87,87,87,87,87],"card_choices":[{"not_picked":["Blood for Blood","Sword Boomerang"],"picked":"Abandon","floor":1},{"not_picked":["Havoc","Shrug It Off"],"picked":"ReplayTheSpireMod:Stacked","floor":3},{"not_picked":["Searing Blow","Armaments"],"picked":"Demon Form","floor":5},{"not_picked":["Thunderclap","Replay:Undeath\u0027s Touch"],"picked":"Anger","floor":6},{"not_picked":["Pommel Strike","True Grit+1"],"picked":"Cleave","floor":8},{"not_picked":["Infernal Blade+1","Pommel Strike+1"],"picked":"Flex+1","floor":11},{"not_picked":["Juggernaut","Dark Embrace","Searing Blow+1"],"picked":"SKIP","floor":13},{"not_picked":["Run Through+1","Battle Trance+1"],"picked":"Iron Wave+1","floor":15},{"not_picked":["Impervious+1","Barricade"],"picked":"Limit Break+1","floor":16},{"not_picked":["Perfected Strike+1","Pommel Strike+1"],"picked":"Thunderclap+1","floor":18},{"not_picked":["Iron Wave+1","Entrench+1"],"picked":"Disarm+1","floor":20},{"not_picked":["Clash+1","Life Link"],"picked":"Flex+1","floor":21},{"not_picked":["Body Slam+1","Rupture"],"picked":"ICR:Frenzy+1","floor":23},{"not_picked":["Impervious+1","Armaments+1"],"picked":"Rage+1","floor":25},{"not_picked":["Havoc+1","Shrug It Off+1"],"picked":"Iron Wave+1","floor":27},{"not_picked":["Sword Boomerang+1","Feel No Pain"],"picked":"Sentinel+1","floor":28},{"not_picked":["Bludgeon+1","Body Slam+1","Feel No Pain+1"],"picked":"SKIP","floor":31},{"not_picked":["Brutality","Limit Break+1"],"picked":"Berserk","floor":33},{"not_picked":["Warcry+1","Headbutt+1","Havoc+1"],"picked":"SKIP","floor":35},{"not_picked":["Body Slam+1","Run Through+1"],"picked":"Seeing Red+1","floor":38},{"not_picked":["Battle Trance+1","Wild Strike+1"],"picked":"ReplayTheSpireMod:LeadingStrike+1","floor":39},{"not_picked":["ReplayTheSpireMod:LeadingStrike+1","Dual Wield+1"],"picked":"Inflame+1","floor":39},{"not_picked":["Inflame","ICR:Frenzy+1"],"picked":"ReplayTheSpireMod:Limb From Limb+1","floor":40},{"not_picked":["Clothesline+1","Warcry+1"],"picked":"Disarm+1","floor":42},{"not_picked":["Havoc+1","Body Slam+1","Wild Strike+1"],"picked":"SKIP","floor":42},{"not_picked":["Eclipse+1","Reckless Charge+1","Life Link"],"picked":"SKIP","floor":44},{"not_picked":["Body Slam+1","Run Through+1","Anger+1"],"picked":"SKIP","floor":44},{"not_picked":["Dropkick+1","Replay:Undeath\u0027s Touch+1","Body Slam+1"],"picked":"SKIP","floor":45},{"not_picked":["Havoc+1","Warcry+1"],"picked":"ICR:PowerAttack+1","floor":54}],"player_experience":212034,"relics_obtained":[{"floor":6,"key":"Replay:Bottled Flurry"},{"floor":8,"key":"Toxic Egg 2"},{"floor":9,"key":"Molten Egg 2"},{"floor":13,"key":"Bottled Lightning"},{"floor":15,"key":"ReplayTheSpireMod:Spearhead"},{"floor":23,"key":"Lizard Tail"},{"floor":25,"key":"Bird Faced Urn"},{"floor":26,"key":"Replay:Bottled Snecko"},{"floor":31,"key":"Replay:Bandana"},{"floor":34,"key":"Red Skull"},{"floor":34,"key":"HornCleat"},{"floor":34,"key":"Shovel"},{"floor":37,"key":"Girya"},{"floor":38,"key":"Prayer Wheel"},{"floor":40,"key":"Replay:Bottled Eggs"},{"floor":45,"key":"Sundial"},{"floor":52,"key":"Iron Hammer"},{"floor":54,"key":"Bag of Preparation"}],"event_choices":[{"damage_healed":0,"gold_gain":0,"cards_transformed":["ICR:RageStrike"],"player_choice":"Transformed","damage_taken":0,"max_hp_gain":0,"max_hp_loss":0,"event_name":"Transmorgrifier","floor":2,"gold_loss":0,"cards_obtained":["Bludgeon"]},{"damage_healed":0,"gold_gain":75,"player_choice":"Gold","damage_taken":11,"max_hp_gain":0,"max_hp_loss":0,"event_name":"betterThird:BetterGoop","floor":4,"gold_loss":0},{"cards_removed":["Abandon"],"damage_healed":0,"gold_gain":0,"player_choice":"Card Removal","damage_taken":7,"max_hp_gain":0,"max_hp_loss":0,"event_name":"Golden Wing","floor":14,"gold_loss":0},{"damage_healed":0,"gold_gain":0,"player_choice":"Searched \u00272\u0027 times","damage_taken":0,"max_hp_gain":0,"max_hp_loss":0,"event_name":"Dead Adventurer","floor":15,"gold_loss":0},{"damage_healed":0,"gold_gain":0,"player_choice":"Inject Mutagens","damage_taken":0,"relics_obtained":["MutagenicStrength"],"max_hp_gain":0,"max_hp_loss":0,"event_name":"Drug Dealer","floor":30,"gold_loss":0},{"cards_removed":["Flex"],"damage_healed":0,"gold_gain":0,"player_choice":"Removed Skill","damage_taken":0,"max_hp_gain":0,"max_hp_loss":0,"event_name":"Falling","floor":36,"gold_loss":0},{"damage_healed":0,"gold_gain":0,"player_choice":"Fight","damage_taken":0,"max_hp_gain":0,"max_hp_loss":0,"event_name":"MindBloom","floor":37,"gold_loss":0},{"damage_healed":0,"gold_gain":0,"player_choice":"Fight","damage_taken":0,"max_hp_gain":0,"max_hp_loss":0,"event_name":"Mysterious Sphere","floor":38,"gold_loss":0}],"is_beta":false,"boss_relics":[{"not_picked":["Empty Cage","Runic Dome"],"picked":"Ooze Armor"},{"not_picked":["SacredBark","Kintsugi"],"picked":"Calling Bell"}],"items_purged_floors":[12,46],"is_endless":false,"potions_floor_spawned":[1,11,13,18,25,27,28,31,35,38,44,45],"killed_by":"The Heart","ascension_level":1}}