{"host":"87fdiiwflhrwsj8a","time":1607546904,"event":{"gold_per_floor":[110,110,110,110,119,119,149,299,372,384,413,90,90,109,109,109,109],"floor_reached":16,"playtime":349,"items_purged":[],"score":262,"play_id":"eda2d449-3e09-48b6-92fa-26b21c3be6b7","local_time":"20201209154824","is_ascension_mode":true,"campfire_choices":[{"data":"Lockon","floor":6,"key":"SMITH"},{"data":"ReplayRNGCard","floor":15,"key":"SMITH"}],"neow_cost":"NONE","seed_source_timestamp":101563300000300,"circlet_count":0,"master_deck":["AscendersBane","Strike_B","Strike_B","Strike_B","Strike_B","Defend_B","Defend_B","Defend_B","Defend_B","Zap","Dualcast","Skim","Lockon+1","Amnesia","ReplayRNGCard+1","Static Discharge+1","Regret"],"relics":["Cracked Core","NeowsBlessing","infinitespire:Golems Mask","Gremlin Horn","ReplayTheSpireMod:CursedCoin","infinitespire:FocusingShard","Blue Doll","Pantograph","Replay:Rubber Ducky"],"potions_floor_usage":[11,16],"damage_taken":[{"damage":0,"enemies":"Small Slimes","floor":1,"turns":1},{"damage":0,"enemies":"Gremlin Nob","floor":7,"turns":1},{"damage":0,"enemies":"2 Louse","floor":10,"turns":1},{"damage":5,"enemies":"3 Sentries","floor":11,"turns":3},{"damage":9,"enemies":"Jaw Worm","floor":14,"turns":3},{"damage":45,"enemies":"Fading Forest","floor":16,"turns":7}],"seed_played":"2185368788916064301","potions_obtained":[{"floor":1,"key":"Energy Potion"},{"floor":7,"key":"Venom Potion"},{"floor":10,"key":"infinitespire:BlackPotion"}],"is_trial":false,"path_per_floor":["M","?","?","$","?","R","E","$","T","M","E","$","?","M","R","B"],"character_chosen":"DEFECT","items_purchased":["ReplayTheSpireMod:CursedCoin","Pantograph","Static Discharge+1"],"campfire_rested":0,"item_purchase_floors":[8,12,12],"current_hp_per_floor":[64,64,64,64,41,41,41,41,41,41,36,36,36,27,27,15,15],"gold":109,"neow_bonus":"THREE_ENEMY_KILL","is_prod":false,"is_daily":false,"chose_seed":false,"campfire_upgraded":2,"win_rate":0,"timestamp":1607546904,"path_taken":["M","?","?","$","?","R","E","$","T","?","E","$","?","M","R","BOSS"],"build_version":"2020-11-30","purchased_purges":0,"victory":false,"max_hp_per_floor":[71,71,71,71,71,71,71,71,71,71,71,71,71,71,71,71,71],"card_choices":[{"not_picked":["Auto Shields","ReplaySort"],"picked":"Skim","floor":1},{"not_picked":["Tempest","Hologram"],"picked":"Lockon","floor":5},{"not_picked":["Redo","Go for the Eyes","ReplayTheSpireMod:Reroute Power"],"picked":"SKIP","floor":7},{"not_picked":["Barrage","Compile Driver","BasicCrystalCard"],"picked":"SKIP","floor":10},{"not_picked":["Barrage","Compile Driver","BasicCrystalCard"],"picked":"SKIP","floor":10},{"not_picked":["Steam Power","Panic Button"],"picked":"ReplayRNGCard","floor":11},{"not_picked":["Redo","ReplayTheSpireMod:Calculation Training","Chill"],"picked":"SKIP","floor":14}],"player_experience":2508650,"relics_obtained":[{"floor":5,"key":"infinitespire:Golems Mask"},{"floor":7,"key":"Gremlin Horn"},{"floor":9,"key":"infinitespire:FocusingShard"},{"floor":11,"key":"Blue Doll"}],"event_choices":[{"damage_healed":0,"gold_gain":0,"player_choice":"Ignored","damage_taken":0,"max_hp_gain":0,"max_hp_loss":0,"event_name":"Golden Wing","floor":2,"gold_loss":0},{"damage_healed":0,"gold_gain":0,"player_choice":"Leave","damage_taken":0,"max_hp_gain":0,"max_hp_loss":0,"event_name":"The Cleric","floor":3,"gold_loss":0},{"damage_healed":0,"gold_gain":0,"player_choice":"Box","damage_taken":0,"relics_obtained":["Replay:Rubber Ducky"],"max_hp_gain":0,"max_hp_loss":0,"event_name":"Big Fish","floor":13,"gold_loss":0,"cards_obtained":["Regret"]}],"is_beta":false,"boss_relics":[],"items_purged_floors":[],"is_endless":false,"potions_floor_spawned":[1,7,10],"killed_by":"Fading Forest","ascension_level":20}}