{"host":"9vk21r6l9dtkpvh9","time":1607553213,"event":{"gold_per_floor":[214,225,73,148,158,183,183,212,288,306,340,340,370,404,404,503,503,520,520,535,550,562,562,588,623,623,623,638,657,657,676,676,773,773,783,783,833,851,851,884,884,904,939,955,955,955,974,990,990,990,990,990,5,31,31],"floor_reached":56,"playtime":4666,"items_purged":["Strike_Bartender"],"score":1328,"play_id":"d60faf15-1f73-4550-84d0-abda5f8470be","local_time":"20201209173333","is_ascension_mode":true,"campfire_choices":[{"data":"Blizzard_Spikes","floor":7,"key":"SMITH"},{"floor":12,"key":"REST"},{"data":"With_A_Twist","floor":15,"key":"SMITH"},{"data":"RockBreaker","floor":23,"key":"SMITH"},{"floor":41,"key":"RECALL"},{"data":"1","floor":46,"key":"LIFT"},{"floor":49,"key":"DIG"},{"data":"2","floor":52,"key":"LIFT"}],"neow_cost":"NONE","seed_source_timestamp":161736288575900,"circlet_count":0,"master_deck":["Strike_Bartender","Strike_Bartender","Defend_Bartender","Defend_Bartender","Defend_Bartender","Defend_Bartender","Somersault","Dart","Blizzard_Spikes+1","Fight_Dirty+1","Snap_Punch","Greased_Lightning","Rising_Crane","With_A_Twist+1","Momentum","Hook","Coeurl_Form","Storage","Gatherer:TacticalStrike+1","Raptor_Form","RockBreaker+","Dragonkick","Waterkick","Free_Pour","infinitespire:Starlight","infinitespire:SevenWalls","Surge","Breathe_Deep","Blind","Replay:SS_forest_2","Step_Of_The_Wind","Ball_Of_Ice","Bicycle_Kick","Mirage+1","Axe_Heel_Kick+1","Step_Of_The_Wind","Coeurl_Form","Finesse"],"relics":["Sneakers","ClockworkSouvenir","Akabeko","theSenshi:SailorFukuRelic","potionbrewer:SlideRule","Tiny Chest","ReplayTheSpireMod:TigerMarble","Omamori","vexMod:MysteryBossChallenge","Coffee Dripper","Replay:Baseball","Runesmith:Nanobots","infinitespire:CheckeredPen","infinitespire:Broken Mirror","Coffee Dripper","hubris:VirtuousBlindfold","Girya","Eternal Feather","Cleaning_Rag","infinitespire:Beetle Shell","hubris:BundleOfHerbs","Replay:Rubber Ducky","OrangePellets","hubris:SlimyHat"],"potions_floor_usage":[25,33,50],"damage_taken":[{"damage":1,"enemies":"Cultist","floor":1,"turns":3},{"damage":11,"enemies":"infinitespire:Voidling","floor":2,"turns":7},{"damage":0,"enemies":"2 Louse","floor":5,"turns":3},{"damage":16,"enemies":"3 Sentries","floor":6,"turns":10},{"damage":4,"enemies":"Replay:BlueRogue","floor":8,"turns":7},{"damage":1,"enemies":"2 Fungi Beasts","floor":10,"turns":4},{"damage":14,"enemies":"Gremlin Nob","floor":11,"turns":3},{"damage":0,"enemies":"Exordium Thugs","floor":13,"turns":5},{"damage":8,"enemies":"Replay:BlueRogue","floor":14,"turns":4},{"damage":9,"enemies":"Hexaghost","floor":16,"turns":6},{"damage":0,"enemies":"3 Byrds","floor":18,"turns":3},{"damage":2,"enemies":"conspire:FuzzyDice","floor":20,"turns":4},{"damage":16,"enemies":"Snake Plant","floor":21,"turns":4},{"damage":15,"enemies":"Snecko","floor":22,"turns":4},{"damage":6,"enemies":"Slavers","floor":25,"turns":5},{"damage":15,"enemies":"Shelled Parasite and Fungi","floor":28,"turns":4},{"damage":0,"enemies":"3 Cultists","floor":29,"turns":3},{"damage":13,"enemies":"Centurion and Healer","floor":31,"turns":2},{"damage":28,"enemies":"Collector","floor":33,"turns":5},{"damage":0,"enemies":"3 Shapes","floor":35,"turns":1},{"damage":30,"enemies":"2 Orb Walkers","floor":37,"turns":4},{"damage":9,"enemies":"3 Darklings","floor":38,"turns":4},{"damage":0,"enemies":"Reptomancer","floor":40,"turns":4},{"damage":0,"enemies":"Jaw Worm Horde","floor":42,"turns":2},{"damage":0,"enemies":"4 Shapes","floor":43,"turns":5},{"damage":0,"enemies":"4 Shapes","floor":44,"turns":4},{"damage":0,"enemies":"4 Shapes","floor":45,"turns":2},{"damage":0,"enemies":"Maw","floor":47,"turns":4},{"damage":0,"enemies":"Spire Growth","floor":48,"turns":3},{"damage":17,"enemies":"infinitespire:MassOfShapes","floor":50,"turns":10},{"damage":0,"enemies":"Shield and Spear","floor":54,"turns":6},{"damage":1,"enemies":"The Heart","floor":55,"turns":8}],"seed_played":"-7086251609672386245","potions_obtained":[{"floor":1,"key":"Regen Potion"},{"floor":2,"key":"EssenceOfSteel"},{"floor":10,"key":"potionbrewer:AcidPotion"},{"floor":21,"key":"potionbrewer:QuicksilverPotion"},{"floor":28,"key":"potionbrewer:DiscountPotion"},{"floor":38,"key":"SpeedPotion"},{"floor":40,"key":"SkillPotion"},{"floor":44,"key":"Weak Potion"}],"is_trial":false,"path_per_floor":["M","M","$","?","M","E","R","E","T","M","E","R","MIM","E","R_BF","B",null,"M","?","M","M","M","R","T","E","T","?","M","M","AVR","M","R_BF","B",null,"M","?","?","M","T","E","R","M","MIM","M","?","R","M","M","R_BF","B",null,"R","$","E","B",null],"character_chosen":"BARTENDER","items_purchased":["Fight_Dirty","ClockworkSouvenir","hubris:BundleOfHerbs","Step_Of_The_Wind","Coeurl_Form","Slimebound:ThreeZeroPotion","Replay:Rubber Ducky","OrangePellets","Finesse"],"campfire_rested":1,"item_purchase_floors":[3,3,53,53,53,53,53,53,53],"current_hp_per_floor":[69,68,68,61,61,45,45,41,41,40,26,47,47,39,39,30,70,70,70,68,52,37,37,37,45,45,45,30,30,30,27,48,30,70,70,70,40,41,41,51,70,70,70,70,70,70,70,70,70,63,70,70,70,70,69],"gold":31,"neow_bonus":"HUNDRED_GOLD","is_prod":false,"is_daily":false,"chose_seed":false,"campfire_upgraded":3,"win_rate":0,"timestamp":1607553213,"path_taken":["M","M","$","?","?","E","R","E","T","M","E","R","?","E","R_BF","BOSS","M","?","?","M","M","R","?","E","T","?","M","M","AVR","M","R_BF","BOSS","M","?","?","M","?","E","R","M","MIM","M","?","R","M","M","R_BF","BOSS","R","$","E","BOSS"],"build_version":"2020-11-30","purchased_purges":1,"victory":true,"max_hp_per_floor":[70,70,70,70,70,70,70,70,70,70,70,70,70,70,70,70,70,70,70,70,70,70,70,70,70,70,70,70,70,70,70,70,70,70,70,70,70,70,70,70,70,70,70,70,70,70,70,70,70,70,70,70,70,70,70],"relic_stats":{"OrangePellets":[3],"counters":[32,133],"Tiny Chest":2,"Eternal Feather":19,"obtain_stats":[{"Girya":37,"Runesmith:Nanobots":25,"Sneakers":0,"vexMod:MysteryBossChallenge":17,"hubris:VirtuousBlindfold":34,"Eternal Feather":39,"infinitespire:Beetle Shell":49,"Omamori":14,"hubris:SlimyHat":54,"infinitespire:CheckeredPen":26,"Akabeko":6,"ClockworkSouvenir":3,"Cleaning_Rag":40,"Replay:Rubber Ducky":53,"OrangePellets":53,"Replay:Baseball":24,"infinitespire:Broken Mirror":30,"Tiny Chest":11,"hubris:BundleOfHerbs":53,"ReplayTheSpireMod:TigerMarble":13,"Coffee Dripper":17,"theSenshi:SailorFukuRelic":8,"potionbrewer:SlideRule":9},{"Girya":21,"Runesmith:Nanobots":15,"Sneakers":0,"vexMod:MysteryBossChallenge":10,"hubris:VirtuousBlindfold":19,"Eternal Feather":22,"infinitespire:Beetle Shell":29,"Omamori":9,"hubris:SlimyHat":31,"infinitespire:CheckeredPen":15,"Akabeko":4,"ClockworkSouvenir":2,"Cleaning_Rag":23,"Replay:Rubber Ducky":30,"OrangePellets":30,"Replay:Baseball":14,"infinitespire:Broken Mirror":17,"Tiny Chest":7,"hubris:BundleOfHerbs":30,"ReplayTheSpireMod:TigerMarble":8,"Coffee Dripper":10,"theSenshi:SailorFukuRelic":5,"potionbrewer:SlideRule":5},{"Girya":83,"Runesmith:Nanobots":66,"Sneakers":0,"vexMod:MysteryBossChallenge":49,"hubris:VirtuousBlindfold":79,"Eternal Feather":87,"infinitespire:Beetle Shell":109,"Omamori":44,"hubris:SlimyHat":125,"infinitespire:CheckeredPen":66,"Akabeko":23,"ClockworkSouvenir":10,"Cleaning_Rag":91,"Replay:Rubber Ducky":119,"OrangePellets":119,"Replay:Baseball":61,"infinitespire:Broken Mirror":72,"Tiny Chest":36,"hubris:BundleOfHerbs":119,"ReplayTheSpireMod:TigerMarble":40,"Coffee Dripper":49,"theSenshi:SailorFukuRelic":30,"potionbrewer:SlideRule":30}]},"card_choices":[{"not_picked":["On_The_Rocks","Mirage"],"picked":"Dart","floor":1},{"not_picked":["Stick_and_Move","Vortex"],"picked":"Blizzard_Spikes","floor":2},{"not_picked":["OpoOpo_Form","Center_Self"],"picked":"Snap_Punch","floor":5},{"not_picked":["Scoop","Bitters"],"picked":"Greased_Lightning","floor":6},{"not_picked":["Vortex","Fading_Blow"],"picked":"Rising_Crane","floor":8},{"not_picked":["Snap_Punch","Ripple"],"picked":"With_A_Twist","floor":10},{"not_picked":["With_A_Twist","Combo_Master"],"picked":"Momentum","floor":11},{"not_picked":["Feint","On_The_Rocks"],"picked":"Hook","floor":13},{"not_picked":["Ripple","Center_Self"],"picked":"Coeurl_Form","floor":14},{"not_picked":["Patience","High_Tide"],"picked":"Storage","floor":16},{"not_picked":["Scoop","Bloodbath_Bartender+1","With_A_Twist"],"picked":"SKIP","floor":18},{"not_picked":["Hook","Meditate"],"picked":"Raptor_Form","floor":20},{"not_picked":["Glare+1","Momentum"],"picked":"RockBreaker","floor":21},{"not_picked":["On_The_Rocks","Dart"],"picked":"Dragonkick","floor":22},{"not_picked":["Pony_Shot","Scowl"],"picked":"Waterkick","floor":25},{"not_picked":["Hook+1","Snap_Punch"],"picked":"Free_Pour","floor":28},{"not_picked":["Dancing_Jab","Dragonkick","Momentum"],"picked":"SKIP","floor":29},{"not_picked":["Ripple","Dancing_Jab+1"],"picked":"Surge","floor":31},{"not_picked":["Moonsault_Kick","Top_Shelf"],"picked":"Breathe_Deep","floor":33},{"not_picked":["Phantom_Blow+1","With_A_Twist+1","On_The_Rocks"],"picked":"SKIP","floor":35},{"not_picked":["expansioncontent:PolyBeam","expansioncontent:DonusPower"],"picked":"Blind","floor":36},{"not_picked":["Discovery","Replay:SS_forest_6"],"picked":"Replay:SS_forest_2","floor":36},{"not_picked":["Perfect_Balance+1","Meteodrive+1"],"picked":"Step_Of_The_Wind","floor":37},{"not_picked":["ThreeSidedStar+1","Scoop+1"],"picked":"Ball_Of_Ice","floor":38},{"not_picked":["Scoop","Fading_Blow"],"picked":"Bicycle_Kick","floor":40},{"not_picked":["Meditate+1","ThreeSidedStar","Scoop"],"picked":"SKIP","floor":42},{"not_picked":["Sucker_Punch","Meteodrive+1"],"picked":"Mirage+1","floor":44},{"not_picked":["With_A_Twist+1","Alacrity"],"picked":"Axe_Heel_Kick+1","floor":47},{"not_picked":["RockBreaker+","Dancing_Jab+1","Feint+1"],"picked":"SKIP","floor":48},{"not_picked":["Power_Up_Punch+1","ThreeSidedStar+1","Bitters+1"],"picked":"SKIP","floor":54}],"player_experience":544984,"relics_obtained":[{"floor":6,"key":"Akabeko"},{"floor":8,"key":"theSenshi:SailorFukuRelic"},{"floor":9,"key":"potionbrewer:SlideRule"},{"floor":11,"key":"Tiny Chest"},{"floor":13,"key":"ReplayTheSpireMod:TigerMarble"},{"floor":14,"key":"Omamori"},{"floor":24,"key":"Replay:Baseball"},{"floor":25,"key":"Runesmith:Nanobots"},{"floor":26,"key":"infinitespire:CheckeredPen"},{"floor":37,"key":"Girya"},{"floor":39,"key":"Eternal Feather"},{"floor":40,"key":"Cleaning_Rag"},{"floor":49,"key":"infinitespire:Beetle Shell"},{"floor":54,"key":"hubris:SlimyHat"}],"event_choices":[{"damage_healed":0,"gold_gain":75,"player_choice":"Touch","damage_taken":7,"max_hp_gain":0,"max_hp_loss":0,"event_name":"FaceTrader","floor":4,"gold_loss":0},{"cards_removed":["Snap_Punch"],"damage_healed":0,"gold_gain":0,"player_choice":"Take \u0026 Give","damage_taken":0,"max_hp_gain":0,"max_hp_loss":0,"event_name":"betterNote:BetterNote","floor":19,"gold_loss":0,"cards_obtained":["Gatherer:TacticalStrike"]},{"damage_healed":0,"gold_gain":3,"player_choice":"1","damage_taken":0,"max_hp_gain":0,"max_hp_loss":0,"event_name":"betterStone:BetterStone","floor":36,"gold_loss":0},{"damage_healed":0,"gold_gain":0,"player_choice":"Fight","damage_taken":0,"max_hp_gain":0,"max_hp_loss":0,"event_name":"Mysterious Sphere","floor":37,"gold_loss":0}],"is_beta":false,"boss_relics":[{"not_picked":["Runic Dome","vexMod:DeviousBotling"],"picked":"vexMod:MysteryBossChallenge"},{"not_picked":["Fusion Hammer","vexMod:TanglingVine"],"picked":"hubris:VirtuousBlindfold"}],"items_purged_floors":[53],"is_endless":false,"potions_floor_spawned":[1,2,10,11,14,16,18,21,28,38,40,42,44,47,54],"ascension_level":1}}