{"host":"csp9nt53rootlkah","time":1607496212,"event":{"gold_per_floor":[118,136,61,136,150,177,190,190,190],"floor_reached":8,"playtime":585,"items_purged":["Strike_MRS"],"score":73,"play_id":"9e995d87-fb3f-46ab-ba9f-fef589137fc1","local_time":"20201209144332","is_ascension_mode":true,"campfire_choices":[],"neow_cost":"TEN_PERCENT_HP_LOSS","seed_source_timestamp":153058747725200,"circlet_count":0,"master_deck":["Strike_MRS","Strike_MRS","Strike_MRS","Defend_MRS","Defend_MRS","Defend_MRS","Defend_MRS","MasterSpark","UpSweep","ShootingEcho","DarkMatter","BlazeAway","Acceleration"],"special_seed":0,"relics":["MiniHakkero","Ice Cream","Orichalcum"],"potions_floor_usage":[],"damage_taken":[{"damage":1.0,"enemies":"2 Louse","floor":1.0,"turns":3.0},{"damage":6.0,"enemies":"Cultist","floor":2.0,"turns":3.0},{"damage":0.0,"enemies":"Small Slimes","floor":5.0,"turns":2.0},{"damage":25,"enemies":"3 Sentries","floor":6,"turns":7},{"damage":7,"enemies":"Gremlin Gang","floor":7,"turns":6},{"damage":25,"enemies":"Lagavulin","floor":8,"turns":7}],"seed_played":"6565969260131499235","potions_obtained":[{"floor":6,"key":"LiquidBronze"},{"floor":7,"key":"DistilledChaos"}],"is_trial":false,"path_per_floor":["M","M","$","?","M","E","M","E"],"character_chosen":"MARISA","items_purchased":[],"campfire_rested":0,"item_purchase_floors":[],"current_hp_per_floor":[67,61,61,55,55,30,23,0,0],"gold":190,"neow_bonus":"ONE_RARE_RELIC","is_prod":false,"is_daily":false,"chose_seed":false,"campfire_upgraded":0,"win_rate":0,"timestamp":1607496212,"path_taken":["M","M","$","?","M","E","?","E"],"build_version":"2020-11-30","purchased_purges":1,"victory":false,"max_hp_per_floor":[68,68,68,68,68,68,68,68,68],"card_choices":[{"not_picked":["DoubleSpark","UnstableBomb"],"picked":"ShootingEcho","floor":1.0},{"not_picked":["6A","DC"],"picked":"DarkMatter","floor":2.0},{"not_picked":["CasketOfStar","IllusionStar"],"picked":"BlazeAway","floor":5.0},{"not_picked":["MysteriousBeam","BinaryStars","SporeBomb"],"picked":"SKIP","floor":6},{"not_picked":["MysteriousBeam","BinaryStars","SporeBomb"],"picked":"SKIP","floor":6},{"not_picked":["AlicesGift","LuminesStrike"],"picked":"Acceleration","floor":7}],"player_experience":141854,"relics_obtained":[{"floor":6,"key":"Orichalcum"}],"event_choices":[{"damage_healed":0.0,"max_hp_gain":0.0,"max_hp_loss":0.0,"gold_gain":75.0,"event_name":"FaceTrader","player_choice":"Touch","floor":4.0,"gold_loss":0.0,"damage_taken":6.0}],"is_beta":false,"boss_relics":[],"items_purged_floors":[3],"is_endless":false,"potions_floor_spawned":[6,7],"killed_by":"Lagavulin","ascension_level":5}}