{"host":"avjwtc49fhlk6kym","time":1607549803,"event":{"gold_per_floor":[114,114,1,14,14,42,42,70,70,83,110,110,126,139,139,241,241,257,61,61,61,61,61,72,88,165,165,165],"floor_reached":27,"playtime":1212,"items_purged":["Regret","Defend_P"],"score":282,"play_id":"76b2b6c8-7ec4-4035-ba49-95195ff2b226","local_time":"20201209163643","is_ascension_mode":true,"campfire_choices":[{"floor":7.0,"key":"REST"},{"floor":15.0,"key":"REST"},{"data":"Establishment","floor":23.0,"key":"SMITH"}],"neow_cost":"NONE","seed_source_timestamp":776909749254100,"circlet_count":0,"master_deck":["Strike_P","Strike_P","Strike_P","Strike_P","Defend_P","Defend_P+1","Defend_P","Eruption+1","Vigilance","Establishment+1","FlurryOfBlows","Wallop","CarveReality","FollowUp","Perseverance+1","Swivel","InnerPeace","Evaluate","Consecrate","Devotion","PathToVictory","ThirdEye","FlurryOfBlows","RitualDagger","ThirdEye+1","DeusExMachina"],"special_seed":0,"relics":["HolyWater","Mummified Hand","MealTicket","Incense Burner","War Paint","Vajra","MutagenicStrength","Sundial"],"potions_floor_usage":[],"damage_taken":[{"damage":5.0,"enemies":"2 Louse","floor":1.0,"turns":3.0},{"damage":1.0,"enemies":"Jaw Worm","floor":4.0,"turns":6.0},{"damage":33.0,"enemies":"3 Sentries","floor":6.0,"turns":7.0},{"damage":0.0,"enemies":"Gremlin Nob","floor":8.0,"turns":2.0},{"damage":1.0,"enemies":"Cultist","floor":10.0,"turns":3.0},{"damage":17.0,"enemies":"Lagavulin","floor":11.0,"turns":7.0},{"damage":0.0,"enemies":"Exordium Wildlife","floor":13.0,"turns":2.0},{"damage":0.0,"enemies":"2 Fungi Beasts","floor":14.0,"turns":2.0},{"damage":45.0,"enemies":"The Guardian","floor":16.0,"turns":15.0},{"damage":0.0,"enemies":"2 Thieves","floor":18.0,"turns":2.0},{"damage":7.0,"enemies":"Spheric Guardian","floor":24.0,"turns":4.0},{"damage":7.0,"enemies":"Centurion and Healer","floor":25.0,"turns":4.0},{"damage":57,"enemies":"Chosen and Byrds","floor":27,"turns":7}],"seed_played":"-1278544792922585337","potions_obtained":[{"floor":1.0,"key":"Block Potion"},{"floor":10.0,"key":"Ancient Potion"},{"floor":11.0,"key":"DuplicationPotion"},{"floor":13.0,"key":"Explosive Potion"},{"floor":24.0,"key":"CultistPotion"},{"floor":25.0,"key":"SpeedPotion"}],"is_trial":false,"path_per_floor":["M","?","$","M","?","E","R","E","T","M","E","T","M","M","R","B",null,"M","$","?","?","?","R","M","M","T","M"],"character_chosen":"WATCHER","items_purchased":["Wallop","ThirdEye","FlurryOfBlows"],"campfire_rested":2,"item_purchase_floors":[3,19,19],"current_hp_per_floor":[67,67,67,66,66,33,54,54,54,53,36,36,36,36,57,12,72,72,72,72,66,66,66,59,52,52,0,0],"gold":165,"neow_bonus":"ONE_RANDOM_RARE_CARD","is_prod":false,"is_daily":false,"chose_seed":false,"campfire_upgraded":1,"win_rate":0,"timestamp":1607549803,"path_taken":["M","?","$","M","?","E","R","E","T","M","E","?","M","M","R","BOSS","M","$","?","?","?","R","M","M","T","?"],"build_version":"2020-11-30","purchased_purges":2,"victory":false,"max_hp_per_floor":[72,72,72,72,72,72,72,72,72,72,72,72,72,72,72,72,72,72,72,72,72,72,72,72,72,72,72,72],"card_choices":[{"not_picked":["Weave","Adaptation"],"picked":"FlurryOfBlows","floor":1.0},{"not_picked":["EmptyBody","Perseverance"],"picked":"CarveReality","floor":4.0},{"not_picked":["WaveOfTheHand","Worship"],"picked":"FollowUp","floor":6.0},{"not_picked":["EmptyBody","Sanctity"],"picked":"Perseverance","floor":8.0},{"not_picked":["DeceiveReality","WaveOfTheHand"],"picked":"Swivel","floor":10.0},{"not_picked":["Evaluate","Perseverance"],"picked":"InnerPeace","floor":11.0},{"not_picked":["FlyingSleeves","SashWhip"],"picked":"Evaluate","floor":13.0},{"not_picked":["EmptyFist","Vengeance"],"picked":"Consecrate","floor":14.0},{"not_picked":["DeusExMachina","Omniscience"],"picked":"Devotion","floor":16.0},{"not_picked":["Pray","FlyingSleeves"],"picked":"PathToVictory","floor":18.0},{"not_picked":["FlurryOfBlows","Meditate"],"picked":"ThirdEye+1","floor":24.0},{"not_picked":["FlyingSleeves","SashWhip"],"picked":"DeusExMachina","floor":25.0}],"player_experience":482920,"relics_obtained":[{"floor":6.0,"key":"MealTicket"},{"floor":8.0,"key":"Incense Burner"},{"floor":11.0,"key":"War Paint"},{"floor":12.0,"key":"Vajra"},{"floor":26.0,"key":"Sundial"}],"event_choices":[{"damage_healed":0.0,"max_hp_gain":0.0,"max_hp_loss":0.0,"gold_gain":0.0,"event_name":"Big Fish","player_choice":"Box","floor":2.0,"gold_loss":0.0,"damage_taken":0.0,"relics_obtained":["Mummified Hand"],"cards_obtained":["Regret"]},{"damage_healed":0.0,"max_hp_gain":0.0,"max_hp_loss":0.0,"gold_gain":0.0,"event_name":"Living Wall","player_choice":"Grow","floor":5.0,"gold_loss":0.0,"damage_taken":0.0,"cards_upgraded":["Eruption"]},{"damage_healed":0.0,"max_hp_gain":0.0,"max_hp_loss":0.0,"gold_gain":0.0,"event_name":"Drug Dealer","player_choice":"Inject Mutagens","floor":20.0,"gold_loss":0.0,"damage_taken":0.0,"relics_obtained":["MutagenicStrength"]},{"damage_healed":0.0,"max_hp_gain":0.0,"max_hp_loss":0.0,"gold_gain":0.0,"event_name":"betterThird:BetterNest","player_choice":"Dagger","floor":21.0,"gold_loss":0.0,"damage_taken":6.0,"cards_obtained":["RitualDagger"]},{"damage_healed":0.0,"max_hp_gain":0.0,"max_hp_loss":0.0,"gold_gain":0.0,"event_name":"Ghosts","player_choice":"Ignored","floor":22.0,"gold_loss":0.0,"damage_taken":0.0}],"is_beta":false,"boss_relics":[{"not_picked":["Busted Crown","Snecko Eye"],"picked":"HolyWater"}],"items_purged_floors":[3,19],"is_endless":false,"potions_floor_spawned":[1,10,11,13,24,25],"killed_by":"Chosen and Byrds","ascension_level":2}}