{"host":"n3cy3kvidykvt4jk","time":1607478204,"event":{"gold_per_floor":[115,115,127,145,145,145,208,36,90,90,123,123,43,57,57,162,162,174,174,163,45,58,58,58],"floor_reached":23,"playtime":1633,"items_purged":["Strike_R","Defend_R"],"score":208,"play_id":"9b7a2720-4dd4-4db3-a3aa-3ed78f36b71b","local_time":"20201209044324","is_ascension_mode":true,"campfire_choices":[{"data":"Rage","floor":6,"key":"SMITH"},{"floor":12,"key":"REST"},{"floor":15,"key":"REST"}],"neow_cost":"NONE","seed_source_timestamp":11255751696500,"circlet_count":0,"master_deck":["Strike_R+1","Strike_R","Defend_R","Defend_R","Defend_R","Bash","Pummel+1","Rage+1","Anger","Panacea","Metallicize","Flex","Exhume","Rupture","Metallicize","Armaments"],"relics":["Burning Blood","Vajra","Happy Flower","The Courier","Whetstone","Black Star","Oddly Smooth Stone"],"potions_floor_usage":[11,18,23],"damage_taken":[{"damage":1,"enemies":"Cultist","floor":1,"turns":3},{"damage":4,"enemies":"Small Slimes","floor":3,"turns":2},{"damage":8,"enemies":"Jaw Worm","floor":4,"turns":4},{"damage":44,"enemies":"3 Sentries","floor":7,"turns":16},{"damage":14,"enemies":"Gremlin Nob","floor":11,"turns":4},{"damage":9,"enemies":"Exordium Wildlife","floor":14,"turns":3},{"damage":39,"enemies":"The Guardian","floor":16,"turns":10},{"damage":15,"enemies":"Spheric Guardian","floor":18,"turns":5},{"damage":17,"enemies":"2 Thieves","floor":20,"turns":4},{"damage":38,"enemies":"Centurion and Healer","floor":22,"turns":8},{"damage":38,"enemies":"Book of Stabbing","floor":23,"turns":6}],"seed_played":"6126683879168918149","potions_obtained":[{"floor":1,"key":"ElixirPotion"},{"floor":4,"key":"Weak Potion"},{"floor":7,"key":"SpeedPotion"}],"is_trial":false,"path_per_floor":["M","?","M","M","?","R","?","$","T","?","E","R","$","M","R","B",null,"M","?","M","$","M","E"],"character_chosen":"IRONCLAD","items_purchased":["Panacea","Oddly Smooth Stone"],"campfire_rested":2,"item_purchase_floors":[8,21],"current_hp_per_floor":[88,88,88,86,79,79,41,41,41,34,26,52,52,49,75,42,88,79,79,68,68,36,0,0],"gold":58,"neow_bonus":"TEN_PERCENT_HP_BONUS","is_prod":false,"is_daily":false,"chose_seed":false,"campfire_upgraded":1,"win_rate":0,"timestamp":1607478204,"path_taken":["M","?","M","?","?","R","?","?","T","?","E","R","$","?","R","BOSS","M","?","M","$","M","E"],"build_version":"2020-11-30","purchased_purges":2,"victory":false,"max_hp_per_floor":[88,88,88,88,88,88,88,88,88,88,88,88,88,88,88,88,88,88,88,88,88,88,88,88],"card_choices":[{"not_picked":["Whirlwind","Sentinel"],"picked":"Pummel","floor":1},{"not_picked":["Perfected Strike","Clash","Warcry"],"picked":"SKIP","floor":3},{"not_picked":["Sentinel","Bloodletting"],"picked":"Rage","floor":4},{"not_picked":["Ghostly Armor","Perfected Strike"],"picked":"Anger","floor":7},{"not_picked":["Havoc","Shrug It Off"],"picked":"Metallicize","floor":11},{"not_picked":["Pommel Strike","Heavy Blade"],"picked":"Flex","floor":14},{"not_picked":["Immolate","Corruption"],"picked":"Exhume","floor":16},{"not_picked":["Anger","Dual Wield"],"picked":"Rupture","floor":18},{"not_picked":["Seeing Red","True Grit"],"picked":"Metallicize","floor":20},{"not_picked":["Anger","Second Wind"],"picked":"Armaments","floor":22}],"player_experience":466809,"relics_obtained":[{"floor":7,"key":"Vajra"},{"floor":9,"key":"Happy Flower"},{"floor":11,"key":"Whetstone"}],"event_choices":[{"cards_removed":["Strike_R"],"damage_healed":0,"gold_gain":0,"player_choice":"Purged","damage_taken":0,"max_hp_gain":0,"max_hp_loss":0,"event_name":"Purifier","floor":2,"gold_loss":0},{"cards_removed":["Strike_R"],"damage_healed":0,"gold_gain":0,"player_choice":"Card Removal","damage_taken":7,"max_hp_gain":0,"max_hp_loss":0,"event_name":"Golden Wing","floor":5,"gold_loss":0},{"damage_healed":0,"gold_gain":0,"player_choice":"Searched \u00271\u0027 times","damage_taken":0,"max_hp_gain":0,"max_hp_loss":0,"event_name":"Dead Adventurer","floor":7,"gold_loss":0},{"damage_healed":0,"gold_gain":0,"player_choice":"Success","damage_taken":7,"relics_obtained":["The Courier"],"max_hp_gain":0,"max_hp_loss":0,"event_name":"Scrap Ooze","floor":10,"gold_loss":0},{"damage_healed":0,"gold_gain":0,"player_choice":"Ignored","damage_taken":0,"max_hp_gain":0,"max_hp_loss":0,"event_name":"Vampires","floor":19,"gold_loss":0}],"is_beta":false,"boss_relics":[{"not_picked":["Tiny House","Sozu"],"picked":"Black Star"}],"items_purged_floors":[8,13],"is_endless":false,"potions_floor_spawned":[1,4,7],"killed_by":"Book of Stabbing","ascension_level":2}}