{"host":"6jcxerjfmuawfds2","time":1607520183,"event":{"gold_per_floor":[114,39,39,39,54,54,69,69,69,85,85,85,85,85],"floor_reached":13,"playtime":673,"items_purged":["Strike_P"],"score":73,"play_id":"e31d4fdb-591e-41a2-b745-4d17642315c1","local_time":"20201209222303","is_ascension_mode":false,"campfire_choices":[{"data":"PathToVictory","floor":6,"key":"SMITH"},{"data":"Eruption","floor":8,"key":"SMITH"}],"neow_cost":"NONE","seed_source_timestamp":0,"circlet_count":0,"master_deck":["Strike_P","Strike_P","Strike_P","Defend_P","Defend_P","Defend_P","Defend_P","Eruption+1","Vigilance","PathToVictory+1"],"special_seed":0,"relics":["PureWater","MealTicket","Darkstone Periapt"],"potions_floor_usage":[],"damage_taken":[{"damage":6.0,"enemies":"2 Louse","floor":1.0,"turns":2.0},{"damage":0,"enemies":"Small Slimes","floor":5,"turns":4},{"damage":1,"enemies":"Jaw Worm","floor":7,"turns":4},{"damage":23,"enemies":"Exordium Wildlife","floor":10,"turns":5},{"damage":71,"enemies":"Gremlin Nob","floor":13,"turns":4}],"seed_played":"-7002844073928850585","potions_obtained":[{"floor":1,"key":"SteroidPotion"},{"floor":10,"key":"Dexterity Potion"}],"is_trial":false,"path_per_floor":["M","$","?","?","M","R","M","R","T","M","$","T","E"],"character_chosen":"WATCHER","items_purchased":[],"campfire_rested":0,"item_purchase_floors":[],"current_hp_per_floor":[66,72,72,72,72,72,71,71,71,48,63,63,0,0],"gold":85,"neow_bonus":"RANDOM_COMMON_RELIC","is_prod":false,"is_daily":false,"chose_seed":false,"campfire_upgraded":2,"win_rate":0.0,"timestamp":1607520183,"path_taken":["M","$","?","?","M","R","M","R","T","M","$","?","E"],"build_version":"2020-11-30","purchased_purges":1,"victory":false,"max_hp_per_floor":[72,72,72,72,72,72,72,72,72,72,72,72,72,72],"card_choices":[{"not_picked":["WheelKick","EmptyMind","BowlingBash"],"picked":"SKIP","floor":1},{"not_picked":["Crescendo","LikeWater"],"picked":"PathToVictory","floor":5},{"not_picked":["Pray","ThirdEye","DeceiveReality"],"picked":"SKIP","floor":7},{"not_picked":["FlyingSleeves","BowlingBash","Prostrate"],"picked":"SKIP","floor":10}],"player_experience":109892,"relics_obtained":[{"floor":12,"key":"Darkstone Periapt"}],"event_choices":[{"damage_healed":0,"gold_gain":0,"player_choice":"Leave","damage_taken":0,"max_hp_gain":0,"max_hp_loss":0,"event_name":"The Cleric","floor":3,"gold_loss":0},{"damage_healed":0,"gold_gain":0,"player_choice":"Ignored","damage_taken":0,"max_hp_gain":0,"max_hp_loss":0,"event_name":"Liars Game","floor":4,"gold_loss":0}],"is_beta":false,"boss_relics":[],"items_purged_floors":[2],"is_endless":false,"potions_floor_spawned":[1,10],"killed_by":"Gremlin Nob","ascension_level":0}}