{"host":"cxvb37eaaiijvrl4","time":1607536570,"event":{"gold_per_floor":[115,132,132,132,132,167,167,44,92,92,112,147,162,173,173,252,252,268,139,150,150,165,197,197,197,222,142,168,168,197,207,207,284,284,303,303,303,178,197,197,57,77,145,172,183,198,38,63,63,63,63,63,63,23,57,57],"floor_reached":57,"playtime":2146,"items_purged":["Strike_G","Strike_G","Strike_G","Strike_G","Survivor","Defend_G","Defend_G"],"score":3071,"play_id":"4e967df0-1216-4138-8f96-ff20785647ae","local_time":"20201209095610","is_ascension_mode":true,"campfire_choices":[{"data":"MostiFishMod:SephirahHod","floor":7.0,"key":"SMITH"},{"data":"MostiFishMod:Opportunism","floor":10.0,"key":"SMITH"},{"floor":15.0,"key":"RECALL"},{"data":"Terror","floor":29.0,"key":"SMITH"},{"data":"Night Terror","floor":32.0,"key":"SMITH"},{"data":"Accuracy","floor":40.0,"key":"SMITH"},{"data":"Grand Finale","floor":49.0,"key":"SMITH"},{"data":"Acrobatics","floor":53.0,"key":"SMITH"}],"neow_cost":"NONE","seed_source_timestamp":127139247398800,"circlet_count":0,"master_deck":["AscendersBane","Defend_G","Defend_G","Defend_G","Neutralize","Terror+1","Blade Dance","MostiFishMod:SephirahHod+1","MostiFishMod:Opportunism+1","Night Terror+1","Acrobatics+1","Blade Dance","Grand Finale+1","Accuracy+1","Tactician+1","Expertise"],"special_seed":0,"relics":["testmod-TestBox","JellyFishMachine","testmod-Maize","Sozu","Question Card","DaveBox","MerchantsRug","testmod-AssaultLearning","ImportantClient","testmod-Recursion","Bronze Scales","Shuriken","Bottled Flame","testmod-OneHitWonder"],"potions_floor_usage":[],"damage_taken":[{"damage":0.0,"enemies":"2 Louse","floor":1.0,"turns":3.0},{"damage":2.0,"enemies":"Jaw Worm","floor":2.0,"turns":4.0},{"damage":32.0,"enemies":"Gremlin Nob","floor":6.0,"turns":4.0},{"damage":0.0,"enemies":"Cultist","floor":11.0,"turns":2.0},{"damage":0.0,"enemies":"Lagavulin","floor":12.0,"turns":6.0},{"damage":0.0,"enemies":"Exordium Thugs","floor":13.0,"turns":3.0},{"damage":0.0,"enemies":"Exordium Wildlife","floor":14.0,"turns":3.0},{"damage":4.0,"enemies":"The Guardian","floor":16.0,"turns":5.0},{"damage":0.0,"enemies":"Spheric Guardian","floor":18.0,"turns":1.0},{"damage":3.0,"enemies":"2 Thieves","floor":20.0,"turns":2.0},{"damage":0.0,"enemies":"Snake Plant","floor":22.0,"turns":2.0},{"damage":0.0,"enemies":"Book of Stabbing","floor":23.0,"turns":2.0},{"damage":2.0,"enemies":"Slavers","floor":28.0,"turns":2.0},{"damage":0.0,"enemies":"Gremlin Leader","floor":30.0,"turns":2.0},{"damage":0.0,"enemies":"Shelled Parasite and Fungi","floor":31.0,"turns":2.0},{"damage":11.0,"enemies":"Champ","floor":33.0,"turns":3.0},{"damage":0.0,"enemies":"3 Darklings","floor":35.0,"turns":3.0},{"damage":0.0,"enemies":"3 Shapes","floor":39.0,"turns":1.0},{"damage":0.0,"enemies":"Transient","floor":42.0,"turns":3.0},{"damage":1.0,"enemies":"Giant Head","floor":44.0,"turns":2.0},{"damage":0.0,"enemies":"3 Darklings","floor":45.0,"turns":2.0},{"damage":0.0,"enemies":"4 Shapes","floor":46.0,"turns":1.0},{"damage":0.0,"enemies":"Mind Bloom Boss Battle","floor":48.0,"turns":1.0},{"damage":0.0,"enemies":"Time Eater","floor":50.0,"turns":2.0},{"damage":2.0,"enemies":"Donu and Deca","floor":51.0,"turns":2.0},{"damage":0.0,"enemies":"Shield and Spear","floor":55.0,"turns":1.0},{"damage":5,"enemies":"The Heart","floor":56,"turns":4}],"seed_played":"-4629600992968953566","potions_obtained":[],"is_trial":false,"path_per_floor":["M","M","?","$","?","E","R","$","T","R","M","E","M","M","R","B",null,"M","$","M","?","M","E","T","?","T","$","E","R","E","M","R","B",null,"M","?","?","$","M","R","$","M","T","E","M","M","$","?","R","B","B",null,"R","$","E","B",null],"character_chosen":"THE_SILENT","items_purchased":["MerchantsRug","MostiFishMod:Opportunism","Accuracy","Expertise"],"campfire_rested":0,"item_purchase_floors":[8,8,19,54],"current_hp_per_floor":[59,57,57,57,57,25,25,25,25,25,25,25,25,25,25,21,55,55,55,52,52,52,59,59,38,38,38,36,45,45,45,54,43,69,69,69,69,78,78,78,78,78,78,77,77,77,78,78,78,78,76,78,78,78,78,73],"gold":57,"neow_bonus":"BOSS_RELIC","is_prod":false,"is_daily":false,"chose_seed":false,"campfire_upgraded":7,"win_rate":0,"timestamp":1607536570,"path_taken":["M","M","?","$","?","E","R","?","T","R","M","E","M","M","R","BOSS","M","$","?","?","M","E","?","?","T","$","E","R","E","M","R","BOSS","M","?","?","$","M","R","$","M","T","E","M","M","$","?","R","BOSS","BOSS","R","$","E","BOSS"],"build_version":"2020-11-30","purchased_purges":7,"victory":true,"max_hp_per_floor":[66,66,66,66,66,66,66,66,66,66,66,66,66,66,66,66,66,66,66,66,66,66,73,73,78,78,78,78,78,78,78,78,78,78,78,78,78,78,78,78,78,78,78,78,78,78,78,78,78,78,78,78,78,78,78,78],"card_choices":[{"not_picked":["Underhanded Strike","Infinite Blades"],"picked":"Terror","floor":1.0},{"not_picked":["Underhanded Strike","Crippling Poison","PiercingWail"],"picked":"Blade Dance","floor":2.0},{"not_picked":["Terror","PiercingWail","Distraction","Endless Agony"],"picked":"SKIP","floor":6.0},{"not_picked":["Prepared","Poisoned Stab","Slice","Flechettes"],"picked":"SKIP","floor":11.0},{"not_picked":["Dagger Throw","Bouncing Flask","Dagger Spray"],"picked":"Night Terror","floor":12.0},{"not_picked":["Slice","Masterful Stab","Outmaneuver"],"picked":"Acrobatics","floor":13.0},{"not_picked":["MostiFishMod:SpreadingSpore","Deflect","Prepared"],"picked":"Blade Dance","floor":14.0},{"not_picked":["Wraith Form v2","Glass Knife","MostiFishMod:Confrontation"],"picked":"Grand Finale","floor":16.0},{"not_picked":["Deflect+1","All Out Attack","Concentrate","Underhanded Strike+1"],"picked":"SKIP","floor":18.0},{"not_picked":["Flying Knee","Acrobatics","Bane","Prepared"],"picked":"SKIP","floor":20.0},{"not_picked":["Wraith Form v2","Bouncing Flask","Underhanded Strike","MostiFishMod:ThornCasing"],"picked":"SKIP","floor":22.0},{"not_picked":["Flying Knee+1","MostiFishMod:PerfectParry","Cloak And Dagger+1","Prepared"],"picked":"SKIP","floor":23.0},{"not_picked":["MostiFishMod:PerfectParry+1","Footwork","MostiFishMod:PreservedThorns","Deadly Poison"],"picked":"SKIP","floor":28.0},{"not_picked":["Calculated Gamble","Accuracy","Acrobatics","Underhanded Strike"],"picked":"SKIP","floor":30.0},{"not_picked":["Eviscerate","Blade Dance","Quick Slash+1","Poisoned Stab"],"picked":"SKIP","floor":31.0},{"not_picked":["Bouncing Flask","Dagger Throw","Deadly Poison","Cloak And Dagger"],"picked":"SKIP","floor":35.0},{"not_picked":["Cloak And Dagger+1","Prepared","Flechettes","Deadly Poison"],"picked":"SKIP","floor":39.0},{"not_picked":["Dodge and Roll+1","Outmaneuver","Deflect","Flying Knee"],"picked":"SKIP","floor":42.0},{"not_picked":["Riddle With Holes","Leg Sweep","Crippling Poison+1","Venomology"],"picked":"SKIP","floor":44.0},{"not_picked":["PiercingWail","Infinite Blades","Riddle With Holes+1"],"picked":"Tactician+1","floor":45.0},{"not_picked":["MostiFishMod:PerfectParry","Endless Agony","Cloak And Dagger","Calculated Gamble"],"picked":"SKIP","floor":46.0},{"not_picked":["PiercingWail","Die Die Die","Eviscerate","All Out Attack"],"picked":"SKIP","floor":55.0}],"player_experience":623737,"relics_obtained":[{"floor":1.0,"key":"Question Card"},{"floor":6.0,"key":"Omamori"},{"floor":12.0,"key":"testmod-AssaultLearning"},{"floor":16.0,"key":"ImportantClient"},{"floor":23.0,"key":"Strawberry"},{"floor":24.0,"key":"Eternal Feather"},{"floor":26.0,"key":"Toy Ornithopter"},{"floor":28.0,"key":"MealTicket"},{"floor":30.0,"key":"Bronze Scales"},{"floor":43.0,"key":"Shuriken"},{"floor":44.0,"key":"Bottled Flame"},{"floor":55.0,"key":"testmod-OneHitWonder"}],"event_choices":[{"damage_healed":0.0,"max_hp_gain":0.0,"max_hp_loss":0.0,"gold_gain":0.0,"event_name":"Box For Yourself","player_choice":"Swap Relic","floor":3.0,"relics_lost":["DaveBox"],"gold_loss":0.0,"damage_taken":0.0,"relics_obtained":["DaveBox"]},{"damage_healed":0.0,"max_hp_gain":0.0,"max_hp_loss":0.0,"gold_gain":0.0,"event_name":"The Cleric","player_choice":"Leave","floor":5.0,"gold_loss":0.0,"damage_taken":0.0},{"cards_removed":["Strike_G"],"damage_healed":0.0,"max_hp_gain":0.0,"max_hp_loss":0.0,"gold_gain":0.0,"event_name":"betterThird:BetterWriting","player_choice":"Elegance","floor":21.0,"gold_loss":0.0,"damage_taken":0.0},{"damage_healed":0.0,"max_hp_gain":5.0,"max_hp_loss":0.0,"gold_gain":0.0,"event_name":"Forgotten Altar","player_choice":"Shed Blood","floor":25.0,"gold_loss":0.0,"damage_taken":26.0},{"damage_healed":0.0,"max_hp_gain":0.0,"max_hp_loss":0.0,"gold_gain":0.0,"event_name":"Tomb of Lord Red Mask","player_choice":"Ignored","floor":36.0,"gold_loss":0.0,"damage_taken":0.0},{"damage_healed":0.0,"max_hp_gain":0.0,"max_hp_loss":0.0,"gold_gain":0.0,"event_name":"SensoryStone","player_choice":"Memory 1","floor":37.0,"gold_loss":0.0,"damage_taken":0.0},{"damage_healed":0.0,"max_hp_gain":0.0,"max_hp_loss":0.0,"gold_gain":0.0,"event_name":"MindBloom","player_choice":"Fight","floor":48.0,"gold_loss":0.0,"damage_taken":0.0}],"is_beta":false,"boss_relics":[{"not_picked":["testmod-SaigiyounoYou","testmod-Temperance"],"picked":"testmod-Recursion"},{"not_picked":["MoonlightInvasionPlan","RhineCircuit"],"picked":"Runic Pyramid"}],"items_purged_floors":[19,27,38,38,41,47,54],"is_endless":false,"potions_floor_spawned":[1,6,13,14,18,20,28,30,35,39,45,46],"ascension_level":20}}