{"host":"j4g6ia6asvpyu2b0","time":1607522026,"event":{"gold_per_floor":[115,127,146,157,171,201,221,250,299,328,101,101,120,120,120,224,224,242,208,208,54,73,99,99,125,148,181,181,192,227,239,251,359,371,402,414,426,454,486,525,537,580,592,504,527,527,561,572,572,572,572,572,12,51,51,51],"floor_reached":55,"playtime":2035,"items_purged":["Strike_R","Strike_R"],"score":1039,"play_id":"d8ad2f9e-a23c-405b-8af3-f4d7bb3bacc7","local_time":"20201209065346","is_ascension_mode":true,"campfire_choices":[{"data":"Uppercut","floor":12,"key":"SMITH"},{"data":"Armaments","floor":15,"key":"SMITH"},{"data":"Demon Form","floor":24,"key":"SMITH"},{"data":"Shockwave","floor":28,"key":"SMITH"},{"data":"Whirlwind","floor":32,"key":"SMITH"},{"data":"Battle Trance","floor":41,"key":"SMITH"},{"data":"Berserk","floor":46,"key":"SMITH"},{"floor":49,"key":"RECALL"},{"data":"Feel No Pain","floor":52,"key":"SMITH"}],"neow_cost":"PERCENT_DAMAGE","seed_source_timestamp":48785541711300,"circlet_count":0,"master_deck":["Strike_R+1","Strike_R","Defend_R","Defend_R+1","Defend_R+1","Defend_R","Bash","Feed","Whirlwind+1","Battle Trance+1","Anger+1","Hemokinesis","Feel No Pain+1","Bludgeon","Uppercut+1","Armaments+1","Clothesline","Thunderclap","Demon Form+1","Sword Boomerang","Shockwave+1","Disarm+1","Headbutt+1","Berserk+1","Armaments+1","Sword Boomerang+1","Feel No Pain","Sword Boomerang","Fiend Fire","Flash of Steel","Metallicize","Blood for Blood","Ghostly Armor+1"],"special_seed":0,"relics":["Burning Blood","Letter Opener","Nunchaku","Whetstone","Kunai","Lee\u0027s Waffle","Matryoshka","Busted Crown","Happy Flower","Tiny Chest","Bag of Preparation","Eternal Feather","Oddly Smooth Stone","MawBank","Coffee Dripper","War Paint","StrikeDummy","MealTicket","Bottled Tornado","CeramicFish","Blood Vial","Centennial Puzzle","Bottled Lightning","Strawberry"],"potions_floor_usage":[6,10,25,27,30,30,33,48,54,55,55,55],"damage_taken":[{"damage":1.0,"enemies":"Small Slimes","floor":1.0,"turns":5.0},{"damage":8.0,"enemies":"2 Louse","floor":2.0,"turns":3.0},{"damage":7.0,"enemies":"Jaw Worm","floor":3.0,"turns":4.0},{"damage":18.0,"enemies":"Exordium Wildlife","floor":4.0,"turns":4.0},{"damage":11,"enemies":"Blue Slaver","floor":5,"turns":3},{"damage":27,"enemies":"Lagavulin","floor":6,"turns":6},{"damage":9,"enemies":"3 Louse","floor":7,"turns":3},{"damage":18,"enemies":"Gremlin Nob","floor":8,"turns":3},{"damage":20,"enemies":"3 Sentries","floor":10,"turns":7},{"damage":4,"enemies":"Large Slime","floor":13,"turns":3},{"damage":22,"enemies":"Slime Boss","floor":16,"turns":9},{"damage":6,"enemies":"3 Byrds","floor":18,"turns":3},{"damage":12,"enemies":"Chosen","floor":22,"turns":4},{"damage":25,"enemies":"Gremlin Leader","floor":23,"turns":6},{"damage":18,"enemies":"Book of Stabbing","floor":25,"turns":4},{"damage":41,"enemies":"Gremlin Leader","floor":27,"turns":5},{"damage":21,"enemies":"Snake Plant","floor":29,"turns":3},{"damage":33,"enemies":"Slavers","floor":30,"turns":3},{"damage":22,"enemies":"Automaton","floor":33,"turns":6},{"damage":24,"enemies":"3 Darklings","floor":35,"turns":4},{"damage":15,"enemies":"3 Shapes","floor":38,"turns":5},{"damage":22,"enemies":"Writhing Mass","floor":39,"turns":6},{"damage":34,"enemies":"Nemesis","floor":40,"turns":5},{"damage":31,"enemies":"Giant Head","floor":42,"turns":6},{"damage":33,"enemies":"Reptomancer","floor":47,"turns":4},{"damage":0,"enemies":"Transient","floor":48,"turns":5},{"damage":79,"enemies":"Donu and Deca","floor":50,"turns":7},{"damage":57,"enemies":"Shield and Spear","floor":54,"turns":5},{"damage":98,"enemies":"The Heart","floor":55,"turns":6}],"seed_played":"-8217852429730391864","potions_obtained":[{"floor":2.0,"key":"Fruit Juice"},{"floor":4,"key":"FearPotion"},{"floor":6,"key":"LiquidBronze"},{"floor":16,"key":"BlessingOfTheForge"},{"floor":23,"key":"SneckoOil"},{"floor":27,"key":"EntropicBrew"},{"floor":29,"key":"ElixirPotion"},{"floor":30,"key":"DuplicationPotion"},{"floor":35,"key":"DistilledChaos"},{"floor":42,"key":"Energy Potion"},{"floor":48,"key":"AttackPotion"},{"floor":54,"key":"ColorlessPotion"}],"is_trial":false,"path_per_floor":["M","M","M","M","M","E","M","E","T","E","$","R","M","?","R","B",null,"M","$","?","$","M","E","R","E","T","E","R","M","E","?","R","B",null,"M","?","?","M","M","E","R","E","T","$","T","R","E","M","R","B",null,"R","$","E","B"],"character_chosen":"IRONCLAD","items_purchased":["Lee\u0027s Waffle","Shockwave","Happy Flower","Centennial Puzzle","Flash of Steel","Metallicize","Bottled Lightning","Blood for Blood"],"campfire_rested":0,"item_purchase_floors":[11,19,21,53,53,53,53,53],"current_hp_per_floor":[64,70,72,63,61,43,43,34,34,20,116,116,116,98,98,85,119,122,122,122,122,119,100,100,88,88,57,69,54,30,30,45,29,132,114,114,114,108,92,64,79,58,58,73,73,88,61,69,84,13,139,139,139,95,0,0],"gold":51,"neow_bonus":"THREE_RARE_CARDS","is_prod":false,"is_daily":false,"chose_seed":false,"campfire_upgraded":8,"win_rate":0,"timestamp":1607522026,"path_taken":["M","M","M","M","M","E","M","E","T","E","$","R","M","?","R","BOSS","M","$","?","$","M","E","R","E","T","E","R","M","E","?","R","BOSS","M","?","?","M","M","E","R","E","T","$","?","R","E","M","R","BOSS","R","$","E","BOSS"],"build_version":"2020-11-30","purchased_purges":2,"victory":false,"max_hp_per_floor":[83,91,94,97,100,103,106,109,109,109,116,116,116,116,116,119,119,122,122,122,122,125,125,125,125,125,129,129,129,132,132,132,132,132,132,132,132,135,135,135,135,139,139,139,139,139,139,139,139,139,139,139,139,146,146,146],"relic_stats":{"Lee\u0027s Waffle":96,"Happy Flower":[28],"counters":[29,137],"CeramicFish":36,"Eternal Feather":72,"Bag of Preparation":[28],"Letter Opener":[48],"Whetstone":["Strike_R","Anger"],"War Paint":["Defend_R","Defend_R"],"MawBank":168,"Burning Blood":166,"Blood Vial":6,"Nunchaku":[22],"Centennial Puzzle":[6],"Busted Crown":32,"Tiny Chest":1,"MealTicket":15,"Kunai":[42],"obtain_stats":[{"Lee\u0027s Waffle":11,"Happy Flower":21,"CeramicFish":45,"Oddly Smooth Stone":27,"Eternal Feather":26,"Bag of Preparation":25,"Letter Opener":6,"Whetstone":9,"War Paint":40,"Bottled Tornado":43,"MawBank":30,"Burning Blood":0,"Blood Vial":47,"Nunchaku":8,"Centennial Puzzle":53,"Matryoshka":14,"Busted Crown":17,"Strawberry":54,"Tiny Chest":23,"MealTicket":43,"Coffee Dripper":34,"Kunai":10,"Bottled Lightning":53,"StrikeDummy":42},{"Lee\u0027s Waffle":9,"Happy Flower":12,"CeramicFish":24,"Oddly Smooth Stone":16,"Eternal Feather":15,"Bag of Preparation":15,"Letter Opener":6,"Whetstone":8,"War Paint":23,"Bottled Tornado":24,"MawBank":18,"Burning Blood":0,"Blood Vial":25,"Nunchaku":8,"Centennial Puzzle":27,"Matryoshka":10,"Busted Crown":11,"Strawberry":28,"Tiny Chest":14,"MealTicket":24,"Coffee Dripper":19,"Kunai":9,"Bottled Lightning":27,"StrikeDummy":24},{"Lee\u0027s Waffle":38,"Happy Flower":53,"CeramicFish":110,"Oddly Smooth Stone":72,"Eternal Feather":67,"Bag of Preparation":67,"Letter Opener":25,"Whetstone":31,"War Paint":104,"Bottled Tornado":110,"MawBank":78,"Burning Blood":0,"Blood Vial":114,"Nunchaku":31,"Centennial Puzzle":126,"Matryoshka":41,"Busted Crown":50,"Strawberry":131,"Tiny Chest":63,"MealTicket":110,"Coffee Dripper":84,"Kunai":38,"Bottled Lightning":126,"StrikeDummy":110}]},"card_choices":[{"not_picked":["Fiend Fire","Bludgeon"],"picked":"Feed","floor":0.0},{"not_picked":["Pommel Strike","Headbutt"],"picked":"Whirlwind","floor":1.0},{"not_picked":["Body Slam","Burning Pact"],"picked":"Battle Trance","floor":2.0},{"not_picked":["Whirlwind","Entrench"],"picked":"Anger","floor":3.0},{"not_picked":["Perfected Strike","Cleave"],"picked":"Hemokinesis","floor":4},{"not_picked":["Cleave","Whirlwind"],"picked":"Feel No Pain","floor":5},{"not_picked":["Pommel Strike","Twin Strike"],"picked":"Bludgeon","floor":6},{"not_picked":["Ghostly Armor","Armaments"],"picked":"Uppercut","floor":7},{"not_picked":["Havoc","Flex"],"picked":"Armaments","floor":8},{"not_picked":["Second Wind","Havoc"],"picked":"Clothesline","floor":10},{"not_picked":["Feel No Pain","Battle Trance"],"picked":"Thunderclap","floor":13},{"not_picked":["Feed","Fiend Fire"],"picked":"Demon Form","floor":16},{"not_picked":[],"picked":"Sword Boomerang","floor":18},{"not_picked":["Reckless Charge"],"picked":"SKIP","floor":22},{"not_picked":[],"picked":"Disarm+1","floor":23},{"not_picked":["Wild Strike+1"],"picked":"SKIP","floor":25},{"not_picked":["Second Wind"],"picked":"SKIP","floor":27},{"not_picked":[],"picked":"Headbutt+1","floor":29},{"not_picked":["Body Slam"],"picked":"SKIP","floor":30},{"not_picked":[],"picked":"Berserk","floor":33},{"not_picked":[],"picked":"Armaments+1","floor":35},{"not_picked":[],"picked":"Sword Boomerang+1","floor":38},{"not_picked":[],"picked":"Feel No Pain","floor":39},{"not_picked":[],"picked":"Sword Boomerang","floor":40},{"not_picked":[],"picked":"Fiend Fire","floor":42},{"not_picked":["Bloodletting+1"],"picked":"SKIP","floor":47},{"not_picked":["Flex"],"picked":"SKIP","floor":48},{"not_picked":[],"picked":"Ghostly Armor+1","floor":54}],"player_experience":594922,"relics_obtained":[{"floor":6,"key":"Letter Opener"},{"floor":8,"key":"Nunchaku"},{"floor":9,"key":"Whetstone"},{"floor":10,"key":"Kunai"},{"floor":23,"key":"Tiny Chest"},{"floor":25,"key":"Bag of Preparation"},{"floor":26,"key":"Eternal Feather"},{"floor":27,"key":"Oddly Smooth Stone"},{"floor":30,"key":"MawBank"},{"floor":40,"key":"War Paint"},{"floor":42,"key":"StrikeDummy"},{"floor":43,"key":"MealTicket"},{"floor":43,"key":"Bottled Tornado"},{"floor":45,"key":"CeramicFish"},{"floor":47,"key":"Blood Vial"},{"floor":54,"key":"Strawberry"}],"event_choices":[{"damage_healed":0,"gold_gain":0,"player_choice":"Success","damage_taken":18,"relics_obtained":["Matryoshka"],"max_hp_gain":0,"max_hp_loss":0,"event_name":"Scrap Ooze","floor":14,"gold_loss":0},{"damage_healed":0,"gold_gain":0,"player_choice":"Ignored","damage_taken":0,"max_hp_gain":0,"max_hp_loss":0,"event_name":"Vampires","floor":20,"gold_loss":0},{"damage_healed":0,"gold_gain":0,"player_choice":"Ignored","damage_taken":0,"max_hp_gain":0,"max_hp_loss":0,"event_name":"Ghosts","floor":31,"gold_loss":0},{"damage_healed":0,"gold_gain":0,"player_choice":"Ignored","damage_taken":0,"max_hp_gain":0,"max_hp_loss":0,"event_name":"Tomb of Lord Red Mask","floor":36,"gold_loss":0},{"cards_removed":["Strike_R"],"damage_healed":0,"gold_gain":0,"player_choice":"Removed Attack","damage_taken":0,"max_hp_gain":0,"max_hp_loss":0,"event_name":"Falling","floor":37,"gold_loss":0}],"is_beta":false,"boss_relics":[{"not_picked":["Runic Dome","Pandora\u0027s Box"],"picked":"Busted Crown"},{"not_picked":["SlaversCollar","Black Star"],"picked":"Coffee Dripper"}],"items_purged_floors":[11,44],"is_endless":false,"potions_floor_spawned":[2,4,6,16,23,27,29,30,35,42,48,54],"killed_by":"The Heart","ascension_level":4}}