{"host":"BK","time":1607558239,"event":{"gold_per_floor":[112,132,14,25,39,39,66,66,66,85,50,81,81,91,91,168,168,185,5,17,27,27,27,53,64,64,75,0,0,0,0,0,0,0],"floor_reached":33,"playtime":1471,"items_purged":["Strike_G","Strike_G"],"score":554,"play_id":"dfc3c208-fb4e-420f-bf07-86bd34ec1e3c","local_time":"20201209165719","is_ascension_mode":true,"campfire_choices":[{"data":"Predator","floor":6.0,"key":"SMITH"},{"floor":8.0,"key":"REST"},{"data":"Deadly Poison","floor":13.0,"key":"SMITH"},{"data":"Leg Sweep","floor":15.0,"key":"SMITH"},{"floor":23.0,"key":"REST"},{"floor":29,"key":"REST"},{"floor":32,"key":"REST"}],"neow_cost":"NONE","seed_source_timestamp":172292498700,"circlet_count":0,"master_deck":["AscendersBane","Strike_G","Strike_G","Strike_G","Defend_G","Defend_G","Defend_G","Defend_G","Defend_G","Survivor","Neutralize","Predator+1","Slice","All Out Attack","Leg Sweep+1","Deadly Poison+1","Die Die Die","Bouncing Flask","Leg Sweep","Deflect","Calculated Gamble+1"],"special_seed":0,"relics":["Runic Pyramid","Shuriken","Gremlin Horn","Meat on the Bone","Sozu","Smiling Mask","The Courier","NlothsMask"],"potions_floor_usage":[],"damage_taken":[{"damage":0.0,"enemies":"2 Louse","floor":1.0,"turns":3.0},{"damage":7.0,"enemies":"Small Slimes","floor":2.0,"turns":3.0},{"damage":4.0,"enemies":"Jaw Worm","floor":4.0,"turns":3.0},{"damage":3.0,"enemies":"Looter","floor":5.0,"turns":3.0},{"damage":30.0,"enemies":"Lagavulin","floor":7.0,"turns":7.0},{"damage":0.0,"enemies":"Exordium Thugs","floor":10.0,"turns":3.0},{"damage":12.0,"enemies":"3 Sentries","floor":12.0,"turns":7.0},{"damage":0.0,"enemies":"Blue Slaver","floor":14.0,"turns":4.0},{"damage":15.0,"enemies":"Hexaghost","floor":16.0,"turns":12.0},{"damage":7.0,"enemies":"Chosen","floor":18.0,"turns":5.0},{"damage":23.0,"enemies":"Shell Parasite","floor":20.0,"turns":4.0},{"damage":21.0,"enemies":"Sentry and Sphere","floor":21.0,"turns":6.0},{"damage":27.0,"enemies":"Book of Stabbing","floor":24.0,"turns":7.0},{"damage":0.0,"enemies":"3 Cultists","floor":25.0,"turns":4.0},{"damage":27.0,"enemies":"Chosen and Byrds","floor":27.0,"turns":6.0},{"damage":80,"enemies":"Collector","floor":33,"turns":7}],"seed_played":"-7298145627954637777","potions_obtained":[{"floor":2.0,"key":"ColorlessPotion"},{"floor":10.0,"key":"EssenceOfSteel"},{"floor":12.0,"key":"Strength Potion"},{"floor":16.0,"key":"CunningPotion"}],"is_trial":false,"path_per_floor":["M","M","$","M","M","R","E","R","T","M","?","E","R","M","R","B",null,"M","$","M","M","?","R","E","M","T","M","?","R","$","?","R","B"],"character_chosen":"THE_SILENT","items_purchased":["All Out Attack","Leg Sweep"],"campfire_rested":4,"item_purchase_floors":[3,19],"current_hp_per_floor":[59,52,52,48,45,45,15,34,34,34,50,38,38,38,38,35,58,51,51,40,31,13,34,19,31,31,16,16,37,37,37,58,0,0],"gold":0,"neow_bonus":"BOSS_RELIC","is_prod":false,"is_daily":false,"chose_seed":false,"campfire_upgraded":3,"win_rate":0,"timestamp":1607558239,"path_taken":["M","M","$","M","M","R","E","R","T","M","?","E","R","M","R","BOSS","M","$","M","M","?","R","E","M","T","M","?","R","$","?","R","BOSS"],"build_version":"2020-12-07","purchased_purges":2,"victory":false,"max_hp_per_floor":[66,66,66,66,66,66,66,66,66,66,66,66,66,66,66,66,66,66,66,66,66,71,71,71,71,71,71,71,71,71,71,71,71,71],"card_choices":[{"not_picked":["Slice","Blade Dance"],"picked":"Predator","floor":1.0},{"not_picked":["Blade Dance","PiercingWail"],"picked":"Slice","floor":2.0},{"not_picked":["Cloak And Dagger","Doppelganger"],"picked":"Leg Sweep","floor":4.0},{"not_picked":["Masterful Stab","Prepared","Reflex"],"picked":"SKIP","floor":5.0},{"not_picked":["Sucker Punch","Dagger Throw","Reflex"],"picked":"SKIP","floor":7.0},{"not_picked":["Deflect","Dagger Spray"],"picked":"Deadly Poison","floor":10.0},{"not_picked":["Acrobatics","Sucker Punch"],"picked":"Die Die Die","floor":12.0},{"not_picked":["Dodge and Roll","Poisoned Stab","Sucker Punch"],"picked":"SKIP","floor":14.0},{"not_picked":["Bane","Terror"],"picked":"Bouncing Flask","floor":18.0},{"not_picked":["Choke","Dodge and Roll","Bane"],"picked":"SKIP","floor":20.0},{"not_picked":["Dash+1","Slice"],"picked":"Deflect","floor":21.0},{"not_picked":["Prepared","Flying Knee","Predator"],"picked":"SKIP","floor":24.0},{"not_picked":["Dagger Throw","Prepared","Dagger Spray+1"],"picked":"SKIP","floor":25.0},{"not_picked":["Sucker Punch","Terror"],"picked":"Calculated Gamble+1","floor":27.0}],"player_experience":2335974,"relics_obtained":[{"floor":7.0,"key":"Shuriken"},{"floor":9.0,"key":"Gremlin Horn"},{"floor":12.0,"key":"Meat on the Bone"},{"floor":24.0,"key":"Smiling Mask"},{"floor":26.0,"key":"The Courier"}],"event_choices":[{"damage_healed":16.0,"max_hp_gain":0.0,"max_hp_loss":0.0,"gold_gain":0.0,"event_name":"The Cleric","player_choice":"Healed","floor":11.0,"gold_loss":35.0,"damage_taken":0.0},{"damage_healed":0.0,"max_hp_gain":5.0,"max_hp_loss":0.0,"gold_gain":0.0,"event_name":"Forgotten Altar","player_choice":"Shed Blood","floor":22.0,"gold_loss":0.0,"damage_taken":23.0},{"damage_healed":0,"gold_gain":0,"player_choice":"Paid Fearfully","damage_taken":0,"max_hp_gain":0,"max_hp_loss":0,"event_name":"Masked Bandits","floor":28,"gold_loss":75},{"damage_healed":0,"gold_gain":0,"player_choice":"Trade","damage_taken":0,"relics_obtained":["NlothsMask"],"max_hp_gain":0,"max_hp_loss":0,"event_name":"FaceTrader","floor":31,"gold_loss":0}],"is_beta":true,"boss_relics":[{"not_picked":["HoveringKite","Pandora\u0027s Box"],"picked":"Sozu"}],"items_purged_floors":[3,19],"is_endless":false,"potions_floor_spawned":[2,10,12,14,16,18,25,27],"killed_by":"Collector","ascension_level":20}}