{"host":"n4f6h2mlrt4e12he","time":1607549870,"event":{"gold_per_floor":[109,109,109,120,134,166,166,166,166,166,182,202,202,202,202,202,202],"floor_reached":16,"playtime":592,"items_purged":[],"score":155,"play_id":"17f0b51f-72bf-4d5a-afe5-18ef69ea6f93","local_time":"20201209163750","is_ascension_mode":true,"campfire_choices":[{"data":"Thunderclap","floor":10,"key":"SMITH"},{"data":"Seeing Red","floor":13,"key":"SMITH"},{"data":"Exhume","floor":15,"key":"SMITH"}],"neow_cost":"NONE","seed_source_timestamp":2388952027121500,"circlet_count":0,"master_deck":["AscendersBane","Strike_R","Strike_R","Strike_R","Strike_R","Defend_R","Defend_R+1","Defend_R+1","Defend_R","Bash","Headbutt","Inflame","Shockwave","Thunderclap+1","Regret","Exhume+1","Seeing Red+1"],"relics":["Burning Blood","NeowsBlessing","StrikeDummy","Sundial","Art of War","Tiny Chest"],"potions_floor_usage":[6],"damage_taken":[{"damage":0,"enemies":"Jaw Worm","floor":1,"turns":1},{"damage":0,"enemies":"Cultist","floor":4,"turns":1},{"damage":0,"enemies":"2 Louse","floor":5,"turns":1},{"damage":17,"enemies":"Gremlin Nob","floor":6,"turns":5},{"damage":14,"enemies":"Looter","floor":11,"turns":3},{"damage":11,"enemies":"Exordium Thugs","floor":12,"turns":4},{"damage":77,"enemies":"Hexaghost","floor":16,"turns":10}],"seed_played":"4509578473712734036","potions_obtained":[{"floor":4,"key":"HeartOfIron"},{"floor":6,"key":"SkillPotion"},{"floor":12,"key":"SpeedPotion"},{"floor":14,"key":"FairyPotion"},{"floor":14,"key":"Dexterity Potion"}],"is_trial":false,"path_per_floor":["M","?","?","M","M","E","?","?","T","R","M","M","R","?","R","B"],"character_chosen":"IRONCLAD","items_purchased":[],"campfire_rested":0,"item_purchase_floors":[],"current_hp_per_floor":[78,62,62,68,74,63,63,63,63,63,55,50,50,50,50,0,0],"gold":202,"neow_bonus":"THREE_ENEMY_KILL","is_prod":false,"is_daily":false,"chose_seed":false,"campfire_upgraded":3,"win_rate":0,"timestamp":1607549870,"path_taken":["M","?","?","?","M","E","?","?","T","R","M","?","R","?","R","BOSS"],"build_version":"2020-11-30","purchased_purges":0,"victory":false,"max_hp_per_floor":[80,80,80,80,80,80,80,80,80,80,80,80,80,80,80,80,80],"card_choices":[{"not_picked":["Flex","Disarm"],"picked":"Headbutt","floor":1},{"not_picked":["Iron Wave","Evolve"],"picked":"Inflame","floor":4},{"not_picked":["Infernal Blade","Headbutt"],"picked":"Shockwave","floor":5},{"not_picked":["Iron Wave","Perfected Strike"],"picked":"Thunderclap","floor":6},{"not_picked":["Second Wind","True Grit"],"picked":"Exhume","floor":11},{"not_picked":["Perfected Strike","Pommel Strike"],"picked":"Seeing Red","floor":12}],"player_experience":1312061,"relics_obtained":[{"floor":6,"key":"StrikeDummy"},{"floor":9,"key":"Tiny Chest"}],"event_choices":[{"damage_healed":0,"gold_gain":0,"player_choice":"Entered Light","damage_taken":16,"max_hp_gain":0,"max_hp_loss":0,"event_name":"Shining Light","floor":2,"gold_loss":0,"cards_upgraded":["Defend_R","Defend_R"]},{"cards_removed":["Strike_R"],"damage_healed":0,"gold_gain":0,"player_choice":"Offered Basic","damage_taken":0,"max_hp_gain":0,"max_hp_loss":0,"event_name":"Bonfire Elementals","floor":3,"gold_loss":0},{"damage_healed":0,"gold_gain":0,"player_choice":"Box","damage_taken":0,"relics_obtained":["Sundial"],"max_hp_gain":0,"max_hp_loss":0,"event_name":"Big Fish","floor":7,"gold_loss":0,"cards_obtained":["Regret"]},{"damage_healed":0,"gold_gain":0,"player_choice":"Gave Potion","damage_taken":0,"relics_obtained":["Art of War"],"max_hp_gain":0,"max_hp_loss":0,"event_name":"WeMeetAgain","floor":8,"gold_loss":0},{"damage_healed":0,"gold_gain":0,"player_choice":"Got Potions","damage_taken":0,"max_hp_gain":0,"max_hp_loss":0,"event_name":"Lab","floor":14,"gold_loss":0}],"is_beta":false,"boss_relics":[],"items_purged_floors":[],"is_endless":false,"potions_floor_spawned":[4,6,12],"killed_by":"Hexaghost","ascension_level":11}}