{"host":"640uue19m79c7wbt","time":1607475893,"event":{"gold_per_floor":[115,115,128,128,48,48,81,99,99,134,134,169,180,191,191,191,191],"floor_reached":16,"playtime":307,"items_purged":[],"score":152,"play_id":"7dbcb691-df47-442e-a139-6a16a4266395","local_time":"20201208200453","is_ascension_mode":true,"campfire_choices":[{"data":"Caltrops","floor":6.0,"key":"SMITH"},{"data":"Cloak And Dagger","floor":11.0,"key":"SMITH"},{"floor":15.0,"key":"REST"}],"neow_cost":"NONE","seed_source_timestamp":0,"circlet_count":0,"master_deck":["Strike_G","Strike_G","Strike_G","Strike_G","Strike_G","Defend_G","Defend_G","Defend_G","Defend_G","Defend_G","Survivor","Neutralize","Choke","Bane","Regret","Caltrops+1","Dagger Throw","Cloak And Dagger+1","Corpse Explosion","Finisher","Underhanded Strike","Cloak And Dagger"],"special_seed":0,"relics":["Ring of the Snake","NeowsBlessing","Mummified Hand","Centennial Puzzle","Nunchaku","Matryoshka","Tiny Chest"],"potions_floor_usage":[],"damage_taken":[{"damage":0.0,"enemies":"2 Louse","floor":1.0,"turns":1.0},{"damage":0.0,"enemies":"Cultist","floor":3.0,"turns":1.0},{"damage":0.0,"enemies":"3 Sentries","floor":7.0,"turns":2.0},{"damage":1.0,"enemies":"Small Slimes","floor":8.0,"turns":2.0},{"damage":15.0,"enemies":"Gremlin Nob","floor":10.0,"turns":4.0},{"damage":13.0,"enemies":"Lagavulin","floor":12.0,"turns":4.0},{"damage":0.0,"enemies":"3 Louse","floor":13.0,"turns":2.0},{"damage":1.0,"enemies":"Blue Slaver","floor":14.0,"turns":2.0},{"damage":0,"enemies":"The Guardian","floor":16,"turns":1}],"seed_played":"-2147916458750816143","potions_obtained":[{"floor":3.0,"key":"Strength Potion"},{"floor":8.0,"key":"PowerPotion"},{"floor":10.0,"key":"EssenceOfSteel"},{"floor":13.0,"key":"DuplicationPotion"}],"is_trial":false,"path_per_floor":["M","?","M","?","$","R","E","M","T","E","R","E","M","M","R","B"],"character_chosen":"THE_SILENT","items_purchased":["Caltrops"],"campfire_rested":1,"item_purchase_floors":[5],"current_hp_per_floor":[70,70,70,70,70,70,70,69,69,54,54,41,41,40,61,61,61],"gold":191,"neow_bonus":"THREE_ENEMY_KILL","is_prod":false,"is_daily":false,"chose_seed":false,"campfire_upgraded":2,"win_rate":0,"timestamp":1607475893,"path_taken":["M","?","?","?","$","R","E","M","T","E","R","E","M","M","R","BOSS"],"build_version":"2020-11-30","purchased_purges":0,"victory":false,"max_hp_per_floor":[70,70,70,70,70,70,70,70,70,70,70,70,70,70,70,70,70],"card_choices":[{"not_picked":["Deflect","Flying Knee"],"picked":"Choke","floor":1.0},{"not_picked":["Flying Knee","Deflect"],"picked":"Bane","floor":3.0},{"not_picked":["Dodge and Roll","Outmaneuver"],"picked":"Dagger Throw","floor":7.0},{"not_picked":["Poisoned Stab","Blade Dance"],"picked":"Cloak And Dagger","floor":8.0},{"not_picked":["Blade Dance","Backflip"],"picked":"Corpse Explosion","floor":10.0},{"not_picked":["Grand Finale","PiercingWail"],"picked":"Finisher","floor":12.0},{"not_picked":["Acrobatics","Setup"],"picked":"Underhanded Strike","floor":13.0},{"not_picked":["Acrobatics","Skewer"],"picked":"Cloak And Dagger","floor":14.0}],"player_experience":1203038,"relics_obtained":[{"floor":7.0,"key":"Centennial Puzzle"},{"floor":9.0,"key":"Nunchaku"},{"floor":10.0,"key":"Matryoshka"},{"floor":12.0,"key":"Tiny Chest"}],"event_choices":[{"damage_healed":0.0,"max_hp_gain":0.0,"max_hp_loss":0.0,"gold_gain":0.0,"event_name":"NoteForYourself","player_choice":"Ignored","floor":2.0,"gold_loss":0.0,"damage_taken":0.0},{"damage_healed":0.0,"max_hp_gain":0.0,"max_hp_loss":0.0,"gold_gain":0.0,"event_name":"Big Fish","player_choice":"Box","floor":4.0,"gold_loss":0.0,"damage_taken":0.0,"relics_obtained":["Mummified Hand"],"cards_obtained":["Regret"]}],"is_beta":false,"boss_relics":[],"items_purged_floors":[],"is_endless":false,"potions_floor_spawned":[3,8,10,13],"killed_by":"The Guardian","ascension_level":1}}