{"host":"bxdue9bkfm2khp2x","time":1607494910,"event":{"gold_per_floor":[118,118,128,53,69,69,80,80,158,198,198,242,257,257,908,1040,1040,1056,1085,1104,1104,1123,1123,1181,1256,1256,939,962,1004,1004,1018,1018,1138,1138,1175,1175,805,1138,916,916,956,973,999,1057,1069,1094,1121,617,617,662],"floor_reached":51,"playtime":4299,"items_purged":["alterego_mod:Defend","alterego_mod:Strike","alterego_mod:Defend","alterego_mod:Defend","alterego_mod:Defend","Bite"],"score":830,"play_id":"3b4dafa8-dc67-4df5-9a91-10bc0dee41d7","local_time":"20201209142150","is_ascension_mode":true,"campfire_choices":[{"data":"alterego_mod:ChallengeComplete","floor":6.0,"key":"SMITH"},{"data":"alterego_mod:BigMeatyClaws","floor":11.0,"key":"SMITH"},{"data":"alterego_mod:ChallengeComplete","floor":23,"key":"SMITH"},{"data":"alterego_mod:DiscoLights","floor":30,"key":"SMITH"},{"data":"alterego_mod:DiscoLights","floor":32,"key":"SMITH"},{"data":"alterego_mod:DiscoLights","floor":40,"key":"SMITH"},{"data":"alterego_mod:TrickOrTreatment","floor":45,"key":"SMITH"},{"data":"alterego_mod:IndependentAction","floor":49,"key":"SMITH"}],"neow_cost":"NONE","seed_source_timestamp":0,"circlet_count":0,"master_deck":["alterego_mod:BigMeatyClaws+1","alterego_mod:BrynhildrsRune","alterego_mod:Venus","alterego_mod:ChallengeComplete+1","alterego_mod:Exercise","alterego_mod:MagicResistance","alterego_mod:ChallengeComplete+1","alterego_mod:Birthday","alterego_mod:BreastValley","alterego_mod:BreastValley","alterego_mod:Undulate+1","Bite","alterego_mod:DiscoLights+1","alterego_mod:DiscoLights+1","alterego_mod:TrickOrTreatment+1","alterego_mod:Rip+1","ReplayTheSpireMod:Necrogeddon","alterego_mod:DeftHands","alterego_mod:DiscoLights+1","alterego_mod:IndependentAction+1"],"special_seed":0,"relics":["alterego_mod:MasochisticConstitution","REME_ComplimentaryCards","DaveBox","ice","ArrowTower","Question Card","REME_ArchaeologicalTools","Matryoshka","BionicSphere","Turnip","ImportantClient","Replay:Bronze Core","Omamori","ReplayFunnel","Onion Ring","conspire:TreasureMap","MawBank","Dota2Spire:ArmletOfMordiggian","Art of War","Ying","Bronze Scales","Centennial Puzzle"],"potions_floor_usage":[16,18,18,28,28,29,33,35,47,50],"damage_taken":[{"damage":0.0,"enemies":"Small Slimes","floor":1.0,"turns":2.0},{"damage":1.0,"enemies":"Cultist","floor":3.0,"turns":3.0},{"damage":2.0,"enemies":"conspire:RoseBush","floor":5.0,"turns":3.0},{"damage":13.0,"enemies":"Gremlin Gang","floor":7.0,"turns":4.0},{"damage":6.0,"enemies":"Looter","floor":10.0,"turns":2.0},{"damage":8.0,"enemies":"Replay:BlueRogue","floor":12.0,"turns":5.0},{"damage":1.0,"enemies":"Large Slime","floor":13.0,"turns":5.0},{"damage":9,"enemies":"Hexaghost","floor":16,"turns":8},{"damage":0,"enemies":"3 Byrds","floor":18,"turns":4},{"damage":2,"enemies":"conspire:FuzzyDice","floor":19,"turns":6},{"damage":0,"enemies":"Shelled Parasite and Fungi","floor":20,"turns":7},{"damage":2,"enemies":"Snake Plant","floor":22,"turns":6},{"damage":0,"enemies":"conspire:SneckoGhost","floor":24,"turns":8},{"damage":1,"enemies":"3 Cultists","floor":28,"turns":5},{"damage":1,"enemies":"Gremlin Leader","floor":29,"turns":7},{"damage":1,"enemies":"Snecko","floor":31,"turns":6},{"damage":1,"enemies":"Collector","floor":33,"turns":10},{"damage":0,"enemies":"Orb Walker","floor":35,"turns":4},{"damage":0,"enemies":"3 Shapes","floor":41,"turns":5},{"damage":19,"enemies":"Writhing Mass","floor":42,"turns":8},{"damage":2,"enemies":"Nemesis","floor":44,"turns":7},{"damage":1,"enemies":"Maw","floor":46,"turns":7},{"damage":0,"enemies":"Jaw Worm Horde","floor":47,"turns":4},{"damage":1,"enemies":"Replay:Hell Engine","floor":50,"turns":9}],"seed_played":"2013070583973507786","potions_obtained":[{"floor":0.0,"key":"DuplicationPotion"},{"floor":0.0,"key":"Languid Potion"},{"floor":0.0,"key":"Guardian:BlockOnCardUsePotion"},{"floor":7.0,"key":"SkillPotion"},{"floor":10.0,"key":"DistilledChaos"},{"floor":13.0,"key":"AttackPotion"},{"floor":18,"key":"Dexterity Potion"},{"floor":22,"key":"Toxic Potion"},{"floor":24,"key":"Regen Potion"},{"floor":28,"key":"AttackPotion"},{"floor":29,"key":"SteroidPotion"},{"floor":42,"key":"Doom Potion"},{"floor":44,"key":"LiquidMemories"}],"is_trial":false,"path_per_floor":["M","?","M","$","M","R","M","?","T","M","R","E","M","?","R","B",null,"M","M","M","?","M","R","E","?","T","$","M","E","R","M","R","B",null,"M","?","$","?","$","R","M","M","T","E","R","M","M","$","R","B",null],"character_chosen":"The_Alterego","items_purchased":["BionicSphere","Turnip","alterego_mod:BreastValley","alterego_mod:DiscoLights","ReplayFunnel","Fire Potion","Fire Potion","conspire:TreasureMap","ReplayTheSpireMod:Necrogeddon","alterego_mod:DeftHands","alterego_mod:DiscoLights","Ying","Bronze Scales","Centennial Puzzle"],"campfire_rested":0,"item_purchase_floors":[15,15,15,27,27,27,27,37,37,39,39,48,48,48],"current_hp_per_floor":[63,63,63,63,69,69,71,71,71,73,73,66,76,57,57,58,72,77,76,78,68,69,69,69,63,63,63,70,71,71,72,72,73,73,73,69,69,69,69,69,69,57,57,69,69,72,72,72,72,73],"gold":662,"neow_bonus":"THREE_SMALL_POTIONS","is_prod":false,"is_daily":false,"chose_seed":false,"campfire_upgraded":8,"win_rate":0,"timestamp":1607494910,"path_taken":["M","?","?","$","M","R","M","?","T","?","R","E","?","?","R","BOSS","M","M","M","?","M","R","E","?","T","$","?","E","R","M","R","BOSS","M","?","$","?","$","R","M","M","T","E","R","M","M","$","R","BOSS"],"build_version":"2020-11-30","purchased_purges":6,"victory":true,"max_hp_per_floor":[70,70,71,71,72,72,73,73,73,74,74,75,76,76,76,77,77,77,78,78,68,69,69,69,69,69,69,70,71,71,72,72,73,73,73,69,69,69,69,69,69,70,70,71,71,72,72,72,72,73],"card_choices":[{"not_picked":["alterego_mod:Pet","alterego_mod:BusterCard"],"picked":"alterego_mod:ChallengeComplete","floor":1.0},{"not_picked":["alterego_mod:Punishment","alterego_mod:TrashNCrash","alterego_mod:RidiculouslyBig","alterego_mod:SakuraLabyrinth"],"picked":"SKIP","floor":3.0},{"not_picked":["alterego_mod:Pet","alterego_mod:Mirror","alterego_mod:Belts"],"picked":"alterego_mod:MagicResistance","floor":5.0},{"not_picked":["alterego_mod:Jiggle","alterego_mod:BrynhildrRomantia","alterego_mod:BiFurious","alterego_mod:Schoolgirl"],"picked":"SKIP","floor":7.0},{"not_picked":["alterego_mod:SuperDuperMasochism","alterego_mod:Undulate","alterego_mod:Punishment"],"picked":"alterego_mod:ChallengeComplete","floor":10.0},{"not_picked":["alterego_mod:Clones","alterego_mod:Venus","alterego_mod:BeGentle","alterego_mod:BrynhildrRomantia"],"picked":"SKIP","floor":12.0},{"not_picked":["alterego_mod:Exercise","alterego_mod:DeftHands","alterego_mod:BusterCard"],"picked":"alterego_mod:Birthday","floor":13.0},{"not_picked":["alterego_mod:HighServant","alterego_mod:GachaTicket","alterego_mod:PerceptionDisorder","alterego_mod:Cooking"],"picked":"SKIP","floor":18},{"not_picked":["alterego_mod:PerceptionDisorder","alterego_mod:Swimsuit","alterego_mod:Complex+1"],"picked":"alterego_mod:Undulate+1","floor":19},{"not_picked":["alterego_mod:DeftHands","alterego_mod:MagicResistance+1","alterego_mod:SakuraPetals+1","alterego_mod:Cooking+1"],"picked":"SKIP","floor":20},{"not_picked":["alterego_mod:HighServant+1","alterego_mod:Exercise","alterego_mod:MaintainEyeContact","alterego_mod:Crossover"],"picked":"SKIP","floor":22},{"not_picked":["alterego_mod:BiFurious+1","alterego_mod:MaintainEyeContact+1","alterego_mod:Punishment","alterego_mod:Cushion"],"picked":"SKIP","floor":24},{"not_picked":["alterego_mod:Lingerie+1","alterego_mod:Birthday","alterego_mod:Clap"],"picked":"alterego_mod:DiscoLights","floor":28},{"not_picked":["alterego_mod:1TonWallop+1","alterego_mod:Skirt","alterego_mod:Crossover","alterego_mod:Clap"],"picked":"SKIP","floor":29},{"not_picked":["alterego_mod:Crossover+1","alterego_mod:Vow","alterego_mod:BusterCard","alterego_mod:PerceptionDisorder"],"picked":"SKIP","floor":31},{"not_picked":["alterego_mod:Alter","alterego_mod:STier","alterego_mod:AlterEgo"],"picked":"alterego_mod:TrickOrTreatment","floor":33},{"not_picked":["alterego_mod:Maid+1","alterego_mod:BustOut","alterego_mod:Undulate+1"],"picked":"alterego_mod:Rip+1","floor":35},{"not_picked":["alterego_mod:Birthday+1","alterego_mod:Jiggle+1","alterego_mod:SuperDuperMasochism","alterego_mod:1TonWallop+1"],"picked":"SKIP","floor":41},{"not_picked":["alterego_mod:ChallengeComplete","alterego_mod:Punishment","alterego_mod:Alter","alterego_mod:Support"],"picked":"SKIP","floor":42},{"not_picked":["alterego_mod:Swimsuit+1","alterego_mod:Lift","alterego_mod:RidiculouslyBig+1"],"picked":"alterego_mod:IndependentAction","floor":44},{"not_picked":["alterego_mod:Undulate+1","alterego_mod:Santa","alterego_mod:PresenceConcealment","alterego_mod:Cooking"],"picked":"SKIP","floor":46},{"not_picked":["alterego_mod:DeftHands+1","alterego_mod:DustData+1","alterego_mod:TrashNCrash","alterego_mod:Bunnysuit+1"],"picked":"SKIP","floor":47}],"player_experience":1336328,"relics_obtained":[{"floor":1.0,"key":"Question Card"},{"floor":9.0,"key":"REME_ArchaeologicalTools"},{"floor":12.0,"key":"Matryoshka"},{"floor":16,"key":"ImportantClient"},{"floor":26,"key":"Omamori"},{"floor":29,"key":"Onion Ring"},{"floor":43,"key":"MawBank"},{"floor":43,"key":"Dota2Spire:ArmletOfMordiggian"},{"floor":44,"key":"Art of War"}],"event_choices":[{"damage_healed":0.0,"max_hp_gain":0.0,"max_hp_loss":0.0,"gold_gain":0.0,"cards_transformed":["alterego_mod:Strike"],"event_name":"Transmorgrifier","player_choice":"Transformed","floor":2.0,"gold_loss":0.0,"damage_taken":0.0,"cards_obtained":["alterego_mod:Exercise"]},{"cards_removed":["alterego_mod:Impale"],"damage_healed":0.0,"max_hp_gain":0.0,"max_hp_loss":0.0,"gold_gain":0.0,"event_name":"Bonfire Elementals","player_choice":"Offered Basic","floor":8.0,"gold_loss":0.0,"damage_taken":0.0},{"damage_healed":0.0,"max_hp_gain":0.0,"max_hp_loss":0.0,"gold_gain":0.0,"event_name":"Golden Idol","player_choice":"Take Damage","floor":14.0,"gold_loss":0.0,"damage_taken":19.0,"relics_obtained":["Golden Idol"]},{"damage_healed":0,"gold_gain":0,"player_choice":"Became a vampire","damage_taken":0,"max_hp_gain":0,"max_hp_loss":10,"event_name":"Vampires","floor":21,"gold_loss":0,"cards_obtained":["Bite","Bite"]},{"damage_healed":0,"gold_gain":75,"player_choice":"Touch","damage_taken":6,"max_hp_gain":0,"max_hp_loss":0,"event_name":"FaceTrader","floor":25,"gold_loss":0},{"damage_healed":0,"gold_gain":0,"player_choice":"Max HP","damage_taken":0,"max_hp_gain":0,"max_hp_loss":4,"event_name":"Winding Halls","floor":36,"gold_loss":0},{"damage_healed":0,"gold_gain":333,"player_choice":"Gave Idol","damage_taken":0,"max_hp_gain":0,"max_hp_loss":0,"event_name":"The Moai Head","floor":38,"relics_lost":["Golden Idol"],"gold_loss":0}],"is_beta":false,"boss_relics":[{"not_picked":["Replay:Ancient Bell","FixedStarFall"],"picked":"Replay:Bronze Core"},{"not_picked":["Transparent","vexMod:DeviousBotling","Philosopher\u0027s Stone"]}],"items_purged_floors":[4,15,27,37,39,48],"is_endless":false,"potions_floor_spawned":[5,7,10,13,18,22,24,28,29,33,42,44,47],"ascension_level":6}}