{"host":"h8h023bmayim76y3","time":1607546406,"event":{"gold_per_floor":[118,138,138,154,166,193,227,227,273,286,286,286,300,67,67,67,67],"floor_reached":16,"playtime":771,"items_purged":[],"score":112,"play_id":"1d233048-7c4b-4ca5-9501-9b9d97b168df","local_time":"20201209184006","is_ascension_mode":false,"campfire_choices":[{"data":"Blasphemy","floor":12,"key":"SMITH"},{"data":"expansioncontent:DashGenerateEvil","floor":15,"key":"SMITH"}],"neow_cost":"NONE","seed_source_timestamp":17943175764700,"circlet_count":0,"master_deck":["Strike_P","Strike_P","Strike_P","Defend_P","Defend_P","Defend_P","Defend_P","Eruption","Vigilance","CarveReality","SashWhip","Indignation","Nirvana","Blasphemy+1","FollowUp","Replay:Hum","expansioncontent:DashGenerateEvil+1","EmptyBody+1"],"relics":["PureWater","NeowsBlessing","Gensokyo:Justice","hubris:MedicalManual","Pondfish Scales","Orichalcum","hubris:Towel"],"potions_floor_usage":[],"damage_taken":[{"damage":0,"enemies":"Gensokyo:2_Kodama","floor":1,"turns":1},{"damage":0,"enemies":"Gensokyo:Gryphon","floor":2,"turns":1},{"damage":0,"enemies":"Gensokyo:3_Fairies","floor":4,"turns":1},{"damage":0,"enemies":"Gensokyo:VengefulSpirit","floor":5,"turns":2},{"damage":10,"enemies":"Gensokyo:Mamizou","floor":6,"turns":6},{"damage":20,"enemies":"Gensokyo:Cirno","floor":7,"turns":5},{"damage":2,"enemies":"Gensokyo:3_Kodama","floor":10,"turns":4},{"damage":0,"enemies":"Gensokyo:LivingMonolith","floor":13,"turns":1},{"damage":100001,"enemies":"Gensokyo:Kokoro","floor":16,"turns":5}],"seed_played":"-3776347007863714155","potions_obtained":[{"floor":2,"key":"Regen Potion"},{"floor":4,"key":"Energy Potion"},{"floor":7,"key":"Ancient Potion"}],"is_trial":false,"path_per_floor":["M","M","?","M","M","E","?","?","T","M","?","R","M","$","R","B"],"character_chosen":"WATCHER","items_purchased":["expansioncontent:DashGenerateEvil","EmptyBody+1"],"campfire_rested":0,"item_purchase_floors":[14,14],"current_hp_per_floor":[72,72,72,72,72,62,42,42,42,40,40,40,40,40,40,0,0],"gold":67,"neow_bonus":"THREE_ENEMY_KILL","is_prod":false,"is_daily":false,"chose_seed":false,"campfire_upgraded":2,"win_rate":0.0,"timestamp":1607546406,"path_taken":["M","M","?","M","M","E","?","?","T","M","?","R","?","$","R","BOSS"],"build_version":"2020-11-30","purchased_purges":0,"victory":false,"max_hp_per_floor":[72,72,72,72,72,72,72,72,72,72,72,72,72,72,72,72,72],"card_choices":[{"not_picked":["EmptyFist","Replay:AtTheReady"],"picked":"Replay:Battleflow","floor":1},{"not_picked":["Evaluate","ClearTheMind"],"picked":"CarveReality","floor":2},{"not_picked":["EmptyFist","ThirdEye"],"picked":"SashWhip","floor":4},{"not_picked":["PathToVictory","FlyingSleeves"],"picked":"Indignation","floor":5},{"not_picked":["SashWhip","Evaluate"],"picked":"Nirvana","floor":6},{"not_picked":["Replay:Cycle","InnerPeace"],"picked":"Blasphemy","floor":7},{"not_picked":["Replay:AtTheReady","PathToVictory"],"picked":"FollowUp","floor":10},{"not_picked":["Replay:BluntJabs","Crescendo"],"picked":"Replay:Hum","floor":13}],"player_experience":93474,"relics_obtained":[{"floor":6,"key":"hubris:MedicalManual"},{"floor":7,"key":"Pondfish Scales"},{"floor":9,"key":"Orichalcum"}],"event_choices":[],"is_beta":false,"boss_relics":[],"items_purged_floors":[],"is_endless":false,"potions_floor_spawned":[2,4,7,13],"killed_by":"Gensokyo:Kokoro","ascension_level":0}}