{"host":"tfkz8stxzb1up54p","time":1607528258,"event":{"gold_per_floor":[992,408,418,436,436,436,461,481,481,481,492,521,536,571,571,650,650,661,661,672,58,76,76,108,108,155,166,197,210,222,248,248,321,321,333,350,399,399,31,31,45,72,97,115,148,180,192,204,216,216],"floor_reached":49,"playtime":4328,"items_purged":["Strike_B"],"score":1908,"play_id":"2e09575a-d021-4d58-bd1a-3f7cd5334e03","local_time":"20201209153738","is_ascension_mode":true,"campfire_choices":[{"data":"Fusion","floor":6,"key":"SMITH"},{"data":"Machine Learning","floor":10,"key":"SMITH"},{"data":"Reinforced Body","floor":15,"key":"SMITH"},{"data":"Echo Form","floor":23,"key":"SMITH"},{"data":"Creative AI","floor":25,"key":"SMITH"},{"data":"Zap","floor":32,"key":"SMITH"},{"data":"Buffer","floor":40,"key":"SMITH"}],"neow_cost":"NONE","seed_source_timestamp":191466450091200,"circlet_count":0,"master_deck":["AscendersBane","Strike_B","Strike_B+1","Defend_B","Defend_B","Zap+1","Dualcast","Dramatic Entrance+1","Fusion+1","Melter+1","Self Repair","Beam Cell+1","Sweeping Beam+1","Machine Learning+1","Sweeping Beam+1","Compile Driver+1","Reinforced Body+1","Echo Form+1","Beam Cell+1","Ball Lightning+1","Hyperbeam+1","Cold Snap+1","Turbo","Dramatic Entrance+1","Static Discharge+1","Creative AI+1","Beam Cell+1","BootSequence","Force Field","Self Repair","Buffer+1","Beam Cell+1","Aggregate","Go for the Eyes+1","Purity","Good Instincts","Magnetism","Panacea","Go for the Eyes+1","Streamline+1","Leap+1","Gash+1"],"relics":["Cracked Core","Molten Egg 2","Whetstone","Pen Nib","Unceasing Top","White Beast Statue","Bag of Marbles","Happy Flower","Astrolabe","Potion Belt","TheAbacus","Ancient Tea Set","Nunchaku","Anchor","Letter Opener","Mummified Hand","Coffee Dripper","Dead Branch","Bottled Tornado","Smiling Mask","Oddly Smooth Stone","MawBank"],"potions_floor_usage":[7,14,14,16,20,22,24,28,29,29,31,31,31,33,37,42,42,42,45,48,48,48,48],"damage_taken":[{"damage":0,"enemies":"Small Slimes","floor":1,"turns":2},{"damage":0,"enemies":"Cultist","floor":3,"turns":3},{"damage":2,"enemies":"Jaw Worm","floor":4,"turns":2},{"damage":10,"enemies":"3 Sentries","floor":7,"turns":4},{"damage":0,"enemies":"Large Slime","floor":8,"turns":3},{"damage":11,"enemies":"Looter","floor":11,"turns":2},{"damage":20,"enemies":"Lagavulin","floor":12,"turns":5},{"damage":0,"enemies":"Exordium Thugs","floor":13,"turns":1},{"damage":0,"enemies":"3 Sentries","floor":14,"turns":1},{"damage":1,"enemies":"Slime Boss","floor":16,"turns":6},{"damage":21,"enemies":"Shell Parasite","floor":18,"turns":2},{"damage":0,"enemies":"2 Thieves","floor":20,"turns":1},{"damage":1,"enemies":"Sentry and Sphere","floor":22,"turns":3},{"damage":8,"enemies":"Slavers","floor":24,"turns":1},{"damage":0,"enemies":"3 Cultists","floor":27,"turns":2},{"damage":0,"enemies":"Book of Stabbing","floor":28,"turns":2},{"damage":18,"enemies":"Shelled Parasite and Fungi","floor":29,"turns":4},{"damage":0,"enemies":"Centurion and Healer","floor":30,"turns":5},{"damage":0,"enemies":"Slavers","floor":31,"turns":2},{"damage":22,"enemies":"Automaton","floor":33,"turns":5},{"damage":0,"enemies":"3 Darklings","floor":35,"turns":3},{"damage":0,"enemies":"3 Shapes","floor":36,"turns":4},{"damage":0,"enemies":"2 Orb Walkers","floor":37,"turns":4},{"damage":0,"enemies":"Jaw Worm Horde","floor":41,"turns":1},{"damage":13,"enemies":"Reptomancer","floor":42,"turns":4},{"damage":0,"enemies":"Sphere and 2 Shapes","floor":44,"turns":2},{"damage":0,"enemies":"Nemesis","floor":45,"turns":3},{"damage":0,"enemies":"Maw","floor":46,"turns":4},{"damage":0,"enemies":"Donu and Deca","floor":48,"turns":3},{"damage":75,"enemies":"Awakened One","floor":49,"turns":6}],"seed_played":"4218333540085585464","potions_obtained":[{"floor":3,"key":"Fire Potion"},{"floor":7,"key":"PotionOfCapacity"},{"floor":11,"key":"Dexterity Potion"},{"floor":12,"key":"Strength Potion"},{"floor":13,"key":"Strength Potion"},{"floor":14,"key":"EssenceOfDarkness"},{"floor":16,"key":"SpeedPotion"},{"floor":18,"key":"DistilledChaos"},{"floor":20,"key":"LiquidMemories"},{"floor":22,"key":"SpeedPotion"},{"floor":24,"key":"DistilledChaos"},{"floor":27,"key":"Strength Potion"},{"floor":28,"key":"Dexterity Potion"},{"floor":29,"key":"Fire Potion"},{"floor":30,"key":"BlessingOfTheForge"},{"floor":31,"key":"Fire Potion"},{"floor":33,"key":"AttackPotion"},{"floor":35,"key":"EssenceOfSteel"},{"floor":36,"key":"SkillPotion"},{"floor":37,"key":"Energy Potion"},{"floor":41,"key":"Dexterity Potion"},{"floor":42,"key":"SkillPotion"},{"floor":44,"key":"DuplicationPotion"},{"floor":45,"key":"Explosive Potion"},{"floor":46,"key":"DistilledChaos"}],"is_trial":false,"path_per_floor":["M","$","M","M","?","R","E","M","T","R","M","E","M","E","R","B",null,"M","?","M","$","M","R","E","R","T","M","E","M","M","E","R","B",null,"M","M","?","?","$","R","M","E","T","M","E","M","?","B","B"],"character_chosen":"DEFECT","items_purchased":["Molten Egg 2","Melter+1","Whetstone","Potion Belt","TheAbacus","Ancient Tea Set","Dramatic Entrance+1","Bottled Tornado","Panacea"],"campfire_rested":0,"item_purchase_floors":[2,2,2,21,21,21,21,39,39],"current_hp_per_floor":[64,64,64,69,69,69,66,71,71,71,60,47,47,47,47,53,67,46,46,46,46,52,52,44,44,44,51,51,40,54,54,54,46,65,71,71,71,61,61,61,68,71,71,71,71,71,71,71,0,0],"gold":216,"neow_bonus":"RANDOM_COLORLESS","is_prod":false,"is_daily":false,"chose_seed":false,"campfire_upgraded":7,"win_rate":0,"timestamp":1607528258,"path_taken":["M","$","M","M","?","R","E","?","T","R","M","E","M","E","R","BOSS","M","?","M","$","M","R","E","R","T","M","E","M","M","E","R","BOSS","M","M","?","?","$","R","M","E","T","M","E","M","?","BOSS","BOSS"],"build_version":"2020-11-30","purchased_purges":1,"victory":false,"max_hp_per_floor":[71,71,71,71,71,71,71,71,71,71,71,71,71,71,71,71,71,71,71,71,71,71,71,71,71,71,71,71,71,71,71,71,71,71,71,71,71,71,71,71,71,71,71,71,71,71,71,71,71,71],"card_choices":[{"not_picked":["Jack Of All Trades","Forethought"],"picked":"Dramatic Entrance","floor":0},{"not_picked":["Barrage","Sunder"],"picked":"Fusion","floor":1},{"not_picked":["Genetic Algorithm","Steam Power"],"picked":"Self Repair","floor":3},{"not_picked":["Conserve Battery","White Noise"],"picked":"Beam Cell+1","floor":4},{"not_picked":["Cold Snap+1","Hologram"],"picked":"Sweeping Beam+1","floor":7},{"not_picked":["Conserve Battery","Heatsinks"],"picked":"Machine Learning","floor":8},{"not_picked":["Rebound+1","Leap"],"picked":"Sweeping Beam+1","floor":11},{"not_picked":["Rebound+1","Beam Cell+1"],"picked":"Compile Driver+1","floor":12},{"not_picked":["Static Discharge","Conserve Battery"],"picked":"Reinforced Body","floor":13},{"not_picked":["Leap","Rebound+1","Biased Cognition"],"picked":"SKIP","floor":14},{"not_picked":["Rainbow","Amplify"],"picked":"Echo Form","floor":16},{"not_picked":["Ball Lightning+1","Static Discharge"],"picked":"Cold Snap+1","floor":18},{"not_picked":["Gash+1","Double Energy"],"picked":"Turbo","floor":20},{"not_picked":["Gash+1","Barrage+1"],"picked":"Static Discharge+1","floor":22},{"not_picked":["Chaos","Hologram+1"],"picked":"Creative AI","floor":24},{"not_picked":["Sweeping Beam+1","Ball Lightning+1"],"picked":"Beam Cell+1","floor":27},{"not_picked":["Darkness","Self Repair"],"picked":"BootSequence","floor":28},{"not_picked":["Redo","Auto Shields","Coolheaded+1"],"picked":"SKIP","floor":29},{"not_picked":["Cold Snap+1","Go for the Eyes+1"],"picked":"Force Field","floor":30},{"not_picked":["Reprogram","Cold Snap+1"],"picked":"Self Repair","floor":31},{"not_picked":["Hyperbeam+1","Thunder Strike+1"],"picked":"Buffer","floor":33},{"not_picked":["Barrage+1","Sunder+1"],"picked":"Beam Cell+1","floor":35},{"not_picked":["Beam Cell+1","Barrage+1"],"picked":"Aggregate","floor":36},{"not_picked":["Undo","Recycle"],"picked":"Go for the Eyes+1","floor":37},{"not_picked":["Dark Shackles","Swift Strike+1"],"picked":"Purity","floor":38},{"not_picked":["The Bomb","Trip"],"picked":"Good Instincts","floor":38},{"not_picked":["Madness","Mind Blast+1"],"picked":"Magnetism","floor":38},{"not_picked":["Tempest","Turbo"],"picked":"Go for the Eyes+1","floor":41},{"not_picked":["Hologram","Consume+1","Static Discharge"],"picked":"SKIP","floor":42},{"not_picked":["Self Repair","Undo"],"picked":"Streamline+1","floor":44},{"not_picked":["Sweeping Beam+1","Cold Snap+1"],"picked":"Leap+1","floor":45},{"not_picked":["Streamline+1","Rebound+1"],"picked":"Gash+1","floor":46}],"player_experience":1191004,"relics_obtained":[{"floor":5,"key":"Pen Nib"},{"floor":7,"key":"Unceasing Top"},{"floor":9,"key":"White Beast Statue"},{"floor":12,"key":"Bag of Marbles"},{"floor":14,"key":"Happy Flower"},{"floor":24,"key":"Nunchaku"},{"floor":26,"key":"Anchor"},{"floor":28,"key":"Letter Opener"},{"floor":31,"key":"Mummified Hand"},{"floor":37,"key":"Dead Branch"},{"floor":42,"key":"Smiling Mask"},{"floor":43,"key":"Oddly Smooth Stone"},{"floor":45,"key":"MawBank"}],"event_choices":[{"damage_healed":0,"gold_gain":0,"player_choice":"Relic","damage_taken":0,"max_hp_gain":0,"max_hp_loss":0,"event_name":"Wheel of Change","floor":5,"gold_loss":0},{"damage_healed":0,"gold_gain":0,"player_choice":"Ignored","damage_taken":0,"max_hp_gain":0,"max_hp_loss":0,"event_name":"N\u0027loth","floor":19,"gold_loss":0},{"damage_healed":0,"gold_gain":0,"player_choice":"Fight","damage_taken":0,"max_hp_gain":0,"max_hp_loss":0,"event_name":"Mysterious Sphere","floor":37,"gold_loss":0},{"damage_healed":0,"gold_gain":0,"player_choice":"Memory 3","damage_taken":10,"max_hp_gain":0,"max_hp_loss":0,"event_name":"SensoryStone","floor":38,"gold_loss":0},{"damage_healed":0,"gold_gain":0,"player_choice":"Took Portal","damage_taken":0,"max_hp_gain":0,"max_hp_loss":0,"event_name":"SecretPortal","floor":47,"gold_loss":0}],"is_beta":false,"boss_relics":[{"not_picked":["Velvet Choker","Runic Dome"],"picked":"Astrolabe"},{"not_picked":["Philosopher\u0027s Stone","Sozu"],"picked":"Coffee Dripper"}],"items_purged_floors":[2],"is_endless":false,"potions_floor_spawned":[3,7,11,12,13,14,16,18,20,22,24,27,28,29,30,31,33,35,36,37,41,42,44,45,46],"killed_by":"Awakened One","ascension_level":20}}