{"host":"st1kg310ms6sytc5","time":1607486126,"event":{"gold_per_floor":[116,116,136,61,61,87,103,116,116,134,134,146,179,29,29,130,130,143,95,113,113,38,38,38],"floor_reached":23,"playtime":1580,"items_purged":["Defend_FS"],"score":276,"play_id":"b07443dc-393c-4bfd-ab70-ca545b21b9a0","local_time":"20201209115526","is_ascension_mode":false,"campfire_choices":[{"data":"Magictrain","floor":11,"key":"SMITH"},{"data":"FriendshipIsMagic","floor":15,"key":"SMITH"}],"neow_cost":"NONE","seed_source_timestamp":1879976915343200,"circlet_count":0,"master_deck":["Strike_AJ","Strike_RD","Defend_TS","Defend_PP","Defend_AJ","ConcertedEfforts","HarmonyShield","Malaise","TasteRainbow","AllByMyself","Anxiousness","GemstoneDetection","BehindTheScene","FriendshipIsMagic+1","Magictrain+1","DynamicVision","Magic","PinkieSense","ReinventMyself","FarmExpert","Batlization+1","AppleFever"],"special_seed":0,"relics":["The_element_of_harmony","REME_ComplimentaryCards","NeowsBlessing","CultistMask","Dota2Spire:Dagon","Dota2Spire:Butterfly","Calipers","Empty Cage","MutagenicStrength"],"potions_floor_usage":[],"damage_taken":[{"damage":0.0,"enemies":"Jaw Worm","floor":1.0,"turns":1.0},{"damage":0,"enemies":"Cultist","floor":3,"turns":1},{"damage":0,"enemies":"Lagavulin","floor":6,"turns":2},{"damage":4,"enemies":"Small Slimes","floor":7,"turns":3},{"damage":4,"enemies":"Blue Slaver","floor":8,"turns":4},{"damage":14,"enemies":"Lots of Slimes","floor":10,"turns":6},{"damage":0,"enemies":"Large Slime","floor":12,"turns":8},{"damage":21,"enemies":"3 Sentries","floor":13,"turns":8},{"damage":0,"enemies":"Hexaghost","floor":16,"turns":12},{"damage":13,"enemies":"Chosen","floor":18,"turns":5},{"damage":30,"enemies":"Spheric Guardian","floor":20,"turns":5},{"damage":41,"enemies":"REME_1_Revenger","floor":23,"turns":6}],"seed_played":"3462115621400946290","potions_obtained":[{"floor":7,"key":"BlessingOfTheForge"},{"floor":8,"key":"Dexterity Potion"},{"floor":12,"key":"Weak Potion"}],"is_trial":false,"path_per_floor":["M","?","M","$","?","E","M","M","T","M","R","M","E","$","R","B",null,"M","?","M","?","$","E"],"character_chosen":"TWI_CLASS","items_purchased":[],"campfire_rested":0,"item_purchase_floors":[],"current_hp_per_floor":[82,82,82,82,82,82,78,74,74,60,60,60,39,39,39,39,82,69,69,39,39,39,0,0],"gold":38,"neow_bonus":"THREE_ENEMY_KILL","is_prod":false,"is_daily":false,"chose_seed":false,"campfire_upgraded":2,"win_rate":0.0,"timestamp":1607486126,"path_taken":["M","?","M","?","?","E","M","?","T","M","R","M","E","$","R","BOSS","M","?","M","?","$","E"],"build_version":"2020-11-30","purchased_purges":1,"victory":false,"max_hp_per_floor":[82,82,82,82,82,82,82,82,82,82,82,82,82,82,82,82,82,82,82,82,82,82,82,82],"relic_stats":{"counters":[12,61],"obtain_stats":[{"Dota2Spire:Butterfly":9,"Calipers":13,"NeowsBlessing":0,"Dota2Spire:Dagon":6,"MutagenicStrength":21,"The_element_of_harmony":0,"CultistMask":5,"Empty Cage":17,"REME_ComplimentaryCards":0},{"Dota2Spire:Butterfly":5,"Calipers":8,"NeowsBlessing":0,"Dota2Spire:Dagon":3,"MutagenicStrength":11,"The_element_of_harmony":0,"CultistMask":2,"Empty Cage":9,"REME_ComplimentaryCards":0},{"Dota2Spire:Butterfly":11,"Calipers":33,"NeowsBlessing":0,"Dota2Spire:Dagon":4,"MutagenicStrength":55,"The_element_of_harmony":0,"CultistMask":2,"Empty Cage":45,"REME_ComplimentaryCards":0}]},"card_choices":[{"not_picked":["Mischief"],"picked":"TasteRainbow","floor":1.0},{"not_picked":["Yay"],"picked":"AllByMyself","floor":1.0},{"not_picked":["Anxiousness","Yay"],"picked":"SKIP","floor":3},{"not_picked":["Yay","Anxiousness"],"picked":"SKIP","floor":3},{"not_picked":["Yay"],"picked":"Anxiousness","floor":3},{"not_picked":["Yay","Anxiousness"],"picked":"SKIP","floor":3},{"not_picked":["RashStunts"],"picked":"GemstoneDetection","floor":6},{"not_picked":["GemstoneDetection"],"picked":"BehindTheScene","floor":6},{"not_picked":["TasteRainbow"],"picked":"FriendshipIsMagic","floor":7},{"not_picked":["RushToSky","ThunderCloud"],"picked":"SKIP","floor":7},{"not_picked":["Celebrities","KillingWithKindness"],"picked":"SKIP","floor":8},{"not_picked":["Charge","Anxiousness"],"picked":"SKIP","floor":8},{"not_picked":["PartyAlone"],"picked":"Magictrain","floor":10},{"not_picked":["Magic_Beam"],"picked":"DynamicVision","floor":10},{"not_picked":["PinkiePromise"],"picked":"Magic","floor":12},{"not_picked":["FollowTherRainbow","Louder"],"picked":"SKIP","floor":12},{"not_picked":["SwiftKick","PartyAlone"],"picked":"SKIP","floor":13},{"not_picked":["AllByMyself","DynamicVision"],"picked":"SKIP","floor":13},{"not_picked":["BeautySensation"],"picked":"PinkieSense","floor":16},{"not_picked":["ThunderCloud"],"picked":"ReinventMyself","floor":18},{"not_picked":["Smile"],"picked":"FarmExpert","floor":18},{"not_picked":["AppleFever"],"picked":"Batlization+1","floor":20},{"not_picked":["CheerUp"],"picked":"AppleFever","floor":20}],"player_experience":1330571,"relics_obtained":[{"floor":6,"key":"Dota2Spire:Dagon"},{"floor":9,"key":"Dota2Spire:Butterfly"},{"floor":13,"key":"Calipers"}],"event_choices":[{"damage_healed":0,"gold_gain":0,"player_choice":"0 cards matched","damage_taken":0,"max_hp_gain":0,"max_hp_loss":0,"event_name":"Match and Keep!","floor":2,"gold_loss":0,"cards_obtained":[]},{"damage_healed":0,"gold_gain":0,"player_choice":"Trade","damage_taken":0,"relics_obtained":["CultistMask"],"max_hp_gain":0,"max_hp_loss":0,"event_name":"FaceTrader","floor":5,"gold_loss":0},{"damage_healed":0,"gold_gain":0,"player_choice":"Inject Mutagens","damage_taken":0,"relics_obtained":["MutagenicStrength"],"max_hp_gain":0,"max_hp_loss":0,"event_name":"Drug Dealer","floor":21,"gold_loss":0}],"is_beta":false,"boss_relics":[{"not_picked":["SacredBark","Runic Pyramid"],"picked":"Empty Cage"}],"items_purged_floors":[4],"is_endless":false,"potions_floor_spawned":[7,8,12,16],"killed_by":"REME_1_Revenger","ascension_level":0}}