{"host":"d8hh7rr4yzitjeuj","time":1607513360,"event":{"gold_per_floor":[119,131,47,47,67,67,102,113,162,162,221,233,245,257,257,257,257],"floor_reached":16,"playtime":589,"items_purged":[],"score":208,"play_id":"21410e27-79d5-479a-b427-eee75f6d1664","local_time":"20201209202920","is_ascension_mode":true,"campfire_choices":[{"data":"Eviscerate","floor":6.0,"key":"SMITH"},{"floor":10.0,"key":"REST"},{"floor":15,"key":"REST"}],"neow_cost":"NONE","seed_source_timestamp":5719749078700,"circlet_count":0,"master_deck":["AscendersBane","Strike_G","Strike_G","Strike_G","Strike_G","Defend_G","Defend_G","Defend_G","Defend_G","Defend_G","Survivor","Neutralize","Eviscerate+1","Dagger Throw","Footwork","Malaise","All Out Attack","Reflex","Reflex","Underhanded Strike","Tactician"],"special_seed":0,"relics":["Ring of the Snake","Centennial Puzzle","Ornamental Fan","MealTicket","Bag of Preparation"],"potions_floor_usage":[14,16],"damage_taken":[{"damage":2.0,"enemies":"Cultist","floor":1.0,"turns":4.0},{"damage":2.0,"enemies":"Jaw Worm","floor":2.0,"turns":6.0},{"damage":6.0,"enemies":"2 Louse","floor":5.0,"turns":3.0},{"damage":29.0,"enemies":"3 Sentries","floor":7.0,"turns":12.0},{"damage":4.0,"enemies":"Looter","floor":8.0,"turns":2.0},{"damage":5.0,"enemies":"3 Sentries","floor":11.0,"turns":7.0},{"damage":7.0,"enemies":"Exordium Thugs","floor":12.0,"turns":2.0},{"damage":8,"enemies":"Exordium Wildlife","floor":13,"turns":7},{"damage":3,"enemies":"Red Slaver","floor":14,"turns":5},{"damage":44,"enemies":"Hexaghost","floor":16,"turns":14}],"seed_played":"6741106298392123523","potions_obtained":[{"floor":8.0,"key":"FairyPotion"},{"floor":11.0,"key":"SneckoOil"},{"floor":14,"key":"EssenceOfSteel"}],"is_trial":false,"path_per_floor":["M","M","$","?","M","R","E","M","T","R","?","M","M","M","R","B"],"character_chosen":"THE_SILENT","items_purchased":["Footwork"],"campfire_rested":2,"item_purchase_floors":[3],"current_hp_per_floor":[57,55,55,48,42,42,13,9,9,28,23,16,8,5,24,0,0],"gold":257,"neow_bonus":"RANDOM_COMMON_RELIC","is_prod":false,"is_daily":false,"chose_seed":false,"campfire_upgraded":1,"win_rate":0,"timestamp":1607513360,"path_taken":["M","M","?","?","M","R","E","M","T","R","?","M","M","M","R","BOSS"],"build_version":"2020-11-30","purchased_purges":0,"victory":false,"max_hp_per_floor":[66,66,66,66,66,66,66,66,66,66,66,66,66,66,66,66,66],"card_choices":[{"not_picked":["Dagger Throw","Catalyst"],"picked":"Eviscerate","floor":1.0},{"not_picked":["Flying Knee","Slice"],"picked":"Dagger Throw","floor":2.0},{"not_picked":["Heel Hook","Expertise","Quick Slash"],"picked":"SKIP","floor":5.0},{"not_picked":["Sucker Punch","Expertise"],"picked":"Malaise","floor":7.0},{"not_picked":["Deflect","Deadly Poison"],"picked":"All Out Attack","floor":8.0},{"not_picked":["Dash","Cloak And Dagger"],"picked":"Reflex","floor":11.0},{"not_picked":["Distraction","Finisher"],"picked":"Reflex","floor":12.0},{"not_picked":["Acrobatics","Reflex"],"picked":"Underhanded Strike","floor":13},{"not_picked":["Acrobatics","Distraction"],"picked":"Tactician","floor":14}],"player_experience":1310985,"relics_obtained":[{"floor":7.0,"key":"Ornamental Fan"},{"floor":9.0,"key":"MealTicket"}],"event_choices":[{"cards_removed":["Strike_G"],"damage_healed":0.0,"max_hp_gain":0.0,"max_hp_loss":0.0,"gold_gain":0.0,"event_name":"Golden Wing","player_choice":"Card Removal","floor":4.0,"gold_loss":0.0,"damage_taken":7.0},{"damage_healed":0.0,"max_hp_gain":0.0,"max_hp_loss":0.0,"gold_gain":0.0,"event_name":"Dead Adventurer","player_choice":"Searched \u00272\u0027 times","floor":11.0,"gold_loss":0.0,"damage_taken":0.0,"relics_obtained":["Bag of Preparation"]}],"is_beta":false,"boss_relics":[],"items_purged_floors":[],"is_endless":false,"potions_floor_spawned":[8,11,13,14],"killed_by":"Hexaghost","ascension_level":20}}