{"host":"m3rs92yjkwi06hli","time":1607547386,"event":{"gold_per_floor":[113,188,203,203,18,18,30,30,57,68,68,94,94,94,94],"floor_reached":14,"playtime":416,"items_purged":["Doubt"],"score":101,"play_id":"2fa1b3e9-c917-452a-a635-b85a6a970b43","local_time":"20201209145626","is_ascension_mode":true,"campfire_choices":[{"data":"Cloak And Dagger","floor":6,"key":"SMITH"},{"data":"Dagger Spray","floor":8,"key":"SMITH"}],"neow_cost":"NONE","seed_source_timestamp":454476245734300,"circlet_count":0,"master_deck":["Strike_G","Strike_G","Strike_G","Strike_G","Strike_G","Defend_G","Defend_G","Defend_G","Defend_G","Defend_G","Neutralize","ReplayTheSpireMod:Speed Training","Cloak And Dagger+1","Hidden Blade","Dagger Spray+1","Dodge and Roll","Dagger Throw+1","Deflect","hubris:NaturalOne"],"relics":["Ring of the Snake","aspiration:Nostalgia","Sizzling Blood","Happy Flower","Potion Belt","Meat on the Bone","hubris:Icosahedron"],"potions_floor_usage":[12],"damage_taken":[{"damage":0,"enemies":"Jaw Worm","floor":1,"turns":6},{"damage":0,"enemies":"Cultist","floor":3,"turns":6},{"damage":3,"enemies":"Small Slimes","floor":7,"turns":3},{"damage":0,"enemies":"3 Louse","floor":10,"turns":2},{"damage":32,"enemies":"Lagavulin","floor":12,"turns":8},{"damage":0,"enemies":"3 Sentries","floor":14,"turns":1}],"seed_played":"-7285159141694751127","potions_obtained":[{"floor":7,"key":"Adrenaline Potion"},{"floor":12,"key":"Toxic Potion"}],"is_trial":false,"path_per_floor":["M","?","M","?","$","R","M","R","T","M","?","E","?","E"],"character_chosen":"THE_SILENT","items_purchased":["Happy Flower","Hidden Blade"],"campfire_rested":0,"item_purchase_floors":[5,5],"current_hp_per_floor":[74,67,71,71,71,71,72,72,72,74,74,46,46,46,46],"gold":94,"neow_bonus":"NOSTALGIA","is_prod":false,"is_daily":false,"chose_seed":false,"campfire_upgraded":2,"win_rate":0,"timestamp":1607547386,"path_taken":["M","?","?","?","?","R","M","R","T","M","?","E","?","E"],"build_version":"2020-11-30","purchased_purges":1,"victory":false,"max_hp_per_floor":[74,74,74,74,74,74,74,74,74,74,74,74,74,74,74],"relic_stats":{"Happy Flower":[4],"counters":[6,26],"obtain_stats":[{"Potion Belt":9,"hubris:Icosahedron":13,"Happy Flower":5,"aspiration:Nostalgia":0,"Sizzling Blood":0,"Ring of the Snake":0,"Meat on the Bone":12},{"Potion Belt":3,"hubris:Icosahedron":5,"Happy Flower":2,"aspiration:Nostalgia":0,"Sizzling Blood":0,"Ring of the Snake":0,"Meat on the Bone":5},{"Potion Belt":15,"hubris:Icosahedron":25,"Happy Flower":12,"aspiration:Nostalgia":0,"Sizzling Blood":0,"Ring of the Snake":0,"Meat on the Bone":25}],"Ring of the Snake":[12],"Meat on the Bone":0},"card_choices":[{"not_picked":["Prepared","rat:Shadowstep"],"picked":"ReplayTheSpireMod:Speed Training","floor":1},{"not_picked":["rat:DextrousStrike","Bane"],"picked":"Cloak And Dagger","floor":3},{"not_picked":["rat:SiphonBlood","Dodge and Roll"],"picked":"Dagger Spray","floor":7},{"not_picked":["Toxin Wave","Poisoned Stab"],"picked":"Dodge and Roll","floor":10},{"not_picked":["Replay:Poison Smokescreen","Catalyst"],"picked":"Deflect","floor":12}],"player_experience":715531,"relics_obtained":[{"floor":9,"key":"Potion Belt"},{"floor":12,"key":"Meat on the Bone"}],"event_choices":[{"damage_healed":0,"gold_gain":75,"player_choice":"Touch","damage_taken":7,"max_hp_gain":0,"max_hp_loss":0,"event_name":"FaceTrader","floor":2,"gold_loss":0},{"damage_healed":0,"gold_gain":0,"player_choice":"Leave","damage_taken":0,"max_hp_gain":0,"max_hp_loss":0,"event_name":"conspire:Investor","floor":4,"gold_loss":0}],"is_beta":false,"boss_relics":[],"items_purged_floors":[5],"is_endless":false,"potions_floor_spawned":[7,12],"killed_by":"3 Sentries","ascension_level":3}}