{"host":"b7gtu1kcrl73242n","time":1607520139,"event":{"gold_per_floor":[109,123,123,123,135,162,17,51,124,135,135,135,160,171,171,267,317,257,257,257],"floor_reached":18,"playtime":1323,"items_purged":["MokouMod:Strike"],"score":170,"play_id":"9460b7d7-7a91-4ca8-85f9-0771664e8410","local_time":"20201209222219","is_ascension_mode":true,"campfire_choices":[{"floor":12,"key":"REST"},{"data":"MokouMod:BurningDraft","floor":15,"key":"SMITH"}],"neow_cost":"NONE","seed_source_timestamp":295130961390300,"circlet_count":0,"master_deck":["MokouMod:Strike","MokouMod:Strike","MokouMod:Strike","MokouMod:Strike","MokouMod:Defend+1","MokouMod:Defend","MokouMod:Defend","MokouMod:Defend","MokouMod:HeatSpark+1","MokouMod:InfernalWave","Spreading Infection","MokouMod:Stoke","Jack Of All Trades","MokouMod:BurningDraft+1","MokouMod:CrimsonArmoury+1","MokouMod:ResonatingAura","MokouMod:RadiantBlade","MokouMod:Sear"],"relics":["MokouMod:PhoenixFeather","NeowsBlessing","Ring of Fury","Ring of Panic","Unceasing Top","ReplayFunnel","StrikeDummy","Regal Pillow","Tiny House"],"potions_floor_usage":[16],"damage_taken":[{"damage":0,"enemies":"Cultist","floor":1,"turns":1},{"damage":0,"enemies":"Small Slimes","floor":2,"turns":1},{"damage":0,"enemies":"2 Louse","floor":5,"turns":2},{"damage":28,"enemies":"Replay:BlueRogue","floor":6,"turns":5},{"damage":30,"enemies":"3 Sentries","floor":8,"turns":10},{"damage":12,"enemies":"Blue Slaver","floor":10,"turns":4},{"damage":0,"enemies":"2 Fungi Beasts","floor":14,"turns":3},{"damage":50,"enemies":"Slime Boss","floor":16,"turns":13},{"damage":8152020,"enemies":"2 Thieves","floor":18,"turns":4}],"seed_played":"2974435449437983655","potions_obtained":[{"floor":1,"key":"Strength Potion"},{"floor":2,"key":"SpeedPotion"},{"floor":17,"key":"Strength Potion"}],"is_trial":false,"path_per_floor":["M","M","?","?","M","E","$","E","T","M","?","R","T","M","R","B",null,"M"],"character_chosen":"MKU","items_purchased":["MokouMod:CrimsonArmoury"],"campfire_rested":1,"item_purchase_floors":[7],"current_hp_per_floor":[75,75,75,75,75,47,47,17,17,5,18,40,40,40,40,16,80,20,20,20],"gold":257,"neow_bonus":"THREE_ENEMY_KILL","is_prod":false,"is_daily":false,"chose_seed":false,"campfire_upgraded":1,"win_rate":0.0,"timestamp":1607520139,"path_taken":["M","M","?","?","M","E","$","E","T","?","?","R","?","M","R","BOSS","M"],"build_version":"2020-11-30","purchased_purges":1,"victory":false,"max_hp_per_floor":[75,75,75,75,75,75,75,75,75,75,75,75,75,75,75,75,80,80,80,80],"card_choices":[{"not_picked":["MokouMod:RisingSunBarrier","MokouMod:Burn"],"picked":"MokouMod:InfernalWave","floor":1},{"not_picked":["MokouMod:Burn","MokouMod:Cataclysm","MokouMod:Ember"],"picked":"SKIP","floor":2},{"not_picked":["MokouMod:RoaringFlare","MokouMod:IndiscriminateIgnition","MokouMod:Ember"],"picked":"SKIP","floor":5},{"not_picked":["MokouMod:Meltdown","MokouMod:FlareStarter"],"picked":"MokouMod:BurningDraft","floor":6},{"not_picked":["MokouMod:RoaringFlare","MokouMod:Trailblazer"],"picked":"MokouMod:ResonatingAura","floor":8},{"not_picked":["MokouMod:Burn","MokouMod:SearingShot","MokouMod:AdaptivePyromancy"],"picked":"SKIP","floor":10},{"not_picked":["MokouMod:SubterraneanCore","MokouMod:Cataclysm","MokouMod:HeatTransfer"],"picked":"SKIP","floor":14},{"not_picked":["MokouMod:ProfanedFlare","MokouMod:HouraiForge"],"picked":"MokouMod:RadiantBlade","floor":16},{"not_picked":["MokouMod:IndiscriminateIgnition","MokouMod:ImperishableFlame"],"picked":"MokouMod:Sear","floor":17}],"player_experience":372932,"relics_obtained":[{"floor":3,"key":"Ring of Fury"},{"floor":3,"key":"Ring of Panic"},{"floor":6,"key":"Unceasing Top"},{"floor":8,"key":"ReplayFunnel"},{"floor":9,"key":"StrikeDummy"},{"floor":13,"key":"Regal Pillow"}],"event_choices":[{"damage_healed":0,"gold_gain":0,"player_choice":"2 cards matched","damage_taken":0,"max_hp_gain":0,"max_hp_loss":0,"event_name":"Match and Keep!","floor":4,"gold_loss":0,"cards_obtained":["MokouMod:Stoke","Jack Of All Trades"]},{"damage_healed":0,"gold_gain":0,"player_choice":"Entered Light","damage_taken":15,"max_hp_gain":0,"max_hp_loss":0,"event_name":"Shining Light","floor":11,"gold_loss":0,"cards_upgraded":["MokouMod:Defend","MokouMod:HeatSpark"]}],"is_beta":false,"boss_relics":[{"not_picked":["Replay:Ancient Bell","ReplayTheSpireMod:DimensionalGlitch"],"picked":"Tiny House"}],"items_purged_floors":[7],"is_endless":false,"potions_floor_spawned":[1,2,10],"killed_by":"2 Thieves","ascension_level":0}}