{"host":"m98e3ia7l93qbhre","time":1607521653,"event":{"gold_per_floor":[364,51,69,69,79,79,79,99,99,132,145,145,180,180,180,257,257,275,290,301,201,217,239,250,58,58,157,189,199,199,199,199,273,273,286,286,286,300,155,155,182,182,182,196,229,229,229,249,249,249],"floor_reached":51,"playtime":5405,"items_purged":["Shame","Strike_R","Strike_R"],"score":1355,"play_id":"1a5abb06-cf63-4e9d-9a69-832c88ee8473","local_time":"20201209214733","is_ascension_mode":true,"campfire_choices":[{"data":"Armaments","floor":6.0,"key":"SMITH"},{"data":"Flex","floor":12.0,"key":"SMITH"},{"data":"Infernal Blade","floor":15.0,"key":"SMITH"},{"floor":30.0,"key":"REST"},{"floor":32.0,"key":"REST"},{"floor":40.0,"key":"REST"},{"floor":42.0,"key":"REST"},{"floor":49,"key":"REST"}],"neow_cost":"CURSE","seed_source_timestamp":1282391832548713,"circlet_count":0,"master_deck":["AscendersBane","Strike_R+1","Strike_R+1","Defend_R+1","Defend_R+1","Defend_R+1","Defend_R+1","Bash","Armaments+1","Thunderclap","Flex+1","Infernal Blade+1","Heavy Blade+1","Immolate","Ghostly Armor","Shrug It Off","Flame Barrier","Bash+1","Whirlwind","Berserk","Offering+1","Battle Trance","Cleave+1","Double Tap"],"special_seed":0,"relics":["Burning Blood","Baka","GodSword4","Bird Faced Urn","Mummified Hand","Champion Belt","FossilizedHelix","Gambling Chip","Empty Cage","Pear","Mercury Hourglass","GodSword3","Black Star","Lantern","Ancient Tea Set","Ornamental Fan","Sundial","Lizard Tail","MagicDraw2","Ccalipers"],"potions_floor_usage":[50,50],"damage_taken":[{"damage":17.0,"enemies":"Jaw Worm","floor":1.0,"turns":4.0},{"damage":0.0,"enemies":"2 Louse","floor":3.0,"turns":3.0},{"damage":0.0,"enemies":"Cultist","floor":5.0,"turns":3.0},{"damage":4.0,"enemies":"3 Louse","floor":8.0,"turns":2.0},{"damage":5.0,"enemies":"Lagavulin","floor":10.0,"turns":3.0},{"damage":2.0,"enemies":"Looter","floor":11.0,"turns":3.0},{"damage":0.0,"enemies":"Gremlin Nob","floor":13.0,"turns":4.0},{"damage":77.0,"enemies":"Hexaghost","floor":16.0,"turns":13.0},{"damage":0.0,"enemies":"Spheric Guardian","floor":18.0,"turns":3.0},{"damage":0.0,"enemies":"Chosen","floor":19.0,"turns":3.0},{"damage":0.0,"enemies":"Centurion and Healer","floor":20.0,"turns":2.0},{"damage":0.0,"enemies":"Snecko","floor":22.0,"turns":3.0},{"damage":41.0,"enemies":"Book of Stabbing","floor":23.0,"turns":8.0},{"damage":43.0,"enemies":"Snake Plant","floor":24.0,"turns":4.0},{"damage":42.0,"enemies":"Gremlin Leader","floor":28.0,"turns":6.0},{"damage":21.0,"enemies":"Sentry and Sphere","floor":29.0,"turns":4.0},{"damage":61.0,"enemies":"Automaton","floor":33.0,"turns":10.0},{"damage":11.0,"enemies":"3 Shapes","floor":35.0,"turns":4.0},{"damage":0.0,"enemies":"Orb Walker","floor":38.0,"turns":3.0},{"damage":54.0,"enemies":"Giant Head","floor":41.0,"turns":8.0},{"damage":0.0,"enemies":"Transient","floor":44.0,"turns":5.0},{"damage":71.0,"enemies":"Reptomancer","floor":45.0,"turns":7.0},{"damage":0,"enemies":"Spire Growth","floor":48,"turns":2},{"damage":39,"enemies":"Donu and Deca","floor":50,"turns":9}],"seed_played":"-5172341588691175121","potions_obtained":[{"floor":5.0,"key":"BloodPotion"},{"floor":10.0,"key":"Weak Potion"},{"floor":18.0,"key":"ColorlessPotion"},{"floor":28.0,"key":"ElixirPotion"},{"floor":29.0,"key":"ElixirPotion"},{"floor":37.0,"key":"DuplicationPotion"},{"floor":37.0,"key":"Dexterity Potion"}],"is_trial":false,"path_per_floor":["M","$","M","$","M","R","?","M","T","E","M","R","E","?","R","B",null,"M","M","M","$","M","E","M","$","T","?","E","M","R","?","R","B",null,"M","?","?","M","$","R","E","R","T","M","E","?","?","M","R","B",null],"character_chosen":"IRONCLAD","items_purchased":["GodSword4","Whirlwind","Lantern"],"campfire_rested":5,"item_purchase_floors":[2,25,39],"current_hp_per_floor":[61,61,67,67,73,73,73,75,75,80,83,83,83,83,83,18,67,73,79,83,83,83,74,63,63,63,63,27,12,39,39,66,13,73,62,62,62,55,55,85,39,69,69,77,14,14,14,20,49,18],"gold":249,"neow_bonus":"TWO_FIFTY_GOLD","is_prod":false,"is_daily":false,"chose_seed":false,"campfire_upgraded":3,"win_rate":0,"timestamp":1607521653,"path_taken":["M","$","M","$","M","R","?","M","T","E","M","R","E","?","R","BOSS","M","?","M","$","M","E","M","$","T","?","E","M","R","?","R","BOSS","M","?","?","?","$","R","E","R","T","M","E","?","?","?","R","BOSS"],"build_version":"2020-11-30","purchased_purges":3,"victory":true,"max_hp_per_floor":[80,80,80,80,80,80,80,80,80,80,83,83,83,83,83,83,83,83,83,83,83,83,93,93,93,93,93,93,93,93,93,93,93,93,93,93,93,103,103,103,103,103,103,103,103,98,98,98,98,98],"card_choices":[{"not_picked":["Carnage","Shrug It Off"],"picked":"Armaments","floor":1.0},{"not_picked":["Intimidate","Anger"],"picked":"Thunderclap","floor":3.0},{"not_picked":["Iron Wave","Pommel Strike"],"picked":"Flex","floor":5.0},{"not_picked":["Heavy Blade","Shockwave","Warcry"],"picked":"SKIP","floor":8.0},{"not_picked":["Thunderclap","Body Slam","Wild Strike"],"picked":"SKIP","floor":10.0},{"not_picked":["Sword Boomerang","Feel No Pain"],"picked":"Infernal Blade","floor":11.0},{"not_picked":["Reckless Charge","Anger"],"picked":"Heavy Blade","floor":13.0},{"not_picked":["Reaper","Brutality"],"picked":"Immolate","floor":16.0},{"not_picked":["Thunderclap","Warcry"],"picked":"Ghostly Armor","floor":18.0},{"not_picked":["Heavy Blade","Iron Wave+1","Fire Breathing"],"picked":"SKIP","floor":19.0},{"not_picked":["Warcry","Perfected Strike"],"picked":"Shrug It Off","floor":20.0},{"not_picked":["Wild Strike","Pommel Strike"],"picked":"Flame Barrier","floor":22.0},{"not_picked":["Flame Barrier","Flex","Sword Boomerang"],"picked":"SKIP","floor":23.0},{"not_picked":["Wild Strike","Clash"],"picked":"Cleave","floor":24.0},{"not_picked":["Seeing Red","True Grit+1"],"picked":"Berserk","floor":28.0},{"not_picked":["Pummel","Uppercut","Havoc"],"picked":"SKIP","floor":29.0},{"not_picked":["Limit Break","Juggernaut"],"picked":"Offering","floor":33.0},{"not_picked":["Clash","Rupture"],"picked":"Battle Trance","floor":35.0},{"not_picked":["Feel No Pain","Pummel+1"],"picked":"Cleave+1","floor":38.0},{"not_picked":["Anger+1","Perfected Strike"],"picked":"Double Tap","floor":41.0},{"not_picked":["Combust","Headbutt","Disarm+1"],"picked":"SKIP","floor":44.0},{"not_picked":["Infernal Blade","Sever Soul+1","Armaments"],"picked":"SKIP","floor":45.0},{"not_picked":["Shrug It Off","Uppercut","Thunderclap"],"picked":"SKIP","floor":48}],"player_experience":335065,"relics_obtained":[{"floor":1.0,"key":"Baka"},{"floor":3.0,"key":"Bird Faced Urn"},{"floor":9.0,"key":"Champion Belt"},{"floor":10.0,"key":"FossilizedHelix"},{"floor":13.0,"key":"Gambling Chip"},{"floor":23.0,"key":"Pear"},{"floor":26.0,"key":"Mercury Hourglass"},{"floor":28.0,"key":"GodSword3"},{"floor":41.0,"key":"Ancient Tea Set"},{"floor":41.0,"key":"Ornamental Fan"},{"floor":43.0,"key":"Sundial"},{"floor":45.0,"key":"Lizard Tail"},{"floor":45.0,"key":"MagicDraw2"},{"floor":45.0,"key":"Ccalipers"}],"event_choices":[{"damage_healed":0.0,"max_hp_gain":0.0,"max_hp_loss":0.0,"gold_gain":0.0,"event_name":"Big Fish","player_choice":"Box","floor":7.0,"gold_loss":0.0,"damage_taken":0.0,"relics_obtained":["Mummified Hand"],"cards_obtained":["Regret"]},{"damage_healed":0.0,"max_hp_gain":0.0,"max_hp_loss":0.0,"gold_gain":0.0,"event_name":"Upgrade Shrine","player_choice":"Upgraded","floor":14.0,"gold_loss":0.0,"damage_taken":0.0,"cards_upgraded":["Heavy Blade"]},{"damage_healed":0.0,"max_hp_gain":0.0,"max_hp_loss":0.0,"gold_gain":99.0,"event_name":"Nest","player_choice":"Stole From Cult","floor":27.0,"gold_loss":0.0,"damage_taken":0.0},{"damage_healed":0.0,"max_hp_gain":0.0,"max_hp_loss":0.0,"gold_gain":0.0,"event_name":"Back to Basics","player_choice":"Simplicity","floor":31.0,"gold_loss":0.0,"damage_taken":0.0,"cards_upgraded":["Strike_R","Strike_R","Defend_R","Defend_R","Defend_R","Defend_R"]},{"cards_removed":["Cleave"],"damage_healed":0.0,"max_hp_gain":0.0,"max_hp_loss":0.0,"gold_gain":0.0,"event_name":"Falling","player_choice":"Removed Attack","floor":36.0,"gold_loss":0.0,"damage_taken":0.0},{"damage_healed":0.0,"max_hp_gain":0.0,"max_hp_loss":0.0,"gold_gain":0.0,"event_name":"Lab","player_choice":"Got Potions","floor":37.0,"gold_loss":0.0,"damage_taken":0.0},{"damage_healed":0.0,"max_hp_gain":0.0,"max_hp_loss":5.0,"gold_gain":0.0,"event_name":"Winding Halls","player_choice":"Max HP","floor":46.0,"gold_loss":0.0,"damage_taken":0.0},{"damage_healed":0.0,"max_hp_gain":0.0,"max_hp_loss":0.0,"gold_gain":0.0,"event_name":"Upgrade Shrine","player_choice":"Upgraded","floor":47.0,"gold_loss":0.0,"damage_taken":0.0,"cards_upgraded":["Offering"]}],"is_beta":false,"boss_relics":[{"not_picked":["SacredBark","Sozu"],"picked":"Empty Cage"},{"not_picked":["Cursed Key","Tiny House"],"picked":"Black Star"}],"items_purged_floors":[2,21,25],"is_endless":false,"potions_floor_spawned":[5,10,13,18,28,29,38,41],"ascension_level":13}}