{"host":"erulnpr9qdnrfj6h","time":1607508908,"event":{"gold_per_floor":[118,118,118,128,141,174,188,188,188],"floor_reached":8,"playtime":435,"items_purged":[],"score":81,"play_id":"cf5524ad-5283-458f-a0a2-d6af23eac3e3","local_time":"20201209191508","is_ascension_mode":true,"campfire_choices":[],"neow_cost":"NONE","seed_source_timestamp":2371069622181600,"circlet_count":0,"master_deck":["Strike_G","Strike_G","Strike_G","Strike_G","Defend_G","Defend_G","Defend_G","Defend_G","Defend_G","Survivor","Neutralize","Infinite Blades","After Image","Panacea","Acrobatics","Cloak And Dagger","Dagger Spray","Terror"],"special_seed":0,"relics":["Ring of the Snake","NeowsBlessing","Kunai"],"potions_floor_usage":[7],"damage_taken":[{"damage":0.0,"enemies":"Jaw Worm","floor":1.0,"turns":1.0},{"damage":0.0,"enemies":"Cultist","floor":4.0,"turns":1.0},{"damage":0.0,"enemies":"Small Slimes","floor":5.0,"turns":1.0},{"damage":13.0,"enemies":"3 Sentries","floor":6.0,"turns":21.0},{"damage":2,"enemies":"3 Louse","floor":7,"turns":3},{"damage":52,"enemies":"Gremlin Nob","floor":8,"turns":4}],"seed_played":"5741028121999063115","potions_obtained":[{"floor":1.0,"key":"Block Potion"},{"floor":5.0,"key":"CunningPotion"}],"is_trial":false,"path_per_floor":["M","?","?","M","M","E","M","E"],"character_chosen":"THE_SILENT","items_purchased":[],"campfire_rested":0,"item_purchase_floors":[],"current_hp_per_floor":[63,56,56,56,56,43,41,0,0],"gold":188,"neow_bonus":"THREE_ENEMY_KILL","is_prod":false,"is_daily":false,"chose_seed":false,"campfire_upgraded":0,"win_rate":0,"timestamp":1607508908,"path_taken":["M","?","?","?","?","E","M","E"],"build_version":"2020-11-30","purchased_purges":0,"victory":false,"max_hp_per_floor":[70,70,70,70,70,70,70,70,70],"card_choices":[{"not_picked":["Dash","Distraction"],"picked":"Infinite Blades","floor":1.0},{"not_picked":["Dagger Throw","Dash","Underhanded Strike"],"picked":"SKIP","floor":4.0},{"not_picked":["Setup","Acrobatics"],"picked":"Cloak And Dagger","floor":5.0},{"not_picked":["Bane","Bouncing Flask"],"picked":"Dagger Spray","floor":6.0},{"not_picked":["Dagger Throw","Flying Knee"],"picked":"Terror","floor":7}],"player_experience":159172,"relics_obtained":[{"floor":6.0,"key":"Kunai"}],"event_choices":[{"cards_removed":["Strike_G"],"damage_healed":0.0,"max_hp_gain":0.0,"max_hp_loss":0.0,"gold_gain":0.0,"event_name":"Golden Wing","player_choice":"Card Removal","floor":2.0,"gold_loss":0.0,"damage_taken":7.0},{"damage_healed":0.0,"max_hp_gain":0.0,"max_hp_loss":0.0,"gold_gain":0.0,"event_name":"Match and Keep!","player_choice":"3 cards matched","floor":3.0,"gold_loss":0.0,"damage_taken":0.0,"cards_obtained":["After Image","Panacea","Acrobatics"]}],"is_beta":false,"boss_relics":[],"items_purged_floors":[],"is_endless":false,"potions_floor_spawned":[1,5],"killed_by":"Gremlin Nob","ascension_level":8}}