{"host":"dz1qwalix8eproj8","time":1607546319,"event":{"gold_per_floor":[113,113,37,55,79,123,123,123,123],"floor_reached":8,"playtime":493,"items_purged":[],"score":98,"play_id":"c4e69083-61ba-4384-8285-56935b95134b","local_time":"20201209213839","is_ascension_mode":true,"campfire_choices":[{"floor":7,"key":"REST"}],"neow_cost":"NONE","seed_source_timestamp":25781741522100,"circlet_count":0,"master_deck":["AscendersBane","Strike_R","Strike_R","Strike_R","Strike_R","Strike_R","Defend_R","Defend_R","Defend_R","Defend_R","Bash","Twin Strike","Flame Barrier","Rage","Thunderclap","Flex"],"relics":["Burning Blood","Bag of Preparation","Golden Idol","Bottled Lightning"],"potions_floor_usage":[],"damage_taken":[{"damage":6,"enemies":"2 Louse","floor":1,"turns":5},{"damage":0,"enemies":"Small Slimes","floor":4,"turns":4},{"damage":5,"enemies":"Jaw Worm","floor":5,"turns":5},{"damage":57,"enemies":"Gremlin Nob","floor":6,"turns":6},{"damage":43,"enemies":"Lagavulin","floor":8,"turns":8}],"seed_played":"-3242616210028128747","potions_obtained":[{"floor":5,"key":"Ancient Potion"}],"is_trial":false,"path_per_floor":["M","?","$","M","M","E","R","E"],"character_chosen":"IRONCLAD","items_purchased":["Flame Barrier"],"campfire_rested":1,"item_purchase_floors":[3],"current_hp_per_floor":[68,68,68,68,68,17,37,0,0],"gold":123,"neow_bonus":"RANDOM_COMMON_RELIC","is_prod":false,"is_daily":false,"chose_seed":false,"campfire_upgraded":0,"win_rate":0,"timestamp":1607546319,"path_taken":["M","?","$","M","M","E","R","E"],"build_version":"2020-11-30","purchased_purges":0,"victory":false,"max_hp_per_floor":[75,68,68,68,68,68,68,68,68],"relic_stats":{"counters":[5,28],"Golden Idol":18,"Bag of Preparation":[10],"obtain_stats":[{"Golden Idol":2,"Bag of Preparation":0,"Bottled Lightning":6,"Burning Blood":0},{"Golden Idol":1,"Bag of Preparation":0,"Bottled Lightning":4,"Burning Blood":0},{"Golden Idol":5,"Bag of Preparation":0,"Bottled Lightning":20,"Burning Blood":0}],"Burning Blood":17},"card_choices":[{"not_picked":["Sword Boomerang","Body Slam"],"picked":"Twin Strike","floor":1},{"not_picked":["Sentinel","Clash"],"picked":"Rage","floor":4},{"not_picked":["Heavy Blade","Pummel"],"picked":"Thunderclap","floor":5},{"not_picked":["Bloodletting","Flex","Corruption"],"picked":"SKIP","floor":6},{"not_picked":["Bloodletting","Corruption"],"picked":"Flex","floor":6}],"player_experience":538783,"relics_obtained":[{"floor":6,"key":"Bottled Lightning"}],"event_choices":[{"damage_healed":0,"gold_gain":0,"player_choice":"Lose Max HP","damage_taken":0,"relics_obtained":["Golden Idol"],"max_hp_gain":0,"max_hp_loss":7,"event_name":"Golden Idol","floor":2,"gold_loss":0}],"is_beta":false,"boss_relics":[],"items_purged_floors":[],"is_endless":false,"potions_floor_spawned":[5],"killed_by":"Lagavulin","ascension_level":15}}