{"host":"dbzukadmkvvxpu74","time":1607508298,"event":{"gold_per_floor":[99,111,128,53,53,78,149,167,167,199,216,216,232,244,256,256,256],"floor_reached":16,"playtime":1620,"items_purged":[],"score":114,"play_id":"18de1b30-ee9a-45e8-b9f1-67d4346160dd","local_time":"20201209030458","is_ascension_mode":false,"campfire_choices":[{"floor":1,"key":"RECALL"},{"data":"Slimebound:Split","floor":4,"key":"SMITH"},{"floor":9,"key":"REST"}],"neow_cost":"NONE","seed_source_timestamp":24068523005500,"circlet_count":0,"master_deck":["Slimebound:Strike_Slimebound","Slimebound:Strike_Slimebound","Slimebound:Strike_Slimebound","Slimebound:Tackle","Slimebound:Defend_Slimebound","Slimebound:Defend_Slimebound","Slimebound:Defend_Slimebound","Slimebound:Defend_Slimebound","Slimebound:Split+1","Slimebound:CorrosiveSpit","Slimebound:Schlurp","Slimebound:SamplingLick","Slimebound:FirmFortitude","Slimebound:LeechEnergy","Slimebound:LeechingTouch","Slimebound:SplitMire","Slimebound:Replication","Slimebound:Nibble","Slimebound:ItLooksTasty"],"relics":["downfall:HeartBlessingRed","m_BurningSludge","Gremlin Horn","Potion Belt","downfall:BrokenWingStatue"],"potions_floor_usage":[11,16,16],"damage_taken":[{"damage":8,"enemies":"Cultist","floor":2,"turns":3},{"damage":15,"enemies":"2 Louse","floor":3,"turns":3},{"damage":55,"enemies":"Gremlin Nob","floor":6,"turns":4},{"damage":10,"enemies":"Jaw Worm","floor":8,"turns":3},{"damage":26,"enemies":"Lagavulin","floor":10,"turns":6},{"damage":9,"enemies":"Exordium Thugs","floor":11,"turns":4},{"damage":19,"enemies":"Blue Slaver","floor":13,"turns":4},{"damage":15,"enemies":"2 Fungi Beasts","floor":14,"turns":3},{"damage":17,"enemies":"Red Slaver","floor":15,"turns":4},{"damage":52,"enemies":"downfall:CharBossWatcher","floor":16,"turns":6}],"seed_played":"9562034969338432","potions_obtained":[{"floor":3,"key":"Fire Potion"},{"floor":10,"key":"AttackPotion"},{"floor":11,"key":"Slimebound:SlimedPotion"},{"floor":13,"key":"Explosive Potion"}],"is_trial":false,"path_per_floor":["R","M","M","R","?","E","T","M","R","E","M","?","M","M","M","B"],"character_chosen":"SLIMEBOUND","items_purchased":[],"campfire_rested":1,"item_purchase_floors":[],"current_hp_per_floor":[66,66,63,63,63,20,20,22,41,27,30,30,29,32,29,0,0],"gold":256,"neow_bonus":"TEN_PERCENT_HP_BONUS","is_prod":false,"is_daily":false,"chose_seed":false,"campfire_upgraded":1,"win_rate":0.0,"timestamp":1607508298,"path_taken":["R","M","?","R","?","E","T","M","R","E","M","?","M","?","M","BOSS"],"build_version":"2020-11-30","purchased_purges":0,"victory":false,"max_hp_per_floor":[66,66,66,66,66,66,66,66,66,66,66,66,66,66,66,66,66],"card_choices":[{"not_picked":["Slimebound:SplitBruiser","Slimebound:AcidTongue"],"picked":"Slimebound:Schlurp","floor":2},{"not_picked":["Slimebound:LeadByExample","Slimebound:FinishingTackle"],"picked":"Slimebound:SamplingLick","floor":3},{"not_picked":["Slimebound:PrepareCrush","Slimebound:SplitMire"],"picked":"Slimebound:FirmFortitude","floor":6},{"not_picked":["Slimebound:SplitBruiser","Twin Strike"],"picked":"Slimebound:LeechEnergy","floor":8},{"not_picked":["Slimebound:MegaLick","Slimebound:ComboTackle"],"picked":"Slimebound:LeechingTouch","floor":10},{"not_picked":["Pummel","Slimebound:Grow"],"picked":"Slimebound:SplitMire","floor":11},{"not_picked":["Slimebound:LeechEnergy","Blood for Blood"],"picked":"Slimebound:Replication","floor":13},{"not_picked":["Rupture","Slimebound:FinishingTackle"],"picked":"Slimebound:Nibble","floor":14},{"not_picked":["Slimebound:RollThrough","Hemogenesis"],"picked":"Slimebound:ItLooksTasty","floor":15}],"player_experience":16661,"relics_obtained":[{"floor":6,"key":"Gremlin Horn"},{"floor":10,"key":"Potion Belt"}],"event_choices":[],"is_beta":false,"boss_relics":[],"items_purged_floors":[],"is_endless":false,"potions_floor_spawned":[3,10,11,13],"killed_by":"downfall:CharBossWatcher","ascension_level":0}}