{"host":"m6aaltr68g9tvoay","time":1607493935,"event":{"gold_per_floor":[109,10,26,76,86,86,121,121,172,190,190,204,224,234,234,311,311,321,339,9,27,27,27,37,37,37,54,104,104,104],"floor_reached":29,"playtime":984,"items_purged":[],"score":435,"play_id":"dc733e5a-b365-4cd3-9a62-036406cab234","local_time":"20201208220535","is_ascension_mode":true,"campfire_choices":[{"data":"Accuracy","floor":6.0,"key":"SMITH"},{"floor":8.0,"key":"REST"},{"floor":11.0,"key":"REST"},{"data":"Blade Dance","floor":15.0,"key":"SMITH"},{"data":"Accuracy","floor":23.0,"key":"SMITH"},{"floor":25.0,"key":"REST"}],"neow_cost":"NONE","seed_source_timestamp":273087198216400,"circlet_count":0,"master_deck":["AscendersBane","Strike_G","Strike_G","Strike_G","Strike_G","Strike_G","Defend_G","Defend_G","Defend_G","Defend_G","Defend_G","Survivor","Neutralize","Flying Knee","Dash","Accuracy+1","PiercingWail","Malaise","Blade Dance","Blade Dance+1","Sucker Punch","Burst","Dagger Throw","Accuracy+1","Adrenaline","PiercingWail","Blade Dance"],"special_seed":0,"relics":["Ring of the Snake","NeowsBlessing","Smiling Mask","The Courier","Happy Flower","SacredBark","Membership Card","TungstenRod","Mango"],"potions_floor_usage":[],"damage_taken":[{"damage":0.0,"enemies":"Jaw Worm","floor":1.0,"turns":1.0},{"damage":0.0,"enemies":"Cultist","floor":3.0,"turns":1.0},{"damage":0.0,"enemies":"Small Slimes","floor":5.0,"turns":1.0},{"damage":43.0,"enemies":"Lagavulin","floor":7.0,"turns":7.0},{"damage":12.0,"enemies":"2 Fungi Beasts","floor":10.0,"turns":5.0},{"damage":0.0,"enemies":"Looter","floor":12.0,"turns":4.0},{"damage":8.0,"enemies":"Blue Slaver","floor":13.0,"turns":4.0},{"damage":10.0,"enemies":"Exordium Thugs","floor":14.0,"turns":6.0},{"damage":17.0,"enemies":"Hexaghost","floor":16.0,"turns":14.0},{"damage":1.0,"enemies":"Spheric Guardian","floor":18.0,"turns":4.0},{"damage":2.0,"enemies":"3 Byrds","floor":19.0,"turns":5.0},{"damage":6.0,"enemies":"Snake Plant","floor":21.0,"turns":4.0},{"damage":38.0,"enemies":"Cultist and Chosen","floor":24.0,"turns":6.0},{"damage":2.0,"enemies":"Sentry and Sphere","floor":27.0,"turns":3.0},{"damage":41,"enemies":"Slavers","floor":29,"turns":4}],"seed_played":"8883203407981310831","potions_obtained":[{"floor":3.0,"key":"AttackPotion"},{"floor":12.0,"key":"Poison Potion"},{"floor":14.0,"key":"Block Potion"},{"floor":24.0,"key":"Poison Potion"}],"is_trial":false,"path_per_floor":["M","?","M","?","M","R","E","R","T","M","R","M","M","M","R","B",null,"M","M","$","M","?","R","M","R","T","M","?","E"],"character_chosen":"THE_SILENT","items_purchased":["Membership Card","TungstenRod","Accuracy","Adrenaline"],"campfire_rested":3,"item_purchase_floors":[20,20,20,20],"current_hp_per_floor":[59,59,59,59,59,59,16,35,35,23,42,42,34,24,24,7,51,50,48,48,42,42,42,4,23,37,35,35,0,0],"gold":104,"neow_bonus":"THREE_ENEMY_KILL","is_prod":false,"is_daily":false,"chose_seed":false,"campfire_upgraded":3,"win_rate":0,"timestamp":1607493935,"path_taken":["M","?","?","?","M","R","E","R","T","M","R","M","M","M","R","BOSS","M","M","?","M","?","R","M","R","T","M","?","E"],"build_version":"2020-11-30","purchased_purges":0,"victory":false,"max_hp_per_floor":[66,66,66,66,66,66,66,66,66,66,66,66,66,66,66,66,66,66,66,66,66,66,66,66,66,80,80,80,80,80],"card_choices":[{"not_picked":["PiercingWail","Eviscerate"],"picked":"Flying Knee","floor":1.0},{"not_picked":["PiercingWail","Tactician"],"picked":"Dash","floor":3.0},{"not_picked":["Sucker Punch","Finisher"],"picked":"Accuracy","floor":5.0},{"not_picked":["Catalyst","Deflect"],"picked":"PiercingWail","floor":7.0},{"not_picked":["Catalyst","Dodge and Roll"],"picked":"Malaise","floor":10.0},{"not_picked":["Poisoned Stab","Choke"],"picked":"Blade Dance","floor":12.0},{"not_picked":["Bane","Predator"],"picked":"Blade Dance","floor":13.0},{"not_picked":["Outmaneuver","Choke"],"picked":"Sucker Punch","floor":14.0},{"not_picked":["Tools of the Trade","A Thousand Cuts"],"picked":"Burst","floor":16.0},{"not_picked":["Flying Knee","Slice"],"picked":"Dagger Throw","floor":18.0},{"not_picked":["Sucker Punch","Concentrate+1","Flying Knee"],"picked":"SKIP","floor":19.0},{"not_picked":["Dagger Throw","Flying Knee","Noxious Fumes"],"picked":"SKIP","floor":21.0},{"not_picked":["Deadly Poison","Quick Slash"],"picked":"PiercingWail","floor":24.0},{"not_picked":["Heel Hook","Bouncing Flask"],"picked":"Blade Dance","floor":27.0}],"player_experience":1201010,"relics_obtained":[{"floor":7.0,"key":"The Courier"},{"floor":9.0,"key":"Happy Flower"},{"floor":26.0,"key":"Mango"}],"event_choices":[{"damage_healed":0.0,"max_hp_gain":0.0,"max_hp_loss":0.0,"gold_gain":0.0,"event_name":"WeMeetAgain","player_choice":"Paid Gold","floor":2.0,"gold_loss":99.0,"damage_taken":0.0,"relics_obtained":["Smiling Mask"]},{"damage_healed":0.0,"max_hp_gain":0.0,"max_hp_loss":0.0,"gold_gain":50.0,"event_name":"Golden Shrine","player_choice":"Pray","floor":4.0,"gold_loss":0.0,"damage_taken":0.0},{"damage_healed":0.0,"max_hp_gain":0.0,"max_hp_loss":0.0,"gold_gain":0.0,"event_name":"Vampires","player_choice":"Ignored","floor":22.0,"gold_loss":0.0,"damage_taken":0.0},{"damage_healed":0.0,"max_hp_gain":0.0,"max_hp_loss":0.0,"gold_gain":50.0,"event_name":"Nest","player_choice":"Stole From Cult","floor":28.0,"gold_loss":0.0,"damage_taken":0.0}],"is_beta":false,"boss_relics":[{"not_picked":["Philosopher\u0027s Stone","Velvet Choker"],"picked":"SacredBark"}],"items_purged_floors":[],"is_endless":false,"potions_floor_spawned":[3,12,14,24],"killed_by":"Slavers","ascension_level":18}}