{"host":"v9ordiuf4xzdpttp","time":1607485638,"event":{"gold_per_floor":[497,551,582,598,6,83,152,170,170,170,239,271,271,0,0,96,96,115,115,115,133,196,196,196,196,196,89,89,151,161,176,176,324,324,337,337,369,14,76,76,96,96,119,119,145,161,161,172,172,172,172,172,31,108,108],"floor_reached":54,"playtime":3251,"items_purged":["Pride","ReplayTheSpireMod:Splinters","Defend_P"],"score":747,"play_id":"b347cbd7-3007-42a4-8183-5599ea085cf0","local_time":"20201208224718","is_ascension_mode":false,"campfire_choices":[{"floor":13.0,"key":"REST"},{"floor":15.0,"key":"REST"},{"floor":23.0,"key":"REST"},{"floor":32.0,"key":"REST"},{"floor":40.0,"key":"REST"},{"floor":42.0,"key":"REST"},{"floor":49.0,"key":"RECALL"},{"floor":52.0,"key":"REST"}],"neow_cost":"","seed_source_timestamp":0,"circlet_count":0,"master_deck":["Strike_P+1","Strike_P+1","Strike_P+1","Strike_P+1","Defend_P+1","Defend_P+1","Defend_P+1","Eruption","Vigilance","Devotion","FearNoEvil","TalkToTheHand","Prostrate","Pray","ReachHeaven","Adaptation","MarkedMod:NorthStar","JustLucky+1","Crescendo+1","FlurryOfBlows+1","MarkedMod:SlowDance","Enlightenment+1","Brilliance","MarkedMod:Acupuncture+1","MarkedMod:GentlePulse","infinitespire:Oblivion","infinitespire:FutureSight","Devotion","Adaptation+1","MarkedMod:PinPointDefense","PathToVictory+1","MarkedMod:NorthStar+1","Prostrate+1","infinitespire:NeuralNetwork","MarkedMod:PinPointDefense+1","MarkedMod:FirstStrike+1","MarkedMod:GentlePulse+1","Prostrate+1","hubris:Counter","Replay:BluntJabs"],"special_seed":0,"relics":["PureWater","REME_ComplimentaryCards","relicPack:KazumaCape","Centennial Puzzle","Replay:Towering Pillar of Hats","MerchantsRug","conspire:TopHat","Meat on the Bone","ReplayTheSpireMod:TigerMarble","DemoMod:Bottle","Gremlin Food","Fusion Hammer","hubris:Towel","construct:ClawGrip","relicPack:OneForAll","Onion Ring","DollysMirror","energizedSpire:SpiderWeb","DemoMod:DecoyRelic","aspiration:SilentSkillbook","Bottled Lightning","ReplayTheSpireMod:Lightbulb","Bag of Marbles","DemoMod:PoisonVial","DemoMod:GlassGuonStoneRelic","Happy Flower"],"potions_floor_usage":[],"damage_taken":[{"damage":0.0,"enemies":"Cultist","floor":1.0,"turns":2.0},{"damage":2.0,"enemies":"Small Slimes","floor":4.0,"turns":1.0},{"damage":34.0,"enemies":"3 Sentries","floor":6.0,"turns":7.0},{"damage":0.0,"enemies":"2 Louse","floor":7.0,"turns":1.0},{"damage":25.0,"enemies":"Exordium Thugs","floor":8.0,"turns":3.0},{"damage":0.0,"enemies":"2 Fungi Beasts","floor":11.0,"turns":2.0},{"damage":34.0,"enemies":"Lagavulin","floor":12.0,"turns":4.0},{"damage":42.0,"enemies":"Hexaghost","floor":16.0,"turns":6.0},{"damage":63.0,"enemies":"2 Thieves","floor":18.0,"turns":4.0},{"damage":0.0,"enemies":"3 Byrds","floor":21.0,"turns":2.0},{"damage":29.0,"enemies":"Snecko","floor":22.0,"turns":4.0},{"damage":5.0,"enemies":"Sentry and Sphere","floor":29.0,"turns":3.0},{"damage":23.0,"enemies":"Chosen and Byrds","floor":30.0,"turns":3.0},{"damage":0.0,"enemies":"Snake Plant","floor":31.0,"turns":1.0},{"damage":28.0,"enemies":"hubris:MusketHawk","floor":33.0,"turns":6.0},{"damage":30.0,"enemies":"3 Shapes","floor":35.0,"turns":5.0},{"damage":13.0,"enemies":"conspire:MimicChest","floor":37.0,"turns":4.0},{"damage":17.0,"enemies":"3 Darklings","floor":39.0,"turns":2.0},{"damage":15.0,"enemies":"Sphere and 2 Shapes","floor":41.0,"turns":5.0},{"damage":15.0,"enemies":"Transient","floor":46.0,"turns":5.0},{"damage":22.0,"enemies":"3 Darklings","floor":48.0,"turns":3.0},{"damage":42.0,"enemies":"Time Eater","floor":50.0,"turns":5.0},{"damage":2.0,"enemies":"Shield and Spear","floor":54.0,"turns":3.0}],"seed_played":"962710553526396183","potions_obtained":[{"floor":4.0,"key":"BlessingOfTheForge"},{"floor":11.0,"key":"Block Potion"},{"floor":12.0,"key":"SpeedPotion"},{"floor":16.0,"key":"BlessingOfTheForge"},{"floor":21.0,"key":"AttackPotion"},{"floor":22.0,"key":"Strength Potion"},{"floor":33.0,"key":"LiquidMemories"},{"floor":37.0,"key":"hexamod:EctoCoolerPotion"}],"is_trial":false,"path_per_floor":["M","T","?","M","$","E","M","M","T","?","M","E","R","?","R","B",null,"M","?","?","M","M","R","AVR","?","T","$","?","M","M","M","R","B",null,"M","AVR","?","$","M","R","M","R","T","$","T","M","?","M","R","B",null,"R","$","E"],"character_chosen":"WATCHER","items_purchased":["MerchantsRug","Pray","conspire:TopHat","ReachHeaven","Adaptation","Meat on the Bone","DollysMirror","ReplayTheSpireMod:Lightbulb","Bag of Marbles","hubris:Counter","DuplicationPotion"],"campfire_rested":7,"item_purchase_floors":[5,5,5,5,5,5,27,38,38,53,53],"current_hp_per_floor":[72,72,72,70,70,48,48,35,35,35,47,25,46,52,75,45,78,27,27,27,39,22,45,45,45,45,45,45,40,29,41,64,48,78,48,48,47,47,42,65,50,73,73,73,73,58,58,48,48,18,78,78,78,76,76],"gold":108,"neow_bonus":"","is_prod":false,"is_daily":false,"chose_seed":false,"campfire_upgraded":0,"win_rate":0,"timestamp":1607485638,"path_taken":["M","?","?","M","$","E","M","?","T","?","M","E","R","?","R","BOSS","M","?","?","M","?","R","AVR","?","T","?","?","M","M","M","R","BOSS","M","AVR","?","?","M","R","M","R","T","$","?","?","?","M","R","BOSS","R","$","E"],"build_version":"2020-11-30","purchased_purges":3,"victory":false,"max_hp_per_floor":[72,72,72,72,72,72,72,72,72,72,72,72,72,78,78,78,78,78,78,78,78,78,78,78,78,78,78,78,78,78,78,78,78,78,78,78,78,78,78,78,78,78,78,78,78,78,78,78,78,78,78,78,78,78,78],"card_choices":[{"not_picked":["SignatureMove","REME_Repentance"],"picked":"FearNoEvil","floor":1.0},{"not_picked":["Meditate","Consecrate"],"picked":"TalkToTheHand","floor":3.0},{"not_picked":["Meditate","Replay:DivineShield"],"picked":"Prostrate","floor":4.0},{"not_picked":["Nirvana","PathToVictory"],"picked":"MarkedMod:NorthStar","floor":6.0},{"not_picked":["Replay:BluntJabs","WreathOfFlame"],"picked":"JustLucky","floor":7.0},{"not_picked":["Protect","EmptyFist"],"picked":"Crescendo","floor":8.0},{"not_picked":["Replay:ManipulateFuture","EmptyBody"],"picked":"FlurryOfBlows","floor":11.0},{"not_picked":["Alpha","MentalFortress"],"picked":"MarkedMod:SlowDance","floor":12.0},{"not_picked":["Ragnarok","MasterReality"],"picked":"Brilliance","floor":16.0},{"not_picked":["ThirdEye","FlyingSleeves"],"picked":"MarkedMod:Acupuncture+1","floor":18.0},{"not_picked":["Replay:AtTheReady+1","EmptyMind"],"picked":"MarkedMod:GentlePulse","floor":21.0},{"not_picked":["BowlingBash","CarveReality+1","Conclude"],"picked":"SKIP","floor":22.0},{"not_picked":["FearNoEvil+1","MarkedMod:GentlePulse+1"],"picked":"Adaptation+1","floor":29.0},{"not_picked":["EmptyFist","FollowUp"],"picked":"MarkedMod:PinPointDefense","floor":30.0},{"not_picked":["REME_Repentance","Replay:Hum"],"picked":"PathToVictory","floor":31.0},{"not_picked":["MasterReality","Vault"],"picked":"MarkedMod:NorthStar","floor":33.0},{"not_picked":["Conclude+1","Crescendo+1"],"picked":"Prostrate+1","floor":35.0},{"not_picked":["Swivel+1","Dagger Throw","Backflip+1"],"picked":"MarkedMod:PinPointDefense+1","floor":37.0},{"not_picked":["Backstab+1","Backflip","REME_MusicOfDeath"],"picked":"MarkedMod:FirstStrike+1","floor":39.0},{"not_picked":["Evaluate","FlyingSleeves+1","Choke+1"],"picked":"MarkedMod:GentlePulse","floor":41.0},{"not_picked":["Underhanded Strike+1","Crippling Poison","Perseverance","ClearTheMind+1"],"picked":"SKIP","floor":46.0},{"not_picked":["Setup","Protect+1","Draining Mist"],"picked":"Prostrate+1","floor":48.0},{"not_picked":["Replay:AtTheReady+1","Evaluate+1","Replay:DivineShield"],"picked":"Replay:BluntJabs","floor":54}],"player_experience":175398,"relics_obtained":[{"floor":2.0,"key":"Centennial Puzzle"},{"floor":3.0,"key":"Replay:Towering Pillar of Hats"},{"floor":6.0,"key":"ReplayTheSpireMod:TigerMarble"},{"floor":9.0,"key":"DemoMod:Bottle"},{"floor":12.0,"key":"Gremlin Food"},{"floor":26.0,"key":"Onion Ring"},{"floor":37.0,"key":"Bottled Lightning"},{"floor":45.0,"key":"DemoMod:PoisonVial"},{"floor":54,"key":"Happy Flower"}],"event_choices":[{"damage_healed":0.0,"max_hp_gain":0.0,"max_hp_loss":0.0,"gold_gain":0.0,"event_name":"betterThird:BetterSerpent","player_choice":"RENOUNCE","floor":14.0,"gold_loss":271.0,"damage_taken":271.0,"cards_obtained":["Enlightenment"]},{"damage_healed":0.0,"max_hp_gain":0.0,"max_hp_loss":0.0,"gold_gain":0.0,"event_name":"The Woman in Blue","player_choice":"Bought 0 Potions","floor":20.0,"gold_loss":0.0,"damage_taken":0.0},{"damage_healed":0.0,"max_hp_gain":0.0,"max_hp_loss":7.0,"gold_gain":0.0,"event_name":"betterThird:BetterWriting","player_choice":"Simplicity","floor":28.0,"gold_loss":0.0,"damage_taken":0.0}],"is_beta":false,"boss_relics":[{"not_picked":["conspire:SeveredTorchhead","aspiration:SecretTechniqueScroll"],"picked":"Fusion Hammer"},{"not_picked":["Replay:Bronze Core","Tiny House"],"picked":"energizedSpire:SpiderWeb"}],"items_purged_floors":[5,27,27],"is_endless":false,"potions_floor_spawned":[4,11,12,16,21,22,33,37],"killed_by":"Shield and Spear","ascension_level":0}}