{"host":"qqjv58wfhopf6ysa","time":1607512018,"event":{"gold_per_floor":[110,110,110,125,58,90,90,102,102,102,116,133,133,152,152,254,254,265,340,340,340,357,357,375,300,300,314,214,214,214,230,230,332,332,351,351,351,351,351,351,367,367,385,260,260,278,278,309,328,328,328,328],"floor_reached":53,"playtime":1351,"items_purged":["Strike_B","Strike_B","Defend_B"],"score":712,"play_id":"5eeb319e-405a-4c8b-8953-f634d9e78411","local_time":"20201209200658","is_ascension_mode":false,"campfire_choices":[{"data":"Blizzard","floor":7,"key":"SMITH"},{"data":"Defragment","floor":10,"key":"SMITH"},{"data":"ReplayTheSpireMod:Calculation Training","floor":13,"key":"SMITH"},{"data":"ReplayTheSpireMod:Calculation Training","floor":15,"key":"SMITH"},{"data":"Zap","floor":23,"key":"SMITH"},{"data":"Dualcast","floor":29,"key":"SMITH"},{"floor":32,"key":"REST"},{"floor":42,"key":"REST"},{"data":"Defend_B","floor":51,"key":"PURGE"}],"neow_cost":"NONE","seed_source_timestamp":60841957381900,"circlet_count":0,"master_deck":["Strike_B","Strike_B","Defend_B","Defend_B","Zap+1","Dualcast+1","Defragment+1","Blizzard+1","Defragment+1","ReplayTheSpireMod:Calculation Training+1","ReplayTheSpireMod:Calculation Training+1","Strike_B","Defragment+1","Fission","Ball Lightning+1","Coolheaded+1","hubris:PowerSurge"],"relics":["Cracked Core","REME_ComplimentaryCards","NeowsBlessing","aspiration:EnhancedActuators","Regal Pillow","Runic Pyramid","FrozenCore","Replay:Baseball","HornCleat","Fusion Hammer","hubris:Icosahedron","aspiration:SeaSaltIceCream","aspiration:Nostalgia","Guardian:ModeShifter","infinitespire:SolderingIron","Happy Flower"],"potions_floor_usage":[33,52],"damage_taken":[{"damage":0,"enemies":"2 Louse","floor":1,"turns":1},{"damage":0,"enemies":"Cultist","floor":4,"turns":1},{"damage":0,"enemies":"Lagavulin","floor":6,"turns":1},{"damage":0,"enemies":"Small Slimes","floor":8,"turns":3},{"damage":4,"enemies":"Blue Slaver","floor":11,"turns":3},{"damage":9,"enemies":"2 Fungi Beasts","floor":12,"turns":4},{"damage":20,"enemies":"Exordium Thugs","floor":14,"turns":4},{"damage":29,"enemies":"Hexaghost","floor":16,"turns":9},{"damage":17,"enemies":"Shell Parasite","floor":18,"turns":6},{"damage":17,"enemies":"3 Byrds","floor":22,"turns":5},{"damage":6,"enemies":"Cultist and Chosen","floor":24,"turns":7},{"damage":0,"enemies":"Centurion and Healer","floor":27,"turns":8},{"damage":0,"enemies":"Snake Plant","floor":31,"turns":6},{"damage":61,"enemies":"hubris:MusketHawk","floor":33,"turns":9},{"damage":10,"enemies":"Orb Walker","floor":35,"turns":7},{"damage":7,"enemies":"3 Shapes","floor":41,"turns":6},{"damage":5,"enemies":"Spire Growth","floor":43,"turns":5},{"damage":0,"enemies":"Maw","floor":46,"turns":7},{"damage":14,"enemies":"Giant Head","floor":48,"turns":10},{"damage":14,"enemies":"Writhing Mass","floor":49,"turns":5},{"damage":9,"enemies":"Time Eater","floor":52,"turns":7}],"seed_played":"-7237345091522712445","potions_obtained":[{"floor":1,"key":"ColorlessPotion"},{"floor":4,"key":"Swift Potion"},{"floor":22,"key":"Guardian:BlockOnCardUsePotion"},{"floor":33,"key":"DuplicationPotion"}],"is_trial":false,"path_per_floor":["M","$","?","M","$","E","R","M","T","R","M","M","R","M","R","B",null,"M","?","?","AVR","M","R","M","$","T","M","$","R","?","M","R","B",null,"M","?","?","?","PTL","PTL","M","R","M","$","T","M","?","E","M","T","R","B",null],"character_chosen":"DEFECT","items_purchased":["Blizzard"],"campfire_rested":2,"item_purchase_floors":[5],"current_hp_per_floor":[75,75,75,75,75,75,75,75,75,75,71,62,62,42,42,13,75,58,51,51,51,34,34,28,28,28,28,28,28,28,28,65,4,75,65,65,65,65,65,65,58,75,70,70,70,70,70,56,42,42,42,33],"gold":328,"neow_bonus":"THREE_ENEMY_KILL","is_prod":false,"is_daily":false,"chose_seed":false,"campfire_upgraded":6,"win_rate":0,"timestamp":1607512018,"path_taken":["M","$","?","M","$","E","R","?","T","R","M","M","R","M","R","BOSS","M","?","?","AVR","?","R","M","$","T","M","$","R","?","M","R","BOSS","M","?","?","?","PTL","PTL","M","R","M","$","T","M","?","E","?","?","R","BOSS"],"build_version":"2020-11-30","purchased_purges":3,"victory":true,"max_hp_per_floor":[75,75,75,75,75,75,75,75,75,75,75,75,75,75,75,75,75,75,75,75,75,75,75,75,75,75,75,75,75,75,75,75,75,75,75,75,75,75,75,75,75,75,75,75,75,75,75,75,75,75,75,75],"card_choices":[{"not_picked":["Coolheaded","Cold Snap"],"picked":"Defragment","floor":1},{"not_picked":["Stack","Rebound","Streamline"],"picked":"SKIP","floor":4},{"not_picked":["Turbo","Redo","Storm"],"picked":"SKIP","floor":6},{"not_picked":["ReplayTheSpireMod:Repulse","Chaos"],"picked":"Defragment","floor":8},{"not_picked":["Barrage","Fission"],"picked":"ReplayTheSpireMod:Calculation Training","floor":11},{"not_picked":["Stack","Steam"],"picked":"ReplayTheSpireMod:Calculation Training","floor":12},{"not_picked":["Conserve Battery","Panic Button","Rip and Tear"],"picked":"SKIP","floor":14},{"not_picked":["Cold Snap","Go for the Eyes","Sweeping Beam"],"picked":"SKIP","floor":18},{"not_picked":["Reinforced Body+1","Chaos","Go for the Eyes"],"picked":"SKIP","floor":22},{"not_picked":["Panic Button","Gash","BasicCrystalCard"],"picked":"SKIP","floor":24},{"not_picked":["Stack","Streamline+1","Steam"],"picked":"SKIP","floor":27},{"not_picked":["Loop","Hologram","Undo"],"picked":"SKIP","floor":31},{"not_picked":["Multi-Cast","ReplayRNGCard"],"picked":"Fission","floor":33},{"not_picked":["Redo","Aggregate"],"picked":"Ball Lightning+1","floor":35},{"not_picked":["Rebound+1","Leap","Skim+1"],"picked":"SKIP","floor":41},{"not_picked":["Leap+1","REME_Whirling+1","Streamline+1"],"picked":"SKIP","floor":43},{"not_picked":["Aggregate+1","Beam Cell+1"],"picked":"Coolheaded+1","floor":46},{"not_picked":["Leap","REME_ForAll","Panic Button+1"],"picked":"SKIP","floor":48},{"not_picked":["Tempest+1","Leap+1"],"picked":"hubris:PowerSurge","floor":49}],"player_experience":415620,"relics_obtained":[{"floor":6,"key":"aspiration:EnhancedActuators"},{"floor":9,"key":"Regal Pillow"},{"floor":26,"key":"HornCleat"},{"floor":45,"key":"aspiration:SeaSaltIceCream"},{"floor":48,"key":"infinitespire:SolderingIron"},{"floor":50,"key":"Happy Flower"}],"event_choices":[{"damage_healed":0,"gold_gain":0,"player_choice":"Forge","damage_taken":0,"max_hp_gain":0,"max_hp_loss":0,"event_name":"Accursed Blacksmith","floor":3,"gold_loss":0,"cards_upgraded":["Defragment"]},{"damage_healed":0,"gold_gain":75,"player_choice":"Touch","damage_taken":7,"max_hp_gain":0,"max_hp_loss":0,"event_name":"FaceTrader","floor":19,"gold_loss":0},{"damage_healed":0,"gold_gain":0,"player_choice":"Copied","damage_taken":0,"max_hp_gain":0,"max_hp_loss":0,"event_name":"Duplicator","floor":30,"gold_loss":0,"cards_obtained":["Defragment"]},{"damage_healed":0,"gold_gain":0,"player_choice":"Memory 1","damage_taken":0,"max_hp_gain":0,"max_hp_loss":0,"event_name":"SensoryStone","floor":37,"gold_loss":0},{"damage_healed":0,"gold_gain":0,"player_choice":"Ignored","damage_taken":0,"max_hp_gain":0,"max_hp_loss":0,"event_name":"Tomb of Lord Red Mask","floor":38,"gold_loss":0},{"damage_healed":0,"gold_gain":0,"player_choice":"Bought 0 Potions","damage_taken":0,"max_hp_gain":0,"max_hp_loss":0,"event_name":"The Woman in Blue","floor":47,"gold_loss":0}],"is_beta":false,"boss_relics":[{"not_picked":["aspiration:PoetsPen_weak","hubris:HollowSoul"],"picked":"Runic Pyramid"},{"not_picked":["Black Star","REME_LowDesire"],"picked":"Fusion Hammer"}],"items_purged_floors":[25,28,44],"is_endless":false,"potions_floor_spawned":[1,4,22,27,33,41,43],"ascension_level":0}}