{"host":"4edbuligkc8x13l4","time":1607533641,"event":{"gold_per_floor":[111,4,20,37,112,112,129,145,199,217,217,232,263,263,263,342,342,325,343,165,165,165,165],"floor_reached":22,"playtime":740,"items_purged":["Strike_G"],"score":320,"play_id":"6030eaac-6465-4b88-9039-5ba601542a01","local_time":"20201210010721","is_ascension_mode":true,"campfire_choices":[{"floor":6.0,"key":"REST"},{"floor":11.0,"key":"REST"},{"floor":15.0,"key":"REST"}],"neow_cost":"NONE","seed_source_timestamp":478196146355800,"circlet_count":0,"master_deck":["AscendersBane","Strike_G","Strike_G","Strike_G","Strike_G","Defend_G","Defend_G","Defend_G","Defend_G","Defend_G","Survivor","Neutralize","Cloak And Dagger","Bouncing Flask+1","Caltrops","Poisoned Stab","Deflect","Burst","After Image","Envenom","Slice+1","Catalyst","Backflip","Noxious Fumes"],"special_seed":0,"relics":["Ring of the Snake","Snake Skull","Orichalcum","Pantograph","HoveringKite"],"potions_floor_usage":[18],"damage_taken":[{"damage":2.0,"enemies":"Cultist","floor":1.0,"turns":4.0},{"damage":2.0,"enemies":"Jaw Worm","floor":3.0,"turns":4.0},{"damage":7.0,"enemies":"Small Slimes","floor":4.0,"turns":4.0},{"damage":17.0,"enemies":"Gremlin Gang","floor":7.0,"turns":6.0},{"damage":5.0,"enemies":"Red Slaver","floor":8.0,"turns":4.0},{"damage":0.0,"enemies":"2 Fungi Beasts","floor":10.0,"turns":4.0},{"damage":13.0,"enemies":"Exordium Wildlife","floor":12.0,"turns":6.0},{"damage":24.0,"enemies":"3 Sentries","floor":13.0,"turns":9.0},{"damage":7,"enemies":"The Guardian","floor":16,"turns":8},{"damage":12,"enemies":"2 Thieves","floor":18,"turns":4},{"damage":9,"enemies":"Shell Parasite","floor":19,"turns":6},{"damage":52,"enemies":"Shelled Parasite and Fungi","floor":22,"turns":5}],"seed_played":"-5320166659098838022","potions_obtained":[{"floor":3.0,"key":"CultistPotion"},{"floor":8.0,"key":"PowerPotion"},{"floor":16,"key":"Fire Potion"},{"floor":18,"key":"SteroidPotion"}],"is_trial":false,"path_per_floor":["M","$","M","M","?","R","M","M","T","M","R","M","E","?","R","B",null,"M","M","$","?","M"],"character_chosen":"THE_SILENT","items_purchased":["Bouncing Flask","Caltrops","Backflip","Noxious Fumes"],"campfire_rested":3,"item_purchase_floors":[2,2,20,20],"current_hp_per_floor":[57,57,55,48,37,56,39,34,34,34,53,40,16,16,35,53,63,51,42,42,42,0,0],"gold":165,"neow_bonus":"RANDOM_COMMON_RELIC","is_prod":false,"is_daily":false,"chose_seed":false,"campfire_upgraded":0,"win_rate":0,"timestamp":1607533641,"path_taken":["M","$","M","?","?","R","M","M","T","M","R","M","E","?","R","BOSS","M","M","$","?","?"],"build_version":"2020-11-30","purchased_purges":1,"victory":false,"max_hp_per_floor":[66,66,66,66,66,66,66,66,66,66,66,66,66,66,66,66,66,66,66,66,66,66,66],"card_choices":[{"not_picked":["Underhanded Strike","Leg Sweep"],"picked":"Cloak And Dagger","floor":1.0},{"not_picked":["Dodge and Roll","Bane"],"picked":"Poisoned Stab","floor":3.0},{"not_picked":["Prepared","Calculated Gamble"],"picked":"Deflect","floor":4.0},{"not_picked":["Dagger Throw","Flying Knee"],"picked":"Burst","floor":7.0},{"not_picked":["Eviscerate","Deadly Poison","Quick Slash"],"picked":"SKIP","floor":8.0},{"not_picked":["Expertise","PiercingWail","Outmaneuver"],"picked":"SKIP","floor":10.0},{"not_picked":["Dagger Spray","Cloak And Dagger","Bane"],"picked":"SKIP","floor":12.0},{"not_picked":["Backflip","Flying Knee"],"picked":"After Image","floor":13.0},{"not_picked":["Corpse Explosion","Night Terror"],"picked":"Envenom","floor":16},{"not_picked":["Predator","Eviscerate"],"picked":"Slice+1","floor":18},{"not_picked":["Deadly Poison+1","Deflect"],"picked":"Catalyst","floor":19}],"player_experience":884272,"relics_obtained":[{"floor":9.0,"key":"Orichalcum"},{"floor":13.0,"key":"Pantograph"}],"event_choices":[{"damage_healed":0.0,"max_hp_gain":0.0,"max_hp_loss":0.0,"gold_gain":75.0,"event_name":"World of Goop","player_choice":"Gather Gold","floor":5.0,"gold_loss":0.0,"damage_taken":11.0},{"damage_healed":0.0,"max_hp_gain":0.0,"max_hp_loss":0.0,"gold_gain":0.0,"event_name":"Living Wall","player_choice":"Grow","floor":14.0,"gold_loss":0.0,"damage_taken":0.0,"cards_upgraded":["Bouncing Flask"]},{"damage_healed":0,"gold_gain":0,"player_choice":"Got Potions","damage_taken":0,"max_hp_gain":0,"max_hp_loss":0,"event_name":"Lab","floor":21,"gold_loss":0}],"is_beta":false,"boss_relics":[{"not_picked":["Runic Pyramid","Cursed Key"],"picked":"HoveringKite"}],"items_purged_floors":[20],"is_endless":false,"potions_floor_spawned":[3,8,16,18],"killed_by":"Shelled Parasite and Fungi","ascension_level":14}}