{"host":"i7v4w61exhjkg5ws","time":1607486098,"event":{"gold_per_floor":[109,109,128,146,215,215,250,250,250,106,106,106,120,133,133,236,236,248,263,3,13,26,26,26],"floor_reached":23,"playtime":885,"items_purged":[],"score":218,"play_id":"6a6926d1-e13e-4453-9949-6e1bf1c123d9","local_time":"20201208225458","is_ascension_mode":false,"campfire_choices":[{"floor":6,"key":"RECALL"},{"floor":12,"key":"REST"},{"floor":15,"key":"REST"}],"neow_cost":"NONE","seed_source_timestamp":1286577390536300,"circlet_count":0,"master_deck":["Strike_P","Strike_P","Strike_P","Strike_P","Defend_P","Defend_P","Defend_P","Defend_P","Eruption","Vigilance","Halt","EmptyBody","WheelKick","Parasite","Swivel","Wish","Halt+1","WaveOfTheHand","EmptyMind"],"relics":["Busted Crown","Bronze Scales","Unceasing Top","Bag of Marbles","Sozu","Pear"],"potions_floor_usage":[21,21,21],"damage_taken":[{"damage":0,"enemies":"Small Slimes","floor":1,"turns":2},{"damage":1,"enemies":"Cultist","floor":3,"turns":6},{"damage":0,"enemies":"Jaw Worm","floor":4,"turns":3},{"damage":23,"enemies":"3 Sentries","floor":7,"turns":16},{"damage":5,"enemies":"Lots of Slimes","floor":13,"turns":3},{"damage":0,"enemies":"Blue Slaver","floor":14,"turns":1},{"damage":63,"enemies":"Hexaghost","floor":16,"turns":12},{"damage":15,"enemies":"2 Thieves","floor":18,"turns":3},{"damage":25,"enemies":"Shell Parasite","floor":19,"turns":4},{"damage":17,"enemies":"Snake Plant","floor":21,"turns":4},{"damage":18,"enemies":"Centurion and Healer","floor":22,"turns":8},{"damage":0,"enemies":"Gremlin Leader","floor":23,"turns":2}],"seed_played":"-18542575984222416","potions_obtained":[{"floor":4,"key":"Slimebound:ThreeZeroPotion"},{"floor":11,"key":"Energy Potion"},{"floor":11,"key":"Weak Potion"},{"floor":13,"key":"Fruit Juice"}],"is_trial":false,"path_per_floor":["M","?","M","M","T","R","E","?","T","$","?","R","M","M","R","B",null,"M","M","$","M","M","E"],"character_chosen":"WATCHER","items_purchased":["Bag of Marbles","Pear"],"campfire_rested":2,"item_purchase_floors":[10,20],"current_hp_per_floor":[72,72,71,71,71,71,48,66,66,66,66,72,67,67,72,9,72,57,32,42,30,12,12,12],"gold":26,"neow_bonus":"BOSS_RELIC","is_prod":false,"is_daily":false,"chose_seed":false,"campfire_upgraded":0,"win_rate":0,"timestamp":1607486098,"path_taken":["M","?","M","?","?","R","E","?","T","$","?","R","M","M","R","BOSS","M","?","$","M","M","E"],"build_version":"2020-11-30","purchased_purges":0,"victory":false,"max_hp_per_floor":[72,72,72,72,72,72,72,72,72,72,72,72,72,72,72,72,72,72,72,82,87,87,87,87],"card_choices":[{"not_picked":[],"picked":"Halt","floor":1},{"not_picked":[],"picked":"EmptyBody","floor":3},{"not_picked":["Evaluate"],"picked":"SKIP","floor":4},{"not_picked":[],"picked":"WheelKick","floor":7},{"not_picked":[],"picked":"Swivel","floor":13},{"not_picked":["Study"],"picked":"SKIP","floor":14},{"not_picked":[],"picked":"Wish","floor":16},{"not_picked":[],"picked":"Halt+1","floor":18},{"not_picked":[],"picked":"WaveOfTheHand","floor":19},{"not_picked":["Study+1"],"picked":"SKIP","floor":21},{"not_picked":[],"picked":"EmptyMind","floor":22}],"player_experience":240406,"relics_obtained":[{"floor":7,"key":"Bronze Scales"},{"floor":9,"key":"Unceasing Top"}],"event_choices":[{"damage_healed":0,"gold_gain":0,"player_choice":"Bought 0 Potions","damage_taken":0,"max_hp_gain":0,"max_hp_loss":0,"event_name":"The Woman in Blue","floor":2,"gold_loss":0},{"damage_healed":18,"gold_gain":0,"player_choice":"Healed and dodged fight","damage_taken":0,"max_hp_gain":0,"max_hp_loss":0,"event_name":"Mushrooms","floor":8,"gold_loss":0,"cards_obtained":["Parasite"]},{"damage_healed":0,"gold_gain":0,"player_choice":"Got Potions","damage_taken":0,"max_hp_gain":0,"max_hp_loss":0,"event_name":"Lab","floor":11,"gold_loss":0}],"is_beta":false,"boss_relics":[{"not_picked":["Cursed Key","Black Star"],"picked":"Sozu"}],"items_purged_floors":[],"is_endless":false,"potions_floor_spawned":[4,13,16,18],"killed_by":"Gremlin Leader","ascension_level":0}}