{"host":"zx10cf1fsoa3eqiy","time":1607497527,"event":{"gold_per_floor":[115,115,126,126,126,160,160,179,205,239,239,11,45,68,68,196,196,209,230,0,0,0,0],"floor_reached":22,"playtime":812,"items_purged":[],"score":261,"play_id":"fcf12a74-7926-4f6c-a360-0f4d75989759","local_time":"20201209150527","is_ascension_mode":true,"campfire_choices":[{"floor":11.0,"key":"REST"},{"floor":15.0,"key":"REST"}],"neow_cost":"NONE","seed_source_timestamp":0,"circlet_count":0,"master_deck":["Strike_B","Strike_B","Strike_B","Strike_B","Defend_B+1","Defend_B","Defend_B","Defend_B+1","Zap+1","Dualcast","Auto Shields","ReplayTheSpireMod:Calculation Training","Genetic Algorithm","Static Discharge+1","Leap","ReplayTheSpireMod:System Scan","Stack"],"special_seed":0,"relics":["Cracked Core","NeowsBlessing","Golden Egg","Golden Idol","Replay:Bottled Steam","Strawberry","War Paint","Toy Ornithopter","Black Star","Prayer Wheel"],"potions_floor_usage":[],"damage_taken":[{"damage":0.0,"enemies":"Small Slimes","floor":1.0,"turns":1.0},{"damage":0.0,"enemies":"Jaw Worm","floor":3.0,"turns":1.0},{"damage":0.0,"enemies":"Gremlin Nob","floor":6.0,"turns":1.0},{"damage":0.0,"enemies":"2 Louse","floor":8.0,"turns":2.0},{"damage":13.0,"enemies":"3 Sentries","floor":10.0,"turns":6.0},{"damage":19.0,"enemies":"Lagavulin","floor":13.0,"turns":5.0},{"damage":0.0,"enemies":"Exordium Wildlife","floor":14.0,"turns":3.0},{"damage":41.0,"enemies":"Hexaghost","floor":16.0,"turns":8.0},{"damage":28.0,"enemies":"Shell Parasite","floor":18.0,"turns":5.0},{"damage":10,"enemies":"Spheric Guardian","floor":19,"turns":4},{"damage":0,"enemies":"Chosen and Byrds","floor":22,"turns":2}],"seed_played":"-5766639208893966528","potions_obtained":[{"floor":1.0,"key":"PotionOfCapacity"},{"floor":8.0,"key":"Adrenaline Potion"},{"floor":13.0,"key":"ColorlessPotion"},{"floor":16.0,"key":"SpeedPotion"}],"is_trial":false,"path_per_floor":["M","?","M","T","?","E","?","M","T","E","R","$","E","M","R","B",null,"M","M","?","?","M"],"character_chosen":"DEFECT","items_purchased":["War Paint","Static Discharge"],"campfire_rested":2,"item_purchase_floors":[12,12],"current_hp_per_floor":[75,75,75,75,57,57,57,57,57,51,75,75,56,56,80,39,82,54,44,44,44,44,44],"gold":0,"neow_bonus":"THREE_ENEMY_KILL","is_prod":false,"is_daily":false,"chose_seed":false,"campfire_upgraded":0,"win_rate":0,"timestamp":1607497527,"path_taken":["M","?","M","?","?","E","?","?","T","E","R","?","E","M","R","BOSS","M","M","?","?","M"],"build_version":"2020-11-30","purchased_purges":0,"victory":false,"max_hp_per_floor":[75,75,75,75,75,75,75,75,75,82,82,82,82,82,82,82,82,82,82,82,82,82,82],"card_choices":[{"not_picked":["Steam","ReplayTheSpireMod:Reroute Power","Go for the Eyes"],"picked":"SKIP","floor":1.0},{"not_picked":["Turbo","Static Discharge"],"picked":"Auto Shields","floor":3.0},{"not_picked":["ReplayTheSpireMod:Reroute Power","Sweeping Beam"],"picked":"ReplayTheSpireMod:Calculation Training","floor":6.0},{"not_picked":["Cold Snap","Hologram","Blizzard"],"picked":"SKIP","floor":8.0},{"not_picked":["Rebound","Hologram"],"picked":"Genetic Algorithm","floor":10.0},{"not_picked":["Gash","Mirror Shield","Go for the Eyes"],"picked":"SKIP","floor":13.0},{"not_picked":["ReplayTheSpireMod:GoodbyeWorld","Beam Cell"],"picked":"Leap","floor":14.0},{"not_picked":["All For One","ReplayRNGCard"],"picked":"ReplayTheSpireMod:Fabricate Wheel","floor":16.0},{"not_picked":["Turbo","Gash+1"],"picked":"ReplayTheSpireMod:System Scan","floor":18.0},{"not_picked":["ReplayTheSpireMod:System Scan","Hologram+1"],"picked":"Stack","floor":19}],"player_experience":230184,"relics_obtained":[{"floor":4.0,"key":"Golden Egg"},{"floor":6.0,"key":"Replay:Bottled Steam"},{"floor":10.0,"key":"Strawberry"},{"floor":13.0,"key":"Toy Ornithopter"}],"event_choices":[{"damage_healed":0.0,"max_hp_gain":0.0,"max_hp_loss":0.0,"gold_gain":0.0,"event_name":"Living Wall","player_choice":"Grow","floor":2.0,"gold_loss":0.0,"damage_taken":0.0,"cards_upgraded":["Zap"]},{"damage_healed":0.0,"max_hp_gain":0.0,"max_hp_loss":0.0,"gold_gain":0.0,"event_name":"Golden Idol","player_choice":"Take Damage","floor":5.0,"gold_loss":0.0,"damage_taken":18.0,"relics_obtained":["Golden Idol"]},{"damage_healed":0,"gold_gain":0,"player_choice":"Paid Fearfully","damage_taken":0,"max_hp_gain":0,"max_hp_loss":0,"event_name":"Masked Bandits","floor":20,"gold_loss":230},{"damage_healed":0,"gold_gain":0,"player_choice":"Ignored","damage_taken":0,"max_hp_gain":0,"max_hp_loss":0,"event_name":"Vampires","floor":21,"gold_loss":0}],"is_beta":false,"boss_relics":[{"not_picked":["Runic Dome","Runic Pyramid"],"picked":"Black Star"}],"items_purged_floors":[],"is_endless":false,"potions_floor_spawned":[1,8,13,16],"killed_by":"Chosen and Byrds","ascension_level":3}}