{"host":"nptej036rrbiurf5","time":1607476340,"event":{"gold_per_floor":[114,114,130,140,150,175,175,201,249,50,50,50],"floor_reached":11,"playtime":274,"items_purged":["Strike_B"],"score":158,"play_id":"2d3dd34b-2d5f-494e-9524-16bffd93ad20","local_time":"20201209101220","is_ascension_mode":true,"campfire_choices":[{"floor":7.0,"key":"REST"}],"neow_cost":"TEN_PERCENT_HP_LOSS","seed_source_timestamp":1198349176336500,"circlet_count":0,"master_deck":["AscendersBane","Strike_B","Strike_B","Defend_B","Defend_B","Defend_B","Zap","Dualcast","Reboot","Fusion","Sweeping Beam","Biased Cognition","Compile Driver","Electrodynamics","Genetic Algorithm","Double Energy","Redo+1","Force Field+1"],"special_seed":0,"relics":["Cracked Core","Ornamental Fan","Toxic Egg 2","Happy Flower"],"potions_floor_usage":[11],"damage_taken":[{"damage":2.0,"enemies":"Jaw Worm","floor":1.0,"turns":4.0},{"damage":6.0,"enemies":"Cultist","floor":3.0,"turns":3.0},{"damage":7.0,"enemies":"Small Slimes","floor":4.0,"turns":3.0},{"damage":12.0,"enemies":"Looter","floor":5.0,"turns":3.0},{"damage":34.0,"enemies":"Gremlin Nob","floor":6.0,"turns":4.0},{"damage":20.0,"enemies":"3 Sentries","floor":8.0,"turns":4.0},{"damage":13,"enemies":"3 Louse","floor":11,"turns":1}],"seed_played":"4070440834482304714","potions_obtained":[{"floor":1.0,"key":"FocusPotion"},{"floor":8.0,"key":"EssenceOfSteel"}],"is_trial":false,"path_per_floor":["M","?","M","M","M","E","R","E","T","$","M"],"character_chosen":"DEFECT","items_purchased":["Force Field+1","Regen Potion"],"campfire_rested":1,"item_purchase_floors":[10,10],"current_hp_per_floor":[62,62,56,49,37,3,22,2,2,2,0,0],"gold":50,"neow_bonus":"TRANSFORM_TWO_CARDS","is_prod":false,"is_daily":false,"chose_seed":false,"campfire_upgraded":0,"win_rate":0,"timestamp":1607476340,"path_taken":["M","?","M","M","M","E","R","E","T","$","?"],"build_version":"2020-11-30","purchased_purges":1,"victory":false,"max_hp_per_floor":[64,64,64,64,64,64,64,64,64,64,64,64],"card_choices":[{"not_picked":["Chaos","Go for the Eyes"],"picked":"Sweeping Beam","floor":1.0},{"not_picked":["Redo","Conserve Battery"],"picked":"Compile Driver","floor":3.0},{"not_picked":["Sweeping Beam","Redo"],"picked":"Electrodynamics","floor":4.0},{"not_picked":["Cold Snap","Steam"],"picked":"Genetic Algorithm","floor":5.0},{"not_picked":["Redo","FTL"],"picked":"Double Energy","floor":6.0},{"not_picked":["Ball Lightning","Barrage"],"picked":"Redo+1","floor":8.0}],"player_experience":800361,"relics_obtained":[{"floor":6.0,"key":"Ornamental Fan"},{"floor":8.0,"key":"Toxic Egg 2"},{"floor":9.0,"key":"Happy Flower"}],"event_choices":[{"damage_healed":0.0,"max_hp_gain":0.0,"max_hp_loss":0.0,"gold_gain":0.0,"event_name":"Match and Keep!","player_choice":"1 cards matched","floor":2.0,"gold_loss":0.0,"damage_taken":0.0,"cards_obtained":["Biased Cognition"]}],"is_beta":false,"boss_relics":[],"items_purged_floors":[10],"is_endless":false,"potions_floor_spawned":[1,8],"killed_by":"3 Louse","ascension_level":18}}