{"host":"ecaj4hn004xnnrw9","time":1607474459,"event":{"gold_per_floor":[109,284,300,300,310,336,356,356,356],"floor_reached":8,"playtime":289,"items_purged":[],"score":58,"play_id":"ddf0fcf7-07db-46ed-9641-4760f9516d26","local_time":"20201209004059","is_ascension_mode":false,"campfire_choices":[],"neow_cost":"NONE","seed_source_timestamp":37149960648300,"circlet_count":0,"master_deck":["TheCursedMod:Strike_TheCursed","TheCursedMod:Strike_TheCursed","TheCursedMod:Strike_TheCursed","TheCursedMod:Defend_TheCursed","TheCursedMod:Defend_TheCursed","TheCursedMod:Defend_TheCursed","TheCursedMod:Defend_TheCursed","TheCursedMod:CursedWand","TheCursedMod:CleanUpWorkshop","TheCursedMod:Dregs","TheCursedMod:SoulReap","Doubt","TheCursedMod:DoubleShield","TheCursedMod:CursedArmor","TheCursedMod:Wield","TheCursedMod:WearCloak","TheCursedMod:StingEye"],"relics":["TheCursedMod:BlackMagic101","NeowsBlessing","Ornamental Fan"],"potions_floor_usage":[6,7],"damage_taken":[{"damage":0,"enemies":"2 Louse","floor":1,"turns":1},{"damage":0,"enemies":"Small Slimes","floor":3,"turns":1},{"damage":0,"enemies":"Cultist","floor":5,"turns":1},{"damage":43,"enemies":"3 Sentries","floor":6,"turns":13},{"damage":0,"enemies":"Looter","floor":7,"turns":2},{"damage":0,"enemies":"3 Louse","floor":8,"turns":2}],"seed_played":"7683805278361025674","potions_obtained":[{"floor":5,"key":"GamblersBrew"},{"floor":6,"key":"AttackPotion"}],"is_trial":false,"path_per_floor":["M","?","M","?","M","E","M","M"],"character_chosen":"THE_CURSED","items_purchased":[],"campfire_rested":0,"item_purchase_floors":[],"current_hp_per_floor":[75,75,75,75,75,37,42,45,45],"gold":356,"neow_bonus":"THREE_ENEMY_KILL","is_prod":false,"is_daily":false,"chose_seed":false,"campfire_upgraded":0,"win_rate":0.0,"timestamp":1607474459,"path_taken":["M","?","M","?","?","E","M","M"],"build_version":"2020-11-30","purchased_purges":0,"victory":false,"max_hp_per_floor":[75,75,75,75,75,75,75,75,75],"card_choices":[{"not_picked":["TheCursedMod:FleshFromBone","TheCursedMod:LuckyCharm"],"picked":"TheCursedMod:SoulReap","floor":1},{"not_picked":["TheCursedMod:BlessingInDisguise","TheCursedMod:CircleOfCorruption"],"picked":"TheCursedMod:DoubleShield","floor":3},{"not_picked":["TheCursedMod:CursedShiv","TheCursedMod:SurpriseAttack"],"picked":"TheCursedMod:Wield","floor":5},{"not_picked":["TheCursedMod:CursedMace","TheCursedMod:CircleOfAmplification"],"picked":"TheCursedMod:WearCloak","floor":6},{"not_picked":["TheCursedMod:PrepareRite","TheCursedMod:CursedBoomerang"],"picked":"TheCursedMod:StingEye","floor":7}],"player_experience":130797,"relics_obtained":[{"floor":6,"key":"Ornamental Fan"}],"event_choices":[{"damage_healed":0,"gold_gain":175,"player_choice":"AGREE","damage_taken":0,"max_hp_gain":0,"max_hp_loss":0,"event_name":"Liars Game","floor":2,"gold_loss":0,"cards_obtained":["Doubt"]},{"damage_healed":0,"gold_gain":0,"cards_transformed":["TheCursedMod:Strike_TheCursed"],"player_choice":"Transformed","damage_taken":0,"max_hp_gain":0,"max_hp_loss":0,"event_name":"Transmorgrifier","floor":4,"gold_loss":0,"cards_obtained":["TheCursedMod:CursedArmor"]}],"is_beta":false,"boss_relics":[],"items_purged_floors":[],"is_endless":false,"potions_floor_spawned":[5,6],"killed_by":"3 Louse","ascension_level":0}}