{"host":"yllrlz30c75z9571","time":1607523237,"event":{"gold_per_floor":[115,132,143,161,178,178,27,27,52,66,30,43,43,43,43,146,146,164,164,117,131,131,131],"floor_reached":22,"playtime":1882,"items_purged":[],"score":203,"play_id":"366eefb6-3a02-46bc-a98d-2884cb6b2ff5","local_time":"20201209141357","is_ascension_mode":false,"campfire_choices":[{"data":"PiercingWail","floor":6,"key":"SMITH"},{"floor":8,"key":"REST"},{"data":"Replay:Poison Smokescreen","floor":13,"key":"SMITH"},{"data":"Neutralize","floor":15,"key":"SMITH"}],"neow_cost":"NONE","seed_source_timestamp":443665864068400,"circlet_count":0,"master_deck":["Strike_G","Strike_G","Strike_G","Strike_G","Strike_G","Defend_G","Defend_G","Defend_G","Defend_G","Defend_G","Survivor","Neutralize+1","Blade Dance","Underhanded Strike","Blur","PiercingWail+1","Deflect","Replay:Poison Smokescreen+1","Noxious Fumes","Sucker Punch","Feed","jedi:poisonivy","Hidden Blade","Blade Dance","Distraction"],"relics":["Ring of the Snake","HushsDoor","aspiration:Nostalgia","Replay:M_SmolderingBlood","SteamSale","halation:Convergence","infinitespire:Satchel","Lee\u0027s Waffle","ReplayTheSpireMod:Ring of Collecting","Honey Jar"],"potions_floor_usage":[7,10,18,21,22],"damage_taken":[{"damage":16,"enemies":"infinitespire:Voidling","floor":1,"turns":5},{"damage":1,"enemies":"Cultist","floor":2,"turns":4},{"damage":2,"enemies":"Small Slimes","floor":3,"turns":3},{"damage":12,"enemies":"Looter","floor":4,"turns":4},{"damage":5,"enemies":"Red Slaver","floor":5,"turns":6},{"damage":8,"enemies":"Gremlin Gang","floor":10,"turns":4},{"damage":9,"enemies":"Exordium Thugs","floor":12,"turns":5},{"damage":13,"enemies":"Hexaghost","floor":16,"turns":10},{"damage":10,"enemies":"theJungle:5_Spyders","floor":18,"turns":8},{"damage":10,"enemies":"Shell Parasite","floor":21,"turns":5},{"damage":73,"enemies":"theJungle:2_Flameangoes","floor":22,"turns":6}],"seed_played":"-1132598760798603613","potions_obtained":[{"floor":1,"key":"Explosive Potion"},{"floor":3,"key":"Fire Potion"},{"floor":10,"key":"Swift Potion"},{"floor":16,"key":"sneckomod:MuddlingPotion"}],"is_trial":false,"path_per_floor":["M","M","M","M","M","R","$","R","T","M","$","M","R","?","R","B",null,"M","?","$","M","M"],"character_chosen":"THE_SILENT","items_purchased":["Replay:Poison Smokescreen","Fruit Juice","halation:Convergence","Lee\u0027s Waffle","Hidden Blade","Blade Dance"],"campfire_rested":1,"item_purchase_floors":[7,7,7,11,20,20],"current_hp_per_floor":[61,60,58,46,41,41,48,71,71,63,84,75,75,75,75,62,84,77,77,77,67,0,0],"gold":131,"neow_bonus":"NOSTALGIA","is_prod":false,"is_daily":false,"chose_seed":false,"campfire_upgraded":3,"win_rate":0,"timestamp":1607523237,"path_taken":["M","?","M","M","?","R","$","R","T","M","$","M","R","?","R","BOSS","M","?","$","M","M"],"build_version":"2020-11-30","purchased_purges":0,"victory":false,"max_hp_per_floor":[70,70,70,70,70,70,77,77,77,77,84,84,84,84,84,84,84,87,87,87,87,90,90],"card_choices":[{"not_picked":["StuffTheSpire:ClusterCrunch","FlyingSleeves"],"picked":"Blade Dance","floor":1},{"not_picked":["Outmaneuver","Cloak And Dagger"],"picked":"Underhanded Strike","floor":2},{"not_picked":["Skewer","Heel Hook"],"picked":"Blur","floor":3},{"not_picked":["ReplayTheSpireMod:Tripwire","Clash"],"picked":"PiercingWail","floor":4},{"not_picked":["hubris:TrickCloak","jedi:acidrain"],"picked":"Deflect","floor":5},{"not_picked":["Dagger Spray","Flying Knee"],"picked":"Noxious Fumes","floor":10},{"not_picked":["Skewer","Caltrops"],"picked":"Sucker Punch","floor":12},{"not_picked":["ReplayTheSpireMod:Necrosis","Night Terror"],"picked":"Feed","floor":16},{"not_picked":["Dodge and Roll","Slice+1","Deadly Poison"],"picked":"jedi:poisonivy","floor":18},{"not_picked":["Dodge and Roll","ReplayTheSpireMod:Tripwire","hubris:Counter"],"picked":"Distraction","floor":21}],"player_experience":84776,"relics_obtained":[{"floor":9,"key":"infinitespire:Satchel"},{"floor":14,"key":"ReplayTheSpireMod:Ring of Collecting"}],"event_choices":[{"damage_healed":0,"gold_gain":0,"player_choice":"Ignored","damage_taken":0,"max_hp_gain":0,"max_hp_loss":0,"event_name":"betterNote:BetterNote","floor":19,"gold_loss":0,"cards_obtained":["Strike_R"]}],"is_beta":false,"boss_relics":[{"not_picked":["halation:ForbiddenBikini","Kintsugi"],"picked":"Honey Jar"},{"not_picked":[]}],"items_purged_floors":[],"is_endless":false,"potions_floor_spawned":[1,3,10,16],"killed_by":"theJungle:2_Flameangoes","ascension_level":0}}