{"host":"6csbbk4539itd1k2","time":1607508514,"event":{"gold_per_floor":[114,114,289,61,76,111,131,156,156,179,29,104,104,117,117,240,240,260,260,200,200,200],"floor_reached":21,"playtime":1820,"items_purged":["Doubt","hermit:Strike_Hermit"],"score":179,"play_id":"8c94bd24-405e-41f2-9d8f-0646de07716f","local_time":"20201209110834","is_ascension_mode":false,"campfire_choices":[{"floor":15,"key":"REST"}],"neow_cost":"NONE","seed_source_timestamp":346533319852000,"circlet_count":0,"master_deck":["hermit:Strike_Hermit","hermit:Strike_Hermit","hermit:Defend_Hermit","hermit:Defend_Hermit","hermit:Defend_Hermit","hermit:Defend_Hermit","hermit:Snapshot","hermit:Covet","hermit:Reprieve","Injury","hermit:FromBeyond","hermit:ShadowCloak","hermit:Glare","hermit:TrackingShot","hermit:WideOpen","hermit:Manifest","hermit:Misfire","hermit:SprayPray","hermit:FromBeyond"],"relics":["hermit:Momento","Golden Idol","Vajra","Mummified Hand","Ice Cream","Velvet Choker"],"potions_floor_usage":[16,16],"damage_taken":[{"damage":0,"enemies":"Cultist","floor":1,"turns":4},{"damage":10,"enemies":"Small Slimes","floor":5,"turns":4},{"damage":42,"enemies":"3 Sentries","floor":6,"turns":11},{"damage":1,"enemies":"Jaw Worm","floor":7,"turns":4},{"damage":12,"enemies":"Looter","floor":8,"turns":3},{"damage":13,"enemies":"Large Slime","floor":10,"turns":6},{"damage":0,"enemies":"Red Slaver","floor":14,"turns":3},{"damage":28,"enemies":"The Guardian","floor":16,"turns":11},{"damage":27,"enemies":"Chosen","floor":18,"turns":5},{"damage":14,"enemies":"2 Thieves","floor":20,"turns":4},{"damage":0,"enemies":"Snake Plant","floor":21,"turns":1}],"seed_played":"764956482556192746","potions_obtained":[{"floor":10,"key":"EssenceOfSteel"},{"floor":14,"key":"SteroidPotion"}],"is_trial":false,"path_per_floor":["M","?","?","$","M","E","M","M","T","M","$","?","T","M","R","B",null,"M","?","M","M"],"character_chosen":"HERMIT","items_purchased":["hermit:FromBeyond","hermit:ShadowCloak","Dexterity Potion"],"campfire_rested":1,"item_purchase_floors":[4,4,11],"current_hp_per_floor":[75,75,75,75,65,27,30,18,18,13,13,2,2,2,24,12,75,58,58,48,48,48],"gold":200,"neow_bonus":"ONE_RANDOM_RARE_CARD","is_prod":false,"is_daily":false,"chose_seed":false,"campfire_upgraded":0,"win_rate":0.0,"timestamp":1607508514,"path_taken":["M","?","?","?","M","E","M","M","T","M","$","?","?","M","R","BOSS","M","?","M","M"],"build_version":"2020-11-30","purchased_purges":2,"victory":false,"max_hp_per_floor":[75,75,75,75,75,75,75,75,75,75,75,75,75,75,75,75,75,75,75,75,75,75],"card_choices":[{"not_picked":["hermit:Vantage","hermit:HoleUp","hermit:Feint"],"picked":"SKIP","floor":1},{"not_picked":["hermit:LuckOfTheDraw","hermit:Coalescence"],"picked":"hermit:Glare","floor":5},{"not_picked":["hermit:DeadOrAlive","hermit:Maintenance"],"picked":"hermit:TrackingShot","floor":6},{"not_picked":["hermit:LowProfile","hermit:Vantage"],"picked":"hermit:WideOpen","floor":7},{"not_picked":["hermit:BodyArmor","hermit:DeadMansHand"],"picked":"hermit:Manifest","floor":8},{"not_picked":["hermit:Roulette","hermit:Manifest"],"picked":"hermit:Misfire","floor":10},{"not_picked":["hermit:FlashPowder","hermit:Gestalt"],"picked":"hermit:SprayPray","floor":14},{"not_picked":["hermit:Dissolve","hermit:DeadOrAlive"],"picked":"hermit:FromBeyond","floor":16},{"not_picked":["hermit:TrackingShot","hermit:Roulette","hermit:SprayPray"],"picked":"SKIP","floor":18},{"not_picked":["hermit:Glare","hermit:Coalescence","hermit:Showdown"],"picked":"SKIP","floor":20}],"player_experience":99852,"relics_obtained":[{"floor":6,"key":"Vajra"},{"floor":9,"key":"Mummified Hand"},{"floor":13,"key":"Ice Cream"}],"event_choices":[{"damage_healed":0,"gold_gain":0,"player_choice":"Take Wound","damage_taken":0,"relics_obtained":["Golden Idol"],"max_hp_gain":0,"max_hp_loss":0,"event_name":"Golden Idol","floor":2,"gold_loss":0,"cards_obtained":["Injury"]},{"damage_healed":0,"gold_gain":175,"player_choice":"AGREE","damage_taken":0,"max_hp_gain":0,"max_hp_loss":0,"event_name":"Liars Game","floor":3,"gold_loss":0,"cards_obtained":["Doubt"]},{"damage_healed":0,"gold_gain":75,"player_choice":"Gather Gold","damage_taken":11,"max_hp_gain":0,"max_hp_loss":0,"event_name":"World of Goop","floor":12,"gold_loss":0},{"cards_removed":["hermit:Strike_Hermit"],"damage_healed":0,"gold_gain":0,"player_choice":"Purged","damage_taken":0,"max_hp_gain":0,"max_hp_loss":0,"event_name":"Purifier","floor":19,"gold_loss":0}],"is_beta":false,"boss_relics":[{"not_picked":["Astrolabe","Busted Crown"],"picked":"Velvet Choker"}],"items_purged_floors":[4,11],"is_endless":false,"potions_floor_spawned":[10,14],"killed_by":"Snake Plant","ascension_level":0}}