{"host":"3q9keoo8j4hzgybw","time":1607480484,"event":{"gold_per_floor":[114,114,131,206,224,259,270,296,296,315,342,95,95,95,95,190,190,200,210,135,135,154,154,179,179,206,66,78,113,113,212,212,307,307,322,422,106,126,126,153,153,3,3,3,3,13,30,59,59,59],"floor_reached":51,"playtime":1571,"items_purged":["Defend_W","Defend_W","Enlightenment+1","Defend_W+1"],"score":868,"play_id":"71c231ea-dfe1-4212-ab94-1dbd3b58b819","local_time":"20201209032124","is_ascension_mode":true,"campfire_choices":[{"data":"Enlightenment","floor":13,"key":"SMITH"},{"data":"Blood_Curse","floor":15,"key":"SMITH"},{"data":"Summon_Vampire_Lady","floor":23,"key":"SMITH"},{"data":"Negative_Energy_Arrows","floor":25,"key":"SMITH"},{"data":"1","floor":32,"key":"LIFT"},{"data":"Summon_Vampire_Lady","floor":41,"key":"SMITH"},{"data":"2","floor":45,"key":"LIFT"},{"data":"3","floor":49,"key":"LIFT"}],"neow_cost":"NONE","seed_source_timestamp":55210185239200,"circlet_count":0,"master_deck":["Strike_W+1","Strike_W+1","Strike_W+1","Strike_W+1","Negative_Energy_Arrows+1","Bone_Wall+1","Blood_Curse+1","Blood_Whip","Plague_Bolt","Negative_Energy_Javelin","Vampiric_Strike","Bone_Spikes","Spectral_Armor+1","Summon_Vampire_Lady+1","Blood_Whip+1","Spectral_Armor","Summon_Vampire_Lady+1","Blood_for_Blood","Life_Drain+1","Bone_Bullets+1","Summon_Undead+1"],"relics":["Vampire_Amulet","AntiCross","TungstenRod","Mercury Hourglass","Eternal Feather","Ancient Tea Set","Philosopher\u0027s Stone","War Paint","PreservedInsect","Girya","Runic Dome","Vajra","Ornamental Fan","Unceasing Top","Gambling Chip"],"potions_floor_usage":[16,50,50],"damage_taken":[{"damage":0,"enemies":"2 Louse","floor":1,"turns":2},{"damage":3,"enemies":"Small Slimes","floor":3,"turns":3},{"damage":1,"enemies":"Cultist","floor":5,"turns":3},{"damage":22,"enemies":"3 Sentries","floor":6,"turns":6},{"damage":1,"enemies":"2 Fungi Beasts","floor":7,"turns":2},{"damage":16,"enemies":"Gremlin Nob","floor":8,"turns":3},{"damage":0,"enemies":"Looter","floor":10,"turns":2},{"damage":8,"enemies":"3 Sentries","floor":11,"turns":4},{"damage":36,"enemies":"Hexaghost","floor":16,"turns":6},{"damage":1,"enemies":"Chosen","floor":18,"turns":3},{"damage":5,"enemies":"3 Byrds","floor":19,"turns":3},{"damage":2,"enemies":"Snecko","floor":22,"turns":3},{"damage":34,"enemies":"Slavers","floor":24,"turns":5},{"damage":9,"enemies":"Snake Plant","floor":28,"turns":2},{"damage":17,"enemies":"Book of Stabbing","floor":29,"turns":3},{"damage":41,"enemies":"Collector","floor":33,"turns":7},{"damage":9,"enemies":"Orb Walker","floor":35,"turns":2},{"damage":19,"enemies":"3 Shapes","floor":38,"turns":4},{"damage":31,"enemies":"Giant Head","floor":40,"turns":5},{"damage":16,"enemies":"Writhing Mass","floor":46,"turns":2},{"damage":9,"enemies":"3 Darklings","floor":47,"turns":4},{"damage":4,"enemies":"Nemesis","floor":48,"turns":3},{"damage":86,"enemies":"Awakened One","floor":50,"turns":8}],"seed_played":"-3003512811110485346","potions_obtained":[{"floor":1,"key":"SpeedPotion"},{"floor":8,"key":"SteroidPotion"},{"floor":16,"key":"Swift Potion"},{"floor":19,"key":"Strength Potion"},{"floor":28,"key":"Explosive Potion"},{"floor":47,"key":"Fire Potion"}],"is_trial":false,"path_per_floor":["M","?","M","?","M","E","M","E","T","M","E","$","R","?","R","B",null,"M","M","?","?","M","R","E","R","T","$","M","E","?","?","R","B",null,"M","?","$","M","$","E","R","$","T","?","R","M","M","E","R","B",null],"character_chosen":"NECROMANCER","items_purchased":["Spectral_Armor","Enlightenment","Spectral_Armor","Vajra","Blood_for_Blood"],"campfire_rested":0,"item_purchase_floors":[12,12,27,37,37],"current_hp_per_floor":[82,75,76,65,66,50,53,39,39,41,42,42,51,56,65,34,87,87,85,85,85,87,87,65,74,74,74,70,55,55,55,64,48,87,83,83,83,78,78,71,83,83,83,83,87,80,87,87,87,47],"gold":59,"neow_bonus":"TEN_PERCENT_HP_BONUS","is_prod":false,"is_daily":false,"chose_seed":false,"campfire_upgraded":5,"win_rate":0,"timestamp":1607480484,"path_taken":["M","?","M","?","M","E","M","E","T","M","E","$","R","?","R","BOSS","M","M","?","?","M","R","E","R","T","$","M","E","?","?","R","BOSS","M","?","$","M","?","E","R","$","T","?","R","M","M","E","R","BOSS"],"build_version":"2020-11-30","purchased_purges":4,"victory":true,"max_hp_per_floor":[82,82,82,82,82,82,82,82,82,82,82,82,82,87,87,87,87,87,87,87,87,87,87,87,87,87,87,87,87,87,87,87,87,87,87,87,87,87,87,87,87,87,87,87,87,87,87,87,87,87],"card_choices":[{"not_picked":["Finger_Of_Death","Bones_to_Steel"],"picked":"Summon_Lich","floor":1},{"not_picked":["Spectral_Walk","Stop_Heart"],"picked":"Blood_Curse","floor":3},{"not_picked":["Bones_to_Steel","Necromantic_Selection"],"picked":"Blood_Whip","floor":5},{"not_picked":["Necromantic_Selection","Death_Coil"],"picked":"Plague_Bolt","floor":6},{"not_picked":["Bones_to_Steel","Corrupt"],"picked":"Negative_Energy_Javelin","floor":7},{"not_picked":["Blood_Whip","Negative_Energy_Burst"],"picked":"Vampiric_Strike","floor":8},{"not_picked":["Bone_Armory","Summon_Undead"],"picked":"Bone_Spikes","floor":10},{"not_picked":["Flesh_Made_Foul","Bones_to_Steel","Strike_from_Beyond"],"picked":"SKIP","floor":11},{"not_picked":["Requiem","Reap_The_Weak"],"picked":"Summon_Vampire_Lady","floor":16},{"not_picked":["Summon_Undead_Army+1","Death_Coil"],"picked":"Blood_Whip+1","floor":18},{"not_picked":["Vampiric_Strike","Necromantic_Selection","Life_Tap"],"picked":"SKIP","floor":19},{"not_picked":["Blood_Shield+1","Shade_Step","Shackles_Of_Pain"],"picked":"SKIP","floor":22},{"not_picked":["Summon_Lich","Consume_Illness","Death_Coil+1"],"picked":"SKIP","floor":24},{"not_picked":["Flesh_Made_Foul","Consume_Illness+1","Death_March_Dance+1"],"picked":"SKIP","floor":28},{"not_picked":["Grasp_Heart","Stop_Heart","Exploit"],"picked":"SKIP","floor":29},{"not_picked":["Detonate_Bones","Blood_Wake"],"picked":"Summon_Vampire_Lady","floor":33},{"not_picked":["Vampiric_Strike","Blood_Whip","Uncharnel+1"],"picked":"SKIP","floor":35},{"not_picked":["Bone_Armor","Chill_Blood"],"picked":"Life_Drain+1","floor":38},{"not_picked":["Blood_for_Blood","Finger_Of_Death+1","Negative_Energy_Bomb"],"picked":"SKIP","floor":40},{"not_picked":["Bones_to_Steel+1","Shackles_Of_Pain"],"picked":"Bone_Bullets+1","floor":46},{"not_picked":["Blood_Whip","Necromantic_Selection","Negative_Energy_Mist+1"],"picked":"SKIP","floor":47},{"not_picked":["Chill_Blood","Whirlwind_of_Bones+1"],"picked":"Summon_Undead+1","floor":48}],"player_experience":39244,"relics_obtained":[{"floor":6,"key":"TungstenRod"},{"floor":8,"key":"Mercury Hourglass"},{"floor":9,"key":"Eternal Feather"},{"floor":11,"key":"Ancient Tea Set"},{"floor":24,"key":"War Paint"},{"floor":26,"key":"PreservedInsect"},{"floor":29,"key":"Girya"},{"floor":40,"key":"Ornamental Fan"},{"floor":43,"key":"Unceasing Top"},{"floor":48,"key":"Gambling Chip"}],"event_choices":[{"damage_healed":0,"gold_gain":0,"player_choice":"Success","damage_taken":7,"relics_obtained":["AntiCross"],"max_hp_gain":0,"max_hp_loss":0,"event_name":"Scrap Ooze","floor":2,"gold_loss":0},{"damage_healed":0,"gold_gain":75,"player_choice":"Gather Gold","damage_taken":11,"max_hp_gain":0,"max_hp_loss":0,"event_name":"World of Goop","floor":4,"gold_loss":0},{"damage_healed":0,"gold_gain":0,"player_choice":"Donut","damage_taken":0,"max_hp_gain":5,"max_hp_loss":0,"event_name":"Big Fish","floor":14,"gold_loss":0},{"cards_removed":["Defend_W"],"damage_healed":0,"gold_gain":0,"player_choice":"Gave Gold","damage_taken":0,"max_hp_gain":0,"max_hp_loss":0,"event_name":"Beggar","floor":20,"gold_loss":75},{"damage_healed":0,"gold_gain":0,"player_choice":"Ignored","damage_taken":0,"max_hp_gain":0,"max_hp_loss":0,"event_name":"The Mausoleum","floor":21,"gold_loss":0},{"damage_healed":0,"gold_gain":0,"player_choice":"Simplicity","damage_taken":0,"max_hp_gain":0,"max_hp_loss":0,"event_name":"Back to Basics","floor":30,"gold_loss":0,"cards_upgraded":["Strike_W","Strike_W","Strike_W","Strike_W","Defend_W"]},{"damage_healed":0,"gold_gain":99,"player_choice":"Stole From Cult","damage_taken":0,"max_hp_gain":0,"max_hp_loss":0,"event_name":"Nest","floor":31,"gold_loss":0},{"damage_healed":0,"gold_gain":100,"player_choice":"Pray","damage_taken":0,"max_hp_gain":0,"max_hp_loss":0,"event_name":"Golden Shrine","floor":36,"gold_loss":0},{"cards_removed":["Summon_Lich"],"damage_healed":0,"gold_gain":0,"player_choice":"Removed Power","damage_taken":0,"max_hp_gain":0,"max_hp_loss":0,"event_name":"Falling","floor":44,"gold_loss":0}],"is_beta":false,"boss_relics":[{"not_picked":["Tiny House","Fusion Hammer"],"picked":"Philosopher\u0027s Stone"},{"not_picked":["Cursed Key","Black Star"],"picked":"Runic Dome"}],"items_purged_floors":[12,27,37,42],"is_endless":false,"potions_floor_spawned":[1,8,16,19,28,29,35,47],"ascension_level":3}}