{"host":"v0kr0xkqfgnh389p","time":1607535726,"event":{"gold_per_floor":[110,110,185,185,197,231,231,244,271,271,319,146,195,195,195,334,334,359,299,315,324,249,249,249],"floor_reached":23,"playtime":860,"items_purged":["Defend_P"],"score":242,"play_id":"118440dd-3c7b-4fee-8b83-2833ddcbf72d","local_time":"20201209124206","is_ascension_mode":true,"campfire_choices":[{"floor":7,"key":"RECALL"}],"neow_cost":"NONE","seed_source_timestamp":11060675087800,"circlet_count":0,"master_deck":["Strike_P","Strike_P","Strike_P","Strike_P","Defend_P","Defend_P+1","Defend_P","Eruption","Vigilance","TalkToTheHand","TalkToTheHand","FlurryOfBlows+1","Poisoned Strike","Alpha","LessonLearned","hubris:Fate"],"relics":["PureWater","NeowsBlessing","CeramicFish","Golden Idol","Garlic","The Courier","hubris:Towel","Replay:Grab Bag","Cursed Key","hubris:TerracottaHorce","Black Star","SlaversCollar"],"potions_floor_usage":[4,11,11,16,23,23,23],"damage_taken":[{"damage":0,"enemies":"Jaw Worm","floor":1,"turns":1},{"damage":0,"enemies":"Small Slimes","floor":5,"turns":2},{"damage":0,"enemies":"Lagavulin","floor":6,"turns":1},{"damage":0,"enemies":"Cultist","floor":8,"turns":2},{"damage":8,"enemies":"Replay:BlueRogue","floor":11,"turns":3},{"damage":5,"enemies":"Lagavulin","floor":13,"turns":7},{"damage":42,"enemies":"Fading Forest","floor":16,"turns":11},{"damage":20,"enemies":"2 Thieves","floor":18,"turns":4},{"damage":9,"enemies":"Chosen","floor":20,"turns":5},{"damage":18,"enemies":"Gremlin Leader","floor":23,"turns":4}],"seed_played":"7029792159240784225","potions_obtained":[{"floor":4,"key":"Dexterity Potion"},{"floor":4,"key":"Languid Potion"},{"floor":4,"key":"Fruit Juice"},{"floor":5,"key":"FearPotion"},{"floor":13,"key":"Block Potion"},{"floor":16,"key":"Energy Potion"},{"floor":18,"key":"Languid Potion"}],"is_trial":false,"path_per_floor":["M","?","?","?","M","E","R","M","T","?","E","$","E","?","R_BF","B",null,"M","$","M","?","?","E"],"character_chosen":"WATCHER","items_purchased":["Poisoned Strike"],"campfire_rested":0,"item_purchase_floors":[12],"current_hp_per_floor":[72,72,61,66,66,66,66,66,66,47,39,39,34,34,57,25,64,44,44,35,16,16,0,0],"gold":249,"neow_bonus":"THREE_ENEMY_KILL","is_prod":false,"is_daily":false,"chose_seed":false,"campfire_upgraded":0,"win_rate":0,"timestamp":1607535726,"path_taken":["M","?","?","?","?","E","R","M","T","?","E","$","E","?","R_BF","BOSS","M","$","M","?","?","E"],"build_version":"2020-11-30","purchased_purges":1,"victory":false,"max_hp_per_floor":[72,72,72,77,77,77,77,77,77,77,77,77,77,77,77,77,77,77,77,77,77,77,77,77],"card_choices":[{"not_picked":["InnerPeace","Replay:BluntJabs","Replay:AtTheReady"],"picked":"SKIP","floor":1},{"not_picked":["JustLucky","CrushJoints","Replay:Hum"],"picked":"SKIP","floor":5},{"not_picked":["Perseverance","Collect"],"picked":"TalkToTheHand","floor":6},{"not_picked":["Meditate","JustLucky","ClearTheMind"],"picked":"SKIP","floor":8},{"not_picked":["EmptyFist","Sanctity"],"picked":"FlurryOfBlows","floor":11},{"not_picked":["CarveReality","Evaluate"],"picked":"Alpha","floor":13},{"not_picked":["DeusExMachina","Replay:LoomingThreat"],"picked":"LessonLearned","floor":16},{"not_picked":["Crescendo","ThirdEye"],"picked":"Worship","floor":18},{"not_picked":["Replay:BluntJabs","FlyingSleeves+1","Indignation"],"picked":"SKIP","floor":20},{"not_picked":["ReplayTheSpireMod:Haul","infinitespire:SealOfDarkness+"],"picked":"hubris:Fate","floor":21}],"player_experience":676142,"relics_obtained":[{"floor":6,"key":"CeramicFish"},{"floor":11,"key":"Garlic"},{"floor":13,"key":"The Courier"}],"event_choices":[{"damage_healed":0,"gold_gain":75,"player_choice":"Gather Gold","damage_taken":11,"max_hp_gain":0,"max_hp_loss":0,"event_name":"World of Goop","floor":3,"gold_loss":0},{"damage_healed":0,"gold_gain":0,"player_choice":"Got Potions","damage_taken":0,"max_hp_gain":0,"max_hp_loss":0,"event_name":"Lab","floor":4,"gold_loss":0},{"damage_healed":0,"gold_gain":0,"player_choice":"Take Damage","damage_taken":19,"relics_obtained":["Golden Idol"],"max_hp_gain":0,"max_hp_loss":0,"event_name":"Golden Idol","floor":10,"gold_loss":0},{"cards_removed":["Worship"],"damage_healed":0,"gold_gain":0,"player_choice":"Gave Gold","damage_taken":0,"max_hp_gain":0,"max_hp_loss":0,"event_name":"Beggar","floor":22,"gold_loss":75}],"is_beta":false,"boss_relics":[{"not_picked":["infinitespire:Cupcake","Coffee Dripper"],"picked":"Replay:Grab Bag"},{"not_picked":["Fusion Hammer","ChewingGum"],"picked":"Cursed Key"},{"not_picked":["Philosopher\u0027s Stone","Replay:Bronze Core"],"picked":"hubris:TerracottaHorce"},{"not_picked":["VioletLotus","Pandora\u0027s Box"],"picked":"Black Star"},{"not_picked":["Snecko Eye","Replay:Drink Me"],"picked":"SlaversCollar"}],"items_purged_floors":[19],"is_endless":false,"potions_floor_spawned":[5,13,16,18],"killed_by":"Gremlin Leader","ascension_level":1}}