{"host":"3jhxjeq8h3mqaq9s","time":1607483932,"event":{"gold_per_floor":[116,66,66,82,145,145,170,170,193,211,236,236,286,336,336,431,431,447,466,516,584,604,604,636,648,702,702,752,752,417,437,437,437,437],"floor_reached":33,"playtime":1363,"items_purged":["Strike_B"],"score":344,"play_id":"5eaea0fe-4f3b-4f98-bcf9-410d5b37a2d5","local_time":"20201208221852","is_ascension_mode":true,"campfire_choices":[{"data":"Zap","floor":6,"key":"SMITH"},{"floor":8,"key":"REST"},{"data":"Compile Driver","floor":12,"key":"SMITH"},{"data":"Cold Snap","floor":15,"key":"SMITH"},{"floor":23,"key":"REST"},{"floor":27,"key":"REST"},{"data":"Multi-Cast","floor":29,"key":"SMITH"},{"floor":32,"key":"REST"}],"neow_cost":"NONE","seed_source_timestamp":2162750894148199,"circlet_count":0,"master_deck":["Strike_B","Strike_B","Defend_B","Defend_B","Defend_B","Defend_B","Zap+1","Dualcast","Chill","Cold Snap+1","Cold Snap+1","Compile Driver+1","Multi-Cast+1","Barrage","Zap+1","Conserve Battery+1","Self Repair","FTL"],"relics":["Cracked Core","NeowsBlessing","SsserpentHead","Vajra","White Beast Statue","Runic Pyramid","Lantern","Bag of Preparation","Membership Card","Juzu Bracelet","Orichalcum"],"potions_floor_usage":[16,16,19,33],"damage_taken":[{"damage":0,"enemies":"Jaw Worm","floor":1,"turns":1},{"damage":0,"enemies":"Cultist","floor":4,"turns":1},{"damage":0,"enemies":"2 Louse","floor":5,"turns":1},{"damage":58,"enemies":"Gremlin Nob","floor":7,"turns":7},{"damage":0,"enemies":"2 Fungi Beasts","floor":10,"turns":3},{"damage":7,"enemies":"3 Sentries","floor":11,"turns":7},{"damage":24,"enemies":"Slime Boss","floor":16,"turns":8},{"damage":5,"enemies":"Chosen","floor":18,"turns":4},{"damage":9,"enemies":"3 Byrds","floor":19,"turns":4},{"damage":11,"enemies":"3 Cultists","floor":21,"turns":5},{"damage":16,"enemies":"Shelled Parasite and Fungi","floor":22,"turns":5},{"damage":40,"enemies":"Slavers","floor":24,"turns":9},{"damage":8,"enemies":"Cultist and Chosen","floor":25,"turns":5},{"damage":14,"enemies":"Centurion and Healer","floor":31,"turns":7},{"damage":66,"enemies":"Champ","floor":33,"turns":10}],"seed_played":"-8741079031070988252","potions_obtained":[{"floor":1,"key":"FocusPotion"},{"floor":4,"key":"Energy Potion"},{"floor":11,"key":"SteroidPotion"},{"floor":16,"key":"Explosive Potion"},{"floor":18,"key":"GamblersBrew"},{"floor":19,"key":"FairyPotion"},{"floor":24,"key":"Strength Potion"},{"floor":25,"key":"SpeedPotion"}],"is_trial":false,"path_per_floor":["M","?","?","M","M","R","E","R","T","M","E","R","?","?","R","B",null,"M","M","?","M","M","R","E","M","T","R","?","R","$","M","R","B"],"character_chosen":"DEFECT","items_purchased":["Membership Card","Juzu Bracelet","Orichalcum"],"campfire_rested":4,"item_purchase_floors":[30,30,30],"current_hp_per_floor":[75,75,75,75,75,75,17,39,39,39,32,32,32,32,32,8,58,53,44,44,33,17,39,29,28,28,50,36,36,36,29,53,0,0],"gold":437,"neow_bonus":"THREE_ENEMY_KILL","is_prod":false,"is_daily":false,"chose_seed":false,"campfire_upgraded":4,"win_rate":0,"timestamp":1607483932,"path_taken":["M","?","?","M","?","R","E","R","T","M","E","R","?","?","R","BOSS","M","M","?","?","M","R","E","M","T","R","?","R","$","M","R","BOSS"],"build_version":"2020-11-30","purchased_purges":1,"victory":false,"max_hp_per_floor":[75,75,75,75,75,75,75,75,75,75,75,75,75,75,75,75,75,75,75,75,75,75,75,75,75,75,75,80,80,80,80,80,80,80],"relic_stats":{"SsserpentHead":300,"counters":[15,77],"Bag of Preparation":[4],"Juzu Bracelet":0,"Orichalcum":[12],"obtain_stats":[{"SsserpentHead":3,"Lantern":24,"NeowsBlessing":0,"Vajra":7,"Bag of Preparation":26,"Juzu Bracelet":30,"Membership Card":30,"Orichalcum":30,"Cracked Core":0,"White Beast Statue":11,"Runic Pyramid":17},{"SsserpentHead":1,"Lantern":12,"NeowsBlessing":0,"Vajra":4,"Bag of Preparation":13,"Juzu Bracelet":13,"Membership Card":13,"Orichalcum":13,"Cracked Core":0,"White Beast Statue":6,"Runic Pyramid":7},{"SsserpentHead":1,"Lantern":55,"NeowsBlessing":0,"Vajra":10,"Bag of Preparation":60,"Juzu Bracelet":60,"Membership Card":60,"Orichalcum":60,"Cracked Core":0,"White Beast Statue":20,"Runic Pyramid":28}]},"card_choices":[{"not_picked":["Capacitor","Heatsinks"],"picked":"Chill","floor":1},{"not_picked":["Sweeping Beam","White Noise"],"picked":"Cold Snap","floor":4},{"not_picked":["Hello World","Steam","Fusion"],"picked":"SKIP","floor":5},{"not_picked":["Reboot","Turbo"],"picked":"Cold Snap","floor":7},{"not_picked":["Darkness","Lockon"],"picked":"Compile Driver","floor":10},{"not_picked":["Steam","Recycle","Beam Cell"],"picked":"SKIP","floor":11},{"not_picked":["Rainbow","Reboot"],"picked":"Multi-Cast","floor":16},{"not_picked":["Gash+1","Doom and Gloom","Beam Cell+1"],"picked":"SKIP","floor":18},{"not_picked":["Tempest","Leap"],"picked":"Barrage","floor":19},{"not_picked":["Leap+1","Recycle"],"picked":"Conserve Battery+1","floor":21},{"not_picked":["Heatsinks","Streamline"],"picked":"Self Repair","floor":22},{"not_picked":["Coolheaded","Hello World"],"picked":"FTL","floor":24},{"not_picked":["Steam Power","Capacitor","Double Energy"],"picked":"SKIP","floor":25},{"not_picked":["Self Repair","Beam Cell+1","Streamline+1"],"picked":"SKIP","floor":31}],"player_experience":2425189,"relics_obtained":[{"floor":7,"key":"Vajra"},{"floor":11,"key":"White Beast Statue"},{"floor":24,"key":"Lantern"},{"floor":26,"key":"Bag of Preparation"}],"event_choices":[{"cards_removed":["Strike_B"],"damage_healed":0,"gold_gain":0,"player_choice":"Card Removal","damage_taken":0,"max_hp_gain":0,"max_hp_loss":0,"event_name":"The Cleric","floor":2,"gold_loss":50},{"damage_healed":0,"gold_gain":0,"player_choice":"Trade","damage_taken":0,"relics_obtained":["SsserpentHead"],"max_hp_gain":0,"max_hp_loss":0,"event_name":"FaceTrader","floor":3,"gold_loss":0},{"damage_healed":0,"gold_gain":0,"player_choice":"Grow","damage_taken":0,"max_hp_gain":0,"max_hp_loss":0,"event_name":"Living Wall","floor":13,"gold_loss":0,"cards_upgraded":["Cold Snap"]},{"damage_healed":0,"gold_gain":0,"player_choice":"Ignored","damage_taken":0,"max_hp_gain":0,"max_hp_loss":0,"event_name":"Shining Light","floor":14,"gold_loss":0},{"damage_healed":0,"gold_gain":0,"player_choice":"Copied","damage_taken":0,"max_hp_gain":0,"max_hp_loss":0,"event_name":"Duplicator","floor":20,"gold_loss":0,"cards_obtained":["Zap"]},{"damage_healed":0,"gold_gain":0,"player_choice":"Shed Blood","damage_taken":19,"max_hp_gain":5,"max_hp_loss":0,"event_name":"Forgotten Altar","floor":28,"gold_loss":0}],"is_beta":false,"boss_relics":[{"not_picked":["Ectoplasm","Tiny House"],"picked":"Runic Pyramid"}],"items_purged_floors":[30],"is_endless":false,"potions_floor_spawned":[1,4,11,16,18,19,21,22,24,25,31],"killed_by":"Champ","ascension_level":5}}