{"host":"0vd2boh2oi7jm085","time":1607513089,"event":{"gold_per_floor":[109,126,26,26,26,70,95,139,139,139,155,170,186,211,211,304,304,325,349,349,264,277,277,291,148,173,173,173,173,206,246,246,342,342,358,208,208,430,430,474,488,488,534,534,553,553,628,653,653,653],"floor_reached":51,"playtime":1150,"items_purged":[],"score":1265,"play_id":"32b9c1c9-32e2-47ff-a05c-3c209f392693","local_time":"20201209032449","is_ascension_mode":true,"campfire_choices":[{"floor":10,"key":"REST"},{"data":"Whirlwind","floor":15,"key":"SMITH"},{"data":"Inflame","floor":23,"key":"SMITH"},{"data":"Inflame","floor":27,"key":"SMITH"},{"data":"Heavy Blade","floor":29,"key":"SMITH"},{"data":"Reaper","floor":32,"key":"SMITH"},{"data":"Blind","floor":42,"key":"SMITH"},{"data":"Pummel","floor":46,"key":"SMITH"},{"data":"Pummel","floor":49,"key":"SMITH"}],"neow_cost":"NONE","seed_source_timestamp":23335175980500,"circlet_count":0,"master_deck":["AscendersBane","Strike_R+1","Strike_R+1","Strike_R+1","Strike_R+1","Strike_R+1","Defend_R+1","Defend_R+1","Defend_R+1","Defend_R+1","Bash","Whirlwind+1","Pummel+1","Inflame+1","Anger","Heavy Blade+1","Reaper+1","Pummel+1","Inflame+1","Blind+1"],"relics":["Burning Blood","NeowsBlessing","Golden Idol","Self Forming Clay","Champion Belt","Incense Burner","Busted Crown","HornCleat","Nunchaku","Pen Nib","MutagenicStrength","Happy Flower","Red Mask","Philosopher\u0027s Stone","Bag of Preparation","Peace Pipe","Lantern","MealTicket","Shuriken"],"potions_floor_usage":[16,16,40,50],"damage_taken":[{"damage":0,"enemies":"Jaw Worm","floor":1,"turns":1},{"damage":0,"enemies":"2 Louse","floor":2,"turns":1},{"damage":0,"enemies":"Gremlin Nob","floor":6,"turns":1},{"damage":0,"enemies":"Small Slimes","floor":7,"turns":3},{"damage":32,"enemies":"Lagavulin","floor":8,"turns":5},{"damage":6,"enemies":"3 Louse","floor":11,"turns":2},{"damage":12,"enemies":"2 Fungi Beasts","floor":12,"turns":3},{"damage":8,"enemies":"Blue Slaver","floor":13,"turns":4},{"damage":6,"enemies":"Looter","floor":14,"turns":3},{"damage":40,"enemies":"Hexaghost","floor":16,"turns":10},{"damage":0,"enemies":"3 Byrds","floor":18,"turns":3},{"damage":19,"enemies":"Shell Parasite","floor":19,"turns":5},{"damage":4,"enemies":"Snake Plant","floor":22,"turns":3},{"damage":2,"enemies":"Shelled Parasite and Fungi","floor":24,"turns":5},{"damage":11,"enemies":"Book of Stabbing","floor":30,"turns":5},{"damage":0,"enemies":"Masked Bandits","floor":31,"turns":1},{"damage":60,"enemies":"Automaton","floor":33,"turns":7},{"damage":0,"enemies":"3 Shapes","floor":35,"turns":3},{"damage":12,"enemies":"Nemesis","floor":40,"turns":7},{"damage":0,"enemies":"3 Darklings","floor":41,"turns":1},{"damage":1,"enemies":"Sphere and 2 Shapes","floor":45,"turns":3},{"damage":0,"enemies":"Spire Growth","floor":48,"turns":2},{"damage":70,"enemies":"Donu and Deca","floor":50,"turns":6}],"seed_played":"2534073806075739987","potions_obtained":[{"floor":1,"key":"LiquidBronze"},{"floor":7,"key":"Swift Potion"},{"floor":12,"key":"Weak Potion"},{"floor":16,"key":"SkillPotion"},{"floor":19,"key":"Explosive Potion"},{"floor":33,"key":"Block Potion"},{"floor":40,"key":"Energy Potion"}],"is_trial":false,"path_per_floor":["M","M","$","?","?","E","M","E","T","R","M","M","M","M","R","B",null,"M","M","?","?","M","R","M","$","T","R","?","R","E","?","R","B",null,"M","$","?","?","T","E","M","R","T","?","M","R","T","M","R","B",null],"character_chosen":"IRONCLAD","items_purchased":["Inflame","Anger","Nunchaku","Bag of Preparation"],"campfire_rested":1,"item_purchase_floors":[3,3,25,36],"current_hp_per_floor":[74,75,75,75,75,75,75,49,49,71,71,65,63,63,63,29,64,75,71,71,71,73,73,75,75,75,75,75,75,75,75,75,21,62,68,68,68,68,68,63,69,69,69,65,75,75,75,75,75,33],"gold":653,"neow_bonus":"THREE_ENEMY_KILL","is_prod":false,"is_daily":false,"chose_seed":false,"campfire_upgraded":8,"win_rate":0,"timestamp":1607513089,"path_taken":["M","M","$","?","?","E","M","E","T","R","?","M","M","M","R","BOSS","M","M","?","?","M","R","M","$","T","R","?","R","E","?","R","BOSS","M","$","?","?","?","E","M","R","T","?","?","R","?","M","R","BOSS"],"build_version":"2020-11-30","purchased_purges":0,"victory":true,"max_hp_per_floor":[75,75,75,75,75,75,75,75,75,75,75,75,75,75,75,75,75,75,75,75,75,75,75,75,75,75,75,75,75,75,75,75,75,75,75,75,75,75,75,75,75,75,75,75,75,75,75,75,75,75],"card_choices":[{"not_picked":["Hemokinesis","Inflame"],"picked":"Whirlwind","floor":1},{"not_picked":["Flex","Anger"],"picked":"Pummel","floor":2},{"not_picked":["Shockwave","Havoc","Power Through"],"picked":"SKIP","floor":6},{"not_picked":["True Grit","Iron Wave","Anger"],"picked":"SKIP","floor":7},{"not_picked":["Body Slam","Cleave","Sever Soul"],"picked":"SKIP","floor":8},{"not_picked":["Searing Blow","Clothesline","Rampage"],"picked":"SKIP","floor":11},{"not_picked":["Dropkick","Clothesline","Wild Strike"],"picked":"SKIP","floor":12},{"not_picked":["Fiend Fire","Iron Wave","Clash"],"picked":"SKIP","floor":13},{"not_picked":["Armaments","Dark Embrace"],"picked":"Heavy Blade","floor":14},{"not_picked":["Brutality","Immolate"],"picked":"Reaper","floor":16},{"not_picked":["Iron Wave"],"picked":"SKIP","floor":18},{"not_picked":["Iron Wave"],"picked":"SKIP","floor":19},{"not_picked":[],"picked":"Pummel","floor":22},{"not_picked":[],"picked":"Inflame","floor":24},{"not_picked":["True Grit"],"picked":"SKIP","floor":30},{"not_picked":["Warcry"],"picked":"SKIP","floor":35},{"not_picked":[],"picked":"Blind","floor":37},{"not_picked":["Juggernaut"],"picked":"SKIP","floor":40},{"not_picked":["Power Through"],"picked":"SKIP","floor":41},{"not_picked":["Headbutt"],"picked":"SKIP","floor":45},{"not_picked":["Sentinel"],"picked":"SKIP","floor":48}],"player_experience":69889,"relics_obtained":[{"floor":6,"key":"Self Forming Clay"},{"floor":8,"key":"Champion Belt"},{"floor":9,"key":"Incense Burner"},{"floor":26,"key":"Pen Nib"},{"floor":30,"key":"Happy Flower"},{"floor":31,"key":"Red Mask"},{"floor":39,"key":"Peace Pipe"},{"floor":40,"key":"Lantern"},{"floor":43,"key":"MealTicket"},{"floor":47,"key":"Shuriken"}],"event_choices":[{"damage_healed":0,"gold_gain":0,"player_choice":"Take Wound","damage_taken":0,"relics_obtained":["Golden Idol"],"max_hp_gain":0,"max_hp_loss":0,"event_name":"Golden Idol","floor":4,"gold_loss":0,"cards_obtained":["Injury"]},{"cards_removed":["Injury"],"damage_healed":0,"gold_gain":0,"player_choice":"Forget","damage_taken":0,"max_hp_gain":0,"max_hp_loss":0,"event_name":"Living Wall","floor":5,"gold_loss":0},{"damage_healed":0,"gold_gain":0,"player_choice":"Simplicity","damage_taken":0,"max_hp_gain":0,"max_hp_loss":0,"event_name":"Back to Basics","floor":20,"gold_loss":0,"cards_upgraded":["Strike_R","Strike_R","Strike_R","Strike_R","Strike_R","Defend_R","Defend_R","Defend_R","Defend_R"]},{"damage_healed":0,"gold_gain":0,"player_choice":"Obtained Relic","damage_taken":0,"relics_obtained":["HornCleat"],"max_hp_gain":0,"max_hp_loss":0,"event_name":"Addict","floor":21,"gold_loss":85},{"damage_healed":0,"gold_gain":0,"player_choice":"Inject Mutagens","damage_taken":0,"relics_obtained":["MutagenicStrength"],"max_hp_gain":0,"max_hp_loss":0,"event_name":"Drug Dealer","floor":28,"gold_loss":0},{"damage_healed":0,"gold_gain":0,"player_choice":"Fought Bandits","damage_taken":0,"max_hp_gain":0,"max_hp_loss":0,"event_name":"Masked Bandits","floor":31,"gold_loss":0},{"damage_healed":0,"gold_gain":0,"player_choice":"Memory 1","damage_taken":0,"max_hp_gain":0,"max_hp_loss":0,"event_name":"SensoryStone","floor":37,"gold_loss":0},{"damage_healed":0,"gold_gain":222,"player_choice":"Wore Mask","damage_taken":0,"max_hp_gain":0,"max_hp_loss":0,"event_name":"Tomb of Lord Red Mask","floor":38,"gold_loss":0},{"damage_healed":0,"gold_gain":0,"player_choice":"Bought 0 Potions","damage_taken":0,"max_hp_gain":0,"max_hp_loss":0,"event_name":"The Woman in Blue","floor":44,"gold_loss":0}],"is_beta":false,"boss_relics":[{"not_picked":["Black Blood","Runic Pyramid"],"picked":"Busted Crown"},{"not_picked":["Sozu","Cursed Key"],"picked":"Philosopher\u0027s Stone"}],"items_purged_floors":[],"is_endless":false,"potions_floor_spawned":[1,7,8,12,16,19,24,31,33,35,40,41],"ascension_level":15}}