{"host":"wbohk4batowjmcix","time":1607550810,"event":{"gold_per_floor":[3109,3109,2241,2255,1619,1619,1645,1645,1671,1671,1686,1046,1046,1074,1086,1193,1205,1236,1268,1280,1292,1304,1316,1359,1371,1383,1430,1462,1487,1096,1131,1131,1233,1233,1244,950,950,950,960,991,991,1007,1007,1007,1019,1047,1066,791,791,791,791,791,636,669,669],"floor_reached":56,"playtime":2206,"items_purged":["Bash","Strike_R"],"score":1968,"play_id":"42d0f2ce-b1c7-4c77-8281-dbb61fad552d","local_time":"20201209155330","is_ascension_mode":true,"campfire_choices":[{"floor":6,"key":"RECALL"},{"data":"Seeing Red","floor":8,"key":"SMITH"},{"data":"Barricade","floor":13,"key":"SMITH"},{"data":"Seeing Red","floor":15,"key":"SMITH"},{"data":"Entrench","floor":23,"key":"SMITH"},{"data":"Body Slam","floor":25,"key":"SMITH"},{"data":"Ghostly Armor","floor":32,"key":"SMITH"},{"floor":41,"key":"REST"},{"floor":44,"key":"REST"},{"floor":49,"key":"REST"},{"floor":52,"key":"REST"}],"neow_cost":"NONE","seed_source_timestamp":528593672770599,"circlet_count":0,"master_deck":["Seeing Red+1","Body Slam+1","Entrench+1","Ghostly Armor+1","Barricade+1","Seeing Red+1","Body Slam+1","Entrench+1"],"relics":["Black Blood","Hammer of Thor","Seething Fire","Anvil of the Gods","Ice Cream","Singing Bowl","MerchantsRug","Mercury Hourglass","HandDrill","Centennial Puzzle","OrangePellets","Peace Pipe","WingedGreaves","Vajra","Matryoshka","Lee\u0027s Waffle","MawBank","Magic Flower","Shuriken","Eternal Feather","Pen Nib","White Beast Statue","Chemical X","Ancient Tea Set","Fusion Hammer","Membership Card","Red Skull","Lantern","Gremlin Horn","Singing Bowl","War Paint","Bag of Marbles","Unceasing Top","Oddly Smooth Stone","Pear","Frozen Eye","Bronze Scales","Toy Ornithopter","Sundial"],"potions_floor_usage":[3,7,55,55,55],"damage_taken":[{"damage":0,"enemies":"Small Slimes","floor":1,"turns":3},{"damage":0,"enemies":"Cultist","floor":4,"turns":4},{"damage":18,"enemies":"Lagavulin","floor":7,"turns":8},{"damage":12,"enemies":"2 Louse","floor":11,"turns":2},{"damage":5,"enemies":"Gremlin Nob","floor":14,"turns":4},{"damage":0,"enemies":"Slime Boss","floor":16,"turns":11},{"damage":0,"enemies":"Chosen","floor":18,"turns":4},{"damage":4,"enemies":"3 Byrds","floor":19,"turns":4},{"damage":9,"enemies":"Gremlin Leader","floor":24,"turns":5},{"damage":14,"enemies":"Book of Stabbing","floor":27,"turns":5},{"damage":6,"enemies":"Centurion and Healer","floor":28,"turns":5},{"damage":0,"enemies":"Snecko","floor":29,"turns":8},{"damage":0,"enemies":"Gremlin Leader","floor":31,"turns":3},{"damage":0,"enemies":"Collector","floor":33,"turns":4},{"damage":0,"enemies":"3 Darklings","floor":35,"turns":3},{"damage":0,"enemies":"Orb Walker","floor":39,"turns":2},{"damage":8,"enemies":"Reptomancer","floor":40,"turns":4},{"damage":0,"enemies":"Writhing Mass","floor":42,"turns":2},{"damage":0,"enemies":"Jaw Worm Horde","floor":45,"turns":3},{"damage":0,"enemies":"Giant Head","floor":46,"turns":3},{"damage":0,"enemies":"Maw","floor":47,"turns":1},{"damage":0,"enemies":"Awakened One","floor":50,"turns":2},{"damage":0,"enemies":"Shield and Spear","floor":54,"turns":1},{"damage":0,"enemies":"The Heart","floor":55,"turns":5}],"seed_played":"8203728344356600943","potions_obtained":[{"floor":1,"key":"Fire Potion"},{"floor":11,"key":"DuplicationPotion"},{"floor":14,"key":"Regen Potion"},{"floor":35,"key":"PowerPotion"},{"floor":39,"key":"DistilledChaos"},{"floor":47,"key":"Dexterity Potion"}],"is_trial":false,"path_per_floor":["M","?","$","M","$","R","E","R","T","?","M","$","R","E","R","B",null,"M","M","?","?","?","R","E","R","T","E","M","M","$","E","R","B",null,"M","$","?","?","M","E","R","M","T","R","M","E","M","$","R","B",null,"R","$","E","B",null],"character_chosen":"IRONCLAD","items_purchased":["MerchantsRug","Mercury Hourglass","HandDrill","Centennial Puzzle","Fruit Juice","OrangePellets","Peace Pipe","FairyPotion","Vajra","Matryoshka","Lee\u0027s Waffle","Seeing Red","White Beast Statue","Chemical X","Membership Card","Red Skull","Lantern","Oddly Smooth Stone","Pear","Frozen Eye","Bronze Scales","Toy Ornithopter"],"campfire_rested":4,"item_purchase_floors":[3,3,3,3,3,5,5,5,12,12,12,12,30,30,36,36,36,48,48,48,53,53],"current_hp_per_floor":[80,80,85,85,85,85,75,75,75,97,93,106,106,108,108,110,110,112,114,114,114,90,90,95,95,95,101,115,127,127,129,129,131,131,131,131,133,133,135,137,137,139,139,139,141,143,145,155,155,155,155,155,155,157,157],"gold":669,"neow_bonus":"ONE_RANDOM_RARE_CARD","is_prod":false,"is_daily":false,"chose_seed":false,"campfire_upgraded":6,"win_rate":0,"timestamp":1607550810,"path_taken":["M","?","?","M","$","R","E","R","T","?","?","$","R","E","R","BOSS","M","M","?","?","?","R","E","R","T","E","M","M","$","E","R","BOSS","M","$","?","?","M","E","R","?","T","R","M","E","M","$","R","BOSS","R","$","E","BOSS"],"build_version":"2020-11-30","purchased_purges":2,"victory":true,"max_hp_per_floor":[80,80,85,85,85,85,87,87,87,97,99,106,106,108,108,110,110,112,114,114,114,119,119,121,121,121,123,125,127,127,129,129,131,131,131,131,133,133,135,137,137,139,139,139,141,143,145,155,155,155,155,155,155,157,157],"card_choices":[{"not_picked":["Heavy Blade","Havoc"],"picked":"Seeing Red","floor":1},{"not_picked":["Cleave","Havoc"],"picked":"Sword Boomerang","floor":4},{"not_picked":["Intimidate","Exhume","Wild Strike"],"picked":"Singing Bowl","floor":7},{"not_picked":["Body Slam","Warcry","Combust"],"picked":"Singing Bowl","floor":11},{"not_picked":["Flex","Intimidate","Twin Strike"],"picked":"Singing Bowl","floor":14},{"not_picked":["Feed","Berserk","Impervious"],"picked":"Singing Bowl","floor":16},{"not_picked":["Flex","Fire Breathing","Pommel Strike"],"picked":"Singing Bowl","floor":18},{"not_picked":["Havoc","Flame Barrier+1","Shockwave+1"],"picked":"Singing Bowl","floor":19},{"not_picked":["Thunderclap","Body Slam","Bludgeon"],"picked":"Singing Bowl","floor":24},{"not_picked":["Bloodletting","Rage","Clash"],"picked":"Singing Bowl","floor":27},{"not_picked":["Iron Wave+1","Wild Strike","Warcry"],"picked":"Singing Bowl","floor":28},{"not_picked":["Havoc","Shockwave","Flame Barrier+1"],"picked":"Singing Bowl","floor":29},{"not_picked":["Iron Wave","Havoc","Rampage"],"picked":"Singing Bowl","floor":31},{"not_picked":["Berserk","Reaper","Corruption"],"picked":"Singing Bowl","floor":33},{"not_picked":["Rampage+1","Headbutt+1"],"picked":"Body Slam+1","floor":35},{"not_picked":["Discovery","Apotheosis","Violence"],"picked":"Singing Bowl","floor":37},{"not_picked":["Shrug It Off+1","Heavy Blade","Infernal Blade"],"picked":"Singing Bowl","floor":39},{"not_picked":["Flex","Dark Embrace","Iron Wave"],"picked":"Singing Bowl","floor":40},{"not_picked":["Entrench","Wild Strike","Whirlwind+1"],"picked":"Singing Bowl","floor":42},{"not_picked":["Twin Strike+1","Fire Breathing","Carnage+1"],"picked":"Singing Bowl","floor":45},{"not_picked":["Sword Boomerang+1","Havoc","Iron Wave+1"],"picked":"Singing Bowl","floor":46},{"not_picked":["Body Slam","Blood for Blood+1","Sword Boomerang+1"],"picked":"Singing Bowl","floor":47},{"not_picked":["Heavy Blade","Barricade","Seeing Red+1"],"picked":"Singing Bowl","floor":54}],"player_experience":379854,"relics_obtained":[{"floor":7,"key":"WingedGreaves"},{"floor":14,"key":"MawBank"},{"floor":24,"key":"Magic Flower"},{"floor":26,"key":"Shuriken"},{"floor":26,"key":"Eternal Feather"},{"floor":27,"key":"Pen Nib"},{"floor":31,"key":"Ancient Tea Set"},{"floor":40,"key":"Gremlin Horn"},{"floor":43,"key":"Singing Bowl"},{"floor":43,"key":"War Paint"},{"floor":46,"key":"Bag of Marbles"},{"floor":54,"key":"Sundial"}],"event_choices":[{"damage_healed":0,"gold_gain":0,"player_choice":"Trade","damage_taken":0,"relics_obtained":["GremlinMask"],"max_hp_gain":0,"max_hp_loss":0,"event_name":"FaceTrader","floor":2,"gold_loss":0},{"cards_removed":["Barricade"],"damage_healed":12,"gold_gain":0,"player_choice":"Offered Rare","damage_taken":0,"max_hp_gain":10,"max_hp_loss":0,"event_name":"Bonfire Elementals","floor":10,"gold_loss":0},{"damage_healed":0,"gold_gain":0,"player_choice":"Ignored","damage_taken":0,"max_hp_gain":0,"max_hp_loss":0,"event_name":"Vampires","floor":20,"gold_loss":0},{"damage_healed":0,"gold_gain":0,"player_choice":"Ignored","damage_taken":0,"max_hp_gain":0,"max_hp_loss":0,"event_name":"Cursed Tome","floor":21,"gold_loss":0},{"damage_healed":0,"gold_gain":0,"player_choice":"Shed Blood","damage_taken":29,"max_hp_gain":5,"max_hp_loss":0,"event_name":"Forgotten Altar","floor":22,"gold_loss":0},{"damage_healed":0,"gold_gain":0,"player_choice":"Memory 1","damage_taken":0,"max_hp_gain":0,"max_hp_loss":0,"event_name":"SensoryStone","floor":37,"gold_loss":0},{"damage_healed":0,"gold_gain":0,"player_choice":"Ignored","damage_taken":0,"max_hp_gain":0,"max_hp_loss":0,"event_name":"Upgrade Shrine","floor":38,"gold_loss":0}],"is_beta":false,"boss_relics":[{"not_picked":["Velvet Choker","SacredBark"],"picked":"Black Blood"},{"not_picked":["Empty Cage","Astrolabe"],"picked":"Fusion Hammer"}],"items_purged_floors":[3,5],"is_endless":false,"potions_floor_spawned":[1,11,14,24,27,28,31,33,35,39,40,42,45,46,47,54],"ascension_level":4}}