{"host":"1sn8m3l2btf1jbx1","time":1607482951,"event":{"gold_per_floor":[110,185,185,185,198,241,241,254,254,269,23,23,23,67,67,67,67],"floor_reached":16,"playtime":527,"items_purged":["Strike_P"],"score":169,"play_id":"0704a023-61ed-4fe8-923a-07024a55391b","local_time":"20201209110231","is_ascension_mode":true,"campfire_choices":[{"data":"Eruption","floor":7.0,"key":"SMITH"},{"data":"Prostrate","floor":13.0,"key":"SMITH"},{"data":"HandOfGreed","floor":15.0,"key":"SMITH"}],"neow_cost":"NONE","seed_source_timestamp":0,"circlet_count":0,"master_deck":["Strike_P","Strike_P","Strike_P","Defend_P+1","Defend_P+1","Defend_P","Defend_P","Eruption+1","Vigilance","FlyingSleeves","EmptyFist","Protect","EmptyBody","Consecrate","HandOfGreed+1","Prostrate+1","SpiritShield"],"special_seed":0,"relics":["PureWater","NeowsBlessing","Golden Idol","Kunai","Yang"],"potions_floor_usage":[],"damage_taken":[{"damage":0.0,"enemies":"Jaw Worm","floor":1.0,"turns":1.0},{"damage":0.0,"enemies":"Small Slimes","floor":5.0,"turns":1.0},{"damage":0.0,"enemies":"Lagavulin","floor":6.0,"turns":1.0},{"damage":0.0,"enemies":"2 Louse","floor":8.0,"turns":2.0},{"damage":10.0,"enemies":"Gremlin Gang","floor":10.0,"turns":4.0},{"damage":0.0,"enemies":"Looter","floor":14.0,"turns":1.0},{"damage":16,"enemies":"Hexaghost","floor":16,"turns":9}],"seed_played":"-2960211344039263121","potions_obtained":[{"floor":5.0,"key":"GamblersBrew"},{"floor":10.0,"key":"ColorlessPotion"}],"is_trial":false,"path_per_floor":["M","?","?","?","M","E","R","M","T","M","$","?","R","M","R","B"],"character_chosen":"WATCHER","items_purchased":["HandOfGreed"],"campfire_rested":0,"item_purchase_floors":[11],"current_hp_per_floor":[65,54,36,22,22,22,22,22,22,12,12,12,12,12,12,0,0],"gold":67,"neow_bonus":"THREE_ENEMY_KILL","is_prod":false,"is_daily":false,"chose_seed":false,"campfire_upgraded":3,"win_rate":0,"timestamp":1607482951,"path_taken":["M","?","?","?","M","E","R","M","T","M","$","?","R","M","R","BOSS"],"build_version":"2020-11-30","purchased_purges":1,"victory":false,"max_hp_per_floor":[72,72,72,72,72,72,72,72,72,72,72,72,72,72,72,72,72],"card_choices":[{"not_picked":["ThirdEye","SashWhip"],"picked":"FlyingSleeves","floor":1.0},{"not_picked":["CrushJoints","TalkToTheHand"],"picked":"EmptyFist","floor":5.0},{"not_picked":["JustLucky","ForeignInfluence"],"picked":"Protect","floor":6.0},{"not_picked":["SpiritShield","CutThroughFate"],"picked":"EmptyBody","floor":8.0},{"not_picked":["CutThroughFate","Wireheading"],"picked":"Consecrate","floor":10.0},{"not_picked":["Consecrate","Crescendo","BowlingBash"],"picked":"SKIP","floor":14.0}],"player_experience":287128,"relics_obtained":[{"floor":6.0,"key":"Kunai"},{"floor":9.0,"key":"Yang"}],"event_choices":[{"damage_healed":0.0,"max_hp_gain":0.0,"max_hp_loss":0.0,"gold_gain":75.0,"event_name":"World of Goop","player_choice":"Gather Gold","floor":2.0,"gold_loss":0.0,"damage_taken":11.0},{"damage_healed":0.0,"max_hp_gain":0.0,"max_hp_loss":0.0,"gold_gain":0.0,"event_name":"Golden Idol","player_choice":"Take Damage","floor":3.0,"gold_loss":0.0,"damage_taken":18.0,"relics_obtained":["Golden Idol"]},{"damage_healed":0.0,"max_hp_gain":0.0,"max_hp_loss":0.0,"gold_gain":0.0,"event_name":"Shining Light","player_choice":"Entered Light","floor":4.0,"gold_loss":0.0,"damage_taken":14.0,"cards_upgraded":["Defend_P","Defend_P"]},{"damage_healed":0.0,"max_hp_gain":0.0,"max_hp_loss":0.0,"gold_gain":0.0,"event_name":"Match and Keep!","player_choice":"2 cards matched","floor":12.0,"gold_loss":0.0,"damage_taken":0.0,"cards_obtained":["Prostrate","SpiritShield"]}],"is_beta":false,"boss_relics":[],"items_purged_floors":[11],"is_endless":false,"potions_floor_spawned":[5,10],"killed_by":"Hexaghost","ascension_level":7}}