{"host":"2461dio7vetlq1z3","time":1607511909,"event":{"gold_per_floor":[118,132,132,152,152,152,180,180,203,203,239,265,336,362,362,463,463,481,503,12,37,37,77,77,77,77,77,77,94,19,19,19,120,120,127,127],"floor_reached":35,"playtime":2896,"items_purged":["hermit:Shortfuse+1"],"score":541,"play_id":"a81630fd-8103-419e-86a1-07a0582c57cc","local_time":"20201209120509","is_ascension_mode":true,"campfire_choices":[{"data":"hermit:HighCaliber","floor":6,"key":"SMITH"},{"data":"hermit:Scavenge","floor":8,"key":"SMITH"},{"data":"hermit:Enervate","floor":10,"key":"SMITH"},{"floor":15,"key":"REST"},{"data":"hermit:FromBeyond","floor":24,"key":"SMITH"},{"data":"hermit:FromBeyond","floor":27,"key":"SMITH"},{"data":"hermit:Gestalt","floor":32,"key":"SMITH"}],"neow_cost":"","seed_source_timestamp":349897843938700,"circlet_count":0,"master_deck":["hermit:Defend_Hermit","hermit:Defend_Hermit","hermit:Covet","hermit:LoneWolf","QueenBee","OSAHOGD","hermit:Enervate+1","hermit:FromBeyond+1","hermit:HighCaliber+1","hermit:Scavenge+1","UniverseFragment","hermit:Glare","hermit:RoundhouseKick","QueenOfHatred","hermit:FromBeyond+1","hermit:Ricochet+1","hermit:CalledShot+1","ShyLook","SilentOrchestra","hermit:Vantage","hermit:Gestalt+1","hermit:Vantage","BigBird","hermit:RoundhouseKick"],"relics":["hermit:Momento","CogitoBucket","LetterFromLob","Lantern","Bag of Preparation","Nunchaku","ChangeAnything","Kunai","Astrolabe","AspirationHeart","Lee\u0027s Waffle","Turnip","Enchiridion","Prayer Wheel","Bronze Scales","Sundial","hermit:DentedPlate"],"potions_floor_usage":[7,7,19,23,35],"damage_taken":[{"damage":2,"enemies":"Jaw Worm","floor":1,"turns":4},{"damage":12,"enemies":"Small Slimes","floor":2,"turns":2},{"damage":2,"enemies":"2 Louse","floor":4,"turns":2},{"damage":18,"enemies":"Gremlin Nob","floor":7,"turns":3},{"damage":21,"enemies":"Lagavulin","floor":11,"turns":5},{"damage":7,"enemies":"Exordium Wildlife","floor":12,"turns":3},{"damage":18,"enemies":"Gremlin Nob","floor":13,"turns":4},{"damage":6,"enemies":"Gremlin Gang","floor":14,"turns":4},{"damage":10,"enemies":"Slime Boss","floor":16,"turns":8},{"damage":6,"enemies":"3 Byrds","floor":18,"turns":4},{"damage":52,"enemies":"Chosen","floor":19,"turns":6},{"damage":6,"enemies":"Snake Plant","floor":21,"turns":4},{"damage":1,"enemies":"Gremlin Leader","floor":23,"turns":6},{"damage":0,"enemies":"Centurion and Healer","floor":29,"turns":4},{"damage":1,"enemies":"Collector","floor":33,"turns":6},{"damage":173,"enemies":"3 Shapes","floor":35,"turns":33}],"seed_played":"8149936337826474616","potions_obtained":[{"floor":1,"key":"DuplicationPotion"},{"floor":4,"key":"Strength Potion"},{"floor":14,"key":"Swift Potion"},{"floor":21,"key":"ColorlessPotion"},{"floor":29,"key":"Weak Potion"},{"floor":33,"key":"FearPotion"}],"is_trial":false,"path_per_floor":["M","M","?","M","?","R","E","R","T","R","E","M","E","M","R","B",null,"M","M","$","M","?","E","R","E","T","R","$","M","$","?","R","B",null,"M"],"character_chosen":"HERMIT","items_purchased":["Lee\u0027s Waffle","hermit:Vantage","Turnip"],"campfire_rested":1,"item_purchase_floors":[20,20,20],"current_hp_per_floor":[73,61,75,73,73,73,55,55,55,55,34,27,9,3,25,15,60,60,30,92,86,70,81,81,81,81,81,81,87,87,87,87,92,124,0,0],"gold":127,"neow_bonus":"","is_prod":false,"is_daily":false,"chose_seed":false,"campfire_upgraded":6,"win_rate":0,"timestamp":1607511909,"path_taken":["M","M","?","M","?","R","E","R","T","R","E","M","E","M","R","BOSS","M","M","$","M","?","E","R","E","T","R","$","M","$","?","R","BOSS","M"],"build_version":"2020-11-30","purchased_purges":1,"victory":false,"max_hp_per_floor":[75,75,75,75,75,75,75,75,75,75,75,75,75,75,75,75,75,75,85,92,92,92,92,92,92,92,92,92,92,92,92,92,92,124,124,124],"relic_stats":{"Nunchaku":[10],"Lee\u0027s Waffle":62,"counters":[19,101],"Sundial":[10],"Astrolabe":["hermit:Shortfuse","hermit:Ricochet","hermit:CalledShot"],"Bronze Scales":[364],"Prayer Wheel":1,"Turnip":[5],"Bag of Preparation":[24],"Kunai":[8],"obtain_stats":[{"Lantern":7,"Lee\u0027s Waffle":20,"hermit:DentedPlate":34,"Astrolabe":17,"AspirationHeart":19,"Enchiridion":22,"Bag of Preparation":9,"CogitoBucket":0,"Nunchaku":11,"Sundial":31,"Bronze Scales":26,"Prayer Wheel":23,"Turnip":20,"LetterFromLob":1,"Kunai":13,"ChangeAnything":12,"hermit:Momento":0},{"Lantern":4,"Lee\u0027s Waffle":13,"hermit:DentedPlate":17,"Astrolabe":10,"AspirationHeart":13,"Enchiridion":14,"Bag of Preparation":4,"CogitoBucket":0,"Nunchaku":5,"Sundial":16,"Bronze Scales":15,"Prayer Wheel":15,"Turnip":13,"LetterFromLob":1,"Kunai":8,"ChangeAnything":7,"hermit:Momento":0},{"Lantern":11,"Lee\u0027s Waffle":47,"hermit:DentedPlate":67,"Astrolabe":36,"AspirationHeart":47,"Enchiridion":51,"Bag of Preparation":11,"CogitoBucket":0,"Nunchaku":16,"Sundial":61,"Bronze Scales":57,"Prayer Wheel":57,"Turnip":47,"LetterFromLob":4,"Kunai":24,"ChangeAnything":20,"hermit:Momento":0}]},"card_choices":[{"not_picked":["hermit:ItchyTrigger","hermit:BodyArmor"],"picked":"hermit:LoneWolf","floor":1},{"not_picked":["BeautyBeast","Murderer"],"picked":"QueenBee","floor":1},{"not_picked":["LongBird","Wellcheers"],"picked":"OSAHOGD","floor":2},{"not_picked":["hermit:SprayPray","hermit:ItchyTrigger"],"picked":"hermit:Enervate","floor":2},{"not_picked":["hermit:HoleUp","hermit:Coalescence"],"picked":"hermit:FromBeyond","floor":4},{"not_picked":["hermit:Maintenance","hermit:Magnum"],"picked":"hermit:Scavenge","floor":7},{"not_picked":["MHz","Wellcheers"],"picked":"UniverseFragment","floor":11},{"not_picked":["hermit:EyeOfTheStorm","hermit:Determination"],"picked":"hermit:BigShot","floor":11},{"not_picked":["hermit:LowProfile","hermit:Snipe"],"picked":"hermit:Glare","floor":12},{"not_picked":["hermit:Dive","hermit:Virtue","hermit:GhostlyPresence"],"picked":"SKIP","floor":13},{"not_picked":["hermit:CursedWeapon","hermit:Shortfuse"],"picked":"hermit:RoundhouseKick","floor":14},{"not_picked":["MeatLantern","Variant"],"picked":"QueenOfHatred","floor":16},{"not_picked":["hermit:OverwhelmingPower","hermit:HighNoon"],"picked":"hermit:FromBeyond","floor":16},{"not_picked":["CrumblingArmor","BlackArmy"],"picked":"ShyLook","floor":18},{"not_picked":["hermit:Feint","hermit:BodyArmor","hermit:Virtue"],"picked":"SKIP","floor":18},{"not_picked":["HeroicMonk","PunishingBird"],"picked":"SilentOrchestra","floor":19},{"not_picked":["hermit:Misfire","hermit:TrackingShot+1","hermit:RoundhouseKick"],"picked":"SKIP","floor":19},{"not_picked":["hermit:Coalescence+1","hermit:Snipe"],"picked":"hermit:Gestalt","floor":21},{"not_picked":["hermit:Ricochet+1","hermit:LowProfile","hermit:Showdown"],"picked":"SKIP","floor":23},{"not_picked":["hermit:Shortfuse","hermit:Reprieve"],"picked":"hermit:Vantage","floor":29},{"not_picked":["hermit:CalledShot","hermit:BodyArmor","hermit:GoldenBullet"],"picked":"SKIP","floor":29},{"not_picked":["Porccubus","Scarecrow"],"picked":"BigBird","floor":33},{"not_picked":["hermit:Gambit","hermit:Dissolve"],"picked":"hermit:RoundhouseKick","floor":33}],"player_experience":584747,"relics_obtained":[{"floor":1,"key":"LetterFromLob"},{"floor":7,"key":"Lantern"},{"floor":9,"key":"Bag of Preparation"},{"floor":11,"key":"Nunchaku"},{"floor":13,"key":"Kunai"},{"floor":22,"key":"Enchiridion"},{"floor":23,"key":"Prayer Wheel"},{"floor":26,"key":"Bronze Scales"}],"event_choices":[{"damage_healed":0,"gold_gain":0,"cards_transformed":["hermit:Strike_Hermit"],"player_choice":"Change","damage_taken":0,"max_hp_gain":0,"max_hp_loss":0,"event_name":"Living Wall","floor":5,"gold_loss":0,"cards_obtained":["hermit:HighCaliber"]},{"damage_healed":0,"gold_gain":0,"player_choice":"Obtained Book","damage_taken":16,"max_hp_gain":0,"max_hp_loss":0,"event_name":"Cursed Tome","floor":22,"gold_loss":0},{"cards_removed":["hermit:BigShot"],"damage_healed":0,"gold_gain":0,"player_choice":"Gave Card","damage_taken":0,"relics_obtained":["Sundial"],"max_hp_gain":0,"max_hp_loss":0,"event_name":"WeMeetAgain","floor":31,"gold_loss":0}],"is_beta":false,"boss_relics":[{"not_picked":["Snecko Eye","Fusion Hammer"],"picked":"Astrolabe"},{"not_picked":["Cursed Key","SlaversCollar"],"picked":"hermit:DentedPlate"}],"items_purged_floors":[30],"is_endless":false,"potions_floor_spawned":[1,4,14,21,29,33],"killed_by":"3 Shapes","ascension_level":5}}