{"host":"ipcfr4ajj2jkxvg7","time":1607488263,"event":{"gold_per_floor":[12,12,24,24,78,107,118,147,223,243,255,255,255],"floor_reached":12,"playtime":389,"items_purged":[],"score":180,"play_id":"d02cc4fc-2c2f-41d5-983f-4116952ed6ee","local_time":"20201209123103","is_ascension_mode":true,"campfire_choices":[],"neow_cost":"NO_GOLD","seed_source_timestamp":778561762560000,"circlet_count":0,"master_deck":["AscendersBane","Strike_RM","Strike_RM","Strike_RM","Defend_RM","Defend_RM","Defend_RM","Defend_RM","RedMoon","ScarletShoot","BombardNight","FitfulNightmare","VampireKiss","VampireSweep","VampireFantasy"],"special_seed":0,"relics":["ScarletHat","AddBug","SecretRecord"],"potions_floor_usage":[12],"damage_taken":[{"damage":4.0,"enemies":"Jaw Worm","floor":1.0,"turns":4.0},{"damage":4.0,"enemies":"Small Slimes","floor":3.0,"turns":6.0},{"damage":39.0,"enemies":"Gremlin Nob","floor":6.0,"turns":5.0},{"damage":5.0,"enemies":"Cultist","floor":7.0,"turns":5.0},{"damage":28.0,"enemies":"Lagavulin","floor":8.0,"turns":8.0},{"damage":1.0,"enemies":"2 Fungi Beasts","floor":10.0,"turns":3.0},{"damage":2.0,"enemies":"Lots of Slimes","floor":11.0,"turns":3.0},{"damage":0,"enemies":"Gremlin Nob","floor":12,"turns":4}],"seed_played":"-1946389148875042837","potions_obtained":[{"floor":1.0,"key":"Adrenaline Potion"},{"floor":6.0,"key":"BlessingOfTheForge"}],"is_trial":false,"path_per_floor":["M","?","M","$","T","E","M","E","T","M","M","E"],"character_chosen":"REMILIA","items_purchased":[],"campfire_rested":0,"item_purchase_floors":[],"current_hp_per_floor":[73,73,69,69,69,30,25,3,3,3,2,3,3],"gold":255,"neow_bonus":"TWENTY_PERCENT_HP_BONUS","is_prod":false,"is_daily":false,"chose_seed":false,"campfire_upgraded":0,"win_rate":0,"timestamp":1607488263,"path_taken":["M","?","M","?","?","E","M","E","T","M","M","E"],"build_version":"2020-11-30","purchased_purges":0,"victory":false,"max_hp_per_floor":[84,84,84,84,84,84,84,84,84,84,84,84,84],"card_choices":[{"not_picked":["VampireFantasy","NightDance","UnderTheZenith"],"picked":"SKIP","floor":1.0},{"not_picked":["NightDance","UltimateOffering"],"picked":"BombardNight","floor":3.0},{"not_picked":["BlasphemousPunishment","RedRainbow"],"picked":"FitfulNightmare","floor":6.0},{"not_picked":["UltimateOffering","BlasphemousPunishment"],"picked":"VampireKiss","floor":7.0},{"not_picked":["MastersStateliness","UnderTheZenith","RedRainbow"],"picked":"SKIP","floor":8.0},{"not_picked":["BloodyTrap","EndlessAdversity"],"picked":"VampireSweep","floor":10.0},{"not_picked":["RedRainbow","CharismaGuard"],"picked":"VampireFantasy","floor":11.0}],"player_experience":335460,"relics_obtained":[{"floor":1.0,"key":"AddBug"},{"floor":6.0,"key":"Bag of Preparation"},{"floor":8.0,"key":"GodSword6"},{"floor":9.0,"key":"Singing Bowl"}],"event_choices":[],"is_beta":false,"boss_relics":[],"items_purged_floors":[],"is_endless":false,"potions_floor_spawned":[1,6],"killed_by":"Gremlin Nob","ascension_level":20}}