{"host":"wbohk4batowjmcix","time":1607542015,"event":{"gold_per_floor":[114,114,114,2504,2524,2553,2553,2570,2570,2604,2623,2638,2638,2653,2653,2653,2653],"floor_reached":16,"playtime":563,"items_purged":[],"score":286,"play_id":"43f2eb10-5f4c-4e16-ba03-8b24ba0af629","local_time":"20201209132655","is_ascension_mode":true,"campfire_choices":[{"floor":7,"key":"RECALL"},{"data":"TheCursedMod:CleanUpWorkshop","floor":13,"key":"SMITH"},{"data":"TheCursedMod:CircleOfFlame","floor":15,"key":"SMITH"}],"neow_cost":"NONE","seed_source_timestamp":521454897724300,"circlet_count":0,"master_deck":["TheCursedMod:CursedWand","TheCursedMod:CleanUpWorkshop+1","TheCursedMod:CursedShiv","TheCursedMod:Wield","TheCursedMod:ManaBullet","TheCursedMod:CircleOfFlame+1","TheCursedMod:CircleOfWindfury+1","TheCursedMod:CircleOfCorruption","TheCursedMod:CircleOfAbyss","Finesse"],"relics":["TheCursedMod:MagicCandle","Ice Cream","MerchantsRug","Strawberry","Du-Vu Doll","CaptainsWheel","Lizard Tail"],"potions_floor_usage":[],"damage_taken":[{"damage":0,"enemies":"Small Slimes","floor":1,"turns":2},{"damage":0,"enemies":"Cultist","floor":5,"turns":1},{"damage":0,"enemies":"Gremlin Nob","floor":6,"turns":2},{"damage":0,"enemies":"2 Louse","floor":8,"turns":1},{"damage":0,"enemies":"3 Sentries","floor":10,"turns":1},{"damage":0,"enemies":"Gremlin Gang","floor":11,"turns":1},{"damage":1,"enemies":"2 Fungi Beasts","floor":12,"turns":2},{"damage":0,"enemies":"Looter","floor":14,"turns":1},{"damage":3,"enemies":"Hexaghost","floor":16,"turns":3}],"seed_played":"-1873354155373165700","potions_obtained":[{"floor":1,"key":"Swift Potion"},{"floor":5,"key":"Strength Potion"},{"floor":11,"key":"LiquidBronze"}],"is_trial":false,"path_per_floor":["M","?","?","$","M","E","R","M","T","E","M","M","R","M","R","B"],"character_chosen":"THE_CURSED","items_purchased":["MerchantsRug","Strawberry","Du-Vu Doll"],"campfire_rested":0,"item_purchase_floors":[4,4,4],"current_hp_per_floor":[75,75,75,82,82,82,82,82,82,82,82,81,81,81,81,78,78],"gold":2653,"neow_bonus":"TEN_PERCENT_HP_BONUS","is_prod":false,"is_daily":false,"chose_seed":false,"campfire_upgraded":2,"win_rate":0,"timestamp":1607542015,"path_taken":["M","?","?","$","M","E","R","?","T","E","M","M","R","M","R","BOSS"],"build_version":"2020-11-30","purchased_purges":0,"victory":false,"max_hp_per_floor":[82,82,82,89,89,89,89,89,89,89,89,89,89,89,89,89,89],"card_choices":[{"not_picked":["TheCursedMod:SpreadPlague","TheCursedMod:CircleOfFocus","TheCursedMod:CircleOfFlame"],"picked":"SKIP","floor":1},{"not_picked":["TheCursedMod:RapidMovement","TheCursedMod:WearCloak","TheCursedMod:BloodBarrier"],"picked":"SKIP","floor":5},{"not_picked":["TheCursedMod:ShockAndAwe","TheCursedMod:TacticalStrike","TheCursedMod:CursedMace"],"picked":"SKIP","floor":6},{"not_picked":["TheCursedMod:BloodBarrier","TheCursedMod:FleshFromBone","TheCursedMod:CursedBlade"],"picked":"SKIP","floor":8},{"not_picked":["TheCursedMod:ManaBullet","TheCursedMod:SpitefulPlan","TheCursedMod:RapidMovement"],"picked":"SKIP","floor":10},{"not_picked":["TheCursedMod:ReleasedStrength","TheCursedMod:TacticalStrike","TheCursedMod:CursedMace"],"picked":"SKIP","floor":11},{"not_picked":["TheCursedMod:SmokeScreen","TheCursedMod:Wield","TheCursedMod:Obscuration"],"picked":"SKIP","floor":12},{"not_picked":["TheCursedMod:ReleasedStrength","TheCursedMod:NeowsMight","TheCursedMod:HellfireBreathing"],"picked":"SKIP","floor":14}],"player_experience":372978,"relics_obtained":[{"floor":6,"key":"CaptainsWheel"},{"floor":10,"key":"Lizard Tail"}],"event_choices":[{"damage_healed":0,"gold_gain":0,"player_choice":"Grow","damage_taken":0,"max_hp_gain":0,"max_hp_loss":0,"event_name":"Living Wall","floor":2,"gold_loss":0,"cards_upgraded":["TheCursedMod:CircleOfWindfury"]},{"damage_healed":0,"gold_gain":0,"player_choice":"Trade","damage_taken":0,"relics_obtained":["GremlinMask"],"max_hp_gain":0,"max_hp_loss":0,"event_name":"FaceTrader","floor":3,"gold_loss":0}],"is_beta":false,"boss_relics":[],"items_purged_floors":[],"is_endless":false,"potions_floor_spawned":[1,5,11],"killed_by":"Hexaghost","ascension_level":6}}