{"host":"szp1d6dso4pv7ddl","time":1607494547,"event":{"gold_per_floor":[113,133,133,149,166,197,197,209,258,292,292,44,44,44,44,142,142,157,181,193,65,65,65,84,7,7,7,7,7],"floor_reached":28,"playtime":931,"items_purged":["Strike_B"],"score":226,"play_id":"0cce7b3e-49e8-49aa-b61a-4fdc396936e9","local_time":"20201208221547","is_ascension_mode":false,"campfire_choices":[{"floor":7.0,"key":"REST"},{"floor":11.0,"key":"REST"},{"data":"PathToVictory","floor":15.0,"key":"SMITH"},{"data":"Hologram","floor":23.0,"key":"SMITH"},{"data":"Hologram","floor":27.0,"key":"SMITH"}],"neow_cost":"NONE","seed_source_timestamp":0,"circlet_count":0,"master_deck":["Strike_B","Strike_B","Strike_B","Defend_B","Defend_B","Defend_B","Zap","Dualcast","Gash","PathToVictory+1","Gash","FTL","Amplify","Electrodynamics","Hologram+1","Hologram+1","Defragment"],"special_seed":0,"relics":["Cracked Core","NeowsBlessing","Gremlin Horn","Juzu Bracelet","Eternal Feather","Meat on the Bone","SacredBark","Omamori","White Beast Statue"],"potions_floor_usage":[],"damage_taken":[{"damage":0.0,"enemies":"Small Slimes","floor":1.0,"turns":1.0},{"damage":0.0,"enemies":"Cultist","floor":2.0,"turns":1.0},{"damage":0.0,"enemies":"Jaw Worm","floor":4.0,"turns":1.0},{"damage":15.0,"enemies":"2 Fungi Beasts","floor":5.0,"turns":3.0},{"damage":35.0,"enemies":"Lagavulin","floor":6.0,"turns":6.0},{"damage":8.0,"enemies":"Red Slaver","floor":8.0,"turns":3.0},{"damage":22.0,"enemies":"3 Sentries","floor":10.0,"turns":5.0},{"damage":57.0,"enemies":"The Guardian","floor":16.0,"turns":10.0},{"damage":15.0,"enemies":"3 Byrds","floor":18.0,"turns":3.0},{"damage":24.0,"enemies":"Spheric Guardian","floor":20.0,"turns":4.0},{"damage":15.0,"enemies":"Centurion and Healer","floor":24.0,"turns":4.0},{"damage":55,"enemies":"Book of Stabbing","floor":28,"turns":5}],"seed_played":"5740345820017967577","potions_obtained":[{"floor":1.0,"key":"LiquidMemories"},{"floor":4.0,"key":"FocusPotion"},{"floor":8.0,"key":"FairyPotion"},{"floor":16.0,"key":"Swift Potion"},{"floor":18.0,"key":"Weak Potion"},{"floor":24.0,"key":"Fire Potion"}],"is_trial":false,"path_per_floor":["M","M","?","M","M","E","R","M","T","E","R","$","?","?","R","B",null,"M","T","M","$","?","R","M","$","T","R","E"],"character_chosen":"DEFECT","items_purchased":["Meat on the Bone","Hologram","Defragment"],"campfire_rested":2,"item_purchase_floors":[12,21,25],"current_hp_per_floor":[75,75,75,75,60,25,47,39,39,17,45,45,45,45,51,31,75,60,60,48,48,48,57,42,42,42,51,0,0],"gold":7,"neow_bonus":"THREE_ENEMY_KILL","is_prod":false,"is_daily":false,"chose_seed":false,"campfire_upgraded":3,"win_rate":0,"timestamp":1607494547,"path_taken":["M","M","?","?","M","E","R","M","T","E","R","$","?","?","R","BOSS","M","?","M","$","?","R","M","$","T","R","E"],"build_version":"2020-11-30","purchased_purges":1,"victory":false,"max_hp_per_floor":[75,75,75,75,75,75,75,75,75,75,75,75,75,75,75,75,75,75,75,75,75,75,75,75,75,75,75,75,75],"relic_stats":{"Gremlin Horn":[5,5],"counters":[11,45],"Eternal Feather":30,"Juzu Bracelet":0,"obtain_stats":[{"NeowsBlessing":0,"Gremlin Horn":6,"SacredBark":17,"Eternal Feather":10,"Juzu Bracelet":9,"Omamori":19,"Cracked Core":0,"White Beast Statue":26,"Meat on the Bone":12},{"NeowsBlessing":0,"Gremlin Horn":4,"SacredBark":7,"Eternal Feather":6,"Juzu Bracelet":5,"Omamori":8,"Cracked Core":0,"White Beast Statue":10,"Meat on the Bone":6},{"NeowsBlessing":0,"Gremlin Horn":11,"SacredBark":29,"Eternal Feather":19,"Juzu Bracelet":14,"Omamori":32,"Cracked Core":0,"White Beast Statue":40,"Meat on the Bone":19}],"Meat on the Bone":24},"card_choices":[{"not_picked":["Leap","Chill"],"picked":"Gash","floor":1.0},{"not_picked":["Heatsinks","Coolheaded"],"picked":"Rebound","floor":2.0},{"not_picked":["Ball Lightning","Redo"],"picked":"Gash","floor":4.0},{"not_picked":["Redo","Leap","BootSequence"],"picked":"SKIP","floor":5.0},{"not_picked":["Redo","Go for the Eyes","Storm"],"picked":"SKIP","floor":6.0},{"not_picked":["Tempest","Reboot"],"picked":"FTL","floor":8.0},{"not_picked":["Conserve Battery","Sunder","Beam Cell"],"picked":"SKIP","floor":10.0},{"not_picked":["Buffer","Amplify"],"picked":"Electrodynamics","floor":16.0},{"not_picked":["Cold Snap","Reinforced Body+1","Coolheaded"],"picked":"SKIP","floor":18.0},{"not_picked":["Redo","Compile Driver","Coolheaded+1"],"picked":"SKIP","floor":20.0},{"not_picked":["Stack","Melter"],"picked":"Hologram","floor":24.0}],"player_experience":902838,"relics_obtained":[{"floor":6.0,"key":"Gremlin Horn"},{"floor":9.0,"key":"Juzu Bracelet"},{"floor":10.0,"key":"Eternal Feather"},{"floor":19.0,"key":"Omamori"},{"floor":26.0,"key":"White Beast Statue"}],"event_choices":[{"cards_removed":["Rebound"],"damage_healed":0.0,"max_hp_gain":0.0,"max_hp_loss":0.0,"gold_gain":0.0,"event_name":"NoteForYourself","player_choice":"Took Card","floor":3.0,"gold_loss":0.0,"damage_taken":0.0,"cards_obtained":["PathToVictory"]},{"damage_healed":0.0,"max_hp_gain":0.0,"max_hp_loss":0.0,"gold_gain":0.0,"event_name":"Liars Game","player_choice":"Ignored","floor":13.0,"gold_loss":0.0,"damage_taken":0.0},{"damage_healed":0.0,"max_hp_gain":0.0,"max_hp_loss":0.0,"gold_gain":0.0,"cards_transformed":["Defend_B"],"event_name":"Transmorgrifier","player_choice":"Transformed","floor":14.0,"gold_loss":0.0,"damage_taken":0.0,"cards_obtained":["Amplify"]},{"damage_healed":0.0,"max_hp_gain":0.0,"max_hp_loss":0.0,"gold_gain":0.0,"event_name":"Vampires","player_choice":"Ignored","floor":22.0,"gold_loss":0.0,"damage_taken":0.0}],"is_beta":false,"boss_relics":[{"not_picked":["Philosopher\u0027s Stone","Runic Pyramid"],"picked":"SacredBark"}],"items_purged_floors":[21],"is_endless":false,"potions_floor_spawned":[1,4,8,16,18,24],"killed_by":"Book of Stabbing","ascension_level":0}}