{"host":"htpechobqgpaugnv","time":1607488192,"event":{"gold_per_floor":[109,109,127,143,161,161,161],"floor_reached":6,"playtime":182,"items_purged":[],"score":76,"play_id":"0a9f5fec-df65-4ec1-bc99-f0ccfad7cf8b","local_time":"20201208222952","is_ascension_mode":true,"campfire_choices":[],"neow_cost":"NONE","seed_source_timestamp":68328969473300,"circlet_count":0,"master_deck":["AscendersBane","Strike_P","Strike_P+1","Strike_P","Strike_P","Defend_P","Defend_P+1","Defend_P","Defend_P","Eruption","Vigilance","CurseOfTheBell","SignatureMove","DeusExMachina"],"special_seed":0,"relics":["Calling Bell","Dream Catcher","Sundial","TungstenRod"],"potions_floor_usage":[5,6],"damage_taken":[{"damage":11,"enemies":"2 Louse","floor":1,"turns":2},{"damage":0,"enemies":"Jaw Worm","floor":3,"turns":2},{"damage":3,"enemies":"Small Slimes","floor":4,"turns":3},{"damage":15,"enemies":"Exordium Wildlife","floor":5,"turns":4},{"damage":19,"enemies":"3 Sentries","floor":6,"turns":7}],"seed_played":"-1351387224366684466","potions_obtained":[{"floor":3,"key":"ColorlessPotion"},{"floor":4,"key":"SpeedPotion"}],"is_trial":false,"path_per_floor":["M","?","M","M","M","E"],"character_chosen":"WATCHER","items_purchased":[],"campfire_rested":0,"item_purchase_floors":[],"current_hp_per_floor":[50,31,31,28,13,0,0],"gold":161,"neow_bonus":"BOSS_RELIC","is_prod":false,"is_daily":false,"chose_seed":false,"campfire_upgraded":0,"win_rate":0,"timestamp":1607488192,"path_taken":["M","?","M","M","M","E"],"build_version":"2020-11-30","purchased_purges":0,"victory":false,"max_hp_per_floor":[68,68,68,68,68,68,68],"relic_stats":{"Dream Catcher":0,"counters":[5,18],"Sundial":[2],"obtain_stats":[{"Calling Bell":0,"Dream Catcher":0,"Sundial":0,"PureWater":0,"TungstenRod":0},{"Calling Bell":0,"Dream Catcher":0,"Sundial":0,"PureWater":0,"TungstenRod":0},{"Calling Bell":0,"Dream Catcher":0,"Sundial":0,"PureWater":0,"TungstenRod":0}],"TungstenRod":9},"card_choices":[{"not_picked":["ReachHeaven","SashWhip"],"picked":"SignatureMove","floor":1},{"not_picked":["Halt","ClearTheMind","JustLucky"],"picked":"SKIP","floor":3},{"not_picked":["JustLucky","Vengeance"],"picked":"DeusExMachina","floor":4},{"not_picked":["ThirdEye","Weave","Consecrate"],"picked":"SKIP","floor":5}],"player_experience":1247614,"relics_obtained":[{"floor":0,"key":"Dream Catcher"},{"floor":0,"key":"Sundial"},{"floor":0,"key":"TungstenRod"}],"event_choices":[{"damage_healed":0,"gold_gain":0,"player_choice":"Entered Light","damage_taken":20,"max_hp_gain":0,"max_hp_loss":0,"event_name":"Shining Light","floor":2,"gold_loss":0,"cards_upgraded":["Defend_P","Strike_P"]}],"is_beta":false,"boss_relics":[],"items_purged_floors":[],"is_endless":false,"potions_floor_spawned":[3,4],"killed_by":"3 Sentries","ascension_level":20}}