{"host":"v0kr0xkqfgnh389p","time":1607556873,"event":{"gold_per_floor":[111,111,111,139,64,93,106,106,158,158,191,209,225,225,225,325,325,366,13,32,71,89,89,89,89,89],"floor_reached":25,"playtime":685,"items_purged":["Strike_P","Strike_P"],"score":300,"play_id":"95ac2384-3de8-467f-8806-ad8e656f1d56","local_time":"20201209183433","is_ascension_mode":true,"campfire_choices":[{"floor":8,"key":"RECALL"},{"data":"Whirlwind","floor":10,"key":"SMITH"}],"neow_cost":"NONE","seed_source_timestamp":32383067284900,"circlet_count":0,"master_deck":["Strike_P","Strike_P","Defend_P","Defend_P","Defend_P","Defend_P","Eruption","TalkToTheHand","Bash","LikeWater","Whirlwind+1","Bludgeon+1","Wish","EmptyBody+1","Replay:DivineShield+1"],"special_seed":0,"relics":["NeowsBlessing","Replay:M_SmolderingBlood","Anchor","infinitespire:Beetle Shell","Replay:Accelerometer","ChewingGum","TeardropLocket"],"potions_floor_usage":[11,13,16,20,21,22,25],"damage_taken":[{"damage":0,"enemies":"2 Louse","floor":1,"turns":1},{"damage":0,"enemies":"Lagavulin","floor":6,"turns":1},{"damage":0,"enemies":"Jaw Worm","floor":7,"turns":1},{"damage":17,"enemies":"3 Sentries","floor":11,"turns":5},{"damage":0,"enemies":"Cultist","floor":12,"turns":3},{"damage":0,"enemies":"Lots of Slimes","floor":13,"turns":1},{"damage":0,"enemies":"Slime Boss","floor":16,"turns":4},{"damage":10,"enemies":"Spheric Guardian","floor":18,"turns":3},{"damage":10,"enemies":"2 Thieves","floor":20,"turns":3},{"damage":19,"enemies":"Centurion and Healer","floor":21,"turns":7},{"damage":17,"enemies":"Snake Plant","floor":22,"turns":6},{"damage":16,"enemies":"Book of Stabbing","floor":25,"turns":4}],"seed_played":"-8955250504666649542","potions_obtained":[{"floor":1,"key":"FearPotion"},{"floor":4,"key":"Block Potion"},{"floor":4,"key":"Venom Potion"},{"floor":4,"key":"infinitespire:BlackPotion"},{"floor":11,"key":"AttackPotion"},{"floor":13,"key":"SpeedPotion"},{"floor":18,"key":"Explosive Potion"},{"floor":21,"key":"Elixir"},{"floor":22,"key":"Block Potion"}],"is_trial":false,"path_per_floor":["M","?","?","?","$","E","M","R","T","R","E","M","M","T","R_BF","B",null,"M","$","M","M","M","PTL","PTL","E"],"character_chosen":"WATCHER","items_purchased":["TeardropLocket"],"campfire_rested":0,"item_purchase_floors":[19],"current_hp_per_floor":[72,72,72,72,72,72,72,72,72,72,55,55,55,55,72,72,72,62,62,52,33,16,16,16,0,0],"gold":89,"neow_bonus":"THREE_ENEMY_KILL","is_prod":false,"is_daily":false,"chose_seed":false,"campfire_upgraded":1,"win_rate":0,"timestamp":1607556873,"path_taken":["M","?","?","?","?","E","?","R","T","R","E","M","M","?","R_BF","BOSS","M","$","?","M","M","PTL","PTL","E"],"build_version":"2020-11-30","purchased_purges":2,"victory":false,"max_hp_per_floor":[72,72,72,72,72,72,72,72,72,72,72,72,72,72,72,72,72,72,72,72,72,72,72,72,72,72],"card_choices":[{"not_picked":["CrushJoints","ClearTheMind","Protect"],"picked":"SKIP","floor":1},{"not_picked":["PathToVictory","Replay:Anticipation"],"picked":"LikeWater","floor":4},{"not_picked":["Vault","Headbutt","ReachHeaven"],"picked":"SKIP","floor":6},{"not_picked":["Consecrate","JustLucky"],"picked":"Whirlwind","floor":7},{"not_picked":["Perseverance","Replay:BluntJabs"],"picked":"Bludgeon","floor":11},{"not_picked":["Clash","Searing Blow","JustLucky"],"picked":"SKIP","floor":12},{"not_picked":["Replay:BluntJabs","Fasting2","Replay:AtTheReady"],"picked":"SKIP","floor":13},{"not_picked":["Omniscience","Replay:AllIn"],"picked":"Wish","floor":16},{"not_picked":["PathToVictory","Replay:DivineShield","EmptyBody"],"picked":"SKIP","floor":18},{"not_picked":["SashWhip","Weave","Halt"],"picked":"SKIP","floor":20},{"not_picked":["Replay:Cycle","Pray+1"],"picked":"EmptyBody+1","floor":21},{"not_picked":["JustLucky","Pray"],"picked":"Replay:DivineShield+1","floor":22}],"player_experience":697175,"relics_obtained":[{"floor":6,"key":"Anchor"},{"floor":11,"key":"infinitespire:Beetle Shell"},{"floor":14,"key":"Replay:Accelerometer"}],"event_choices":[],"is_beta":false,"boss_relics":[{"not_picked":["Astrolabe","VioletLotus"],"picked":"ChewingGum"}],"items_purged_floors":[5,19],"is_endless":false,"potions_floor_spawned":[1,11,12,13,18,21,22],"killed_by":"Book of Stabbing","ascension_level":1}}