{"host":"svdrdpvpxtppvaze","time":1607528053,"event":{"gold_per_floor":[111,58,58,233,39,39,70,86,136,136,147,167,167,182,182,280,280,291,133,133,147,167,167,167,167,248,258,273,273,273,293,293,293,293,309,309,309,329,341,341,351,228,255,255,255,20,20,32,32,32],"floor_reached":51,"playtime":1383,"items_purged":["Doubt","Strike_G","Strike_G+1","hubris:Compulsion"],"score":722,"play_id":"c8667ecd-3c1d-4f30-869b-508b1200afba","local_time":"20201209213413","is_ascension_mode":false,"campfire_choices":[{"data":"Finisher","floor":6,"key":"SMITH"},{"data":"All Out Attack","floor":13,"key":"SMITH"},{"data":"ReplayTheSpireMod:Shiv Toss","floor":15,"key":"SMITH"},{"data":"After Image","floor":23,"key":"SMITH"},{"data":"ReplayTheSpireMod:Scrap Shanks","floor":29,"key":"SMITH"},{"data":"Acrobatics","floor":32,"key":"SMITH"},{"data":"PiercingWail","floor":40,"key":"SMITH"},{"data":"Blade Dance","floor":44,"key":"SMITH"},{"data":"Footwork","floor":47,"key":"SMITH"},{"floor":49,"key":"DIG"}],"neow_cost":"NONE","seed_source_timestamp":7150406763841,"circlet_count":0,"master_deck":["Strike_G+1","Strike_G+1","Strike_G+1","Defend_G+1","Defend_G+1","Defend_G+1","Defend_G+1","Defend_G+1","Survivor","Neutralize+1","PiercingWail+1","Blade Dance","Finisher+1","Blade Dance+1","All Out Attack+1","Backflip+1","Acrobatics+1","ReplayTheSpireMod:Shiv Toss+1","After Image+1","Blade Dance+1","Infinite Blades+1","ReplayTheSpireMod:Scrap Shanks+1","Prepared+1","Footwork+1"],"relics":["Ring of the Serpent","NeowsBlessing","Tingsha","Replay:Mystery Machine","ReplayFunnel","Replay:Grab Bag","Busted Crown","Coffee Dripper","hubris:Backtick","ClockworkSouvenir","MutagenicStrength","Calipers","Replay:Bottled Flurry","HoveringKite","ReplayTheSpireMod:CursedCoin","Whetstone","Boot","Frozen Eye","Replay:Towering Pillar of Hats"],"potions_floor_usage":[16,16,41],"damage_taken":[{"damage":0,"enemies":"Small Slimes","floor":1,"turns":1},{"damage":0,"enemies":"Lagavulin","floor":7,"turns":1},{"damage":0,"enemies":"Jaw Worm","floor":8,"turns":1},{"damage":0,"enemies":"2 Louse","floor":11,"turns":2},{"damage":0,"enemies":"Exordium Wildlife","floor":12,"turns":2},{"damage":1,"enemies":"3 Louse","floor":14,"turns":3},{"damage":34,"enemies":"Hexaghost","floor":16,"turns":12},{"damage":1,"enemies":"Chosen","floor":18,"turns":3},{"damage":0,"enemies":"Spheric Guardian","floor":21,"turns":3},{"damage":9,"enemies":"Centurion and Healer","floor":22,"turns":4},{"damage":0,"enemies":"Cultist and Chosen","floor":27,"turns":3},{"damage":0,"enemies":"Snake Plant","floor":28,"turns":3},{"damage":0,"enemies":"Centurion and Healer","floor":31,"turns":3},{"damage":0,"enemies":"Automaton","floor":33,"turns":4},{"damage":0,"enemies":"Orb Walker","floor":35,"turns":2},{"damage":0,"enemies":"3 Shapes","floor":38,"turns":3},{"damage":0,"enemies":"Transient","floor":39,"turns":5},{"damage":9,"enemies":"4 Shapes","floor":41,"turns":3},{"damage":0,"enemies":"3 Darklings","floor":48,"turns":3},{"damage":4,"enemies":"Donu and Deca","floor":50,"turns":5}],"seed_played":"-7477193476877512646","potions_obtained":[{"floor":1,"key":"Adrenaline Potion"},{"floor":8,"key":"ColorlessPotion"},{"floor":16,"key":"LiquidBronze"},{"floor":21,"key":"Weak Potion"},{"floor":22,"key":"Toxic Potion"},{"floor":27,"key":"FearPotion"},{"floor":41,"key":"BlessingOfTheForge"}],"is_trial":false,"path_per_floor":["M","$","?","?","$","R","E","M","T","?","M","M","R","M","R","B",null,"M","$","?","M","M","R","?","AVR","T","M","M","R","?","M","R","B",null,"M","?","?","M","M","R","M","$","T","R","?","$","R","M","R","B",null],"character_chosen":"THE_SILENT","items_purchased":["Blade Dance","Finisher","Blade Dance","Infinite Blades+1","ReplayTheSpireMod:CursedCoin","Whetstone","Frozen Eye","Footwork"],"campfire_rested":0,"item_purchase_floors":[2,5,5,19,42,42,46,46],"current_hp_per_floor":[70,70,67,67,67,67,67,67,67,67,67,67,67,66,66,32,70,69,69,69,69,60,60,60,60,60,60,60,60,60,60,60,60,70,70,70,70,70,70,70,61,61,61,61,61,61,61,61,61,57],"gold":32,"neow_bonus":"THREE_ENEMY_KILL","is_prod":false,"is_daily":false,"chose_seed":false,"campfire_upgraded":9,"win_rate":0.0,"timestamp":1607528053,"path_taken":["M","$","?","?","$","R","E","M","T","?","M","?","R","M","R","BOSS","M","$","?","M","M","R","?","AVR","T","M","M","R","?","?","R","BOSS","M","?","?","M","M","R","M","$","T","R","?","?","R","M","R","BOSS"],"build_version":"2020-11-30","purchased_purges":4,"victory":true,"max_hp_per_floor":[70,70,70,70,70,70,70,70,70,70,70,70,70,70,70,70,70,70,70,70,70,70,70,70,70,70,70,70,70,70,70,70,70,70,70,70,70,70,70,70,70,70,70,70,66,66,66,66,66,66],"card_choices":[{"not_picked":["Dagger Spray","Slice"],"picked":"PiercingWail","floor":1},{"not_picked":["Noxious Fumes","Fluid Movement"],"picked":"All Out Attack","floor":7},{"not_picked":["Masterful Stab","Venomology"],"picked":"Backflip","floor":8},{"not_picked":["PiercingWail","Underhanded Strike"],"picked":"Acrobatics","floor":11},{"not_picked":["Replay:Poison Smokescreen","Distraction","Prepared"],"picked":"SKIP","floor":12},{"not_picked":["PiercingWail","Flying Knee"],"picked":"ReplayTheSpireMod:Shiv Toss","floor":14},{"not_picked":["ReplayTheSpireMod:From All Sides","Tools of the Trade"],"picked":"After Image","floor":16},{"not_picked":[],"picked":"Blade Dance+1","floor":18},{"not_picked":["PiercingWail"],"picked":"SKIP","floor":21},{"not_picked":["Quick Slash"],"picked":"SKIP","floor":22},{"not_picked":["Deflect"],"picked":"SKIP","floor":27},{"not_picked":[],"picked":"ReplayTheSpireMod:Scrap Shanks","floor":28},{"not_picked":["Calculated Gamble"],"picked":"SKIP","floor":31},{"not_picked":["Acrobatics"],"picked":"SKIP","floor":35},{"not_picked":["Choke"],"picked":"SKIP","floor":38},{"not_picked":[],"picked":"Prepared+1","floor":39},{"not_picked":["PiercingWail"],"picked":"SKIP","floor":41},{"not_picked":["Hidden Blade"],"picked":"SKIP","floor":48}],"player_experience":1810,"relics_obtained":[{"floor":7,"key":"Replay:Mystery Machine"},{"floor":9,"key":"ReplayFunnel"},{"floor":26,"key":"Replay:Bottled Flurry"},{"floor":43,"key":"Boot"},{"floor":49,"key":"Replay:Towering Pillar of Hats"}],"event_choices":[{"damage_healed":0,"gold_gain":0,"player_choice":"Success","damage_taken":3,"relics_obtained":["Tingsha"],"max_hp_gain":0,"max_hp_loss":0,"event_name":"Scrap Ooze","floor":3,"gold_loss":0},{"damage_healed":0,"gold_gain":175,"player_choice":"AGREE","damage_taken":0,"max_hp_gain":0,"max_hp_loss":0,"event_name":"Liars Game","floor":4,"gold_loss":0,"cards_obtained":["Doubt"]},{"damage_healed":0,"gold_gain":0,"player_choice":"Inject Mutagens","damage_taken":0,"relics_obtained":["MutagenicStrength"],"max_hp_gain":0,"max_hp_loss":0,"event_name":"Drug Dealer","floor":20,"gold_loss":0},{"damage_healed":0,"gold_gain":0,"player_choice":"Simplicity","damage_taken":0,"max_hp_gain":0,"max_hp_loss":0,"event_name":"Back to Basics","floor":24,"gold_loss":0,"cards_upgraded":["Strike_G","Strike_G","Strike_G","Strike_G","Defend_G","Defend_G","Defend_G","Defend_G","Defend_G"]},{"damage_healed":0,"gold_gain":0,"player_choice":"Upgraded","damage_taken":0,"max_hp_gain":0,"max_hp_loss":0,"event_name":"Upgrade Shrine","floor":30,"gold_loss":0,"cards_upgraded":["Neutralize"]},{"damage_healed":0,"gold_gain":0,"player_choice":"Ignored","damage_taken":0,"max_hp_gain":0,"max_hp_loss":0,"event_name":"Tomb of Lord Red Mask","floor":36,"gold_loss":0},{"damage_healed":0,"gold_gain":0,"player_choice":"Max HP","damage_taken":0,"max_hp_gain":0,"max_hp_loss":4,"event_name":"Winding Halls","floor":45,"gold_loss":0}],"is_beta":false,"boss_relics":[{"not_picked":["Abe\u0027s Treasure","Astrolabe"],"picked":"Replay:Grab Bag"},{"not_picked":["Velvet Choker","infinitespire:Cupcake"],"picked":"Busted Crown"},{"not_picked":["Ectoplasm","hubris:CrackedHourglass"],"picked":"Coffee Dripper"},{"not_picked":["Kintsugi","SlaversCollar"],"picked":"Ring of the Serpent"},{"not_picked":["Ring of Chaos","Snecko Scales"],"picked":"hubris:Backtick"},{"not_picked":["ReplayTheSpireMod:DimensionalGlitch","hubris:Stopwatch"],"picked":"HoveringKite"}],"items_purged_floors":[5,19,25,42],"is_endless":false,"potions_floor_spawned":[1,8,16,21,22,27,28,39,41],"ascension_level":0}}