{"host":"pl1fbpkom0aq337f","time":1607511133,"event":{"gold_per_floor":[116,135,135,135,135,162,212,212,212,212,223,248,248,248,248,96,96,215,215,238,89,89,102,17,17,17],"floor_reached":25,"playtime":801,"items_purged":["Strike_B"],"score":357,"play_id":"ce24c8b1-a8cf-4fb2-a868-56016f0a93b8","local_time":"20201209115213","is_ascension_mode":true,"campfire_choices":[{"data":"Zap","floor":8.0,"key":"SMITH"},{"data":"Redo","floor":14.0,"key":"SMITH"},{"floor":17.0,"key":"REST"}],"neow_cost":"NONE","seed_source_timestamp":957373935738500,"circlet_count":0,"master_deck":["AscendersBane","Strike_B+1","Strike_B+1","Strike_B","Defend_B","Defend_B","Defend_B","Defend_B","Zap+1","Dualcast","Sweeping Beam","Core Surge","Redo+1","Injury","Glacier","Biased Cognition","Self Repair"],"special_seed":0,"relics":["Cracked Core","NeowsBlessing","Girya","Darkstone Periapt","Cables","Sundial","Whetstone","Golden Idol","Snecko Eye","ClockworkSouvenir","Singing Bowl"],"potions_floor_usage":[25],"damage_taken":[{"damage":0.0,"enemies":"Small Slimes","floor":1.0,"turns":1.0},{"damage":0.0,"enemies":"2 Louse","floor":2.0,"turns":1.0},{"damage":0.0,"enemies":"Lagavulin","floor":6.0,"turns":1.0},{"damage":4.0,"enemies":"Jaw Worm","floor":11.0,"turns":3.0},{"damage":26.0,"enemies":"Gremlin Nob","floor":12.0,"turns":4.0},{"damage":70.0,"enemies":"Slime Boss","floor":18.0,"turns":11.0},{"damage":0.0,"enemies":"Spheric Guardian","floor":20.0,"turns":5.0},{"damage":3.0,"enemies":"3 Byrds","floor":23.0,"turns":4.0},{"damage":65,"enemies":"Gremlin Leader","floor":25,"turns":8}],"seed_played":"6346606517975023133","potions_obtained":[{"floor":2.0,"key":"DuplicationPotion"},{"floor":6.0,"key":"FairyPotion"},{"floor":20.0,"key":"LiquidBronze"}],"is_trial":false,"path_per_floor":["M","M","$","?","?","E","?","R","T","T","M","E","?","R","?","$","R","B",null,"M","$","?","M","?","E"],"character_chosen":"DEFECT","items_purchased":["Glacier","ClockworkSouvenir"],"campfire_rested":1,"item_purchase_floors":[16,21],"current_hp_per_floor":[68,68,68,68,61,61,61,61,61,61,57,31,31,31,37,37,61,16,65,65,65,65,62,62,0,0],"gold":17,"neow_bonus":"THREE_ENEMY_KILL","is_prod":false,"is_daily":false,"chose_seed":false,"campfire_upgraded":2,"win_rate":0,"timestamp":1607511133,"path_taken":["M","M","$","?","?","E","?","R","T","T","M","E","?","R","?","$","R","BOSS","M","$","?","M","?","E"],"build_version":"2020-11-30","purchased_purges":1,"victory":false,"max_hp_per_floor":[75,75,75,75,75,75,75,75,75,75,75,75,75,75,81,81,81,81,81,81,81,81,81,81,81,81],"card_choices":[{"not_picked":["Leap","Go for the Eyes"],"picked":"Sweeping Beam","floor":1.0},{"not_picked":["Turbo","Stack","Sweeping Beam"],"picked":"SKIP","floor":2.0},{"not_picked":["Barrage","All For One"],"picked":"Core Surge","floor":6.0},{"not_picked":["Storm","Gash","Steam"],"picked":"SKIP","floor":11.0},{"not_picked":["Streamline","Compile Driver"],"picked":"Redo","floor":12.0},{"not_picked":["Fission","Reboot"],"picked":"Biased Cognition","floor":18.0},{"not_picked":["Go for the Eyes","Sweeping Beam","Leap"],"picked":"SKIP","floor":20.0},{"not_picked":["Gash","Leap+1"],"picked":"Self Repair","floor":23.0}],"player_experience":368712,"relics_obtained":[{"floor":6.0,"key":"Darkstone Periapt"},{"floor":9.0,"key":"Cables"},{"floor":10.0,"key":"Sundial"},{"floor":12.0,"key":"Whetstone"}],"event_choices":[{"damage_healed":0.0,"max_hp_gain":0.0,"max_hp_loss":0.0,"gold_gain":0.0,"event_name":"Liars Game","player_choice":"Ignored","floor":4.0,"gold_loss":0.0,"damage_taken":0.0},{"damage_healed":0.0,"max_hp_gain":0.0,"max_hp_loss":0.0,"gold_gain":0.0,"event_name":"Scrap Ooze","player_choice":"Success","floor":5.0,"gold_loss":0.0,"damage_taken":7.0,"relics_obtained":["Girya"]},{"damage_healed":0.0,"max_hp_gain":0.0,"max_hp_loss":0.0,"gold_gain":50.0,"event_name":"Golden Wing","player_choice":"Gained Gold","floor":7.0,"gold_loss":0.0,"damage_taken":0.0},{"damage_healed":0.0,"max_hp_gain":0.0,"max_hp_loss":0.0,"gold_gain":0.0,"event_name":"Golden Idol","player_choice":"Take Wound","floor":15.0,"gold_loss":0.0,"damage_taken":0.0,"relics_obtained":["Golden Idol"],"cards_obtained":["Injury"]},{"damage_healed":0.0,"max_hp_gain":0.0,"max_hp_loss":0.0,"gold_gain":0.0,"event_name":"Vampires","player_choice":"Ignored","floor":22.0,"gold_loss":0.0,"damage_taken":0.0},{"damage_healed":0.0,"max_hp_gain":0.0,"max_hp_loss":0.0,"gold_gain":0.0,"event_name":"Addict","player_choice":"Obtained Relic","floor":24.0,"gold_loss":85.0,"damage_taken":0.0,"relics_obtained":["Singing Bowl"]}],"is_beta":false,"boss_relics":[{"not_picked":["SlaversCollar","Busted Crown"],"picked":"Snecko Eye"}],"items_purged_floors":[16],"is_endless":false,"potions_floor_spawned":[2,6,12,20],"killed_by":"Gremlin Leader","ascension_level":11}}