{"host":"rmsq46plbpwfbxcc","time":1607531571,"event":{"gold_per_floor":[110,110,59,59,59,83,83,119,119,119,140,215,262,293,293,293,293],"floor_reached":16,"playtime":355,"items_purged":[],"score":191,"play_id":"7bf28cb5-c01f-415c-902f-d445cf74ccad","local_time":"20201210013251","is_ascension_mode":true,"campfire_choices":[{"data":"Blade Dance","floor":7,"key":"SMITH"},{"data":"Die Die Die","floor":10,"key":"SMITH"},{"data":"Choke","floor":15,"key":"SMITH"}],"neow_cost":"NONE","seed_source_timestamp":1916622132452600,"circlet_count":0,"master_deck":["AscendersBane","Strike_G","Strike_G","Strike_G","Strike_G","Strike_G","Defend_G","Defend_G","Defend_G","Defend_G","Defend_G","Survivor","Neutralize+1","Die Die Die+1","Choke+1","Blade Dance+1","Injury","Backflip","Infinite Blades","Adrenaline"],"relics":["Ring of the Snake","Golden Idol","Bottled Flame","Unceasing Top","Prayer Wheel","Bag of Preparation","Turnip"],"potions_floor_usage":[8,14,16],"damage_taken":[{"damage":7,"enemies":"Jaw Worm","floor":1,"turns":4},{"damage":0,"enemies":"Cultist","floor":6,"turns":2},{"damage":25,"enemies":"Lagavulin","floor":8,"turns":7},{"damage":0,"enemies":"Small Slimes","floor":11,"turns":3},{"damage":2,"enemies":"3 Sentries","floor":14,"turns":4},{"damage":14,"enemies":"Hexaghost","floor":16,"turns":9}],"seed_played":"3948180572315983337","potions_obtained":[{"floor":6,"key":"Fire Potion"},{"floor":11,"key":"AttackPotion"},{"floor":14,"key":"GamblersBrew"}],"is_trial":false,"path_per_floor":["M","?","$","?","T","M","R","E","T","R","M","?","T","E","R","B"],"character_chosen":"THE_SILENT","items_purchased":["Blade Dance"],"campfire_rested":0,"item_purchase_floors":[3],"current_hp_per_floor":[52,52,52,52,52,52,52,27,27,27,27,16,16,14,14,0,0],"gold":293,"neow_bonus":"ONE_RANDOM_RARE_CARD","is_prod":false,"is_daily":false,"chose_seed":false,"campfire_upgraded":3,"win_rate":0,"timestamp":1607531571,"path_taken":["M","?","$","?","?","?","R","E","T","R","M","?","?","E","R","BOSS"],"build_version":"2020-11-30","purchased_purges":0,"victory":false,"max_hp_per_floor":[66,66,66,66,66,66,66,66,66,66,66,66,66,66,66,66,66],"card_choices":[{"not_picked":["Bane","Slice"],"picked":"Choke","floor":1},{"not_picked":["Expertise","Dagger Spray","Setup"],"picked":"SKIP","floor":6},{"not_picked":["Grand Finale","Flying Knee"],"picked":"Backflip","floor":8},{"not_picked":["Underhanded Strike","Poisoned Stab"],"picked":"Infinite Blades","floor":11},{"not_picked":["Slice","Flying Knee","Dagger Throw"],"picked":"SKIP","floor":11},{"not_picked":["Slice","Bane"],"picked":"Adrenaline","floor":14}],"player_experience":1300158,"relics_obtained":[{"floor":5,"key":"Bottled Flame"},{"floor":8,"key":"Unceasing Top"},{"floor":9,"key":"Prayer Wheel"},{"floor":13,"key":"Bag of Preparation"},{"floor":14,"key":"Turnip"}],"event_choices":[{"damage_healed":0,"gold_gain":0,"player_choice":"Grow","damage_taken":0,"max_hp_gain":0,"max_hp_loss":0,"event_name":"Living Wall","floor":2,"gold_loss":0,"cards_upgraded":["Neutralize"]},{"damage_healed":0,"gold_gain":0,"player_choice":"Take Wound","damage_taken":0,"relics_obtained":["Golden Idol"],"max_hp_gain":0,"max_hp_loss":0,"event_name":"Golden Idol","floor":4,"gold_loss":0,"cards_obtained":["Injury"]},{"damage_healed":0,"gold_gain":75,"player_choice":"Gather Gold","damage_taken":11,"max_hp_gain":0,"max_hp_loss":0,"event_name":"World of Goop","floor":12,"gold_loss":0}],"is_beta":false,"boss_relics":[],"items_purged_floors":[],"is_endless":false,"potions_floor_spawned":[6,11,14],"killed_by":"Hexaghost","ascension_level":16}}