{"host":"lpze9ywvzk5bsxql","time":1607503271,"event":{"gold_per_floor":[17,17,31,41,41,67,67,86,135,163,181,206,216,251,251,352,352,371,470,470,481,255,290,307,307,384,413,425,439,77,77,77,172,172,188,204,260,260,273,273,323,323,323,356,418,451,477,205,205,215,215],"floor_reached":50,"playtime":5681,"items_purged":["Strike_R","Strike_R","CommonCold"],"score":799,"play_id":"c98e6afe-5fdf-41a4-bc41-ad865547ea0e","local_time":"20201209094111","is_ascension_mode":true,"campfire_choices":[{"data":"Anger","floor":7,"key":"SMITH"},{"data":"Flex","floor":15,"key":"SMITH"},{"data":"Limit Break","floor":25,"key":"SMITH"},{"floor":32,"key":"REST"},{"floor":40,"key":"REST"},{"floor":42,"key":"RECALL"},{"data":"Heavy Blade","floor":49,"key":"SMITH"}],"neow_cost":"NO_GOLD","seed_source_timestamp":518030372158200,"circlet_count":0,"master_deck":["Strike_R","Strike_R","Defend_R+1","Defend_R+1","Defend_R+1","Defend_R+1","Bash","Anger+1","Armaments","Rampage","Thunderclap","Flex+1","ReplayReversal","Cleave","Spot Weakness","Limit Break+1","Intimidate","Rage","ReplayTheSpireMod:Muscle Training","ReplayTheSpireMod:Muscle Training+1","Hemokinesis+1","Heavy Blade+1","Rupture","Double Tap","Entrench+1","Infernal Blade","Thinking Ahead","Shrug It Off+1","Intimidate+1","Parasite"],"relics":["Burning Blood","Pocketwatch","Replay:Bottled Eggs","Happy Flower","Potion Belt","ReplayFunnel","Bag of Marbles","Iron Hammer","Sozu","Ancient Tea Set","ReplayTheSpireMod:Spearhead","Bronze Scales","Kunai","ReplayTheSpireMod:Ring of Challenge","ChewingGum","Replay:WaspNest","Frozen Egg 2","Bottled Flame","Replay:Bandana","FossilizedHelix","Lee\u0027s Waffle"],"potions_floor_usage":[6,10,14,14],"damage_taken":[{"damage":7,"enemies":"Small Slimes","floor":1,"turns":4},{"damage":1,"enemies":"Jaw Worm","floor":3,"turns":3},{"damage":1,"enemies":"Cultist","floor":4,"turns":4},{"damage":12,"enemies":"Gremlin Nob","floor":6,"turns":4},{"damage":5,"enemies":"Exordium Thugs","floor":8,"turns":5},{"damage":7,"enemies":"3 Sentries","floor":10,"turns":6},{"damage":0,"enemies":"Red Slaver","floor":11,"turns":3},{"damage":0,"enemies":"2 Fungi Beasts","floor":13,"turns":2},{"damage":1,"enemies":"Lagavulin","floor":14,"turns":4},{"damage":11,"enemies":"The Guardian","floor":16,"turns":8},{"damage":11,"enemies":"Shell Parasite","floor":18,"turns":5},{"damage":2,"enemies":"Spheric Guardian","floor":21,"turns":4},{"damage":2,"enemies":"Replay:Snechameleon","floor":23,"turns":6},{"damage":8,"enemies":"Snecko","floor":24,"turns":5},{"damage":11,"enemies":"Slavers","floor":27,"turns":4},{"damage":19,"enemies":"Shelled Parasite and Fungi","floor":28,"turns":5},{"damage":2,"enemies":"Centurion and Healer","floor":29,"turns":5},{"damage":22,"enemies":"Pondfish","floor":33,"turns":10},{"damage":11,"enemies":"Orb Walker","floor":35,"turns":3},{"damage":16,"enemies":"3 Darklings","floor":36,"turns":5},{"damage":26,"enemies":"4 Shapes","floor":39,"turns":4},{"damage":5,"enemies":"R_Hoarder","floor":41,"turns":8},{"damage":26,"enemies":"Nemesis","floor":44,"turns":5},{"damage":17,"enemies":"2 Orb Walkers","floor":45,"turns":4},{"damage":17,"enemies":"Jaw Worm Horde","floor":46,"turns":3},{"damage":14,"enemies":"Writhing Mass","floor":47,"turns":5},{"damage":104,"enemies":"Donu and Deca","floor":50,"turns":9}],"seed_played":"2260139628935256841","potions_obtained":[{"floor":3,"key":"AttackPotion"},{"floor":6,"key":"Energy Potion"},{"floor":8,"key":"Adrenaline Potion"},{"floor":11,"key":"Cursed Concoction"}],"is_trial":false,"path_per_floor":["M","?","M","M","T","E","R","M","T","E","M","T","M","E","R","B",null,"M","?","?","M","$","E","M","R","T","E","M","M","$","?","R","B",null,"M","M","?","?","M","R","E","R","T","E","?","M","M","$","R","B"],"character_chosen":"IRONCLAD","items_purchased":["Ancient Tea Set","Kunai","Lee\u0027s Waffle"],"campfire_rested":2,"item_purchase_floors":[22,30,48],"current_hp_per_floor":[79,79,80,80,80,74,74,75,75,74,80,80,80,80,80,75,80,75,75,75,79,79,80,78,78,78,73,60,64,64,64,80,64,80,75,65,65,65,45,69,70,70,70,50,39,28,20,87,87,0,0],"gold":215,"neow_bonus":"ONE_RARE_RELIC","is_prod":false,"is_daily":false,"chose_seed":false,"campfire_upgraded":4,"win_rate":0,"timestamp":1607503271,"path_taken":["M","?","M","M","?","E","R","?","T","E","M","?","M","E","R","BOSS","M","?","?","M","$","E","M","R","T","E","M","?","$","?","R","BOSS","M","M","?","?","M","R","E","R","T","E","?","M","M","$","R","BOSS"],"build_version":"2020-11-30","purchased_purges":3,"victory":false,"max_hp_per_floor":[80,80,80,80,80,80,80,80,80,80,80,80,80,80,80,80,80,80,80,80,80,80,80,80,80,80,80,80,80,80,80,80,80,80,80,80,80,80,80,80,80,80,80,80,80,80,80,87,87,87,87],"card_choices":[{"not_picked":["True Grit","Clash"],"picked":"Anger","floor":1},{"not_picked":["Sever Soul","Heavy Blade","Replay:Undeath\u0027s Touch"],"picked":"SKIP","floor":3},{"not_picked":["Anger","Pummel"],"picked":"Armaments","floor":4},{"not_picked":["Uppercut","Sword Boomerang"],"picked":"Rampage","floor":6},{"not_picked":["Pommel Strike","Sword Boomerang"],"picked":"Thunderclap","floor":8},{"not_picked":["ReplayTheSpireMod:Strike From Hell","Eclipse"],"picked":"Flex","floor":10},{"not_picked":["Warcry","Sword Boomerang"],"picked":"ReplayReversal","floor":11},{"not_picked":["ReplayReversal","Replay:Undeath\u0027s Touch"],"picked":"Cleave","floor":13},{"not_picked":["Run Through","Fire Breathing"],"picked":"Spot Weakness","floor":14},{"not_picked":["Feed","Double Tap"],"picked":"Limit Break","floor":16},{"not_picked":["ReplayTheSpireMod:Stacked","Thunderclap"],"picked":"Intimidate","floor":18},{"not_picked":["Cleave+1","Second Wind"],"picked":"Rage","floor":21},{"not_picked":["Sword Boomerang","Replay:Undeath\u0027s Touch"],"picked":"ReplayTheSpireMod:Muscle Training","floor":23},{"not_picked":["Anger+1","Flex"],"picked":"ReplayTheSpireMod:Muscle Training+1","floor":24},{"not_picked":["Anger","Clothesline+1"],"picked":"Hemokinesis+1","floor":27},{"not_picked":["Pommel Strike","Dual Wield"],"picked":"Heavy Blade","floor":28},{"not_picked":["Flex","Bloodletting+1"],"picked":"Rupture","floor":29},{"not_picked":["Impervious","Eclipse"],"picked":"Double Tap","floor":33},{"not_picked":["Clash+1","Flex+1","ReplayReversal+1"],"picked":"SKIP","floor":35},{"not_picked":["Sword Boomerang","Armaments+1"],"picked":"Entrench+1","floor":36},{"not_picked":["Battle Trance","Rage+1"],"picked":"Infernal Blade","floor":37},{"not_picked":["ReplayTheSpireMod:Uncanny Aura","expansioncontent:HyperBeam"],"picked":"Thinking Ahead","floor":38},{"not_picked":["Run Through+1","Anger+1"],"picked":"Shrug It Off+1","floor":39},{"not_picked":["Hemokinesis","Clothesline+1","Impervious"],"picked":"SKIP","floor":41},{"not_picked":["Dual Wield","Evolve+1"],"picked":"Intimidate+1","floor":44},{"not_picked":["Clash","Uppercut","Flex"],"picked":"SKIP","floor":46},{"not_picked":["Iron Wave","Armaments","Pummel"],"picked":"SKIP","floor":47}],"player_experience":197116,"relics_obtained":[{"floor":5,"key":"Replay:Bottled Eggs"},{"floor":6,"key":"Happy Flower"},{"floor":9,"key":"Potion Belt"},{"floor":10,"key":"ReplayFunnel"},{"floor":12,"key":"Bag of Marbles"},{"floor":14,"key":"Iron Hammer"},{"floor":23,"key":"ReplayTheSpireMod:Spearhead"},{"floor":27,"key":"Bronze Scales"},{"floor":31,"key":"ReplayTheSpireMod:Ring of Challenge"},{"floor":37,"key":"Replay:WaspNest"},{"floor":41,"key":"Frozen Egg 2"},{"floor":43,"key":"Bottled Flame"},{"floor":44,"key":"Replay:Bandana"},{"floor":45,"key":"FossilizedHelix"}],"event_choices":[{"cards_removed":["Strike_R"],"damage_healed":0,"gold_gain":0,"player_choice":"Forget","damage_taken":0,"max_hp_gain":0,"max_hp_loss":0,"event_name":"Living Wall","floor":2,"gold_loss":0},{"damage_healed":0,"gold_gain":99,"player_choice":"Steal","damage_taken":0,"max_hp_gain":0,"max_hp_loss":0,"event_name":"betterThird:BetterNest","floor":19,"gold_loss":0},{"damage_healed":0,"gold_gain":0,"player_choice":"Ignored","damage_taken":0,"max_hp_gain":0,"max_hp_loss":0,"event_name":"NoteForYourself","floor":20,"gold_loss":0},{"damage_healed":0,"gold_gain":0,"player_choice":"Memory 1","damage_taken":0,"max_hp_gain":0,"max_hp_loss":0,"event_name":"SensoryStone","floor":38,"gold_loss":0},{"damage_healed":0,"gold_gain":0,"player_choice":"Fight","damage_taken":0,"max_hp_gain":0,"max_hp_loss":0,"event_name":"Mysterious Sphere","floor":45,"gold_loss":0}],"is_beta":false,"boss_relics":[{"not_picked":["Cursed Key","Electric Blood"],"picked":"Sozu"},{"not_picked":["Coffee Dripper","Runic Pyramid"],"picked":"ChewingGum"}],"items_purged_floors":[22,30,48],"is_endless":false,"potions_floor_spawned":[3,6,8,11,21,23,28,29,36,39,45],"killed_by":"Donu and Deca","ascension_level":1}}