{"host":"ec2wu4mdnvke243f","time":1607531818,"event":{"gold_per_floor":[99,99,114,114,141,166,191,235,274,317,317,155,178,178,205,313,313,313,413,441,462,184,251,251,291,291,360,369,389,389,673,701,701,701],"floor_reached":33,"playtime":4998,"items_purged":[],"score":362,"play_id":"1dac4386-1433-4477-8234-c935006d7633","local_time":"20201209173658","is_ascension_mode":true,"campfire_choices":[{"floor":1,"key":"RECALL"},{"data":"expansioncontent:AwakenDeath","floor":4,"key":"SMITH"},{"data":"hermit:Maintenance","floor":18,"key":"SMITH"},{"floor":26,"key":"REST"}],"neow_cost":"NONE","seed_source_timestamp":195310018920600,"circlet_count":0,"master_deck":["hermit:Strike_Hermit","hermit:Strike_Hermit","hermit:Strike_Hermit","hermit:Strike_Hermit","hermit:Defend_Hermit","hermit:Defend_Hermit","hermit:Defend_Hermit","hermit:Snapshot","hermit:Covet","expansioncontent:AwakenDeath+1","hermit:HighCaliber","hermit:Maintenance","hermit:DeadOrAlive","hermit:Maintenance+1","hermit:GoldenBullet","hermit:CalledShot","hermit:Glare","hermit:FinalCanter","hermit:GhostlyPresence","expansioncontent:DashGenerateEvil","hermit:FullyLoaded","hermit:HighCaliber","hermit:EyeOfTheStorm+1","infinitespire:Gouge","hermit:Gestalt+1","Regret","hermit:Enervate+1"],"relics":["hermit:Momento","Lantern","Boot","CeramicFish","Juzu Bracelet","Omamori","infinitespire:Satchel","hermit:BartenderGlass","Lizard Tail","Meat on the Bone","Pantograph","Pocketwatch","Molten Egg 2"],"potions_floor_usage":[10,16,16,21,21,27,27,27,27,33],"damage_taken":[{"damage":0,"enemies":"2 Louse","floor":3,"turns":2},{"damage":34,"enemies":"Gremlin Nob","floor":6,"turns":5},{"damage":30,"enemies":"3 Sentries","floor":8,"turns":8},{"damage":6,"enemies":"Cultist","floor":9,"turns":3},{"damage":29,"enemies":"Lagavulin","floor":10,"turns":9},{"damage":10,"enemies":"downfall:FleeingMerchant","floor":12,"turns":4},{"damage":0,"enemies":"Small Slimes","floor":13,"turns":3},{"damage":26,"enemies":"2 Fungi Beasts","floor":15,"turns":4},{"damage":33,"enemies":"downfall:CharBossWatcher","floor":16,"turns":10},{"damage":96,"enemies":"Slavers","floor":20,"turns":8},{"damage":10,"enemies":"Spheric Guardian","floor":21,"turns":3},{"damage":0,"enemies":"downfall:FleeingMerchant","floor":22,"turns":4},{"damage":52,"enemies":"Book of Stabbing","floor":23,"turns":6},{"damage":26,"enemies":"Shelled Parasite and Fungi","floor":25,"turns":5},{"damage":69,"enemies":"Slavers","floor":27,"turns":7},{"damage":27,"enemies":"3 Cultists","floor":29,"turns":5},{"damage":11,"enemies":"Centurion and Healer","floor":32,"turns":5},{"damage":113,"enemies":"downfall:CharBossSilent","floor":33,"turns":7}],"seed_played":"5508451932856054067","potions_obtained":[{"floor":3,"key":"SkillPotion"},{"floor":6,"key":"BlessingOfTheForge"},{"floor":10,"key":"Weak Potion"},{"floor":13,"key":"Strength Potion"},{"floor":25,"key":"sneckomod:MuddlingPotion"},{"floor":27,"key":"sneckomod:MuddlingPotion"},{"floor":32,"key":"SkillPotion"}],"is_trial":false,"path_per_floor":["R","?","M","R","T","E","T","E","M","E","?","$","M","?","M","B",null,"R","?","E","M","$","E","T","M","R","E","AVR","M","?","?","M","B"],"character_chosen":"HERMIT","items_purchased":["infinitespire:Satchel","expansioncontent:DashGenerateEvil","hermit:FullyLoaded","hermit:HighCaliber"],"campfire_rested":1,"item_purchase_floors":[12,22,22,22],"current_hp_per_floor":[75,75,75,75,75,41,41,11,5,9,27,17,17,17,20,9,75,75,75,4,37,37,8,8,18,40,22,22,32,32,32,33,0,0],"gold":701,"neow_bonus":"RANDOM_COLORLESS","is_prod":false,"is_daily":false,"chose_seed":false,"campfire_upgraded":2,"win_rate":0,"timestamp":1607531818,"path_taken":["R","?","?","R","?","E","T","E","M","E","?","$","M","?","M","BOSS","R","?","E","M","$","E","T","M","R","E","AVR","M","?","?","M","BOSS"],"build_version":"2020-11-30","purchased_purges":0,"victory":false,"max_hp_per_floor":[75,75,75,75,75,75,75,75,75,75,75,75,75,75,75,75,75,75,75,75,75,75,75,75,75,75,75,75,75,75,75,75,75,75],"card_choices":[{"not_picked":["Deep Breath","expansioncontent:LastStand"],"picked":"expansioncontent:AwakenDeath","floor":0},{"not_picked":["hermit:Dive","hermit:Quickdraw"],"picked":"hermit:HighCaliber","floor":3},{"not_picked":["hermit:Headshot","hermit:Horror"],"picked":"hermit:Maintenance","floor":6},{"not_picked":["hermit:Horror","hermit:NoHoldsBarred"],"picked":"hermit:DeadOrAlive","floor":8},{"not_picked":["hermit:Brawl","hermit:FlashPowder"],"picked":"hermit:Maintenance","floor":9},{"not_picked":["hermit:Ricochet","hermit:Gestalt"],"picked":"hermit:GoldenBullet","floor":10},{"not_picked":["hermit:Spite","hermit:LowProfile"],"picked":"hermit:CalledShot","floor":13},{"not_picked":["hermit:Roulette","hermit:Ricochet"],"picked":"hermit:Glare","floor":15},{"not_picked":["hermit:FatalDesire","hermit:Dissolve"],"picked":"hermit:FinalCanter","floor":16},{"not_picked":["hermit:Midnight","hermit:LoneWolf+1","hermit:Spite+1"],"picked":"SKIP","floor":20},{"not_picked":["hermit:ShadowCloak","hermit:Desperado"],"picked":"hermit:GhostlyPresence","floor":21},{"not_picked":["hermit:Maintenance","hermit:WideOpen+1","hermit:Feint"],"picked":"SKIP","floor":23},{"not_picked":["hermit:LoneWolf","hermit:FatalDesire"],"picked":"hermit:EyeOfTheStorm+1","floor":25},{"not_picked":["hermit:Vantage","hermit:HoleUp","hermit:Cheat"],"picked":"SKIP","floor":27},{"not_picked":["hermit:BodyArmor+1","hermit:Headshot+1"],"picked":"hermit:Gestalt+1","floor":29},{"not_picked":["hermit:TrackingShot+1","hermit:WideOpen+1"],"picked":"hermit:Enervate+1","floor":32}],"player_experience":492212,"relics_obtained":[{"floor":5,"key":"Lantern"},{"floor":6,"key":"Boot"},{"floor":7,"key":"CeramicFish"},{"floor":8,"key":"Juzu Bracelet"},{"floor":10,"key":"Omamori"},{"floor":20,"key":"Lizard Tail"},{"floor":23,"key":"Meat on the Bone"},{"floor":24,"key":"Pantograph"},{"floor":27,"key":"Pocketwatch"}],"event_choices":[{"cards_removed":["hermit:Defend_Hermit"],"damage_healed":0,"gold_gain":0,"player_choice":"Purged","damage_taken":0,"max_hp_gain":0,"max_hp_loss":0,"event_name":"Purifier","floor":2,"gold_loss":0},{"damage_healed":18,"gold_gain":0,"player_choice":"Healed and dodged fight","damage_taken":0,"max_hp_gain":0,"max_hp_loss":0,"event_name":"Mushrooms","floor":11,"gold_loss":0,"cards_obtained":["Parasite"]}],"is_beta":false,"boss_relics":[{"not_picked":["Snecko Eye","Busted Crown"],"picked":"hermit:BartenderGlass"}],"items_purged_floors":[],"is_endless":false,"potions_floor_spawned":[3,6,10,13,25,27,32],"killed_by":"downfall:CharBossSilent","ascension_level":1}}