{"host":"usn420qyc3tqn20x","time":1607509971,"event":{"gold_per_floor":[117,46,46,12,26,61,78,78,104,104,104,120,120,145,145,175,175,273,273,291,301,301,313,331,359,359,694,721,721,738,752,413,446,446,545,545,565,576,587,39,49,49,77,88,141,141,153,153,153,12,12,12,12,12,0,29,29,29],"floor_reached":57,"playtime":3299,"items_purged":[],"score":862,"play_id":"686557a9-aece-4683-9fd3-2b7aacb50360","local_time":"20201209213251","is_ascension_mode":false,"campfire_choices":[{"data":"Flex","floor":8,"key":"SMITH"},{"data":"Combust","floor":13,"key":"SMITH"},{"data":"Anger","floor":17,"key":"SMITH"},{"floor":26,"key":"REST"},{"floor":34,"key":"REST"},{"floor":42,"key":"REST"},{"floor":46,"key":"RECALL"},{"data":"Inflame","floor":49,"key":"SMITH"},{"floor":51,"key":"REST"},{"data":"Demon Form","floor":54,"key":"SMITH"}],"neow_cost":"NONE","seed_source_timestamp":279291889848500,"circlet_count":0,"master_deck":["Strike_R+1","Strike_R","Strike_R+1","Strike_R","Strike_R","Defend_R","Defend_R","Defend_R","Defend_R","Bash","Cleave+1","Combust+1","Juggernaut","Flex+1","Metallicize","Anger+1","Anger","Offering","Flex","Sword Boomerang+1","Pommel Strike","ReplayTheSpireMod:LeadingStrike","Pommel Strike+1","Demon Form+1","Cleave","Sword Boomerang+1","Demon Form+1","Dual Wield+1","Iron Wave+1","Parasite","Heavy Blade","Blind","Inflame+1","Iron Wave+1","Sword Boomerang","Sword Boomerang+1"],"relics":["Burning Blood","NeowsBlessing","vexMod:BarristanHead","Incense Burner","Vajra","hubris:Towel","Red Skull","Painkiller Herb","Oddly Smooth Stone","aspiration:ChemicalBlood","Chemical X","aspiration:HummingbirdHeart","conspire:SpecialSausage","hubris:ChampionShield","MerchantsRug","infinitespire:Lucky Rock","Membership Card","Orichalcum","Strawberry"],"potions_floor_usage":[12,14,24,24,25,27,30,30,31,33,33,33,35,35,39,41,43,43,43,43,43,47,52,52,52,52,52,52,52,56,57,57,57,57,57],"damage_taken":[{"damage":0,"enemies":"2 Louse","floor":1,"turns":1},{"damage":0,"enemies":"Cultist","floor":5,"turns":1},{"damage":0,"enemies":"3 Sentries","floor":6,"turns":1},{"damage":0,"enemies":"Small Slimes","floor":7,"turns":2},{"damage":2,"enemies":"Blue Slaver","floor":12,"turns":3},{"damage":16,"enemies":"Gremlin Nob","floor":14,"turns":4},{"damage":12,"enemies":"Lagavulin","floor":16,"turns":5},{"damage":22,"enemies":"Fading Forest","floor":18,"turns":11},{"damage":32,"enemies":"conspire:FuzzyDice","floor":20,"turns":4},{"damage":6,"enemies":"Chosen","floor":21,"turns":3},{"damage":18,"enemies":"Snake Plant","floor":23,"turns":3},{"damage":7,"enemies":"Cultist and Chosen","floor":24,"turns":3},{"damage":21,"enemies":"Gremlin Leader","floor":25,"turns":4},{"damage":26,"enemies":"Book of Stabbing","floor":27,"turns":3},{"damage":20,"enemies":"Shelled Parasite and Fungi","floor":30,"turns":3},{"damage":7,"enemies":"Centurion and Healer","floor":31,"turns":3},{"damage":7,"enemies":"conspire:Head Lice","floor":33,"turns":2},{"damage":36,"enemies":"Champ","floor":35,"turns":8},{"damage":7,"enemies":"Orb Walker","floor":37,"turns":3},{"damage":7,"enemies":"3 Darklings","floor":38,"turns":3},{"damage":30,"enemies":"Writhing Mass","floor":39,"turns":5},{"damage":19,"enemies":"4 Shapes","floor":41,"turns":5},{"damage":35,"enemies":"Giant Head","floor":43,"turns":6},{"damage":0,"enemies":"Spire Growth","floor":44,"turns":4},{"damage":0,"enemies":"Jaw Worm Horde","floor":47,"turns":2},{"damage":79,"enemies":"infinitespire:MassOfShapes","floor":52,"turns":10},{"damage":16,"enemies":"Shield and Spear","floor":56,"turns":5},{"damage":125,"enemies":"The Heart","floor":57,"turns":6}],"seed_played":"8917580325728407804","potions_obtained":[{"floor":6,"key":"ColorlessPotion"},{"floor":12,"key":"Weak Potion"},{"floor":18,"key":"Weak Potion"},{"floor":21,"key":"Cursed Concoction"},{"floor":23,"key":"Elixir"},{"floor":24,"key":"Explosive Potion"},{"floor":25,"key":"Energy Potion"},{"floor":27,"key":"SpeedPotion"},{"floor":30,"key":"SkillPotion"},{"floor":31,"key":"AttackPotion"},{"floor":33,"key":"Elixir"},{"floor":35,"key":"LiquidBronze"},{"floor":37,"key":"Elixir"},{"floor":38,"key":"Strength Potion"},{"floor":38,"key":"PowerPotion"},{"floor":41,"key":"Milkshake"},{"floor":43,"key":"Energy Potion"},{"floor":44,"key":"AttackPotion"},{"floor":47,"key":"DuplicationPotion"}],"is_trial":false,"path_per_floor":["M","$","?","$","M","E","M","R","T","PTL","PTL","M","R","E","?","E","R","B",null,"?","?","?","?","?","E","T","E","T","?","?","?","T","E","T","B",null,"?","?","?","T","?","T","E","?","T","T","?","?","T","T","T","B",null,"T","T","E","B"],"character_chosen":"IRONCLAD","items_purchased":["vexMod:BarristanHead","Cleave+1","Regal Pillow","Chemical X","Adrenaline Potion","FearPotion","hubris:ChampionShield","MerchantsRug","infinitespire:Lucky Rock","Blind","Membership Card","Fire Potion","FairyPotion","PowerPotion","Orichalcum"],"campfire_rested":4,"item_purchase_floors":[2,4,32,32,32,32,40,40,40,40,50,50,55,55,55],"current_hp_per_floor":[80,80,80,80,80,80,80,80,80,80,80,80,80,70,70,64,64,58,80,54,54,54,42,41,26,50,30,30,30,16,15,15,14,53,39,80,79,78,54,54,41,80,51,57,57,57,63,63,63,63,80,7,80,80,80,77,0,0],"gold":29,"neow_bonus":"THREE_ENEMY_KILL","is_prod":false,"is_daily":false,"chose_seed":false,"campfire_upgraded":5,"win_rate":0,"timestamp":1607509971,"path_taken":["M","$","?","$","?","E","?","R","T","PTL","PTL","M","R","E","?","E","R","BOSS","?","?","?","?","?","E","T","E","T","?","?","?","T","E","T","BOSS","?","?","?","T","?","T","E","?","T","T","?","?","T","?","T","BOSS","T","T","E","BOSS"],"build_version":"2020-11-30","purchased_purges":0,"victory":false,"max_hp_per_floor":[80,80,80,80,80,80,80,80,80,80,80,80,80,80,80,80,80,80,80,80,80,80,80,80,80,80,80,80,80,80,80,80,80,80,80,80,80,80,80,80,80,80,80,80,80,80,80,80,80,80,80,80,80,80,80,87,87,87],"card_choices":[{"not_picked":["Shrug It Off","Burning Pact"],"picked":"Flame Barrier","floor":1},{"not_picked":["Heavy Blade","Clash"],"picked":"Combust","floor":5},{"not_picked":["Headbutt","Hemogenesis"],"picked":"Juggernaut","floor":6},{"not_picked":["ReplayTheSpireMod:Limb From Limb","Sever Soul"],"picked":"Flex","floor":7},{"not_picked":["Sword Boomerang","Thunderclap"],"picked":"Metallicize","floor":12},{"not_picked":["Replay:Undeath\u0027s Touch","Feed"],"picked":"Anger","floor":14},{"not_picked":["Brutality","conspire:ExplosiveBarrier"],"picked":"Anger","floor":16},{"not_picked":["Impervious","Replay:Many Hands"],"picked":"Offering","floor":18},{"not_picked":["Rage+1","Havoc"],"picked":"Flex","floor":20},{"not_picked":["Twin Strike+1","Rampage"],"picked":"Sword Boomerang+1","floor":21},{"not_picked":["Juggernaut","Wild Strike"],"picked":"Pommel Strike","floor":23},{"not_picked":["Feed","Replay:Undeath\u0027s Touch+1","infinitespire:OneForAll+1"],"picked":"SKIP","floor":24},{"not_picked":["Clothesline","Pommel Strike+1"],"picked":"ReplayTheSpireMod:LeadingStrike","floor":25},{"not_picked":["Havoc","Wild Strike+1"],"picked":"Pommel Strike+1","floor":27},{"not_picked":["Whirlwind","conspire:ExplosiveBarrier"],"picked":"Demon Form","floor":30},{"not_picked":["Shrug It Off","Abandon"],"picked":"Cleave","floor":31},{"not_picked":["Second Wind","Reaper"],"picked":"Sword Boomerang+1","floor":33},{"not_picked":["Eclipse","Double Tap"],"picked":"Demon Form","floor":35},{"not_picked":["Warcry","Power Through"],"picked":"Dual Wield+1","floor":37},{"not_picked":["Flame Barrier","Heavy Blade+1"],"picked":"Iron Wave+1","floor":38},{"not_picked":["Sword Boomerang","Shockwave"],"picked":"Heavy Blade","floor":39},{"not_picked":["Sword Boomerang+1","Dropkick+1"],"picked":"Inflame","floor":41},{"not_picked":["Body Slam","Dark Embrace+1"],"picked":"Iron Wave+1","floor":43},{"not_picked":["ReplayTheSpireMod:Strike From Hell","conspire:Purge"],"picked":"Sword Boomerang","floor":44},{"not_picked":["Abandon+1","Sentinel"],"picked":"Sword Boomerang","floor":47},{"not_picked":["True Grit","Replay:Undeath\u0027s Touch","Warcry"],"picked":"SKIP","floor":56}],"player_experience":364491,"relics_obtained":[{"floor":6,"key":"Incense Burner"},{"floor":9,"key":"Vajra"},{"floor":14,"key":"Whetstone"},{"floor":16,"key":"Red Skull"},{"floor":25,"key":"Oddly Smooth Stone"},{"floor":27,"key":"Old Coin"},{"floor":28,"key":"aspiration:ChemicalBlood"},{"floor":33,"key":"aspiration:HummingbirdHeart"},{"floor":43,"key":"Gremlin Food"},{"floor":56,"key":"Strawberry"}],"event_choices":[{"cards_removed":["Flame Barrier"],"damage_healed":0,"gold_gain":0,"player_choice":"Offered Uncommon","damage_taken":0,"max_hp_gain":0,"max_hp_loss":0,"event_name":"Bonfire Elementals","floor":3,"gold_loss":0},{"damage_healed":0,"gold_gain":0,"player_choice":"Gave Potion","damage_taken":0,"relics_obtained":["White Beast Statue"],"max_hp_gain":0,"max_hp_loss":0,"event_name":"WeMeetAgain","floor":22,"gold_loss":0},{"damage_healed":0,"gold_gain":0,"player_choice":"Ignored","damage_taken":0,"max_hp_gain":0,"max_hp_loss":0,"event_name":"Vampires","floor":29,"gold_loss":0},{"damage_healed":0,"gold_gain":0,"player_choice":"Upgraded","damage_taken":0,"max_hp_gain":0,"max_hp_loss":0,"event_name":"Upgrade Shrine","floor":48,"gold_loss":0,"cards_upgraded":["Demon Form"]}],"is_beta":false,"boss_relics":[{"not_picked":["vexMod:CursedCompass","hubris:CrackedHourglass"],"picked":"Painkiller Herb"},{"not_picked":["SlaversCollar","Replay:Grab Bag"],"picked":"conspire:SpecialSausage"}],"items_purged_floors":[],"is_endless":false,"potions_floor_spawned":[6,12,18,21,23,24,25,27,30,31,33,35,37,38,39,41,43,44,47],"killed_by":"The Heart","ascension_level":0}}