{"host":"iiglj9c36e8zluux","time":1607488313,"event":{"gold_per_floor":[119,135,155,167,167,167,183,214,214,245,245,91,91,91,91,195,195,211,231,245,258,258,258,258,287,368,368,368,399,399,414,414,515,515,565,565,619,674,674,674,674,674,674,674,768,861,861,955,955,959],"floor_reached":51,"playtime":4515,"items_purged":[],"score":936,"play_id":"e265121a-c8b7-462f-8a22-61860cdd9dec","local_time":"20201208203153","daily_mods":["SealedDeck","Heirloom","Flight","DeadlyEvents","Elite Swarm"],"is_ascension_mode":false,"campfire_choices":[{"data":"Bane","floor":6,"key":"SMITH"},{"floor":13,"key":"REST"},{"floor":23,"key":"REST"},{"data":"Envenom","floor":28,"key":"SMITH"},{"data":"Cloak And Dagger","floor":30,"key":"SMITH"},{"floor":32,"key":"REST"},{"data":"Infinite Blades","floor":41,"key":"SMITH"},{"data":"ReplayTheSpireMod:Black Plague","floor":42,"key":"SMITH"},{"floor":47,"key":"REST"},{"data":"Deadly Poison","floor":47,"key":"PURGE"},{"floor":49,"key":"REST"}],"neow_cost":"","seed_source_timestamp":0,"circlet_count":0,"master_deck":["Cloak And Dagger+1","Cloak And Dagger","Backflip+1","Deadly Poison+1","Dodge and Roll+1","Dodge and Roll","Prepared","Accuracy","Calculated Gamble+1","Flying Knee","Bane+1","ReplayTheSpireMod:Speed Training+1","Infinite Blades+1","Die Die Die","Corpse Explosion","ReplayTheSpireMod:Necrosis","Prepared+1","Escape Plan","Cloak And Dagger","Hidden Blade","Blade Dance","Envenom+1","Backflip+1","A Thousand Cuts","Infinite Blades+1","ReplayTheSpireMod:Black Plague+1","ReplayTheSpireMod:Shiv Toss","After Image","ReplayTheSpireMod:Necrosis","Malaise"],"relics":["Ring of the Snake","Replay:Multitool","Omamori","conspire:TopHat","Durian","ToxicTincture","Fusion Hammer","halation:Diary","SpikesRelics:ToyHorsey","infinitespire:Bottled Soul","infinitespire:EmpoweringShard","infinitespire:EvilPickle","conspire:SpecialSausage","infinitespire:Magic Flask","Replay:Bandana","hubris:AncientText","Lizard Tail","vexMod:FocusSash"],"potions_floor_usage":[8,16,16,29,33,33,45,50,50],"damage_taken":[{"damage":3,"enemies":"Small Slimes","floor":1,"turns":4},{"damage":0,"enemies":"Jaw Worm","floor":2,"turns":4},{"damage":1,"enemies":"2 Louse","floor":3,"turns":3},{"damage":5,"enemies":"Red Slaver","floor":4,"turns":4},{"damage":12,"enemies":"Large Slime","floor":7,"turns":6},{"damage":1,"enemies":"3 Sentries","floor":8,"turns":9},{"damage":37,"enemies":"Gremlin Nob","floor":10,"turns":4},{"damage":21,"enemies":"Hexaghost","floor":16,"turns":7},{"damage":15,"enemies":"2 Thieves","floor":18,"turns":3},{"damage":0,"enemies":"conspire:FuzzyDice","floor":19,"turns":4},{"damage":6,"enemies":"Shelled Parasite and Fungi","floor":20,"turns":4},{"damage":21,"enemies":"Centurion and Healer","floor":21,"turns":4},{"damage":43,"enemies":"Slavers","floor":25,"turns":3},{"damage":0,"enemies":"conspire:MimicChest","floor":29,"turns":4},{"damage":0,"enemies":"conspire:HollyBat","floor":31,"turns":5},{"damage":13,"enemies":"Pondfish","floor":33,"turns":7},{"damage":9,"enemies":"3 Darklings","floor":35,"turns":3},{"damage":3,"enemies":"3 Shapes","floor":37,"turns":2},{"damage":25,"enemies":"3 Darklings","floor":38,"turns":4},{"damage":20,"enemies":"R_Hoarder","floor":45,"turns":5},{"damage":10,"enemies":"Giant Head","floor":46,"turns":5},{"damage":42,"enemies":"Nemesis","floor":48,"turns":7},{"damage":39,"enemies":"infinitespire:MassOfShapes","floor":50,"turns":9}],"seed_played":"4160219273730282474","potions_obtained":[{"floor":1,"key":"PowerPotion"},{"floor":7,"key":"Poison Potion"},{"floor":8,"key":"Dexterity Potion"},{"floor":16,"key":"blueLaboratory:ExaltedPotion"},{"floor":18,"key":"Adrenaline Potion"},{"floor":25,"key":"CultistPotion"},{"floor":29,"key":"blueLaboratory:Moonshine"},{"floor":33,"key":"FearPotion"},{"floor":45,"key":"Strength Potion"},{"floor":46,"key":"BlessingOfTheForge"},{"floor":48,"key":"Venom Potion"}],"is_trial":true,"path_per_floor":["M","M","M","M","?","R","M","E","T","E","R","$","R","$","R","B",null,"M","M","M","M","AVR","R","R","E","T","R","R","?","R","M","R","B",null,"M","AVR","M","M","?","R","R","R","T","R","E","E","R","E","R","B",null],"character_chosen":"THE_SILENT","items_purchased":["ToxicTincture"],"campfire_rested":5,"item_purchase_floors":[12],"current_hp_per_floor":[67,67,66,61,61,61,49,48,48,16,38,38,60,60,75,54,75,60,60,54,33,33,55,55,12,12,34,34,34,34,34,56,43,75,66,66,63,38,38,60,60,60,60,75,55,45,67,25,69,30],"gold":959,"neow_bonus":"","is_prod":false,"is_daily":false,"chose_seed":false,"campfire_upgraded":5,"win_rate":0,"timestamp":1607488313,"path_taken":["M","M","M","M","?","R","M","E","T","E","R","$","R","?","R","BOSS","M","M","M","M","AVR","R","R","E","T","R","R","?","R","M","R","BOSS","M","AVR","M","M","?","R","R","R","T","R","?","E","R","E","R","BOSS"],"build_version":"2020-11-30","purchased_purges":0,"victory":true,"max_hp_per_floor":[70,70,70,70,70,70,70,70,70,75,75,75,75,75,75,75,75,75,75,75,75,75,75,75,75,75,75,75,75,75,75,75,75,75,75,75,75,75,75,75,75,75,75,75,75,75,75,75,75,75],"card_choices":[{"not_picked":["PiercingWail","Acrobatics"],"picked":"Accuracy","floor":1},{"not_picked":["Deflect","Quick Slash"],"picked":"Calculated Gamble","floor":2},{"not_picked":["Dash","Sucker Punch"],"picked":"Flying Knee","floor":3},{"not_picked":["Expertise","Deadly Poison"],"picked":"Bane","floor":4},{"not_picked":["conspire:DoublingDagger","Poisoned Stab"],"picked":"Infinite Blades","floor":7},{"not_picked":["Phantasmal Killer","Night Terror"],"picked":"Die Die Die","floor":8},{"not_picked":["Replay:Bag of Tricks","Atom Bomb"],"picked":"Corpse Explosion","floor":10},{"not_picked":["Wraith Form v2","ReplayTheSpireMod:From All Sides"],"picked":"ReplayTheSpireMod:Necrosis","floor":16},{"not_picked":["Caltrops","Hidden Blade"],"picked":"Prepared+1","floor":18},{"not_picked":["Terror","Quick Slash"],"picked":"Escape Plan","floor":19},{"not_picked":["Poisoned Stab+1","Fluid Movement"],"picked":"Cloak And Dagger","floor":20},{"not_picked":["Tactician+1","Underhanded Strike"],"picked":"Hidden Blade","floor":21},{"not_picked":["ReplayTheSpireMod:Necrosis","Phantasmal Killer"],"picked":"Envenom","floor":25},{"not_picked":["Quick Slash","Deflect"],"picked":"Backflip+1","floor":29},{"not_picked":["All Out Attack","Poisoned Stab","Acrobatics"],"picked":"SKIP","floor":31},{"not_picked":["Adrenaline","Glass Knife"],"picked":"A Thousand Cuts","floor":33},{"not_picked":["ReplayTheSpireMod:Speed Training","Quick Slash+1"],"picked":"Infinite Blades","floor":35},{"not_picked":["Choke","Tactician+1","Deadly Poison"],"picked":"SKIP","floor":37},{"not_picked":["Quick Slash+1","hubris:SlightOfHand+1"],"picked":"ReplayTheSpireMod:Shiv Toss","floor":38},{"not_picked":["Malaise","Poison Darts"],"picked":"After Image","floor":45},{"not_picked":["Bullet Time","Phantasmal Killer"],"picked":"ReplayTheSpireMod:Necrosis","floor":46},{"not_picked":["Bullet Time","Tools of the Trade"],"picked":"Malaise","floor":48}],"player_experience":73654,"relics_obtained":[{"floor":8,"key":"Omamori"},{"floor":9,"key":"conspire:TopHat"},{"floor":10,"key":"Durian"},{"floor":25,"key":"SpikesRelics:ToyHorsey"},{"floor":26,"key":"infinitespire:Bottled Soul"},{"floor":29,"key":"infinitespire:EmpoweringShard"},{"floor":43,"key":"Replay:Bandana"},{"floor":45,"key":"hubris:AncientText"},{"floor":46,"key":"Lizard Tail"},{"floor":48,"key":"vexMod:FocusSash"}],"event_choices":[{"damage_healed":0,"gold_gain":0,"cards_transformed":["Dodge and Roll"],"player_choice":"Change","damage_taken":0,"max_hp_gain":0,"max_hp_loss":0,"event_name":"Living Wall","floor":5,"gold_loss":0,"cards_obtained":["ReplayTheSpireMod:Speed Training"]},{"damage_healed":0,"gold_gain":0,"player_choice":"Ignored","damage_taken":0,"max_hp_gain":0,"max_hp_loss":0,"event_name":"SecretPortal","floor":39,"gold_loss":0}],"is_beta":false,"boss_relics":[{"not_picked":["ReplayTheSpireMod:DimensionalGlitch","ReplayTheSpireMod:SealedPack"],"picked":"Fusion Hammer"},{"not_picked":["Black Star","halation:LoveArrow"],"picked":"conspire:SpecialSausage"}],"items_purged_floors":[],"is_endless":false,"potions_floor_spawned":[1,7,8,16,18,25,29,31,33,45,46,48],"ascension_level":0}}