{"host":"0w69akqzy16si4rs","time":1607551513,"event":{"gold_per_floor":[113,113,38,38,38,64,83,103,103,103,132,147,112,128,128,229,229,245,256,11,21,21,53,53,73,99,99,28,28,28,28],"floor_reached":30,"playtime":1529,"items_purged":[],"score":436,"play_id":"e7abacf5-7ce5-4b5d-810d-c103ae089736","local_time":"20201209170513","is_ascension_mode":true,"campfire_choices":[{"data":"Perseverance","floor":10.0,"key":"SMITH"},{"data":"Eruption","floor":15.0,"key":"SMITH"},{"data":"Adaptation","floor":24,"key":"SMITH"}],"neow_cost":"NONE","seed_source_timestamp":0,"circlet_count":0,"master_deck":["Strike_P+1","Defend_P","Defend_P","Defend_P","Defend_P","Eruption+1","Vigilance","BowlingBash+1","ReachHeaven","Indignation+1","Meditate+1","Perseverance+1","InnerPeace","Crescendo","Adaptation+1","LessonLearned","LikeWater+1","FlurryOfBlows","Swift Strike","ReplayTheSpireMod:IOU","FlurryOfBlows","ReplayTheSpireMod:IOU","Dark Shackles","Dark Shackles","Transmutation","LikeWater+1","ReachHeaven","ClearTheMind","ReplayTheSpireMod:IOU","ReplayTheSpireMod:IOU","ReplayTheSpireMod:IOU","ReplayTheSpireMod:IOU","LikeWater","Spreading Infection"],"special_seed":0,"relics":["Sizzling Blood","NeowsBlessing","infinitespire:Cubic Diamond","White Beast Statue","Garlic","Potion Belt","Empty Cage","Replay:Wax Seal","Art of War","ReplayTheSpireMod:ShopPack","Durian","Yang","Blood Vial","Ring of Peace","Ring of Hypnosis"],"potions_floor_usage":[23,23,23,25,30],"damage_taken":[{"damage":0.0,"enemies":"Small Slimes","floor":1.0,"turns":1.0},{"damage":0.0,"enemies":"Gremlin Nob","floor":6.0,"turns":1.0},{"damage":0.0,"enemies":"2 Louse","floor":7.0,"turns":1.0},{"damage":6.0,"enemies":"Cultist","floor":8.0,"turns":3.0},{"damage":20.0,"enemies":"Lagavulin","floor":11.0,"turns":5.0},{"damage":13.0,"enemies":"2 Fungi Beasts","floor":12.0,"turns":3.0},{"damage":0.0,"enemies":"Large Slime","floor":14.0,"turns":4.0},{"damage":19.0,"enemies":"Slime Boss","floor":16.0,"turns":6.0},{"damage":0.0,"enemies":"3 Byrds","floor":18.0,"turns":5.0},{"damage":11.0,"enemies":"Shell Parasite","floor":19.0,"turns":6.0},{"damage":18.0,"enemies":"Shelled Parasite and Fungi","floor":21.0,"turns":5.0},{"damage":3,"enemies":"Gremlin Leader","floor":23,"turns":13},{"damage":39,"enemies":"Sentry and Sphere","floor":25,"turns":9},{"damage":34,"enemies":"Cultist and Chosen","floor":30,"turns":6}],"seed_played":"-9063032625444453596","potions_obtained":[{"floor":6.0,"key":"SkillPotion"},{"floor":7.0,"key":"Swift Potion"},{"floor":8.0,"key":"Ancient Potion"},{"floor":11.0,"key":"ColorlessPotion"},{"floor":12.0,"key":"Swift Potion"},{"floor":14.0,"key":"Weak Potion"},{"floor":16.0,"key":"StancePotion"},{"floor":19.0,"key":"Elixir"},{"floor":21.0,"key":"Explosive Potion"},{"floor":23,"key":"Strength Potion"},{"floor":25,"key":"Explosive Potion"}],"is_trial":false,"path_per_floor":["M","?","$","?","$","E","M","M","T","R","E","M","?","M","R","B",null,"M","M","$","M","?","E","R","M","T","?","$","?","M"],"character_chosen":"WATCHER","items_purchased":["ReachHeaven","Replay:Wax Seal","Swift Strike","Art of War","FlurryOfBlows","ReplayTheSpireMod:ShopPack","Yang","Blood Vial","LikeWater"],"campfire_rested":0,"item_purchase_floors":[3,20,20,20,20,20,28,28,28],"current_hp_per_floor":[72,72,72,65,65,69,72,70,70,70,54,45,63,67,67,52,72,72,65,65,51,44,50,50,15,15,15,15,15,0,0],"gold":28,"neow_bonus":"THREE_ENEMY_KILL","is_prod":false,"is_daily":false,"chose_seed":false,"campfire_upgraded":3,"win_rate":0,"timestamp":1607551513,"path_taken":["M","?","$","?","$","E","M","M","T","R","E","M","?","M","R","BOSS","M","M","$","M","?","E","R","?","T","?","$","?","M"],"build_version":"2020-11-30","purchased_purges":0,"victory":false,"max_hp_per_floor":[72,72,72,72,72,72,72,72,72,72,72,72,72,72,72,72,72,72,72,72,72,72,77,77,77,77,77,77,77,77,77],"card_choices":[{"not_picked":["PathToVictory","ClearTheMind"],"picked":"BowlingBash","floor":1.0},{"not_picked":["Replay:LoomingThreat","ThirdEye"],"picked":"Indignation","floor":6.0},{"not_picked":["TalkToTheHand","SandsOfTime"],"picked":"Meditate","floor":7.0},{"not_picked":["Conclude","Prostrate"],"picked":"Perseverance","floor":8.0},{"not_picked":["ThirdEye","Replay:Anticipation"],"picked":"InnerPeace","floor":11.0},{"not_picked":["Replay:Vibes","ThirdEye"],"picked":"Crescendo","floor":12.0},{"not_picked":["BattleHymn","Crescendo"],"picked":"Adaptation","floor":14.0},{"not_picked":["Establishment","Omniscience"],"picked":"LessonLearned","floor":16.0},{"not_picked":["Perseverance","Vengeance"],"picked":"LikeWater+1","floor":18.0},{"not_picked":["Evaluate","CrushJoints"],"picked":"FlurryOfBlows","floor":19.0},{"not_picked":["ReplayTheSpireMod:Necrogeddon","Purity"],"picked":"Dark Shackles","floor":20.0},{"not_picked":["ReplayTheSpireMod:Necrogeddon","Trip"],"picked":"Dark Shackles","floor":20.0},{"not_picked":["Midas Touch","Poisoned Strike"],"picked":"Transmutation","floor":20.0},{"not_picked":["Collect","Prostrate+1"],"picked":"LikeWater+1","floor":21.0},{"not_picked":["Replay:LoomingThreat","SashWhip"],"picked":"ReachHeaven","floor":23},{"not_picked":["SandsOfTime","Evaluate"],"picked":"ClearTheMind","floor":25}],"player_experience":301131,"relics_obtained":[{"floor":6.0,"key":"White Beast Statue"},{"floor":9.0,"key":"Garlic"},{"floor":11.0,"key":"Potion Belt"},{"floor":23,"key":"Durian"},{"floor":29,"key":"Ring of Peace"},{"floor":29,"key":"Ring of Hypnosis"}],"event_choices":[{"cards_removed":["Strike_P"],"damage_healed":0.0,"max_hp_gain":0.0,"max_hp_loss":0.0,"gold_gain":0.0,"event_name":"Golden Wing","player_choice":"Card Removal","floor":4.0,"gold_loss":0.0,"damage_taken":7.0},{"damage_healed":18.0,"max_hp_gain":0.0,"max_hp_loss":0.0,"gold_gain":0.0,"event_name":"The Cleric","player_choice":"Healed","floor":13.0,"gold_loss":35.0,"damage_taken":0.0},{"damage_healed":0.0,"max_hp_gain":0.0,"max_hp_loss":0.0,"gold_gain":0.0,"event_name":"Wheel of Change","player_choice":"Damaged","floor":22.0,"gold_loss":0.0,"damage_taken":7.0}],"is_beta":false,"boss_relics":[{"not_picked":["conspire:SpecialSausage","Replay:Drink Me"],"picked":"Empty Cage"}],"items_purged_floors":[],"is_endless":false,"potions_floor_spawned":[6,7,8,11,12,14,16,18,19,21,23,25],"killed_by":"Cultist and Chosen","ascension_level":2}}