{"host":"Berg","time":1607556923,"event":{"gold_per_floor":[418,418,418,24,41,70,70,100,100,100,100,114,114,139,139,232,232,245,114,132,148,0,0,0,0],"floor_reached":24,"playtime":702,"items_purged":[],"score":408,"play_id":"ba0e7ce9-2f2a-4da8-8a9d-5e142799cf8a","local_time":"20201209183523","is_ascension_mode":true,"campfire_choices":[{"floor":7,"key":"REST"},{"data":"Doom and Gloom","floor":10,"key":"SMITH"},{"floor":13,"key":"REST"},{"floor":15,"key":"REST"},{"floor":23,"key":"REST"}],"neow_cost":"TEN_PERCENT_HP_LOSS","seed_source_timestamp":93361895505800,"circlet_count":0,"master_deck":["AscendersBane","Defend_B","Defend_B","Defend_B","Defend_B","Zap","Dualcast","Cold Snap","Barrage","Ball Lightning","The Bomb","Compile Driver","Loop","Rebound","Doom and Gloom+1","Defragment","Reboot","Core Surge","Fusion+1","Heatsinks+1","Beam Cell+1","Redo+1","Static Discharge","Steam","Cold Snap","Glacier"],"relics":["Cracked Core","Old Coin","Shuriken","Oddly Smooth Stone","Bottled Flame","Golden Idol","Astrolabe"],"potions_floor_usage":[16,16,21],"damage_taken":[{"damage":4,"enemies":"2 Louse","floor":1,"turns":2},{"damage":10,"enemies":"Jaw Worm","floor":5,"turns":3},{"damage":27,"enemies":"Gremlin Nob","floor":6,"turns":4},{"damage":35,"enemies":"Lagavulin","floor":8,"turns":7},{"damage":0,"enemies":"Small Slimes","floor":12,"turns":3},{"damage":21,"enemies":"Looter","floor":14,"turns":4},{"damage":23,"enemies":"The Guardian","floor":16,"turns":10},{"damage":2,"enemies":"Spheric Guardian","floor":18,"turns":3},{"damage":26,"enemies":"2 Thieves","floor":20,"turns":3},{"damage":21,"enemies":"Centurion and Healer","floor":21,"turns":6},{"damage":39,"enemies":"Cultist and Chosen","floor":24,"turns":3}],"seed_played":"-6812424865933874009","potions_obtained":[{"floor":6,"key":"SneckoOil"},{"floor":8,"key":"Regen Potion"},{"floor":16,"key":"Swift Potion"},{"floor":20,"key":"AttackPotion"}],"is_trial":false,"path_per_floor":["M","?","?","$","M","E","R","E","T","R","?","M","R","M","R","B",null,"M","$","M","M","?","R","M"],"character_chosen":"DEFECT","items_purchased":["Ball Lightning","The Bomb","Compile Driver","Loop","Static Discharge","Steam"],"campfire_rested":4,"item_purchase_floors":[4,4,4,4,19,19],"current_hp_per_floor":[60,60,65,65,55,28,48,13,13,13,13,13,31,10,28,20,52,50,50,24,3,3,21,0,0],"gold":0,"neow_bonus":"ONE_RARE_RELIC","is_prod":false,"is_daily":false,"chose_seed":false,"campfire_upgraded":1,"win_rate":0,"timestamp":1607556923,"path_taken":["M","?","?","?","?","E","R","E","T","R","?","M","R","M","R","BOSS","M","$","M","M","?","R","M"],"build_version":"2020-12-07","purchased_purges":0,"victory":false,"max_hp_per_floor":[64,64,69,69,69,69,69,69,69,69,63,63,63,63,63,63,63,63,63,63,63,63,63,63,63],"relic_stats":{"counters":[11,48],"Shuriken":[6],"Golden Idol":37,"Astrolabe":["Fusion","Heatsinks","Beam Cell"],"obtain_stats":[{"Bottled Flame":9,"Shuriken":6,"Golden Idol":11,"Astrolabe":17,"Oddly Smooth Stone":8,"Cracked Core":0,"Old Coin":0},{"Bottled Flame":4,"Shuriken":3,"Golden Idol":4,"Astrolabe":7,"Oddly Smooth Stone":4,"Cracked Core":0,"Old Coin":0},{"Bottled Flame":16,"Shuriken":9,"Golden Idol":16,"Astrolabe":33,"Oddly Smooth Stone":16,"Cracked Core":0,"Old Coin":0}]},"card_choices":[{"not_picked":["Stack","Gash"],"picked":"Cold Snap","floor":1},{"not_picked":["Leap","Hologram"],"picked":"Rebound","floor":5},{"not_picked":["Ball Lightning","Heatsinks"],"picked":"Doom and Gloom","floor":6},{"not_picked":["Doom and Gloom","Beam Cell","Stack"],"picked":"SKIP","floor":8},{"not_picked":["Compile Driver","Cold Snap"],"picked":"Defragment","floor":12},{"not_picked":["White Noise","Chaos"],"picked":"Reboot","floor":14},{"not_picked":["Multi-Cast","Meteor Strike"],"picked":"Core Surge","floor":16},{"not_picked":["Sweeping Beam","Rebound"],"picked":"Redo+1","floor":18},{"not_picked":["Doom and Gloom","Beam Cell+1"],"picked":"Cold Snap","floor":20},{"not_picked":["Coolheaded","Hello World"],"picked":"Glacier","floor":21}],"player_experience":1318641,"relics_obtained":[{"floor":6,"key":"Shuriken"},{"floor":8,"key":"Oddly Smooth Stone"},{"floor":9,"key":"Bottled Flame"}],"event_choices":[{"damage_healed":0,"gold_gain":0,"cards_transformed":["Strike_B"],"player_choice":"Change","damage_taken":0,"max_hp_gain":0,"max_hp_loss":0,"event_name":"Living Wall","floor":2,"gold_loss":0,"cards_obtained":["Barrage"]},{"damage_healed":0,"gold_gain":0,"player_choice":"Donut","damage_taken":0,"max_hp_gain":5,"max_hp_loss":0,"event_name":"Big Fish","floor":3,"gold_loss":0},{"damage_healed":0,"gold_gain":0,"player_choice":"Lose Max HP","damage_taken":0,"relics_obtained":["Golden Idol"],"max_hp_gain":0,"max_hp_loss":6,"event_name":"Golden Idol","floor":11,"gold_loss":0},{"damage_healed":0,"gold_gain":0,"player_choice":"Paid Fearfully","damage_taken":0,"max_hp_gain":0,"max_hp_loss":0,"event_name":"Masked Bandits","floor":22,"gold_loss":148}],"is_beta":true,"boss_relics":[{"not_picked":["Sozu","Cursed Key"],"picked":"Astrolabe"}],"items_purged_floors":[],"is_endless":false,"potions_floor_spawned":[6,8,12,16,20],"killed_by":"Cultist and Chosen","ascension_level":20}}