{"host":"m1ntkrf87179kmo6","time":1607557062,"event":{"gold_per_floor":[118,118,118,6,21,50,50,50,75,75,75,126,140,158,158,158,158],"floor_reached":16,"playtime":837,"items_purged":["Regret"],"score":123,"play_id":"328126d4-7394-4ca4-acc2-92d8aa788830","local_time":"20201209183742","is_ascension_mode":false,"campfire_choices":[{"floor":7,"key":"RECALL"},{"data":"Shade:Brains","floor":10,"key":"SMITH"},{"data":"Shade:TouchOfTheGrave","floor":15,"key":"SMITH"}],"neow_cost":"NONE","seed_source_timestamp":23269657887433,"circlet_count":0,"master_deck":["Shade:Strike_Shade","Shade:Strike_Shade","Shade:Strike_Shade","Shade:Strike_Shade","Shade:Defend_Shade","Shade:Defend_Shade","Shade:Defend_Shade","Shade:Defend_Shade","Shade:AnimateDead+1","Shade:CarefulCut+1","Shade:ClawBack+1","Shade:Brains+1","Shade:GreyBargain","Shade:FuneraryJewels","Shade:TouchOfTheGrave+1"],"relics":["Shade:YorickSkull","NeowsBlessing","MawBank","Whetstone","Toy Ornithopter"],"potions_floor_usage":[16],"damage_taken":[{"damage":0,"enemies":"2 Louse","floor":1,"turns":1},{"damage":0,"enemies":"Jaw Worm","floor":5,"turns":1},{"damage":0,"enemies":"Lagavulin","floor":6,"turns":1},{"damage":0,"enemies":"Cultist","floor":13,"turns":4},{"damage":0,"enemies":"Blue Slaver","floor":14,"turns":4},{"damage":71,"enemies":"Hexaghost","floor":16,"turns":16}],"seed_played":"-2105000531518350449","potions_obtained":[{"floor":5,"key":"Explosive Potion"}],"is_trial":false,"path_per_floor":["M","?","?","$","M","E","R","T","T","R","$","?","M","M","R","B"],"character_chosen":"SHADE","items_purchased":["Shade:Brains"],"campfire_rested":0,"item_purchase_floors":[4],"current_hp_per_floor":[65,65,65,65,65,65,65,65,65,65,65,65,65,65,65,0,0],"gold":158,"neow_bonus":"THREE_ENEMY_KILL","is_prod":false,"is_daily":false,"chose_seed":false,"campfire_upgraded":2,"win_rate":0,"timestamp":1607557062,"path_taken":["M","?","?","$","M","E","R","?","T","R","?","?","?","?","R","BOSS"],"build_version":"2020-11-30","purchased_purges":1,"victory":false,"max_hp_per_floor":[65,65,65,65,65,65,65,65,65,65,65,65,65,65,65,65,65],"card_choices":[{"not_picked":["Shade:FreshBones","Shade:FingerOfDeath"],"picked":"Shade:ClawBack","floor":1},{"not_picked":["Shade:SkeletonHug","Shade:Bonestorm"],"picked":"Shade:GreyBargain","floor":5},{"not_picked":["Shade:DarkOfNight","Shade:FingerOfDeath","Shade:FleshToFlesh"],"picked":"SKIP","floor":6},{"not_picked":["Shade:SkeletonHug","Shade:Excise"],"picked":"Shade:FuneraryJewels","floor":13},{"not_picked":["Shade:LyeBath","Shade:OpenGraves"],"picked":"Shade:TouchOfTheGrave","floor":14}],"player_experience":951914,"relics_obtained":[{"floor":6,"key":"Whetstone"},{"floor":9,"key":"Toy Ornithopter"}],"event_choices":[{"damage_healed":0,"gold_gain":0,"player_choice":"Grow","damage_taken":0,"max_hp_gain":0,"max_hp_loss":0,"event_name":"Living Wall","floor":2,"gold_loss":0,"cards_upgraded":["Shade:AnimateDead"]},{"damage_healed":0,"gold_gain":0,"player_choice":"Box","damage_taken":0,"relics_obtained":["MawBank"],"max_hp_gain":0,"max_hp_loss":0,"event_name":"Big Fish","floor":3,"gold_loss":0,"cards_obtained":["Regret"]},{"damage_healed":0,"gold_gain":51,"player_choice":"Gained Gold","damage_taken":0,"max_hp_gain":0,"max_hp_loss":0,"event_name":"Golden Wing","floor":12,"gold_loss":0}],"is_beta":false,"boss_relics":[],"items_purged_floors":[4],"is_endless":false,"potions_floor_spawned":[5],"killed_by":"Hexaghost","ascension_level":0}}