{"host":"tu1gd2mexwc5p2ya","time":1607487394,"event":{"gold_per_floor":[119,44,69,86,86,118,118,43,68,68,82,82,12,25,25,130,130,150,150,164,164,164,164,78,78,128,278,329,329,329,349,349,449,449,461,127,127,140,160,160,178,178,202,220,239,34,44,44,44,44],"floor_reached":51,"playtime":1866,"items_purged":["Strike_R","Strike_R","Strike_R"],"score":805,"play_id":"69a35b8e-8499-41be-a1fd-3722147d4d1d","local_time":"20201208231634","is_ascension_mode":false,"campfire_choices":[{"data":"Rampage","floor":7.0,"key":"SMITH"},{"data":"Bash","floor":10.0,"key":"SMITH"},{"data":"Corruption","floor":12.0,"key":"SMITH"},{"data":"Flame Barrier","floor":15.0,"key":"SMITH"},{"data":"Hallownest:attackMasterCycloneSlash","floor":23.0,"key":"SMITH"},{"data":"Headbutt","floor":25.0,"key":"SMITH"},{"data":"Shrug It Off","floor":32.0,"key":"SMITH"},{"data":"Ghostly Armor","floor":40.0,"key":"SMITH"},{"floor":49,"key":"REST"}],"neow_cost":"NONE","seed_source_timestamp":307097766050400,"circlet_count":0,"master_deck":["Strike_R+1","Defend_R+1","Defend_R+1","Defend_R+1","Defend_R+1","Bash+1","Rampage+1","Ghostly Armor+1","Shrug It Off+1","Corruption+1","Flame Barrier+1","Barricade+1","Hallownest:attackMasterCycloneSlash+1","Headbutt+1","Hallownest:curseDreamersLament","Armaments+1","Body Slam+1"],"special_seed":0,"relics":["Burning Blood","NeowsBlessing","Vajra","Akabeko","Hallownest:BankAccountRelic","Potion Belt","Hallownest:StagBellRelic1","Busted Crown","Singing Bowl","Nunchaku","Shuriken","Hallownest:WatcherSealRelic","Runic Pyramid","Runesmith:Nanobots","Centennial Puzzle","Paper Frog","Mark of the Bloom"],"potions_floor_usage":[45,50,50,50,50],"damage_taken":[{"damage":0.0,"enemies":"2_ Uuma","floor":1.0,"turns":1.0},{"damage":0.0,"enemies":"Hallownest:eliteVengeflyKing","floor":3.0,"turns":1.0},{"damage":0.0,"enemies":"Hallownest:2_MossCreeps","floor":4.0,"turns":2.0},{"damage":12.0,"enemies":"Hallownest:eliteVengeflyKing","floor":6.0,"turns":11.0},{"damage":0.0,"enemies":"Hallownest:2_Tiktiks_and_1_Crawlid","floor":11.0,"turns":3.0},{"damage":3.0,"enemies":"Hallownest:Wandering_and_Horned","floor":14.0,"turns":4.0},{"damage":40.0,"enemies":"Hallownest:BossBrokenVessel","floor":16.0,"turns":10.0},{"damage":5.0,"enemies":"Hallownest:Guard_and_Sentry","floor":18.0,"turns":4.0},{"damage":4.0,"enemies":"Hallownest:3_Youths","floor":20.0,"turns":6.0},{"damage":0.0,"enemies":"Hallownest:Glutton_and_Coward","floor":28.0,"turns":4.0},{"damage":3.0,"enemies":"Hallownest:monsterShrumalOgre","floor":31.0,"turns":4.0},{"damage":30.0,"enemies":"Hallownest:BossSoulMaster","floor":33.0,"turns":11.0},{"damage":12.0,"enemies":"3 Darklings","floor":35.0,"turns":5.0},{"damage":0.0,"enemies":"Orb Walker","floor":38.0,"turns":3.0},{"damage":13.0,"enemies":"Writhing Mass","floor":39.0,"turns":4.0},{"damage":1.0,"enemies":"4 Shapes","floor":41.0,"turns":2.0},{"damage":4.0,"enemies":"Transient","floor":44.0,"turns":5.0},{"damage":9,"enemies":"Maw","floor":45,"turns":5},{"damage":3,"enemies":"4 Shapes","floor":47,"turns":4},{"damage":29,"enemies":"Awakened One","floor":50,"turns":8}],"seed_played":"-7927504820940607107","potions_obtained":[{"floor":6.0,"key":"EntropicBrew"},{"floor":14.0,"key":"Fire Potion"},{"floor":18.0,"key":"AttackPotion"},{"floor":20.0,"key":"BlessingOfTheForge"},{"floor":33.0,"key":"BloodPotion"},{"floor":39.0,"key":"Regen Potion"},{"floor":44.0,"key":"Guardian:BlockOnCardUsePotion"}],"is_trial":false,"path_per_floor":["M","$","?","M","$","E","R","?","T","R","M","R","?","M","R","B",null,"M","?","M","T","?","R","$","R","T","?","M","T","?","M","R","B",null,"M","$","?","M","M","R","M","?","T","M","M","$","M","?","R","B",null],"character_chosen":"IRONCLAD","items_purchased":["Headbutt","Runesmith:Nanobots","Paper Frog"],"campfire_rested":1,"item_purchase_floors":[24,36,46],"current_hp_per_floor":[80,80,80,80,80,74,74,74,74,74,80,80,80,80,80,46,80,80,80,80,80,80,80,80,80,80,80,82,82,82,82,82,60,84,80,80,80,88,83,83,88,85,85,87,86,86,91,91,91,62],"gold":44,"neow_bonus":"THREE_ENEMY_KILL","is_prod":false,"is_daily":false,"chose_seed":false,"campfire_upgraded":8,"win_rate":0,"timestamp":1607487394,"path_taken":["M","$","?","M","$","E","R","?","T","R","M","R","?","M","R","BOSS","M","?","?","?","?","R","?","R","T","?","M","?","?","M","R","BOSS","M","$","?","M","M","R","M","?","T","M","M","$","M","?","R","BOSS"],"build_version":"2020-11-30","purchased_purges":3,"victory":true,"max_hp_per_floor":[80,80,80,80,80,80,80,80,80,80,80,80,80,80,80,80,80,80,80,80,80,80,80,80,80,80,80,82,82,82,82,82,84,84,86,86,86,88,90,90,90,85,85,87,89,89,91,91,91,91],"card_choices":[{"not_picked":["Pommel Strike","Body Slam"],"picked":"Rampage","floor":1.0},{"not_picked":["Reckless Charge","Feel No Pain"],"picked":"Ghostly Armor","floor":3.0},{"not_picked":["Searing Blow","Clothesline","Second Wind"],"picked":"SKIP","floor":4.0},{"not_picked":["Fire Breathing","Entrench"],"picked":"Shrug It Off","floor":6.0},{"not_picked":["Armaments","Pommel Strike"],"picked":"Corruption","floor":11.0},{"not_picked":["Clash","Body Slam"],"picked":"Flame Barrier","floor":14.0},{"not_picked":["Exhume","Limit Break"],"picked":"Barricade","floor":16.0},{"not_picked":["Disarm"],"picked":"SKIP","floor":18.0},{"not_picked":["Hemokinesis"],"picked":"SKIP","floor":20.0},{"not_picked":["Wild Strike"],"picked":"Singing Bowl","floor":28.0},{"not_picked":[],"picked":"Armaments+1","floor":31.0},{"not_picked":["Immolate"],"picked":"Singing Bowl","floor":33.0},{"not_picked":["Intimidate+1"],"picked":"Singing Bowl","floor":35.0},{"not_picked":["Clothesline+1"],"picked":"Singing Bowl","floor":38.0},{"not_picked":["Whirlwind+1"],"picked":"Singing Bowl","floor":39.0},{"not_picked":[],"picked":"Body Slam+1","floor":41.0},{"not_picked":["Anger"],"picked":"Singing Bowl","floor":44.0},{"not_picked":["Thunderclap"],"picked":"Singing Bowl","floor":45},{"not_picked":["Bloodletting+1"],"picked":"Singing Bowl","floor":47}],"player_experience":814139,"relics_obtained":[{"floor":3.0,"key":"Vajra"},{"floor":6.0,"key":"Akabeko"},{"floor":9.0,"key":"Potion Belt"},{"floor":21.0,"key":"Singing Bowl"},{"floor":26.0,"key":"Nunchaku"},{"floor":29.0,"key":"Shuriken"},{"floor":43.0,"key":"Centennial Puzzle"}],"event_choices":[{"cards_removed":["Strike_R"],"damage_healed":0.0,"max_hp_gain":0.0,"max_hp_loss":0.0,"gold_gain":0.0,"event_name":"Falling","player_choice":"Removed Attack","floor":37.0,"gold_loss":0.0,"damage_taken":0.0},{"damage_healed":0.0,"max_hp_gain":0.0,"max_hp_loss":5.0,"gold_gain":0.0,"event_name":"Winding Halls","player_choice":"Max HP","floor":42.0,"gold_loss":0.0,"damage_taken":0.0},{"damage_healed":0,"gold_gain":0,"player_choice":"Upgrade","damage_taken":0,"relics_obtained":["Mark of the Bloom"],"max_hp_gain":0,"max_hp_loss":0,"event_name":"MindBloom","floor":48,"gold_loss":0,"cards_upgraded":["Strike_R","Defend_R","Defend_R","Defend_R","Defend_R"]}],"is_beta":false,"boss_relics":[{"not_picked":["Runic Cube","Runic Dome"],"picked":"Busted Crown"},{"not_picked":["Pandora\u0027s Box","Tiny House"],"picked":"Runic Pyramid"}],"items_purged_floors":[2,24,36],"is_endless":false,"potions_floor_spawned":[6,14,18,20,33,35,39,44],"ascension_level":0}}