{"host":"3jhxjeq8h3mqaq9s","time":1607482242,"event":{"gold_per_floor":[111,128,141,66,76,103,103,103,103,129,129,149,168,180,180,280,280,296,296,316,231,251,251,251,251,251,276,276,102,102,112,112,212,212,226,239,239,239,239,239,259,290,290,306,317,317,317,347,347,347,347,347,24,57,57,57],"floor_reached":55,"playtime":3166,"items_purged":["Strike_B","Normality","Strike_B"],"score":915,"play_id":"e8a5356b-7c7f-4542-b47b-9489e2f97515","local_time":"20201208215042","is_ascension_mode":true,"campfire_choices":[{"data":"Zap","floor":8.0,"key":"SMITH"},{"floor":11.0,"key":"REST"},{"data":"Go for the Eyes","floor":15.0,"key":"SMITH"},{"data":"Barrage","floor":23.0,"key":"SMITH"},{"data":"Conserve Battery","floor":25.0,"key":"SMITH"},{"floor":30.0,"key":"REST"},{"floor":32.0,"key":"REST"},{"floor":40.0,"key":"RECALL"},{"floor":47.0,"key":"REST"},{"floor":49.0,"key":"REST"},{"data":"Conserve Battery","floor":52.0,"key":"SMITH"}],"neow_cost":"NONE","seed_source_timestamp":0,"circlet_count":0,"master_deck":["Strike_B","Defend_B","Defend_B","Defend_B","Defend_B","Zap+1","Dualcast","Conserve Battery+1","Genetic Algorithm","Cold Snap","Reinforced Body","Go for the Eyes+1","Ball Lightning","Barrage+1","Echo Form","Ball Lightning","Genetic Algorithm","Conserve Battery+1","Compile Driver+1","Doom and Gloom+1","Multi-Cast","Leap","Leap+1","Compile Driver+1"],"special_seed":0,"relics":["Cracked Core","Bottled Lightning","Ginger","Ice Cream","Cursed Key","Molten Egg 2","Nilry\u0027s Codex","Omamori","DataDisk","HornCleat","Inserter","Peace Pipe","Gremlin Horn","Art of War","Pen Nib"],"potions_floor_usage":[55,55,55],"damage_taken":[{"damage":1.0,"enemies":"Cultist","floor":1.0,"turns":4.0},{"damage":2.0,"enemies":"Jaw Worm","floor":2.0,"turns":3.0},{"damage":6.0,"enemies":"2 Louse","floor":3.0,"turns":3.0},{"damage":1.0,"enemies":"Blue Slaver","floor":5.0,"turns":6.0},{"damage":19.0,"enemies":"Lagavulin","floor":6.0,"turns":9.0},{"damage":45.0,"enemies":"Gremlin Nob","floor":10.0,"turns":7.0},{"damage":0.0,"enemies":"2 Fungi Beasts","floor":12.0,"turns":3.0},{"damage":0.0,"enemies":"3 Louse","floor":13.0,"turns":3.0},{"damage":7.0,"enemies":"Lots of Slimes","floor":14.0,"turns":3.0},{"damage":23.0,"enemies":"Hexaghost","floor":16.0,"turns":12.0},{"damage":0.0,"enemies":"3 Byrds","floor":18.0,"turns":4.0},{"damage":0.0,"enemies":"Chosen","floor":20.0,"turns":4.0},{"damage":2.0,"enemies":"Centurion and Healer","floor":22.0,"turns":7.0},{"damage":30.0,"enemies":"Gremlin Leader","floor":27.0,"turns":8.0},{"damage":8.0,"enemies":"Snake Plant","floor":31.0,"turns":3.0},{"damage":1.0,"enemies":"Collector","floor":33.0,"turns":6.0},{"damage":7.0,"enemies":"Orb Walker","floor":35.0,"turns":4.0},{"damage":0.0,"enemies":"3 Shapes","floor":36.0,"turns":4.0},{"damage":13.0,"enemies":"3 Darklings","floor":41.0,"turns":6.0},{"damage":0.0,"enemies":"Giant Head","floor":42.0,"turns":6.0},{"damage":13.0,"enemies":"Maw","floor":44.0,"turns":7.0},{"damage":13.0,"enemies":"Writhing Mass","floor":45.0,"turns":11.0},{"damage":7.0,"enemies":"Nemesis","floor":48.0,"turns":7.0},{"damage":24.0,"enemies":"Time Eater","floor":50.0,"turns":6.0},{"damage":31.0,"enemies":"Shield and Spear","floor":54.0,"turns":8.0},{"damage":44,"enemies":"The Heart","floor":55,"turns":6}],"seed_played":"-1543874611405730581","potions_obtained":[{"floor":1.0,"key":"FocusPotion"},{"floor":5.0,"key":"FocusPotion"},{"floor":10.0,"key":"Explosive Potion"},{"floor":18.0,"key":"Fire Potion"},{"floor":22.0,"key":"Dexterity Potion"}],"is_trial":false,"path_per_floor":["M","M","M","$","M","E","?","R","T","E","R","M","M","M","R","B",null,"M","?","M","?","M","R","?","R","T","E","T","$","R","M","R","B",null,"M","M","?","?","?","R","M","E","T","M","M","$","R","E","R","B",null,"R","$","E","B"],"character_chosen":"DEFECT","items_purchased":["Doom and Gloom+1","SpeedPotion","Art of War"],"campfire_rested":5,"item_purchase_floors":[29,53,53],"current_hp_per_floor":[81,79,73,73,72,53,53,53,53,8,32,32,32,25,25,2,62,62,62,62,62,60,60,44,44,44,14,14,14,38,30,54,53,75,68,68,68,68,68,68,55,55,55,42,29,29,53,46,70,46,73,73,73,42,0,0],"gold":57,"neow_bonus":"TEN_PERCENT_HP_BONUS","is_prod":false,"is_daily":false,"chose_seed":false,"campfire_upgraded":5,"win_rate":0,"timestamp":1607482242,"path_taken":["M","M","M","$","M","E","?","R","T","E","R","M","M","M","R","BOSS","M","?","?","?","M","R","?","R","T","E","?","$","R","M","R","BOSS","M","M","?","?","?","R","M","E","T","?","M","$","R","E","R","BOSS","R","$","E","BOSS"],"build_version":"2020-11-30","purchased_purges":3,"victory":false,"max_hp_per_floor":[82,82,82,82,82,82,82,82,82,82,82,82,82,82,82,82,82,82,82,82,82,82,82,82,82,82,82,82,82,82,82,82,82,82,82,82,82,82,82,82,82,82,82,82,82,82,82,82,82,82,82,82,82,82,82,82],"relic_stats":{"Peace Pipe":0,"Inserter":[32],"Gremlin Horn":[0,0],"counters":[26,150],"Pen Nib":[0],"Art of War":[3],"Ginger":[26],"Cursed Key":3,"obtain_stats":[{"Ice Cream":10,"Inserter":34,"Gremlin Horn":48,"Nilry\u0027s Codex":24,"Pen Nib":54,"Omamori":26,"Ginger":9,"Cursed Key":17,"Peace Pipe":42,"DataDisk":27,"HornCleat":28,"Molten Egg 2":21,"Art of War":53,"Bottled Lightning":6,"Cracked Core":0},{"Ice Cream":6,"Inserter":16,"Gremlin Horn":23,"Nilry\u0027s Codex":13,"Pen Nib":25,"Omamori":13,"Ginger":5,"Cursed Key":10,"Peace Pipe":20,"DataDisk":14,"HornCleat":14,"Molten Egg 2":12,"Art of War":24,"Bottled Lightning":5,"Cracked Core":0},{"Ice Cream":32,"Inserter":85,"Gremlin Horn":130,"Nilry\u0027s Codex":68,"Pen Nib":144,"Omamori":68,"Ginger":25,"Cursed Key":53,"Peace Pipe":105,"DataDisk":76,"HornCleat":76,"Molten Egg 2":61,"Art of War":136,"Bottled Lightning":25,"Cracked Core":0}]},"card_choices":[{"not_picked":["Rip and Tear","Coolheaded"],"picked":"Conserve Battery","floor":1.0},{"not_picked":["Sweeping Beam","Go for the Eyes"],"picked":"Genetic Algorithm","floor":2.0},{"not_picked":["Turbo","Coolheaded"],"picked":"Cold Snap","floor":3.0},{"not_picked":["Barrage","Machine Learning"],"picked":"Reinforced Body","floor":5.0},{"not_picked":["Recycle","Capacitor"],"picked":"Go for the Eyes","floor":6.0},{"not_picked":["Coolheaded","Beam Cell"],"picked":"Ball Lightning","floor":10.0},{"not_picked":["Redo","Go for the Eyes","Turbo"],"picked":"SKIP","floor":12.0},{"not_picked":["Streamline","Leap"],"picked":"Barrage","floor":13.0},{"not_picked":["Tempest","Auto Shields","Lockon"],"picked":"SKIP","floor":14.0},{"not_picked":["Biased Cognition","Fission"],"picked":"Echo Form","floor":16.0},{"not_picked":["Redo","Streamline"],"picked":"Ball Lightning","floor":18.0},{"not_picked":["Gash","Go for the Eyes"],"picked":"Conserve Battery","floor":20.0},{"not_picked":["Beam Cell+1","Blizzard+1","Amplify"],"picked":"SKIP","floor":22.0},{"not_picked":["FTL+1","Streamline+1"],"picked":"Compile Driver+1","floor":27.0},{"not_picked":["Go for the Eyes+1","Streamline+1","Heatsinks"],"picked":"SKIP","floor":31.0},{"not_picked":["Thunder Strike+1","Meteor Strike+1"],"picked":"Multi-Cast","floor":33.0},{"not_picked":["Reprogram","Stack"],"picked":"Leap","floor":35.0},{"not_picked":["Doom and Gloom+1","Heatsinks","Gash+1"],"picked":"SKIP","floor":36.0},{"not_picked":["Turbo","Aggregate+1"],"picked":"Leap+1","floor":41.0},{"not_picked":["Stack+1","Heatsinks+1"],"picked":"Compile Driver+1","floor":42.0},{"not_picked":["Steam","Coolheaded","Sweeping Beam+1"],"picked":"SKIP","floor":44.0},{"not_picked":["Coolheaded","Reprogram","Stack"],"picked":"SKIP","floor":45.0},{"not_picked":["Multi-Cast","Go for the Eyes+1","Rebound+1"],"picked":"SKIP","floor":48.0},{"not_picked":["Barrage+1","Lockon+1","Genetic Algorithm+1"],"picked":"SKIP","floor":54.0}],"player_experience":2421772,"relics_obtained":[{"floor":6.0,"key":"Bottled Lightning"},{"floor":9.0,"key":"Ginger"},{"floor":10.0,"key":"Ice Cream"},{"floor":24.0,"key":"Nilry\u0027s Codex"},{"floor":26.0,"key":"Omamori"},{"floor":27.0,"key":"DataDisk"},{"floor":28.0,"key":"HornCleat"},{"floor":42.0,"key":"Peace Pipe"},{"floor":48.0,"key":"Gremlin Horn"},{"floor":54.0,"key":"Pen Nib"}],"event_choices":[{"cards_removed":["Strike_B"],"damage_healed":0.0,"max_hp_gain":0.0,"max_hp_loss":0.0,"gold_gain":0.0,"event_name":"Purifier","player_choice":"Purged","floor":7.0,"gold_loss":0.0,"damage_taken":0.0},{"damage_healed":0.0,"max_hp_gain":0.0,"max_hp_loss":0.0,"gold_gain":0.0,"event_name":"Duplicator","player_choice":"Copied","floor":19.0,"gold_loss":0.0,"damage_taken":0.0,"cards_obtained":["Genetic Algorithm"]},{"damage_healed":0.0,"max_hp_gain":0.0,"max_hp_loss":0.0,"gold_gain":0.0,"event_name":"Addict","player_choice":"Obtained Relic","floor":21.0,"gold_loss":85.0,"damage_taken":0.0,"relics_obtained":["Molten Egg 2"]},{"damage_healed":0.0,"max_hp_gain":0.0,"max_hp_loss":0.0,"gold_gain":0.0,"event_name":"Cursed Tome","player_choice":"Obtained Book","floor":24.0,"gold_loss":0.0,"damage_taken":16.0},{"damage_healed":0.0,"max_hp_gain":0.0,"max_hp_loss":0.0,"gold_gain":0.0,"event_name":"Mysterious Sphere","player_choice":"Ignored","floor":37.0,"gold_loss":0.0,"damage_taken":0.0},{"damage_healed":0.0,"max_hp_gain":0.0,"max_hp_loss":0.0,"gold_gain":0.0,"event_name":"Tomb of Lord Red Mask","player_choice":"Ignored","floor":38.0,"gold_loss":0.0,"damage_taken":0.0},{"damage_healed":0.0,"max_hp_gain":0.0,"max_hp_loss":0.0,"gold_gain":0.0,"event_name":"Transmorgrifier","player_choice":"Ignored","floor":39.0,"gold_loss":0.0,"damage_taken":0.0}],"is_beta":false,"boss_relics":[{"not_picked":["Astrolabe","Empty Cage"],"picked":"Cursed Key"},{"not_picked":["Fusion Hammer","FrozenCore"],"picked":"Inserter"}],"items_purged_floors":[4,29,53],"is_endless":false,"potions_floor_spawned":[1,5,10,14,18,22,41],"killed_by":"The Heart","ascension_level":5}}