{"host":"m98e3ia7l93qbhre","time":1607516079,"event":{"gold_per_floor":[116,191,191,191,210,210,210,210,210,229,229,270,283,44,44,137,137,157,157,157,157,157],"floor_reached":21,"playtime":659,"items_purged":["Strike_R"],"score":289,"play_id":"94d7ea36-beef-42bd-87f2-15370c68546b","local_time":"20201209201439","is_ascension_mode":true,"campfire_choices":[{"floor":6.0,"key":"REST"},{"data":"Bludgeon","floor":8.0,"key":"SMITH"},{"floor":11.0,"key":"REST"},{"floor":15.0,"key":"REST"}],"neow_cost":"TEN_PERCENT_HP_LOSS","seed_source_timestamp":1281463618750949,"circlet_count":0,"master_deck":["AscendersBane","Strike_R","Strike_R","Strike_R","Defend_R","Defend_R","Defend_R","Bash","Bludgeon+1","Flame Barrier","Strike_R","Armaments","Mayhem","Demon Form","Brutality"],"special_seed":0,"relics":["Burning Blood","Baka","Golden Idol","Bottled Lightning","GodSword7","Unceasing Top","AddBug","Unceasing Top","Gremlin Horn"],"potions_floor_usage":[18,21],"damage_taken":[{"damage":12.0,"enemies":"Jaw Worm","floor":1.0,"turns":2.0},{"damage":6.0,"enemies":"2 Louse","floor":5.0,"turns":2.0},{"damage":1.0,"enemies":"Cultist","floor":10.0,"turns":4.0},{"damage":45.0,"enemies":"Lagavulin","floor":12.0,"turns":6.0},{"damage":7.0,"enemies":"Exordium Wildlife","floor":13.0,"turns":4.0},{"damage":45.0,"enemies":"Slime Boss","floor":16.0,"turns":9.0},{"damage":42,"enemies":"Spheric Guardian","floor":18,"turns":4},{"damage":36,"enemies":"Shell Parasite","floor":21,"turns":4}],"seed_played":"103808920816394185","potions_obtained":[{"floor":5.0,"key":"LiquidBronze"},{"floor":10.0,"key":"ColorlessPotion"},{"floor":16.0,"key":"Block Potion"},{"floor":18,"key":"LiquidMemories"}],"is_trial":false,"path_per_floor":["M","?","?","?","M","R","T","R","T","M","R","E","M","$","R","B",null,"M","T","?","M"],"character_chosen":"IRONCLAD","items_purchased":["Mayhem"],"campfire_rested":3,"item_purchase_floors":[14],"current_hp_per_floor":[66,55,48,30,30,51,51,51,51,1,22,26,25,25,46,7,56,20,20,20,0,0],"gold":157,"neow_bonus":"THREE_RARE_CARDS","is_prod":false,"is_daily":false,"chose_seed":false,"campfire_upgraded":1,"win_rate":0,"timestamp":1607516079,"path_taken":["M","?","?","?","M","R","?","R","T","M","R","E","M","$","R","BOSS","M","?","?","?"],"build_version":"2020-11-30","purchased_purges":1,"victory":false,"max_hp_per_floor":[72,72,72,72,72,72,72,72,72,72,72,72,72,72,72,72,72,72,72,72,72,72],"card_choices":[{"not_picked":["Impervious","Limit Break"],"picked":"Bludgeon","floor":0.0},{"not_picked":["Havoc","Twin Strike"],"picked":"Flame Barrier","floor":1.0},{"not_picked":["Twin Strike","Havoc","Power Through"],"picked":"SKIP","floor":5.0},{"not_picked":["Entrench","Metallicize"],"picked":"Armaments","floor":10.0},{"not_picked":["Hemokinesis","Clothesline","Pummel"],"picked":"SKIP","floor":12.0},{"not_picked":["Iron Wave","Headbutt","Wild Strike"],"picked":"SKIP","floor":13.0},{"not_picked":["Brutality","Immolate"],"picked":"Demon Form","floor":16.0},{"not_picked":["Body Slam","Anger","Wild Strike"],"picked":"SKIP","floor":18}],"player_experience":334406,"relics_obtained":[{"floor":1.0,"key":"Baka"},{"floor":7.0,"key":"Bottled Lightning"},{"floor":9.0,"key":"GodSword7"},{"floor":12.0,"key":"Unceasing Top"},{"floor":18,"key":"Unceasing Top"},{"floor":19,"key":"Gremlin Horn"}],"event_choices":[{"damage_healed":0.0,"max_hp_gain":0.0,"max_hp_loss":0.0,"gold_gain":75.0,"event_name":"World of Goop","player_choice":"Gather Gold","floor":2.0,"gold_loss":0.0,"damage_taken":11.0},{"cards_removed":["Strike_R"],"damage_healed":0.0,"max_hp_gain":0.0,"max_hp_loss":0.0,"gold_gain":0.0,"event_name":"Golden Wing","player_choice":"Card Removal","floor":3.0,"gold_loss":0.0,"damage_taken":7.0},{"damage_healed":0.0,"max_hp_gain":0.0,"max_hp_loss":0.0,"gold_gain":0.0,"event_name":"Golden Idol","player_choice":"Take Damage","floor":4.0,"gold_loss":0.0,"damage_taken":18.0,"relics_obtained":["Golden Idol"]},{"damage_healed":0,"gold_gain":0,"cards_transformed":["Defend_R"],"player_choice":"Transformed","damage_taken":0,"max_hp_gain":0,"max_hp_loss":0,"event_name":"Transmorgrifier","floor":20,"gold_loss":0,"cards_obtained":["Brutality"]}],"is_beta":false,"boss_relics":[{"not_picked":["Calling Bell","Runic Pyramid"],"picked":"AddBug"}],"items_purged_floors":[14],"is_endless":false,"potions_floor_spawned":[5,10,16,18],"killed_by":"Shell Parasite","ascension_level":13}}