{"host":"xenpv6dj5x1yxp66","time":1607522427,"event":{"gold_per_floor":[109,127,138,158,4,4,4,134,134,134,151,168,168,178,178,274,274,285,318,333,7,7,7,7,7,30,30,45,63,63,80,80,177,177,191,191,207,223,1222,1222,1222,1222,1222,1251,1251,1264,1264,1264],"floor_reached":47,"playtime":1878,"items_purged":[],"score":507,"play_id":"762dd393-c2d9-40dc-bb64-6e37d69b887a","local_time":"20201209150027","is_ascension_mode":false,"campfire_choices":[{"data":"TheCursedMod:CursedMace","floor":6.0,"key":"SMITH"},{"data":"TheCursedMod:SpitefulPray","floor":15.0,"key":"SMITH"},{"floor":23.0,"key":"REST"},{"floor":25.0,"key":"REST"},{"floor":32.0,"key":"REST"},{"floor":40,"key":"REST"},{"floor":42,"key":"REST"},{"floor":45,"key":"REST"}],"neow_cost":"NONE","seed_source_timestamp":0,"circlet_count":0,"master_deck":["TheCursedMod:Strike_TheCursed","TheCursedMod:Strike_TheCursed","TheCursedMod:Strike_TheCursed","TheCursedMod:Strike_TheCursed","TheCursedMod:Defend_TheCursed+1","TheCursedMod:Defend_TheCursed","TheCursedMod:Defend_TheCursed","TheCursedMod:Defend_TheCursed+1","TheCursedMod:CursedWand+1","TheCursedMod:CleanUpWorkshop","TheCursedMod:Dregs","TheCursedMod:Stigma+1","TheCursedMod:AbyssShockwave","TheCursedMod:CursedBlade+1","TheCursedMod:CursedMace+1","TheCursedMod:SpitefulStrike","Amnesia","TheCursedMod:VoidForm+1","TheCursedMod:SpitefulPray+1","TheCursedMod:HellfireBreathing+1","TheCursedMod:DemonicPact+1","TheCursedMod:Obscuration+1","TheCursedMod:HellsGateOpen+1","TheCursedMod:SmokeScreen+1","TheCursedMod:BloodBarrier+1","TheCursedMod:Obscuration","TheCursedMod:CursedShiv+1","TheCursedMod:SpitefulPlan+1","TheCursedMod:ManaCirculation+1","TheCursedMod:SpreadPlague+1","TheCursedMod:VitalStrike+1","TheCursedMod:Stigma+1","Normality","Normality","TheCursedMod:RavingStaff+1","TheCursedMod:FleshFromBone+1"],"special_seed":0,"relics":["TheCursedMod:BlackMagic101","NeowsBlessing","Gremlin Food","hubris:Icosahedron","Frozen Egg 2","TheCursedMod:MagicCandle","ChewingGum","Bronze Scales","Iron Hammer","Happy Flower","hubris:CrackedHourglass","Pet Ghost","Replay:WaspNest","PreservedInsect"],"potions_floor_usage":[],"damage_taken":[{"damage":0.0,"enemies":"2 Louse","floor":1.0,"turns":1.0},{"damage":0.0,"enemies":"Small Slimes","floor":2.0,"turns":1.0},{"damage":0.0,"enemies":"Jaw Worm","floor":3.0,"turns":1.0},{"damage":12.0,"enemies":"Looter","floor":4.0,"turns":4.0},{"damage":16.0,"enemies":"Gremlin Nob","floor":8.0,"turns":4.0},{"damage":7.0,"enemies":"Blue Slaver","floor":11.0,"turns":3.0},{"damage":0.0,"enemies":"Exordium Wildlife","floor":12.0,"turns":2.0},{"damage":6.0,"enemies":"Large Slime","floor":14.0,"turns":4.0},{"damage":17.0,"enemies":"Fading Forest","floor":16.0,"turns":11.0},{"damage":30.0,"enemies":"3 Byrds","floor":18.0,"turns":5.0},{"damage":20.0,"enemies":"conspire:MimicChest","floor":19.0,"turns":4.0},{"damage":19.0,"enemies":"2 Thieves","floor":20.0,"turns":4.0},{"damage":16.0,"enemies":"Cultist and Chosen","floor":28.0,"turns":4.0},{"damage":34.0,"enemies":"Snake Plant","floor":29.0,"turns":3.0},{"damage":1.0,"enemies":"Snecko","floor":31.0,"turns":4.0},{"damage":27.0,"enemies":"Collector","floor":33.0,"turns":7.0},{"damage":0,"enemies":"Orb Walker","floor":35,"turns":4},{"damage":36,"enemies":"3 Darklings","floor":37,"turns":5},{"damage":7,"enemies":"Jaw Worm Horde","floor":38,"turns":3},{"damage":28,"enemies":"Giant Head","floor":44,"turns":6},{"damage":43,"enemies":"Maw","floor":46,"turns":8},{"damage":0,"enemies":"3 Darklings","floor":47,"turns":1}],"seed_played":"-5187605530790214921","potions_obtained":[{"floor":2.0,"key":"Swift Potion"},{"floor":4.0,"key":"ColorlessPotion"},{"floor":12.0,"key":"Block Potion"},{"floor":16.0,"key":"BlessingOfTheForge"},{"floor":18.0,"key":"Languid Potion"},{"floor":28.0,"key":"GamblersBrew"},{"floor":33.0,"key":"Milkshake"},{"floor":37,"key":"SteroidPotion"}],"is_trial":false,"path_per_floor":["M","M","M","M","$","R","?","E","T","?","M","M","?","M","R","B",null,"M","?","M","$","?","R","$","R","T","$","M","M","?","M","R","B",null,"M","?","M","M","?","R","?","R","T","E","R","M","M"],"character_chosen":"THE_CURSED","items_purchased":["Gremlin Food","Iron Hammer","TheCursedMod:BloodBarrier"],"campfire_rested":6,"item_purchase_floors":[5,21,21],"current_hp_per_floor":[75,75,75,63,63,63,63,47,47,75,68,68,68,62,62,55,75,45,25,6,6,31,53,53,75,75,75,59,25,25,24,46,19,75,75,75,39,32,32,54,54,75,75,47,69,26,26,26],"gold":1264,"neow_bonus":"THREE_ENEMY_KILL","is_prod":false,"is_daily":false,"chose_seed":false,"campfire_upgraded":2,"win_rate":0.0,"timestamp":1607522427,"path_taken":["M","M","M","M","$","R","?","E","T","?","M","M","?","?","R","BOSS","M","?","M","$","?","R","$","R","T","$","M","?","?","M","R","BOSS","M","?","?","M","?","R","?","R","T","E","R","M","?"],"build_version":"2020-11-30","purchased_purges":0,"victory":false,"max_hp_per_floor":[75,75,75,75,75,75,75,75,75,75,75,75,75,75,75,75,75,75,75,75,75,75,75,75,75,75,75,75,75,75,75,75,75,75,75,75,75,75,75,75,75,75,75,75,75,75,75,75],"card_choices":[{"not_picked":["TheCursedMod:CursedAmulet","TheCursedMod:SmokeScreen"],"picked":"TheCursedMod:Stigma","floor":1.0},{"not_picked":["TheCursedMod:CursedShiv","TheCursedMod:CursedArmor"],"picked":"TheCursedMod:AbyssShockwave","floor":2.0},{"not_picked":["TheCursedMod:WearCloak","TheCursedMod:ManaCirculation"],"picked":"TheCursedMod:CursedBlade","floor":3.0},{"not_picked":["TheCursedMod:VitalStrike","TheCursedMod:DoubleShield"],"picked":"TheCursedMod:CursedMace","floor":4.0},{"not_picked":["TheCursedMod:WearCloak","TheCursedMod:SmokeScreen"],"picked":"TheCursedMod:SpitefulStrike","floor":8.0},{"not_picked":["TheCursedMod:TroublousMinions","TheCursedMod:Hemoplague+1"],"picked":"TheCursedMod:VoidForm+1","floor":11.0},{"not_picked":["TheCursedMod:CursedBlade","TheCursedMod:SurpriseAttack"],"picked":"TheCursedMod:SpitefulPray","floor":12.0},{"not_picked":["TheCursedMod:CircleOfCorruption","TheCursedMod:Wield"],"picked":"TheCursedMod:HellfireBreathing+1","floor":14.0},{"not_picked":["TheCursedMod:DemonSword","TheCursedMod:Neurasthenia"],"picked":"TheCursedMod:DemonicPact+1","floor":16.0},{"not_picked":["TheCursedMod:CircleOfCorruption","TheCursedMod:RapidMovement"],"picked":"TheCursedMod:Obscuration+1","floor":18.0},{"not_picked":["TheCursedMod:CursedStaff","TheCursedMod:AbyssShockwave"],"picked":"TheCursedMod:HellsGateOpen+1","floor":19.0},{"not_picked":["TheCursedMod:CursedMace+1","TheCursedMod:Wield"],"picked":"TheCursedMod:SmokeScreen+1","floor":20.0},{"not_picked":["TheCursedMod:CursedMace","TheCursedMod:TroublousMinions"],"picked":"TheCursedMod:Obscuration","floor":28.0},{"not_picked":["TheCursedMod:CursedAmulet","TheCursedMod:SpreadPlague"],"picked":"TheCursedMod:CursedShiv+1","floor":29.0},{"not_picked":["TheCursedMod:CursedArmor","TheCursedMod:Stretching"],"picked":"TheCursedMod:SpitefulPlan+1","floor":31.0},{"not_picked":["TheCursedMod:NeowsMight","TheCursedMod:ForbiddenAlchemy"],"picked":"TheCursedMod:ManaCirculation+1","floor":33.0},{"not_picked":["TheCursedMod:RavingStaff+1","TheCursedMod:SoulReap"],"picked":"TheCursedMod:SpreadPlague+1","floor":35},{"not_picked":["TheCursedMod:BlessingInDisguise","TheCursedMod:Hemoplague+1"],"picked":"TheCursedMod:VitalStrike+1","floor":37},{"not_picked":["TheCursedMod:AbyssShockwave","TheCursedMod:AshesToAshes"],"picked":"TheCursedMod:Stigma+1","floor":38},{"not_picked":["TheCursedMod:WearCloak+1","TheCursedMod:CircleOfCorruption"],"picked":"TheCursedMod:RavingStaff+1","floor":44},{"not_picked":["TheCursedMod:FuryStrike","TheCursedMod:SpitefulStrike+1"],"picked":"TheCursedMod:FleshFromBone+1","floor":46}],"player_experience":117529,"relics_obtained":[{"floor":8.0,"key":"Frozen Egg 2"},{"floor":9.0,"key":"TheCursedMod:MagicCandle"},{"floor":19.0,"key":"Bronze Scales"},{"floor":26.0,"key":"Happy Flower"},{"floor":41,"key":"Pet Ghost"},{"floor":43,"key":"Replay:WaspNest"},{"floor":44,"key":"PreservedInsect"}],"event_choices":[{"damage_healed":0.0,"max_hp_gain":0.0,"max_hp_loss":0.0,"gold_gain":0.0,"event_name":"conspire:Investor","player_choice":"Leave","floor":13.0,"gold_loss":0.0,"damage_taken":0.0},{"damage_healed":25.0,"max_hp_gain":0.0,"max_hp_loss":0.0,"gold_gain":0.0,"event_name":"The Library","player_choice":"Heal","floor":22.0,"gold_loss":0.0,"damage_taken":0.0},{"damage_healed":0.0,"max_hp_gain":0.0,"max_hp_loss":0.0,"gold_gain":0.0,"event_name":"Ghosts","player_choice":"Ignored","floor":30.0,"gold_loss":0.0,"damage_taken":0.0},{"damage_healed":0,"gold_gain":0,"player_choice":"Ignored","damage_taken":0,"max_hp_gain":0,"max_hp_loss":0,"event_name":"NoteForYourself","floor":36,"gold_loss":0},{"damage_healed":0,"gold_gain":999,"player_choice":"Gold","damage_taken":0,"max_hp_gain":0,"max_hp_loss":0,"event_name":"MindBloom","floor":39,"gold_loss":0,"cards_obtained":["Normality","Normality"]},{"damage_healed":0,"gold_gain":0,"player_choice":"Relic","damage_taken":0,"max_hp_gain":0,"max_hp_loss":0,"event_name":"Wheel of Change","floor":41,"gold_loss":0}],"is_beta":false,"boss_relics":[{"not_picked":["Busted Crown","conspire:SeveredTorchhead"],"picked":"ChewingGum"},{"not_picked":["construct:ClawGrip","conspire:RunicOctahedron"],"picked":"hubris:CrackedHourglass"}],"items_purged_floors":[],"is_endless":false,"potions_floor_spawned":[2,4,12,16,18,28,33,37],"killed_by":"3 Darklings","ascension_level":0}}