{"host":"w4b7hmige5bnqipq","time":1607513425,"event":{"gold_per_floor":[112,125,125,178,103,103,131,131,186,186,205,230,247,267,267,346,346,358,358,258,332,346,346,346],"floor_reached":23,"playtime":595,"items_purged":["Strike_G","Strike_G"],"score":448,"play_id":"15949ace-65de-4224-8648-200888a5d969","local_time":"20201209203025","is_ascension_mode":true,"campfire_choices":[{"data":"Deadly Poison","floor":6,"key":"SMITH"},{"data":"Acrobatics","floor":8,"key":"SMITH"},{"data":"Venomology","floor":15,"key":"SMITH"}],"neow_cost":"NONE","seed_source_timestamp":2194307724475100,"circlet_count":0,"master_deck":["AscendersBane","Strike_G","Strike_G","Defend_G","Defend_G","Defend_G","Defend_G","Defend_G","Survivor","Neutralize","Deadly Poison+1","All Out Attack+1","Acrobatics+1","Backstab","Reflex","Footwork","Venomology+1","Adrenaline","Tactician+1"],"relics":["Ring of the Snake","NeowsBlessing","Tiny Chest","Art of War","Regal Pillow","InkBottle","Black Star","Letter Opener"],"potions_floor_usage":[12,16,22,23,23],"damage_taken":[{"damage":0,"enemies":"2 Louse","floor":1,"turns":1},{"damage":0,"enemies":"Jaw Worm","floor":2,"turns":1},{"damage":0,"enemies":"3 Sentries","floor":7,"turns":1},{"damage":0,"enemies":"Cultist","floor":11,"turns":4},{"damage":22,"enemies":"Lagavulin","floor":12,"turns":5},{"damage":0,"enemies":"3 Louse","floor":13,"turns":1},{"damage":0,"enemies":"2 Fungi Beasts","floor":14,"turns":2},{"damage":27,"enemies":"The Guardian","floor":16,"turns":12},{"damage":30,"enemies":"Shell Parasite","floor":18,"turns":7},{"damage":11,"enemies":"3 Byrds","floor":22,"turns":4},{"damage":15,"enemies":"Gremlin Leader","floor":23,"turns":4}],"seed_played":"4540525680065485053","potions_obtained":[{"floor":11,"key":"FearPotion"},{"floor":12,"key":"SneckoOil"},{"floor":22,"key":"GamblersBrew"}],"is_trial":false,"path_per_floor":["M","M","?","T","$","R","E","R","T","?","M","E","M","M","R","B",null,"M","?","$","T","M","E"],"character_chosen":"THE_SILENT","items_purchased":[],"campfire_rested":0,"item_purchase_floors":[],"current_hp_per_floor":[59,59,52,52,52,52,52,52,52,52,52,30,30,30,30,3,50,20,20,20,20,9,0,0],"gold":346,"neow_bonus":"THREE_ENEMY_KILL","is_prod":false,"is_daily":false,"chose_seed":false,"campfire_upgraded":3,"win_rate":0,"timestamp":1607513425,"path_taken":["M","M","?","?","$","R","E","R","T","?","?","E","M","M","R","BOSS","M","?","$","?","M","E"],"build_version":"2020-11-30","purchased_purges":2,"victory":false,"max_hp_per_floor":[66,66,66,66,66,66,66,66,66,66,66,66,66,66,66,66,66,66,66,66,66,66,66,66],"card_choices":[{"not_picked":["Acrobatics","Slice"],"picked":"Deadly Poison","floor":1},{"not_picked":["Cloak And Dagger","Eviscerate"],"picked":"All Out Attack","floor":2},{"not_picked":["Cloak And Dagger","Sucker Punch"],"picked":"Acrobatics","floor":7},{"not_picked":["Deadly Poison","Flying Knee","Backstab"],"picked":"SKIP","floor":11},{"not_picked":["Deadly Poison","Flying Knee"],"picked":"Backstab","floor":11},{"not_picked":["Dash","Infinite Blades"],"picked":"Reflex","floor":12},{"not_picked":["Sucker Punch","Reflex"],"picked":"Footwork","floor":13},{"not_picked":["Outmaneuver","Cloak And Dagger"],"picked":"Venomology","floor":14},{"not_picked":["Unload","Tools of the Trade"],"picked":"Adrenaline","floor":16},{"not_picked":["PiercingWail+1","Cloak And Dagger"],"picked":"Tactician+1","floor":18},{"not_picked":["Acrobatics","Quick Slash","Riddle With Holes"],"picked":"SKIP","floor":22}],"player_experience":347841,"relics_obtained":[{"floor":4,"key":"Tiny Chest"},{"floor":7,"key":"Art of War"},{"floor":9,"key":"Regal Pillow"},{"floor":12,"key":"InkBottle"},{"floor":21,"key":"Letter Opener"}],"event_choices":[{"cards_removed":["Strike_G"],"damage_healed":0,"gold_gain":0,"player_choice":"Card Removal","damage_taken":7,"max_hp_gain":0,"max_hp_loss":0,"event_name":"Golden Wing","floor":3,"gold_loss":0},{"damage_healed":0,"gold_gain":0,"player_choice":"Forge","damage_taken":0,"max_hp_gain":0,"max_hp_loss":0,"event_name":"Accursed Blacksmith","floor":10,"gold_loss":0,"cards_upgraded":["All Out Attack"]},{"damage_healed":0,"gold_gain":0,"player_choice":"Ignored","damage_taken":0,"max_hp_gain":0,"max_hp_loss":0,"event_name":"Cursed Tome","floor":19,"gold_loss":0}],"is_beta":false,"boss_relics":[{"not_picked":["Runic Dome","Tiny House"],"picked":"Black Star"}],"items_purged_floors":[5,20],"is_endless":false,"potions_floor_spawned":[11,12,22],"killed_by":"Gremlin Leader","ascension_level":20}}