{"host":"v0kr0xkqfgnh389p","time":1607538194,"event":{"gold_per_floor":[111,111,111,125,71,71,100,110,110,110,141,141,166,180,180,285,385,397,397,416,430,448,482,482,499,499,499,499],"floor_reached":27,"playtime":782,"items_purged":[],"score":344,"play_id":"ce3d7fa5-70d5-495c-99ac-d32d0b2fc074","local_time":"20201209132314","is_ascension_mode":true,"campfire_choices":[{"floor":6,"key":"RECALL"},{"data":"Bash","floor":10,"key":"SMITH"},{"floor":12,"key":"REST"},{"floor":15,"key":"REST"},{"floor":24,"key":"REST"}],"neow_cost":"NONE","seed_source_timestamp":13607832421200,"circlet_count":0,"master_deck":["Strike_P+1","Strike_P","Strike_P","Strike_P+1","Defend_P","Defend_P","Defend_P","Defend_P","Eruption","Conclude","Bash+1","Tantrum+1","Prostrate","TalkToTheHand","Judgement","Tantrum+1","Prostrate","CrushJoints","Tantrum"],"relics":["NeowsBlessing","Replay:M_SmolderingBlood","Ginger","Replay:Arrowhead","Turnip","Replay:Grab Bag","Painkiller Herb","Replay:Wanted Poster","hubris:ScarierMask","Ring of Chaos","Toy Ornithopter","hubris:DisguiseKit"],"potions_floor_usage":[13,16],"damage_taken":[{"damage":0,"enemies":"Jaw Worm","floor":1,"turns":1},{"damage":0,"enemies":"Cultist","floor":4,"turns":1},{"damage":0,"enemies":"Lagavulin","floor":7,"turns":1},{"damage":0,"enemies":"2 Louse","floor":8,"turns":2},{"damage":32,"enemies":"Gremlin Nob","floor":11,"turns":4},{"damage":30,"enemies":"Lagavulin","floor":13,"turns":5},{"damage":5,"enemies":"Looter","floor":14,"turns":3},{"damage":0,"enemies":"Slime Boss","floor":16,"turns":5},{"damage":29,"enemies":"Shell Parasite","floor":18,"turns":6},{"damage":0,"enemies":"2 Thieves","floor":20,"turns":1},{"damage":7,"enemies":"Shelled Parasite and Fungi","floor":21,"turns":6},{"damage":0,"enemies":"3 Cultists","floor":22,"turns":4},{"damage":50,"enemies":"Book of Stabbing","floor":23,"turns":3},{"damage":2,"enemies":"Chosen and Byrds","floor":25,"turns":3},{"damage":38,"enemies":"Snake Plant","floor":27,"turns":2}],"seed_played":"-2139178739471341797","potions_obtained":[{"floor":7,"key":"Reflective Coating"},{"floor":8,"key":"FairyPotion"},{"floor":11,"key":"FearPotion"},{"floor":18,"key":"Doom Potion"},{"floor":21,"key":"Languid Potion"},{"floor":23,"key":"Swift Potion"}],"is_trial":false,"path_per_floor":["M","?","?","M","$","R","E","M","T","R","E","R","E","M","R","B",null,"?","?","?","?","?","E","T","?","T","?"],"character_chosen":"WATCHER","items_purchased":["Tantrum+1"],"campfire_rested":3,"item_purchase_floors":[5],"current_hp_per_floor":[72,72,58,58,58,58,58,58,58,58,26,47,17,12,33,33,72,43,43,43,36,36,9,30,28,28,0,0],"gold":499,"neow_bonus":"THREE_ENEMY_KILL","is_prod":false,"is_daily":false,"chose_seed":false,"campfire_upgraded":1,"win_rate":0,"timestamp":1607538194,"path_taken":["M","?","?","M","$","R","E","M","T","R","E","R","E","M","R","BOSS","?","?","?","?","?","E","T","?","T","?"],"build_version":"2020-11-30","purchased_purges":0,"victory":false,"max_hp_per_floor":[72,72,72,72,72,72,72,72,72,72,72,72,72,72,72,72,72,72,72,72,72,72,72,72,72,72,72,72],"card_choices":[{"not_picked":["LikeWater","Perseverance"],"picked":"Conclude","floor":1},{"not_picked":["EmptyFist","FlyingSleeves","Protect"],"picked":"SKIP","floor":4},{"not_picked":["Replay:AtTheReady","SashWhip","ThirdEye"],"picked":"SKIP","floor":7},{"not_picked":["Swivel","SignatureMove"],"picked":"Prostrate","floor":8},{"not_picked":["Replay:AtTheReady","EmptyFist"],"picked":"TalkToTheHand","floor":11},{"not_picked":["Fasting2","Protect","Replay:BluntJabs"],"picked":"SKIP","floor":13},{"not_picked":["Replay:AtTheReady","Headbutt","EmptyBody"],"picked":"SKIP","floor":14},{"not_picked":["SpiritShield","MasterReality"],"picked":"Judgement","floor":16},{"not_picked":["FearNoEvil","CarveReality","Replay:AtTheReady"],"picked":"SKIP","floor":18},{"not_picked":["Crescendo","Replay:Vibes","FlurryOfBlows"],"picked":"SKIP","floor":20},{"not_picked":["FollowUp","Swivel"],"picked":"Prostrate","floor":21},{"not_picked":["Evaluate","Replay:AtTheReady"],"picked":"CrushJoints","floor":22},{"not_picked":["MentalFortress","Replay:Cycle+1"],"picked":"Tantrum","floor":23},{"not_picked":["PathToVictory","CutThroughFate","BowlingBash"],"picked":"SKIP","floor":25}],"player_experience":676142,"relics_obtained":[{"floor":7,"key":"Ginger"},{"floor":11,"key":"Replay:Arrowhead"},{"floor":13,"key":"Turnip"},{"floor":23,"key":"Toy Ornithopter"},{"floor":26,"key":"hubris:DisguiseKit"}],"event_choices":[{"damage_healed":0,"gold_gain":0,"player_choice":"Entered Light","damage_taken":14,"max_hp_gain":0,"max_hp_loss":0,"event_name":"Shining Light","floor":3,"gold_loss":0,"cards_upgraded":["Strike_P","Strike_P"]},{"damage_healed":0,"gold_gain":0,"player_choice":"Copied","damage_taken":0,"max_hp_gain":0,"max_hp_loss":0,"event_name":"Duplicator","floor":19,"gold_loss":0,"cards_obtained":["Tantrum"]}],"is_beta":false,"boss_relics":[{"not_picked":["Tiny House","Black Star"],"picked":"Replay:Grab Bag"},{"not_picked":["hubris:TerracottaHorce","Replay:Bronze Core"],"picked":"Painkiller Herb"},{"not_picked":["hubris:CrackedHourglass","Philosopher\u0027s Stone"],"picked":"Replay:Wanted Poster"},{"not_picked":["Snecko Eye","VioletLotus"],"picked":"hubris:ScarierMask"},{"not_picked":["hubris:BlackHole","Runic Pyramid"],"picked":"Ring of Chaos"}],"items_purged_floors":[],"is_endless":false,"potions_floor_spawned":[7,8,11,18,21,23],"killed_by":"Snake Plant","ascension_level":1}}