{"host":"4w8ocelhatf0iefc","time":1607524502,"event":{"gold_per_floor":[109,184,184,184,204,233,233,266,292,312,327,327,327,371,371,495,558,577,69,90,108,108,108,108,108],"floor_reached":24,"playtime":866,"items_purged":["Runesmith:Strike_RS"],"score":245,"play_id":"b07e0327-fb85-4253-ba9c-e2041f538cdc","local_time":"20201209223502","is_ascension_mode":true,"campfire_choices":[{"floor":7,"key":"REST"},{"floor":13,"key":"REST"},{"floor":15,"key":"REST"},{"floor":23,"key":"DIG"}],"neow_cost":"NONE","seed_source_timestamp":9100011567500,"circlet_count":0,"master_deck":["Runesmith:Strike_RS+1","Runesmith:Strike_RS+1","Runesmith:Strike_RS+1","Runesmith:Defend_RS+1","Runesmith:Defend_RS+1","Runesmith:Defend_RS+1","Runesmith:Defend_RS+1","Runesmith:CraftFirestone","Runesmith:Fortify","Runesmith:RuneHurl","Runesmith:ChargedHammer","Runesmith:EarthShield","Runesmith:BackupBattery","Runesmith:CraftIncendium","Runesmith:Retool","Injury","Runesmith:CreatorForm","Runesmith:MetallurgicalResearch","Runesmith:ChaoticBlast","Runesmith:HammerThrow","Runesmith:Firestorm","Runesmith:Repurpose","Runesmith:Firestorm","Runesmith:Reinforce"],"relics":["Runesmith:BrokenRuby","Centennial Puzzle","Bronze Scales","Spirit Poop","Shovel","Pocketwatch","Bag of Marbles","Golden Idol","Turnip","Tiny House","Thread and Needle","aspiration:Lifesprig"],"potions_floor_usage":[11,14,18,20],"damage_taken":[{"damage":5,"enemies":"2 Louse","floor":1,"turns":3},{"damage":2,"enemies":"Jaw Worm","floor":5,"turns":3},{"damage":51,"enemies":"Lagavulin","floor":6,"turns":8},{"damage":10,"enemies":"3 Sentries","floor":8,"turns":6},{"damage":0,"enemies":"Cultist","floor":10,"turns":2},{"damage":0,"enemies":"Blue Slaver","floor":11,"turns":3},{"damage":12,"enemies":"Gremlin Nob","floor":14,"turns":4},{"damage":39,"enemies":"The Guardian","floor":16,"turns":11},{"damage":6,"enemies":"2 Thieves","floor":18,"turns":4},{"damage":21,"enemies":"3 Byrds","floor":20,"turns":4},{"damage":8,"enemies":"Centurion and Healer","floor":21,"turns":6},{"damage":42,"enemies":"Gremlin Leader","floor":24,"turns":2}],"seed_played":"2029403675519512583","potions_obtained":[{"floor":5,"key":"SmokeBomb"},{"floor":8,"key":"Block Potion"},{"floor":11,"key":"EssenceOfSteel"},{"floor":17,"key":"DistilledChaos"},{"floor":18,"key":"LiquidMemories"}],"is_trial":false,"path_per_floor":["M","?","?","?","M","E","R","E","T","M","M","?","R","E","R","B",null,"M","$","M","M","?","R","E"],"character_chosen":"RUNESMITH_CLASS","items_purchased":["Thread and Needle","Runesmith:Firestorm","Runesmith:Repurpose"],"campfire_rested":3,"item_purchase_floors":[19,19,19],"current_hp_per_floor":[65,54,54,54,52,1,22,12,12,12,12,12,33,21,42,3,75,69,69,48,40,40,40,0,0],"gold":108,"neow_bonus":"RANDOM_COMMON_RELIC","is_prod":false,"is_daily":false,"chose_seed":false,"campfire_upgraded":0,"win_rate":0,"timestamp":1607524502,"path_taken":["M","?","?","?","M","E","R","E","T","M","?","?","R","E","R","BOSS","M","$","M","M","?","R","E"],"build_version":"2020-11-30","purchased_purges":1,"victory":false,"max_hp_per_floor":[70,70,70,70,70,70,70,70,70,70,70,70,70,70,70,70,75,75,75,75,75,75,75,75,75],"card_choices":[{"not_picked":["Runesmith:ChiselStab","Runesmith:WhiteBalance"],"picked":"Runesmith:RuneHurl","floor":1},{"not_picked":["Runesmith:MakeshiftArmor","Runesmith:HeatExchange"],"picked":"Runesmith:ChargedHammer","floor":5},{"not_picked":["Runesmith:Discharge","Runesmith:Accelerate"],"picked":"Runesmith:EarthShield","floor":6},{"not_picked":["Runesmith:EnergizedChisel","Runesmith:DoubleUp"],"picked":"Runesmith:BackupBattery","floor":8},{"not_picked":["Runesmith:ShiftingStrike","Runesmith:Malloc"],"picked":"Runesmith:CraftIncendium","floor":10},{"not_picked":["Runesmith:MakeshiftArmor","Runesmith:DoubleUp"],"picked":"Runesmith:Retool","floor":11},{"not_picked":["Runesmith:UnstableHammer","Runesmith:HeatedChisel"],"picked":"Runesmith:CreatorForm","floor":14},{"not_picked":["Runesmith:ArcReactor","Runesmith:LastStand"],"picked":"Runesmith:MetallurgicalResearch","floor":16},{"not_picked":["Runesmith:HammerTime","Runesmith:HeatExchange"],"picked":"Runesmith:ChaoticBlast","floor":17},{"not_picked":["Runesmith:EarthShield","Runesmith:CraftProtectio"],"picked":"Runesmith:HammerThrow","floor":18},{"not_picked":["Runesmith:Terraform","Runesmith:FrozenChisel"],"picked":"Runesmith:Firestorm","floor":20},{"not_picked":["Runesmith:Superposition","Runesmith:ChargedHammer"],"picked":"Runesmith:Reinforce","floor":21}],"player_experience":271959,"relics_obtained":[{"floor":6,"key":"Shovel"},{"floor":8,"key":"Pocketwatch"},{"floor":9,"key":"Bag of Marbles"},{"floor":14,"key":"Turnip"},{"floor":23,"key":"aspiration:Lifesprig"}],"event_choices":[{"damage_healed":0,"gold_gain":75,"player_choice":"Gather Gold","damage_taken":11,"max_hp_gain":0,"max_hp_loss":0,"event_name":"World of Goop","floor":2,"gold_loss":0},{"damage_healed":0,"gold_gain":0,"player_choice":"Box","damage_taken":0,"relics_obtained":["Bronze Scales"],"max_hp_gain":0,"max_hp_loss":0,"event_name":"Big Fish","floor":3,"gold_loss":0,"cards_obtained":["Regret"]},{"cards_removed":["Regret"],"damage_healed":0,"gold_gain":0,"player_choice":"Offered Curse","damage_taken":0,"relics_obtained":["Spirit Poop"],"max_hp_gain":0,"max_hp_loss":0,"event_name":"Bonfire Elementals","floor":4,"gold_loss":0},{"damage_healed":0,"gold_gain":0,"player_choice":"Take Wound","damage_taken":0,"relics_obtained":["Golden Idol"],"max_hp_gain":0,"max_hp_loss":0,"event_name":"Golden Idol","floor":12,"gold_loss":0,"cards_obtained":["Injury"]},{"damage_healed":0,"gold_gain":0,"player_choice":"Simplicity","damage_taken":0,"max_hp_gain":0,"max_hp_loss":0,"event_name":"Back to Basics","floor":22,"gold_loss":0,"cards_upgraded":["Runesmith:Strike_RS","Runesmith:Strike_RS","Runesmith:Defend_RS","Runesmith:Defend_RS","Runesmith:Defend_RS","Runesmith:Defend_RS"]}],"is_beta":false,"boss_relics":[{"not_picked":["Ectoplasm","Snecko Eye"],"picked":"Tiny House"}],"items_purged_floors":[19],"is_endless":false,"potions_floor_spawned":[5,8,11,18],"killed_by":"Gremlin Leader","ascension_level":3}}