{"host":"l1pzlbpva2o8t11s","time":1607515748,"event":{"gold_per_floor":[117,117,42,42,54,54,54,74,100,113,124,151,162,196,196,300,300,312,330,86,86,98,98,123,123,123,123,157,256,256,269,269,269,269],"floor_reached":33,"playtime":1742,"items_purged":["Regret","Aggregate"],"score":310,"play_id":"fe526ffa-45d2-4248-825a-4b5958329440","local_time":"20201209130908","is_ascension_mode":true,"campfire_choices":[{"data":"Ball Lightning","floor":6,"key":"SMITH"},{"floor":15,"key":"REST"},{"data":"Storm","floor":23,"key":"SMITH"},{"data":"White Noise","floor":25,"key":"SMITH"},{"data":"Self Repair","floor":27,"key":"SMITH"},{"floor":32,"key":"REST"}],"neow_cost":"NONE","seed_source_timestamp":12950220862400,"circlet_count":0,"master_deck":["Zap","Dualcast","Ball Lightning+1","Storm+1","Creative AI+1","White Noise+1","Reinforced Body","Double Energy","Darkness","Recycle","Machine Learning","Static Discharge","Self Repair+1","Reboot"],"special_seed":0,"relics":["Cracked Core","PreservedInsect","Whetstone","Potion Belt","Pandora\u0027s Box","Lee\u0027s Waffle","Smiling Mask","CaptainsWheel","Bronze Scales"],"potions_floor_usage":[5,12,12,14,16,18,28,33],"damage_taken":[{"damage":0.0,"enemies":"Small Slimes","floor":1.0,"turns":3.0},{"damage":0,"enemies":"Cultist","floor":5,"turns":2},{"damage":0,"enemies":"2 Louse","floor":8,"turns":2},{"damage":7,"enemies":"Blue Slaver","floor":10,"turns":3},{"damage":5,"enemies":"Looter","floor":11,"turns":3},{"damage":13,"enemies":"Lagavulin","floor":12,"turns":4},{"damage":3,"enemies":"Red Slaver","floor":13,"turns":3},{"damage":13,"enemies":"3 Sentries","floor":14,"turns":4},{"damage":54,"enemies":"Hexaghost","floor":16,"turns":10},{"damage":10,"enemies":"Spheric Guardian","floor":18,"turns":3},{"damage":10,"enemies":"Chosen","floor":19,"turns":4},{"damage":22,"enemies":"Snake Plant","floor":22,"turns":4},{"damage":17,"enemies":"Gremlin Leader","floor":24,"turns":4},{"damage":21,"enemies":"Book of Stabbing","floor":28,"turns":4},{"damage":14,"enemies":"Centurion and Healer","floor":31,"turns":2},{"damage":57,"enemies":"Automaton","floor":33,"turns":8}],"seed_played":"-7375143576499272191","potions_obtained":[{"floor":0.0,"key":"SneckoOil"},{"floor":0.0,"key":"Fire Potion"},{"floor":0.0,"key":"AttackPotion"},{"floor":1.0,"key":"SkillPotion"},{"floor":10,"key":"LiquidBronze"},{"floor":11,"key":"FocusPotion"},{"floor":14,"key":"Energy Potion"},{"floor":16,"key":"Swift Potion"},{"floor":22,"key":"FearPotion"},{"floor":24,"key":"Energy Potion"},{"floor":31,"key":"SkillPotion"}],"is_trial":false,"path_per_floor":["M","?","$","?","M","R","$","M","T","M","M","E","M","E","R","B",null,"M","M","$","?","M","R","E","R","T","R","E","?","?","M","R","B"],"character_chosen":"DEFECT","items_purchased":["Lee\u0027s Waffle"],"campfire_rested":2,"item_purchase_floors":[20],"current_hp_per_floor":[75,75,75,75,75,75,75,75,75,68,63,50,47,34,56,2,75,65,55,82,82,60,60,50,50,50,50,39,39,23,19,45,0,0],"gold":269,"neow_bonus":"THREE_SMALL_POTIONS","is_prod":false,"is_daily":false,"chose_seed":false,"campfire_upgraded":4,"win_rate":0,"timestamp":1607515748,"path_taken":["M","?","$","?","M","R","$","M","T","?","M","E","M","E","R","BOSS","M","M","$","?","?","R","E","R","T","R","E","?","?","M","R","BOSS"],"build_version":"2020-11-30","purchased_purges":2,"victory":false,"max_hp_per_floor":[75,75,75,75,75,75,75,75,75,75,75,75,75,75,75,75,75,75,75,82,82,82,82,82,82,82,82,82,82,87,87,87,87,87],"relic_stats":{"Lee\u0027s Waffle":27,"counters":[16,63],"Bronze Scales":[24],"Pandora\u0027s Box":["White Noise","Reinforced Body","Double Energy","Darkness","Recycle","Aggregate","Machine Learning"],"PreservedInsect":150,"Whetstone":["Strike_B","Strike_B"],"Smiling Mask":0,"obtain_stats":[{"Potion Belt":14,"Lee\u0027s Waffle":20,"CaptainsWheel":26,"Bronze Scales":28,"Pandora\u0027s Box":17,"PreservedInsect":2,"Whetstone":12,"Cracked Core":0,"Smiling Mask":24},{"Potion Belt":8,"Lee\u0027s Waffle":11,"CaptainsWheel":13,"Bronze Scales":14,"Pandora\u0027s Box":9,"PreservedInsect":1,"Whetstone":6,"Cracked Core":0,"Smiling Mask":13},{"Potion Belt":24,"Lee\u0027s Waffle":41,"CaptainsWheel":49,"Bronze Scales":53,"Pandora\u0027s Box":34,"PreservedInsect":3,"Whetstone":17,"Cracked Core":0,"Smiling Mask":49}]},"card_choices":[{"not_picked":["Undo","Leap"],"picked":"Ball Lightning","floor":1.0},{"not_picked":["Doom and Gloom","Stack","Auto Shields"],"picked":"SKIP","floor":5},{"not_picked":["Steam","Beam Cell","Reprogram"],"picked":"SKIP","floor":8},{"not_picked":["Turbo","Force Field","Undo"],"picked":"SKIP","floor":10},{"not_picked":["Genetic Algorithm","Beam Cell"],"picked":"Storm","floor":11},{"not_picked":["Steam","Barrage","Gash"],"picked":"SKIP","floor":12},{"not_picked":["Sunder","Streamline","Go for the Eyes"],"picked":"SKIP","floor":13},{"not_picked":["Scrape","Turbo","White Noise"],"picked":"SKIP","floor":14},{"not_picked":["Rainbow","Buffer"],"picked":"Creative AI","floor":16},{"not_picked":["Hello World","Conserve Battery+1"],"picked":"Static Discharge","floor":18},{"not_picked":["Go for the Eyes","Turbo","Double Energy"],"picked":"SKIP","floor":19},{"not_picked":["Redo","Conserve Battery+1"],"picked":"Self Repair","floor":22},{"not_picked":["Stack","Doom and Gloom"],"picked":"Reboot","floor":24},{"not_picked":["Compile Driver","Sweeping Beam","Redo"],"picked":"SKIP","floor":28},{"not_picked":["Ball Lightning","Melter","Double Energy"],"picked":"SKIP","floor":31}],"player_experience":152784,"relics_obtained":[{"floor":12,"key":"Whetstone"},{"floor":14,"key":"Potion Belt"},{"floor":24,"key":"Smiling Mask"},{"floor":26,"key":"CaptainsWheel"},{"floor":28,"key":"Bronze Scales"}],"event_choices":[{"damage_healed":0.0,"max_hp_gain":0.0,"max_hp_loss":0.0,"gold_gain":0.0,"event_name":"Big Fish","player_choice":"Box","floor":2.0,"gold_loss":0.0,"damage_taken":0.0,"relics_obtained":["PreservedInsect"],"cards_obtained":["Regret"]},{"cards_removed":["Strike_B"],"damage_healed":0.0,"max_hp_gain":0.0,"max_hp_loss":0.0,"gold_gain":0.0,"event_name":"Purifier","player_choice":"Purged","floor":4.0,"gold_loss":0.0,"damage_taken":0.0},{"damage_healed":0,"gold_gain":0,"player_choice":"Forge","damage_taken":0,"max_hp_gain":0,"max_hp_loss":0,"event_name":"Accursed Blacksmith","floor":21,"gold_loss":0,"cards_upgraded":["Creative AI"]},{"damage_healed":0,"gold_gain":99,"player_choice":"Stole From Cult","damage_taken":0,"max_hp_gain":0,"max_hp_loss":0,"event_name":"Nest","floor":29,"gold_loss":0},{"damage_healed":0,"gold_gain":0,"player_choice":"Shed Blood","damage_taken":21,"max_hp_gain":5,"max_hp_loss":0,"event_name":"Forgotten Altar","floor":30,"gold_loss":0}],"is_beta":false,"boss_relics":[{"not_picked":["FrozenCore","Empty Cage"],"picked":"Pandora\u0027s Box"}],"items_purged_floors":[3,20],"is_endless":false,"potions_floor_spawned":[1,10,11,14,16,22,24,31],"killed_by":"Automaton","ascension_level":1}}