{"host":"igj4vwc42ivwqexo","time":1607537500,"event":{"gold_per_floor":[17,27,302,316,0,0,25,25,25,25,200,226,10,22,22,124,124,137,153,153,153,153,153,153,153],"floor_reached":24,"playtime":2476,"items_purged":["Regret","Doubt"],"score":252,"play_id":"abc5ba5a-c7f8-4862-a3e3-e21f9410b83f","local_time":"20201209191140","is_ascension_mode":false,"campfire_choices":[{"data":"JustLucky","floor":6,"key":"SMITH"},{"data":"Meditate","floor":8,"key":"SMITH"},{"data":"Eruption","floor":10,"key":"SMITH"},{"data":"ReachHeaven","floor":15,"key":"SMITH"},{"data":"Vigilance","floor":23,"key":"SMITH"}],"neow_cost":"NO_GOLD","seed_source_timestamp":0,"circlet_count":0,"master_deck":["Strike_P+1","Strike_P+1","Strike_P+1","Strike_P+1","Defend_P+1","Defend_P+1","Defend_P+1","Defend_P+1","Eruption+1","Vigilance+1","ReachHeaven+1","Meditate+1","JustLucky+1","LikeWater+1","MasterReality+1","Sanctity","LikeWater+1","Tantrum","DeceiveReality","Establishment+1","Nirvana+1","BattleHymn+1","Writhe"],"special_seed":0,"relics":["PureWater","CaptainsWheel","Frozen Egg 2","Strawberry","Shuriken","Bottled Lightning","Black Star","Mercury Hourglass","Bottled Flame"],"potions_floor_usage":[12],"damage_taken":[{"damage":7,"enemies":"Small Slimes","floor":1,"turns":2},{"damage":0,"enemies":"Cultist","floor":2,"turns":2},{"damage":4,"enemies":"Jaw Worm","floor":4,"turns":3},{"damage":20,"enemies":"Lagavulin","floor":7,"turns":4},{"damage":16,"enemies":"3 Sentries","floor":12,"turns":6},{"damage":0,"enemies":"Exordium Wildlife","floor":14,"turns":2},{"damage":0,"enemies":"Slime Boss","floor":16,"turns":7},{"damage":2,"enemies":"Chosen","floor":18,"turns":3},{"damage":27,"enemies":"2 Thieves","floor":19,"turns":4},{"damage":51,"enemies":"Gremlin Leader","floor":24,"turns":2}],"seed_played":"5873597399191948039","potions_obtained":[{"floor":4,"key":"Fire Potion"},{"floor":19,"key":"Ancient Potion"}],"is_trial":false,"path_per_floor":["M","M","?","M","$","R","E","R","T","R","?","E","$","M","R","B",null,"M","M","?","?","AVR","R","E"],"character_chosen":"WATCHER","items_purchased":["Frozen Egg 2","LikeWater+1","LikeWater+1","Tantrum"],"campfire_rested":0,"item_purchase_floors":[5,5,13,13],"current_hp_per_floor":[65,65,65,61,61,61,48,48,48,48,48,32,32,32,32,32,79,77,50,50,50,50,50,0,0],"gold":153,"neow_bonus":"ONE_RARE_RELIC","is_prod":false,"is_daily":false,"chose_seed":false,"campfire_upgraded":5,"win_rate":0,"timestamp":1607537500,"path_taken":["M","M","?","?","$","R","E","R","T","R","?","E","$","M","R","BOSS","M","M","?","?","AVR","R","E"],"build_version":"2020-11-30","purchased_purges":2,"victory":false,"max_hp_per_floor":[72,72,72,72,72,72,79,79,79,79,79,79,79,79,79,79,79,79,79,79,79,79,79,79,79],"card_choices":[{"not_picked":["Protect","Worship"],"picked":"ReachHeaven","floor":1},{"not_picked":["Study","Fasting2"],"picked":"Meditate","floor":2},{"not_picked":["FlurryOfBlows","Consecrate"],"picked":"JustLucky","floor":4},{"not_picked":["Consecrate","FlyingSleeves"],"picked":"MasterReality+1","floor":7},{"not_picked":["Consecrate","Meditate"],"picked":"Sanctity","floor":12},{"not_picked":["CutThroughFate","Protect"],"picked":"DeceiveReality","floor":14},{"not_picked":["MasterReality+1","Ragnarok"],"picked":"Establishment+1","floor":16},{"not_picked":["WheelKick","Evaluate"],"picked":"Nirvana+1","floor":18},{"not_picked":["Nirvana+1","FollowUp"],"picked":"BattleHymn+1","floor":19}],"player_experience":178355,"relics_obtained":[{"floor":7,"key":"Strawberry"},{"floor":9,"key":"Shuriken"},{"floor":12,"key":"Bottled Lightning"}],"event_choices":[{"damage_healed":0,"gold_gain":275,"player_choice":"Desecrate","damage_taken":0,"max_hp_gain":0,"max_hp_loss":0,"event_name":"Golden Shrine","floor":3,"gold_loss":0,"cards_obtained":["Regret"]},{"damage_healed":0,"gold_gain":175,"player_choice":"AGREE","damage_taken":0,"max_hp_gain":0,"max_hp_loss":0,"event_name":"Liars Game","floor":11,"gold_loss":0,"cards_obtained":["Doubt"]},{"damage_healed":0,"gold_gain":0,"player_choice":"Simplicity","damage_taken":0,"max_hp_gain":0,"max_hp_loss":0,"event_name":"Back to Basics","floor":20,"gold_loss":0,"cards_upgraded":["Strike_P","Strike_P","Strike_P","Strike_P","Defend_P","Defend_P","Defend_P","Defend_P"]},{"damage_healed":0,"gold_gain":0,"player_choice":"Opened","damage_taken":0,"relics_obtained":["Mercury Hourglass"],"max_hp_gain":0,"max_hp_loss":0,"event_name":"The Mausoleum","floor":21,"gold_loss":0,"cards_obtained":["Writhe"]}],"is_beta":false,"boss_relics":[{"not_picked":["Empty Cage","infinitespire:Cupcake"],"picked":"Black Star"}],"items_purged_floors":[13,22],"is_endless":false,"potions_floor_spawned":[4,19],"killed_by":"Gremlin Leader","ascension_level":0}}