{"host":"i98650m3tufgrrto","time":1607506621,"event":{"gold_per_floor":[140,155,172,97,22,22,35,48,48,48,66,79,112,112,112,190,190,209,209,259,277,288,288,303,303,303,317,337,354,383,403,403,477,477,493,370,185,210,220,220,252,252,252,281,92,111,140,151,151,151,151,151,151,26,56,56,56],"floor_reached":56,"playtime":2808,"items_purged":["AT_purpleEX","AT_purpleEX","AT_purpleEX"],"score":2176,"play_id":"91a8f366-ff1b-42ab-ad6d-64f4d2e4b54f","local_time":"20201209173701","is_ascension_mode":true,"campfire_choices":[{"data":"EighthInstrument_OneDividesIntoTwo_purple","floor":6.0,"key":"SMITH"},{"data":"Worldmountain_purple","floor":10.0,"key":"SMITH"},{"data":"OpenedBox_purple","floor":15.0,"key":"SMITH"},{"floor":23.0,"key":"REST"},{"floor":25.0,"key":"REST"},{"floor":32.0,"key":"RECALL"},{"data":"1","floor":40.0,"key":"LIFT"},{"floor":42.0,"key":"REST"},{"data":"2","floor":49.0,"key":"LIFT"},{"data":"3","floor":53.0,"key":"LIFT"}],"neow_cost":"NONE","seed_source_timestamp":0,"circlet_count":0,"master_deck":["AscendersBane","AT_purpleEX","Defend_purpleEX","Defend_purpleEX","Defend_purpleEX","Observe_purple_1","Observe_purple_2","EighthInstrument_OneDividesIntoTwo_purple+1","CommonSense_AntiCommonSense_purple","Boundary_LightAndDark_purple","Worldmountain_purple+1","ContainerChange_purple","Fantasy_PerpetualMotionMachine_purple","OpenedBox_purple+1","D_absorption_purple","Nest_LightFlightworm_purple","MeetDecomposer_purple","Mirror_FourBoundary_purple","Mirror_FourBoundary_purple","Apotheosis","MeetDecomposer_purple"],"special_seed":0,"relics":["Boundary_crack","Memoryfragments_purpleEX","NeowsBlessing","Mercury Hourglass","Pantograph","Fusion Hammer","FossilizedHelix","Ornamental Fan","Philosopher\u0027s Stone","GoodDreamPillow","Girya","Letter Opener","MealTicket","Vajra","Centennial Puzzle"],"potions_floor_usage":[],"damage_taken":[{"damage":0.0,"enemies":"Cultist","floor":1.0,"turns":1.0},{"damage":0.0,"enemies":"Jaw Worm","floor":2.0,"turns":1.0},{"damage":0.0,"enemies":"Small Slimes","floor":3.0,"turns":1.0},{"damage":16.0,"enemies":"Blue Slaver","floor":7.0,"turns":5.0},{"damage":13.0,"enemies":"3 Louse","floor":8.0,"turns":5.0},{"damage":10.0,"enemies":"Red Slaver","floor":11.0,"turns":3.0},{"damage":4.0,"enemies":"Lots of Slimes","floor":12.0,"turns":2.0},{"damage":17.0,"enemies":"3 Sentries","floor":13.0,"turns":4.0},{"damage":26.0,"enemies":"Hexaghost","floor":16.0,"turns":7.0},{"damage":15.0,"enemies":"Chosen","floor":18.0,"turns":4.0},{"damage":10.0,"enemies":"2 Thieves","floor":21.0,"turns":4.0},{"damage":16.0,"enemies":"Snake Plant","floor":22.0,"turns":4.0},{"damage":17.0,"enemies":"Sentry and Sphere","floor":24.0,"turns":7.0},{"damage":4.0,"enemies":"Shelled Parasite and Fungi","floor":27.0,"turns":3.0},{"damage":0.0,"enemies":"Chosen and Byrds","floor":28.0,"turns":9.0},{"damage":0.0,"enemies":"3 Cultists","floor":29.0,"turns":5.0},{"damage":16.0,"enemies":"Book of Stabbing","floor":30.0,"turns":6.0},{"damage":0.0,"enemies":"Snake Plant","floor":31.0,"turns":4.0},{"damage":29.0,"enemies":"Collector","floor":33.0,"turns":9.0},{"damage":13.0,"enemies":"3 Shapes","floor":35.0,"turns":5.0},{"damage":0.0,"enemies":"Mind Bloom Boss Battle","floor":38.0,"turns":7.0},{"damage":0.0,"enemies":"3 Darklings","floor":39.0,"turns":2.0},{"damage":44.0,"enemies":"Reptomancer","floor":41.0,"turns":9.0},{"damage":14.0,"enemies":"Nemesis","floor":44.0,"turns":9.0},{"damage":0.0,"enemies":"Writhing Mass","floor":46.0,"turns":5.0},{"damage":0.0,"enemies":"Giant Head","floor":47.0,"turns":7.0},{"damage":0.0,"enemies":"4 Shapes","floor":48.0,"turns":5.0},{"damage":0.0,"enemies":"Time Eater","floor":50.0,"turns":13.0},{"damage":23.0,"enemies":"Awakened One","floor":51.0,"turns":10.0},{"damage":14.0,"enemies":"Shield and Spear","floor":55.0,"turns":9.0},{"damage":68,"enemies":"The Heart","floor":56,"turns":3}],"seed_played":"662919913163557075","potions_obtained":[{"floor":2.0,"key":"ExcitationPotion"},{"floor":3.0,"key":"Dexterity Potion"},{"floor":8.0,"key":"LiquidMemories"},{"floor":16.0,"key":"SteroidPotion"},{"floor":18.0,"key":"SkillPotion"},{"floor":27.0,"key":"CalmPotion"},{"floor":31.0,"key":"Dexterity Potion"},{"floor":38.0,"key":"SteroidPotion"},{"floor":39.0,"key":"EssenceOfSteel"}],"is_trial":false,"path_per_floor":["M","M","M","$","?","R","M","M","T","R","M","M","E","?","R","B",null,"M","?","?","M","M","R","M","R","T","M","M","M","E","M","R","B",null,"M","?","$","?","M","R","E","R","T","E","$","M","E","M","R","B","B",null,"R","$","E","B"],"character_chosen":"Youkari","items_purchased":["Mirror_FourBoundary_purple","Apotheosis"],"campfire_rested":3,"item_purchase_floors":[37,45],"current_hp_per_floor":[59,59,59,59,59,59,48,40,40,40,31,28,16,16,16,20,54,40,40,40,35,20,39,27,46,46,44,49,54,43,48,48,41,59,51,51,51,65,65,65,26,45,45,36,51,56,61,65,65,65,47,61,61,65,56,0,0],"gold":56,"neow_bonus":"THREE_ENEMY_KILL","is_prod":false,"is_daily":false,"chose_seed":false,"campfire_upgraded":3,"win_rate":0,"timestamp":1607506621,"path_taken":["M","M","?","$","?","R","M","M","T","R","M","M","E","?","R","BOSS","M","?","?","?","M","R","M","R","T","M","?","M","E","M","R","BOSS","M","?","$","?","M","R","E","R","T","E","?","M","E","M","R","BOSS","BOSS","R","$","E","BOSS"],"build_version":"2020-11-30","purchased_purges":3,"victory":false,"max_hp_per_floor":[65,65,65,65,65,65,65,65,65,65,65,65,65,65,65,65,65,65,65,65,65,65,65,65,65,65,65,65,65,65,65,65,65,65,65,65,65,65,65,65,65,65,65,65,65,65,65,65,65,65,65,65,65,65,65,65,65],"card_choices":[{"not_picked":["Worldmountain_purple","StateDuplicate_purple"],"picked":"EighthInstrument_OneDividesIntoTwo_purple","floor":1.0},{"not_picked":["Mirror_FormAndEmptin_purple","Realm_recovery_purpleEX"],"picked":"CommonSense_AntiCommonSense_purple","floor":2.0},{"not_picked":["DarkRealmRedLine_purple","StateErode_purple","SharpContractionReality_purple"],"picked":"SKIP","floor":3.0},{"not_picked":["Line_surface_state_purple","Charmbait_purple"],"picked":"Boundary_LightAndDark_purple","floor":7.0},{"not_picked":["StretchesForeverDream_purple","Line_surface_state_purple"],"picked":"Worldmountain_purple","floor":8.0},{"not_picked":["OmniscientAndOmnipotent_Monster_purple","WatchEChange_purple"],"picked":"ContainerChange_purple","floor":11.0},{"not_picked":["RealityDreamConfluencek_purple","OmniscientAndOmnipotent_Monster_purple"],"picked":"Fantasy_PerpetualMotionMachine_purple","floor":12.0},{"not_picked":["OmniscientAndOmnipotent_Monster_purple","ExistenceContinue_purple"],"picked":"OpenedBox_purple","floor":13.0},{"not_picked":["UniverseChoice_purple","WangLiang_LineAndCurveDreams_purple"],"picked":"D_absorption_purple","floor":16.0},{"not_picked":["Charmbait_purple","OmniscientAndOmnipotent_Monster_purple+1","Boundary_of_Extermination_purpleEX"],"picked":"SKIP","floor":18.0},{"not_picked":["Fantasy_PerpetualMotionMachine_purple","StretchesForeverDream_purple+1"],"picked":"MeetDecomposer_purple","floor":21.0},{"not_picked":["SfantasyHide_purple","Worldmountain_purple","MeetDecomposer_purple"],"picked":"SKIP","floor":22.0},{"not_picked":["RuleDissolution_purple","WatchEChange_purple","Bait_Toxicbait_purple+1"],"picked":"SKIP","floor":24.0},{"not_picked":["Realm_recovery_purpleEX","AdvanceAttack_purple"],"picked":"Mirror_FourBoundary_purple","floor":27.0},{"not_picked":["FragmentationRealm_purple+1","SfantasyHide_purple","Mirror_WaveAndshot_purple"],"picked":"SKIP","floor":28.0},{"not_picked":["Worldmountain_purple","Boundary_of_Extermination_purpleEX","Line_surface_state_purple"],"picked":"SKIP","floor":29.0},{"not_picked":["OpenedBox_purple","Worldmountain_purple+1","UniverseChoice_purple"],"picked":"SKIP","floor":30.0},{"not_picked":["WeekHit_purple+1","MNeedle_purple","RealityDreamConfluencek_purple"],"picked":"SKIP","floor":31.0},{"not_picked":["Boundary_DreamRealityDamnation_purple","FragmentationRealm_purple+1","Umbrella_purple+1"],"picked":"SKIP","floor":35.0},{"not_picked":["RuleDissolution_purple","OmniscientAndOmnipotent_Monster_purple","StateErode_purple"],"picked":"SKIP","floor":39.0},{"not_picked":["Anti_communist_purple","WeekHit_purple+1","Umbrella_purple"],"picked":"SKIP","floor":41.0},{"not_picked":["Realm_recovery_purpleEX","MeetDecomposer_purple","ExistenceContinue_purple"],"picked":"SKIP","floor":44.0},{"not_picked":["DimensionStaggered_purple+1","Fantasy_PerpetualMotionMachine_purple+1","Computing_the_future_purpleEX"],"picked":"SKIP","floor":46.0},{"not_picked":["SharpContractionReality_purple","WingOfChimera_purple","DimensionStaggered_purple"],"picked":"SKIP","floor":47.0},{"not_picked":["Worldmountain_purple","Mirror_FormAndEmptin_purple+1","Fantasy_PerpetualMotionMachine_purple"],"picked":"SKIP","floor":48.0},{"not_picked":["Boundary_LightAndDark_purple","Umbrella_purple"],"picked":"MeetDecomposer_purple","floor":55.0}],"player_experience":1177188,"relics_obtained":[{"floor":9.0,"key":"Mercury Hourglass"},{"floor":13.0,"key":"Pantograph"},{"floor":26.0,"key":"FossilizedHelix"},{"floor":30.0,"key":"Ornamental Fan"},{"floor":38.0,"key":"Girya"},{"floor":41.0,"key":"Letter Opener"},{"floor":44.0,"key":"MealTicket"},{"floor":47.0,"key":"Vajra"},{"floor":55.0,"key":"Centennial Puzzle"}],"event_choices":[{"cards_removed":["Defend_purpleEX"],"damage_healed":0.0,"max_hp_gain":0.0,"max_hp_loss":0.0,"gold_gain":0.0,"event_name":"The Cleric","player_choice":"Card Removal","floor":5.0,"gold_loss":75.0,"damage_taken":0.0},{"damage_healed":0.0,"max_hp_gain":0.0,"max_hp_loss":0.0,"gold_gain":0.0,"event_name":"The Library","player_choice":"Read","floor":19.0,"gold_loss":0.0,"damage_taken":0.0,"cards_obtained":["Nest_LightFlightworm_purple"]},{"damage_healed":0.0,"max_hp_gain":0.0,"max_hp_loss":0.0,"gold_gain":100.0,"event_name":"The Joust","player_choice":"Bet on Murderer","floor":20.0,"gold_loss":50.0,"damage_taken":0.0},{"damage_healed":0.0,"max_hp_gain":0.0,"max_hp_loss":0.0,"gold_gain":0.0,"event_name":"MindBloom","player_choice":"Fight","floor":38.0,"gold_loss":0.0,"damage_taken":0.0}],"is_beta":false,"boss_relics":[{"not_picked":["Black Star","RedLine:ReiMu"],"picked":"Fusion Hammer"},{"not_picked":["Velvet Choker","Empty Cage"],"picked":"Philosopher\u0027s Stone"}],"items_purged_floors":[4,37,54],"is_endless":false,"potions_floor_spawned":[2,3,8,12,16,18,27,31,38,39],"killed_by":"The Heart","ascension_level":20}}