{"host":"d0y5v5lostuas3k8","time":1607497600,"event":{"gold_per_floor":[114,114,114,114,134,134,155,155,178,103,103,123,147,162,162,292,292,305,319,319,319],"floor_reached":20,"playtime":1418,"items_purged":["Strike_G"],"score":166,"play_id":"79bd5da9-f988-48b1-8727-d57d5b4ba140","local_time":"20201209160640","is_ascension_mode":false,"campfire_choices":[{"data":"Flying Knee","floor":6.0,"key":"SMITH"},{"data":"Backflip","floor":15.0,"key":"SMITH"}],"neow_cost":"NONE","seed_source_timestamp":10763616661300,"circlet_count":0,"master_deck":["Strike_G","Strike_G","Strike_G","Strike_G","Defend_G","Defend_G","Defend_G","Defend_G","Defend_G","Survivor","Neutralize","Flying Knee+1","Backflip+1","Blade Dance","Venomology","Terror"],"special_seed":0,"relics":["Ring of the Serpent","Tiny Chest","Golden Idol","WingedGreaves","MealTicket","Smiling Mask"],"potions_floor_usage":[20],"damage_taken":[{"damage":2.0,"enemies":"Small Slimes","floor":1.0,"turns":5.0},{"damage":4.0,"enemies":"Jaw Worm","floor":5.0,"turns":6.0},{"damage":0.0,"enemies":"2 Louse","floor":7.0,"turns":2.0},{"damage":0.0,"enemies":"2 Fungi Beasts","floor":12.0,"turns":4.0},{"damage":0.0,"enemies":"Large Slime","floor":13.0,"turns":10.0},{"damage":0.0,"enemies":"Red Slaver","floor":14.0,"turns":4.0},{"damage":39.0,"enemies":"The Guardian","floor":16.0,"turns":19.0},{"damage":3.0,"enemies":"Chosen","floor":18.0,"turns":6.0},{"damage":11.0,"enemies":"2 Thieves","floor":19.0,"turns":3.0},{"damage":66,"enemies":"3 Cultists","floor":20,"turns":9}],"seed_played":"-767308858119763591","potions_obtained":[{"floor":1.0,"key":"LiquidMemories"},{"floor":12.0,"key":"Fire Potion"},{"floor":19.0,"key":"Dexterity Potion"}],"is_trial":false,"path_per_floor":["M","?","?","?","M","R","M","T","T","$","?","M","M","M","R","B",null,"M","M","M"],"character_chosen":"THE_SILENT","items_purchased":[],"campfire_rested":0,"item_purchase_floors":[],"current_hp_per_floor":[68,68,51,51,47,47,47,47,47,62,50,50,50,50,50,11,70,67,56,0,0],"gold":319,"neow_bonus":"RANDOM_COMMON_RELIC","is_prod":false,"is_daily":false,"chose_seed":false,"campfire_upgraded":2,"win_rate":0.0,"timestamp":1607497600,"path_taken":["M","?","?","?","M","R","M","?","T","?","?","M","M","M","R","BOSS","M","M","M"],"build_version":"2020-11-30","purchased_purges":1,"victory":false,"max_hp_per_floor":[70,70,70,70,70,70,70,70,70,70,70,70,70,70,70,70,70,70,70,70,70],"card_choices":[{"not_picked":["Riddle With Holes","Deflect","Dodge and Roll"],"picked":"SKIP","floor":1.0},{"not_picked":["Poisoned Stab","Caltrops"],"picked":"Flying Knee","floor":5.0},{"not_picked":["Setup","Finisher","Bane"],"picked":"SKIP","floor":7.0},{"not_picked":["Blur","Concentrate"],"picked":"Backflip","floor":12.0},{"not_picked":["Expertise","Acrobatics","Escape Plan"],"picked":"SKIP","floor":13.0},{"not_picked":["Dagger Throw","Deadly Poison"],"picked":"Blade Dance","floor":14.0},{"not_picked":["Malaise","Grand Finale"],"picked":"Venomology","floor":16.0},{"not_picked":["Sucker Punch","Deflect"],"picked":"Terror","floor":18.0},{"not_picked":["Reflex","Dagger Spray","Noxious Fumes"],"picked":"SKIP","floor":19.0}],"player_experience":386561,"relics_obtained":[{"floor":8.0,"key":"WingedGreaves"},{"floor":9.0,"key":"MealTicket"}],"event_choices":[{"damage_healed":0.0,"max_hp_gain":0.0,"max_hp_loss":0.0,"gold_gain":0.0,"event_name":"Liars Game","player_choice":"Ignored","floor":2.0,"gold_loss":0.0,"damage_taken":0.0},{"damage_healed":0.0,"max_hp_gain":0.0,"max_hp_loss":0.0,"gold_gain":0.0,"event_name":"Golden Idol","player_choice":"Take Damage","floor":3.0,"gold_loss":0.0,"damage_taken":17.0,"relics_obtained":["Golden Idol"]},{"damage_healed":0.0,"max_hp_gain":0.0,"max_hp_loss":0.0,"gold_gain":0.0,"event_name":"Golden Wing","player_choice":"Ignored","floor":4.0,"gold_loss":0.0,"damage_taken":0.0},{"damage_healed":0.0,"max_hp_gain":0.0,"max_hp_loss":0.0,"gold_gain":0.0,"event_name":"Scrap Ooze","player_choice":"Success","floor":11.0,"gold_loss":0.0,"damage_taken":12.0,"relics_obtained":["Smiling Mask"]}],"is_beta":false,"boss_relics":[{"not_picked":["Runic Pyramid","Astrolabe"],"picked":"Ring of the Serpent"}],"items_purged_floors":[10],"is_endless":false,"potions_floor_spawned":[1,12,19],"killed_by":"3 Cultists","ascension_level":0}}