{"host":"0vkf1k7bkmi4whcf","time":1607556428,"event":{"gold_per_floor":[138,138,151,213,213,213,243,261,288,288,308,41,41,55,55,130,130,140,152,70,70,70,70,83,83,83,83,5,24,44,63,63,137,137,155,155,165,184,155,155,189,189,189,216,216,216,216,250,250,250,250,250,56,81,81],"floor_reached":56,"playtime":1643,"items_purged":[],"score":2186,"play_id":"88967221-c1c1-4421-97d0-523223d3f346","local_time":"20201210002708","is_ascension_mode":true,"campfire_choices":[{"data":"Nest_LightFlightworm_purple","floor":6,"key":"SMITH"},{"data":"DimensionStaggered_purple","floor":10,"key":"SMITH"},{"data":"Charmbait_purple","floor":13,"key":"SMITH"},{"data":"WingOfChimera_purple","floor":15,"key":"SMITH"},{"data":"DimensionStaggered_purple","floor":23,"key":"SMITH"},{"floor":25,"key":"REST"},{"data":"OmniscientAndOmnipotent_Monster_purple","floor":27,"key":"SMITH"},{"data":"Mirror_FourBoundary_purple","floor":32,"key":"SMITH"},{"floor":40,"key":"RECALL"},{"floor":45,"key":"REST"},{"data":"Monsters_DoubleDeathButterfly_purple","floor":47,"key":"SMITH"},{"floor":49,"key":"REST"},{"data":"ProofOfUnderstanding_purple","floor":52,"key":"SMITH"}],"neow_cost":"PERCENT_DAMAGE","seed_source_timestamp":293063107152200,"circlet_count":0,"master_deck":["AscendersBane","AT_purpleEX","AT_purpleEX","AT_purpleEX","Defend_purpleEX","Defend_purpleEX","Defend_purpleEX","Defend_purpleEX","Observe_purple_1","Observe_purple_2","Nest_LightFlightworm_purple+1","theWildCard:PaleRider","Charmbait_purple","MeetDecomposer_purple","DimensionStaggered_purple+1","Charmbait_purple+1","Charmbait_purple","DimensionStaggered_purple+1","WingOfChimera_purple+1","ProofOfUnderstanding_purple+1","ExternalForce_HighSpeedFlying_purple","Boundary_of_Extermination_purpleEX","Shallow_ocean_purpleEX","MeetDecomposer_purple","OmniscientAndOmnipotent_Monster_purple+1","Mirror_FourBoundary_purple+1","ExistenceContinue_purple+1","Nest_LightFlightworm_purple","MeetDecomposer_purple+1","Boundary_LifeAndDeath_purple","Mirror_FourBoundary_purple","OpenedBox_purple","Nest_LightFlightworm_purple+1","Charmbait_purple","Monsters_DoubleDeathButterfly_purple+1","MNeedle_purple","StateDuplicate_purple","Mirror_FourBoundary_purple","Bait_HighSpeedFlying_purple","StateDuplicate_purple","Bait_HighSpeedFlying_purple+1"],"relics":["Boundary_crack","Memoryfragments_purpleEX","Darkstone Periapt","Lantern","Odd Mushroom","Philosopher\u0027s Stone","Enchiridion","Nloth\u0027s Gift","Letter Opener","SlaversCollar","Strawberry","White Beast Statue","DemoMod:WhiteGuonStone","Akabeko"],"potions_floor_usage":[55],"damage_taken":[{"damage":2,"enemies":"Cultist","floor":1,"turns":5},{"damage":0,"enemies":"2 Louse","floor":3,"turns":3},{"damage":23,"enemies":"3 Sentries","floor":7,"turns":4},{"damage":0,"enemies":"Small Slimes","floor":8,"turns":3},{"damage":0,"enemies":"The Mushroom Lair","floor":11,"turns":3},{"damage":4,"enemies":"Blue Slaver","floor":14,"turns":3},{"damage":15,"enemies":"Slime Boss","floor":16,"turns":6},{"damage":10,"enemies":"2 Thieves","floor":18,"turns":4},{"damage":0,"enemies":"Spheric Guardian","floor":19,"turns":2},{"damage":14,"enemies":"Snake Plant","floor":24,"turns":3},{"damage":6,"enemies":"Centurion and Healer","floor":29,"turns":4},{"damage":0,"enemies":"Cultist and Chosen","floor":30,"turns":2},{"damage":22,"enemies":"Snake Plant","floor":31,"turns":3},{"damage":6,"enemies":"Collector","floor":33,"turns":6},{"damage":0,"enemies":"3 Darklings","floor":35,"turns":5},{"damage":4,"enemies":"3 Shapes","floor":37,"turns":3},{"damage":0,"enemies":"Maw","floor":38,"turns":6},{"damage":39,"enemies":"Nemesis","floor":41,"turns":6},{"damage":17,"enemies":"Giant Head","floor":44,"turns":6},{"damage":23,"enemies":"Nemesis","floor":48,"turns":5},{"damage":0,"enemies":"Time Eater","floor":50,"turns":6},{"damage":2,"enemies":"Shield and Spear","floor":54,"turns":6},{"damage":15,"enemies":"The Heart","floor":55,"turns":7}],"seed_played":"2839531620521952440","potions_obtained":[{"floor":1,"key":"sneckomod:MuddlingPotion"},{"floor":7,"key":"Energy Potion"},{"floor":8,"key":"PowerPotion"}],"is_trial":false,"path_per_floor":["M","?","M","?","?","R","E","M","T","R","?","$","R","M","R","B",null,"M","M","$","?","?","R","M","R","T","R","$","M","M","M","R","B",null,"M","?","M","M","$","R","E","?","T","E","R","?","R","E","R","B",null,"R","$","E","B",null],"character_chosen":"Youkari","items_purchased":["Lee\u0027s Waffle","Charmbait_purple","DimensionStaggered_purple","Shallow_ocean_purpleEX","MeetDecomposer_purple","Mirror_FourBoundary_purple","Charmbait_purple","Mirror_FourBoundary_purple","Bait_HighSpeedFlying_purple","StateDuplicate_purple"],"campfire_rested":3,"item_purchase_floors":[12,12,12,20,20,28,39,53,53,53],"current_hp_per_floor":[56,56,58,58,63,63,40,40,40,40,43,89,89,89,89,77,86,76,76,76,55,55,55,46,72,72,72,72,71,72,55,55,52,80,82,82,81,85,85,85,57,57,57,50,77,77,77,61,88,91,92,92,92,92,81],"gold":81,"neow_bonus":"TWENTY_PERCENT_HP_BONUS","is_prod":false,"is_daily":false,"chose_seed":false,"campfire_upgraded":9,"win_rate":0,"timestamp":1607556428,"path_taken":["M","?","M","?","?","R","E","?","T","R","?","?","R","M","R","BOSS","M","M","$","?","?","R","M","R","T","R","$","?","M","M","R","BOSS","M","?","M","M","$","R","E","?","T","E","R","?","R","E","R","BOSS","R","$","E","BOSS"],"build_version":"2020-11-30","purchased_purges":0,"victory":true,"max_hp_per_floor":[77,77,77,77,82,82,82,82,82,82,82,89,89,89,89,89,89,89,89,89,89,89,89,89,89,89,89,89,89,89,89,89,89,89,89,85,85,85,85,85,92,92,92,92,92,92,92,92,92,92,92,92,92,92,92],"relic_stats":{"Darkstone Periapt":0,"counters":[23,101],"Nloth\u0027s Gift":1,"Letter Opener":[75],"obtain_stats":[{"Darkstone Periapt":7,"Lantern":9,"Lee\u0027s Waffle":12,"Enchiridion":21,"DemoMod:GlassGuonStoneRelic":1,"Boundary_crack":0,"Letter Opener":26,"Odd Mushroom":11,"DemoMod:WhiteGuonStone":48,"White Beast Statue":44,"Akabeko":54,"SlaversCollar":34,"Strawberry":41,"Philosopher\u0027s Stone":17,"Nloth\u0027s Gift":22,"Memoryfragments_purpleEX":0},{"Darkstone Periapt":3,"Lantern":4,"Lee\u0027s Waffle":5,"Enchiridion":9,"DemoMod:GlassGuonStoneRelic":1,"Boundary_crack":0,"Letter Opener":10,"Odd Mushroom":5,"DemoMod:WhiteGuonStone":20,"White Beast Statue":19,"Akabeko":22,"SlaversCollar":14,"Strawberry":18,"Philosopher\u0027s Stone":7,"Nloth\u0027s Gift":9,"Memoryfragments_purpleEX":0},{"Darkstone Periapt":12,"Lantern":15,"Lee\u0027s Waffle":18,"Enchiridion":33,"DemoMod:GlassGuonStoneRelic":5,"Boundary_crack":0,"Letter Opener":36,"Odd Mushroom":18,"DemoMod:WhiteGuonStone":82,"White Beast Statue":77,"Akabeko":94,"SlaversCollar":51,"Strawberry":71,"Philosopher\u0027s Stone":27,"Nloth\u0027s Gift":33,"Memoryfragments_purpleEX":0}]},"card_choices":[{"not_picked":["Worldmountain_purple","AdvanceAttack_purple"],"picked":"Nest_LightFlightworm_purple","floor":1},{"not_picked":["StateErode_purple","FragmentationRealm_purple"],"picked":"Charmbait_purple","floor":3},{"not_picked":["ButterflyHabitatTemple_purple","FragmentationRealm_purple"],"picked":"MeetDecomposer_purple","floor":7},{"not_picked":["AdvanceAttack_purple","Charmbait_purple"],"picked":"DimensionStaggered_purple","floor":8},{"not_picked":["RuleDissolution_purple","Realm_recovery_purpleEX"],"picked":"Charmbait_purple","floor":11},{"not_picked":["RuleDissolution_purple","Computing_the_future_purpleEX"],"picked":"WingOfChimera_purple","floor":14},{"not_picked":["WangLiang_OokamiKakushi_purple","D_absorption_purple"],"picked":"ProofOfUnderstanding_purple","floor":16},{"not_picked":["ExistenceContinue_purple","Anti_communist_purple"],"picked":"ExternalForce_HighSpeedFlying_purple","floor":18},{"not_picked":["Worldmountain_purple","RuleDissolution_purple"],"picked":"Boundary_of_Extermination_purpleEX","floor":19},{"not_picked":["Mirror_FormAndEmptin_purple","Mirror_WaveAndshot_purple"],"picked":"OmniscientAndOmnipotent_Monster_purple","floor":24},{"not_picked":["Mirror_Drifter_purple","SharpContractionReality_purple"],"picked":"ExistenceContinue_purple+1","floor":29},{"not_picked":["MeetDecomposer_purple+1","Fantasy_PerpetualMotionMachine_purple"],"picked":"Nest_LightFlightworm_purple","floor":30},{"not_picked":["StretchesForeverDream_purple","UniverseChoice_purple"],"picked":"MeetDecomposer_purple+1","floor":31},{"not_picked":["D_absorption_purple","Mirror_TwoAndThreeElementRealm_purple"],"picked":"Boundary_LifeAndDeath_purple","floor":33},{"not_picked":["Human_Monster_Realm_purple","AdvanceAttack_purple"],"picked":"Mirror_FourBoundary_purple","floor":35},{"not_picked":["MeetDecomposer_purple","Worldmountain_purple"],"picked":"OpenedBox_purple","floor":37},{"not_picked":["WatchEyeChange_purple","Realm_recovery_purpleEX"],"picked":"Nest_LightFlightworm_purple+1","floor":38},{"not_picked":["Umbrella_purple+1","MeetDecomposer_purple"],"picked":"Monsters_DoubleDeathButterfly_purple","floor":41},{"not_picked":["SharpContractionReality_purple","Boundary_of_Extermination_purpleEX"],"picked":"MNeedle_purple","floor":44},{"not_picked":["Yakumo_Ran_purple+1","Mirror_FormAndEmptin_purple"],"picked":"StateDuplicate_purple","floor":48},{"not_picked":["Boundary_ObjectiveBoundary_purple+1","Fantasy_PerpetualMotionMachine_purple"],"picked":"Bait_HighSpeedFlying_purple+1","floor":54}],"player_experience":696108,"relics_obtained":[{"floor":7,"key":"Darkstone Periapt"},{"floor":9,"key":"Lantern"},{"floor":11,"key":"Odd Mushroom"},{"floor":26,"key":"Letter Opener"},{"floor":41,"key":"Strawberry"},{"floor":44,"key":"White Beast Statue"},{"floor":48,"key":"DemoMod:WhiteGuonStone"},{"floor":54,"key":"Akabeko"}],"event_choices":[{"damage_healed":0,"gold_gain":62,"player_choice":"Gained Gold","damage_taken":0,"max_hp_gain":0,"max_hp_loss":0,"event_name":"Golden Wing","floor":4,"gold_loss":0},{"damage_healed":0,"gold_gain":0,"player_choice":"Fought Mushrooms","damage_taken":0,"max_hp_gain":0,"max_hp_loss":0,"event_name":"Mushrooms","floor":11,"gold_loss":0},{"damage_healed":0,"gold_gain":0,"player_choice":"Obtained Book","damage_taken":21,"max_hp_gain":0,"max_hp_loss":0,"event_name":"Cursed Tome","floor":21,"gold_loss":0},{"damage_healed":0,"gold_gain":0,"player_choice":"Traded Relic","damage_taken":0,"relics_obtained":["Nloth\u0027s Gift"],"max_hp_gain":0,"max_hp_loss":0,"event_name":"N\u0027loth","floor":22,"relics_lost":["Lee\u0027s Waffle"],"gold_loss":0},{"damage_healed":0,"gold_gain":0,"player_choice":"Max HP","damage_taken":0,"max_hp_gain":0,"max_hp_loss":4,"event_name":"Winding Halls","floor":36,"gold_loss":0},{"cards_removed":["AT_purpleEX"],"damage_healed":0,"gold_gain":0,"player_choice":"Removed Attack","damage_taken":0,"max_hp_gain":0,"max_hp_loss":0,"event_name":"Falling","floor":42,"gold_loss":0},{"damage_healed":0,"gold_gain":0,"player_choice":"Ignored","damage_taken":0,"max_hp_gain":0,"max_hp_loss":0,"event_name":"Tomb of Lord Red Mask","floor":46,"gold_loss":0}],"is_beta":false,"boss_relics":[{"not_picked":["Coffee Dripper","RedLine:ReiMu"],"picked":"Philosopher\u0027s Stone"},{"not_picked":["Busted Crown","Runic Dome"],"picked":"SlaversCollar"}],"items_purged_floors":[],"is_endless":false,"potions_floor_spawned":[1,7,8,14,24,29,30,35,38,44,54],"ascension_level":16}}