{"host":"x6p78d0jjxip90i1","time":1607505477,"event":{"gold_per_floor":[130,130,130,157,110202,110202,110229,110242,110242,110242,110277,109741,109023,109039,109039,109138,109238,109248,109278,109278,108580,108580,108580,108580,108605,108605,108634,108634,107904,107359,107378,107378,107481,107481,107499,107512,107123,107123,107123,106892,106892,106957,106957,106957,106974,106612,106638,106652,106652,106652,106652,106652,106264,106293,106293],"floor_reached":56,"playtime":2100,"items_purged":["yuri:GrowingInsanity","Mirror_WaveAndshot_purple","AT_purpleEX","Defend_purpleEX","AT_purpleEX","AT_purpleEX","Defend_purpleEX+1","Writhe","Languid","Defend_purpleEX","Defend_purpleEX"],"score":1613,"play_id":"94bc21d7-57e2-442b-a19b-62e7defaaa18","local_time":"20201209171757","daily_mods":["Heirloom","Flight"],"is_ascension_mode":false,"campfire_choices":[{"data":"yuri:BlackTea","floor":6,"key":"SMITH"},{"data":"yuri:HeavierStrike","floor":10,"key":"SMITH"},{"data":"yuri:Virus","floor":15,"key":"SMITH"},{"floor":23,"key":"RECALL"},{"data":"Ghostly","floor":24,"key":"SMITH"},{"data":"yuri:BookGreen","floor":28,"key":"SMITH"},{"data":"Ghostly","floor":32,"key":"SMITH"},{"floor":44,"key":"REST"},{"data":"yuri:SturdyUniform","floor":49,"key":"SMITH"},{"data":"yuri:BookRed","floor":52,"key":"SMITH"}],"neow_cost":"","seed_source_timestamp":16205182880700,"circlet_count":0,"master_deck":["Observe_purple_1","Observe_purple_2+1","yuri:BlackTea+1","yuri:SturdyUniform","yuri:HeavierStrike+1","yuri:Stare","yuri:Virus+1","yuri:BookBlue+1","yuri:Stalk","yuri:BookRed+1","Apotheosis+1","Boundary_LifeAndDeath_purple","ProofOfUnderstanding_purple+1","Ghostly+1","Ghostly+1","Ghostly+1","Ghostly+1","Ghostly+1","yuri:BookGreen+1","Boundary_ObjectiveBoundary_purple+1","Erosivefilter_purple","yuri:BookGreen+1","Bait_HighSpeedFlying_purple","yuri:SturdyUniform+1","ContainerChange_purple+1","Fantasy_PerpetualMotionMachine_purple+1","yuri:BookRed+1","yuri:BlackTea","yuri:BlackTea","WatchEChange_purple"],"relics":["Boundary_crack","Memoryfragments_purpleEX","qcfpunch:Army_Boots","qcfpunch:Chain_With_Nametags","qcfpunch:Combat_Fatigues","replay:Trail_Library","HushsDoor","REME_ComplimentaryCards","LagranYue:RandomDrawCardRelic","Durian","REME_CardOfGreed","NineVolt","Bird Faced Urn","REME_HourglassOfDeath","Oddly Smooth Stone","qcfpunch:White_Boots","qcfpunch:Fighting_Gloves","ClockworkSouvenir","War Paint","TentaclePot:ReiMu","Strawberry","Nunchaku","Replay:Wanted Poster","GuppysCollar","Red Mask","Strange Spoon","Bag of Marbles","Tea:ReiMu","ReplayFunnel","Kunai","Mercury Hourglass","MerchantsRug","TheBattery","Chameleon Ring","Membership Card","PunchingBag","Akabeko","ReplayTheSpireMod:Ring of Collecting","Sling","HowToJump","ReplayTheSpireMod:TigerMarble","Shuriken","Void","TungstenRod","ReplayTheSpireMod:ShopPack","Blue Doll","TheAbacus","Mastiff:ReiMu","Unceasing Top","Antimatter_spacedebris"],"potions_floor_usage":[],"damage_taken":[{"damage":1,"enemies":"2 Louse","floor":1,"turns":2},{"damage":14,"enemies":"Gremlin Nob","floor":7,"turns":4},{"damage":0,"enemies":"Jaw Worm","floor":8,"turns":3},{"damage":8,"enemies":"3 Sentries","floor":11,"turns":3},{"damage":0,"enemies":"Small Slimes","floor":14,"turns":2},{"damage":0,"enemies":"Hexaghost","floor":16,"turns":7},{"damage":0,"enemies":"Spheric Guardian","floor":18,"turns":2},{"damage":7,"enemies":"Masked Bandits","floor":19,"turns":2},{"damage":1,"enemies":"Slavers","floor":25,"turns":3},{"damage":0,"enemies":"Gremlin Leader","floor":27,"turns":4},{"damage":0,"enemies":"2 Thieves","floor":31,"turns":2},{"damage":0,"enemies":"Automaton","floor":33,"turns":7},{"damage":0,"enemies":"3 Darklings","floor":35,"turns":2},{"damage":0,"enemies":"3 Shapes","floor":36,"turns":2},{"damage":0,"enemies":"Transient","floor":45,"turns":5},{"damage":0,"enemies":"Giant Head","floor":47,"turns":6},{"damage":0,"enemies":"Jaw Worm Horde","floor":48,"turns":1},{"damage":0,"enemies":"Donu and Deca","floor":50,"turns":4},{"damage":0,"enemies":"Shield and Spear","floor":54,"turns":4},{"damage":0,"enemies":"The Heart","floor":55,"turns":6}],"seed_played":"-7921490185233597610","potions_obtained":[{"floor":8,"key":"FairyPotion"},{"floor":14,"key":"GamblersBrew"},{"floor":16,"key":"Swift Potion"}],"is_trial":true,"path_per_floor":["M","?","?","T","$","R","E","M","T","R","E","$","$","M","R","B",null,"M","?","?","$","?","R","R","E","T","E","R","$","$","M","R","B",null,"M","M","$","?","?","$","?","?","T","R","M","$","E","M","R","B",null,"R","$","E","B",null],"character_chosen":"Youkari","items_purchased":["REME_CardOfGreed","yuri:BlackTea","Bird Faced Urn","REME_HourglassOfDeath","yuri:SturdyUniform","ClockworkSouvenir","War Paint","yuri:Virus","yuri:BookBlue","yuri:Stalk","yuri:BookRed","TentaclePot:ReiMu","Strawberry","Nunchaku","Apotheosis","GuppysCollar","ProofOfUnderstanding_purple","yuri:BookGreen","Boundary_ObjectiveBoundary_purple","Strange Spoon","Bag of Marbles","Tea:ReiMu","Kunai","Mercury Hourglass","yuri:SturdyUniform","MerchantsRug","TheBattery","TheBean","Chameleon Ring","Membership Card","PunchingBag","Akabeko","Sling","HowToJump","ReplayTheSpireMod:TigerMarble","Void","TungstenRod","ReplayTheSpireMod:ShopPack","TheAbacus","Mastiff:ReiMu","Unceasing Top","yuri:BlackTea","WatchEChange_purple"],"campfire_rested":1,"item_purchase_floors":[5,5,5,5,5,12,12,12,12,12,13,13,13,13,13,17,17,21,21,21,21,21,29,29,29,29,30,30,30,37,37,37,40,40,40,46,46,46,53,53,53,53,53],"current_hp_per_floor":[39,39,27,27,27,27,19,24,24,24,20,20,27,27,27,41,31,31,27,15,15,15,15,15,27,27,40,40,40,40,40,40,40,40,40,40,40,40,40,40,30,15,15,27,40,40,40,40,40,40,40,40,40,40,40],"gold":106293,"neow_bonus":"","is_prod":false,"is_daily":false,"chose_seed":false,"campfire_upgraded":8,"win_rate":0,"timestamp":1607505477,"path_taken":["M","?","?","?","?","R","E","?","T","R","E","$","$","?","R","BOSS","M","?","?","$","?","R","R","E","T","E","R","$","$","M","R","BOSS","M","M","$","?","?","$","?","?","T","R","M","$","E","?","R","BOSS","R","$","E","BOSS"],"build_version":"2020-11-30","purchased_purges":11,"victory":true,"max_hp_per_floor":[40,40,40,40,40,40,40,40,40,40,40,40,47,47,47,47,31,31,31,15,15,40,40,40,40,40,40,40,40,40,40,40,40,40,40,40,40,40,40,40,40,40,40,40,40,40,40,40,40,40,40,40,40,40,40],"relic_stats":{"Strange Spoon":[55],"Nunchaku":[4],"TheAbacus":[36],"counters":[20,68],"Shuriken":[0],"Bird Faced Urn":[43],"Kunai":[0],"War Paint":["Observe_purple_2","Defend_purpleEX"],"obtain_stats":[{"LagranYue:RandomDrawCardRelic":0,"NineVolt":5,"Tea:ReiMu":21,"Sling":40,"Replay:Wanted Poster":17,"TheBean":30,"Mastiff:ReiMu":53,"Strawberry":13,"Kunai":29,"Void":46,"qcfpunch:Chain_With_Nametags":0,"replay:Trail_Library":0,"KeepersGift":0,"MerchantsRug":29,"PunchingBag":37,"TentaclePot:ReiMu":13,"Oddly Smooth Stone":7,"War Paint":12,"Akabeko":37,"qcfpunch:Combat_Fatigues":0,"REME_HourglassOfDeath":5,"Shuriken":43,"Bird Faced Urn":5,"ReplayTheSpireMod:Ring of Collecting":38,"ReplayTheSpireMod:TigerMarble":40,"HushsDoor":0,"GuppysCollar":17,"Unceasing Top":53,"Memoryfragments_purpleEX":0,"ReplayFunnel":26,"Antimatter_spacedebris":54,"Blue Doll":47,"TheBattery":30,"ClockworkSouvenir":12,"Nunchaku":13,"Chameleon Ring":30,"TheAbacus":53,"Red Mask":19,"qcfpunch:Army_Boots":0,"HowToJump":40,"Boundary_crack":0,"qcfpunch:White_Boots":9,"Mercury Hourglass":29,"Strange Spoon":21,"qcfpunch:Fighting_Gloves":11,"Durian":0,"Bag of Marbles":21,"REME_CardOfGreed":5,"Membership Card":37,"TungstenRod":46,"REME_ComplimentaryCards":0,"ReplayTheSpireMod:ShopPack":46},{"LagranYue:RandomDrawCardRelic":0,"NineVolt":1,"Tea:ReiMu":8,"Sling":14,"Replay:Wanted Poster":6,"TheBean":10,"Mastiff:ReiMu":18,"Strawberry":4,"Kunai":10,"Void":15,"qcfpunch:Chain_With_Nametags":0,"replay:Trail_Library":0,"KeepersGift":0,"MerchantsRug":10,"PunchingBag":14,"TentaclePot:ReiMu":4,"Oddly Smooth Stone":2,"War Paint":4,"Akabeko":14,"qcfpunch:Combat_Fatigues":0,"REME_HourglassOfDeath":1,"Shuriken":14,"Bird Faced Urn":1,"ReplayTheSpireMod:Ring of Collecting":14,"ReplayTheSpireMod:TigerMarble":14,"HushsDoor":0,"GuppysCollar":6,"Unceasing Top":18,"Memoryfragments_purpleEX":0,"ReplayFunnel":9,"Antimatter_spacedebris":19,"Blue Doll":16,"TheBattery":10,"ClockworkSouvenir":4,"Nunchaku":4,"Chameleon Ring":10,"TheAbacus":18,"Red Mask":8,"qcfpunch:Army_Boots":0,"HowToJump":14,"Boundary_crack":0,"qcfpunch:White_Boots":3,"Mercury Hourglass":10,"Strange Spoon":8,"qcfpunch:Fighting_Gloves":4,"Durian":0,"Bag of Marbles":8,"REME_CardOfGreed":1,"Membership Card":14,"TungstenRod":15,"REME_ComplimentaryCards":0,"ReplayTheSpireMod:ShopPack":15},{"LagranYue:RandomDrawCardRelic":0,"NineVolt":2,"Tea:ReiMu":24,"Sling":42,"Replay:Wanted Poster":20,"TheBean":31,"Mastiff:ReiMu":58,"Strawberry":12,"Kunai":31,"Void":47,"qcfpunch:Chain_With_Nametags":0,"replay:Trail_Library":0,"KeepersGift":0,"MerchantsRug":31,"PunchingBag":42,"TentaclePot:ReiMu":12,"Oddly Smooth Stone":6,"War Paint":12,"Akabeko":42,"qcfpunch:Combat_Fatigues":0,"REME_HourglassOfDeath":2,"Shuriken":42,"Bird Faced Urn":2,"ReplayTheSpireMod:Ring of Collecting":42,"ReplayTheSpireMod:TigerMarble":42,"HushsDoor":0,"GuppysCollar":20,"Unceasing Top":58,"Memoryfragments_purpleEX":0,"ReplayFunnel":27,"Antimatter_spacedebris":62,"Blue Doll":53,"TheBattery":31,"ClockworkSouvenir":12,"Nunchaku":12,"Chameleon Ring":31,"TheAbacus":58,"Red Mask":24,"qcfpunch:Army_Boots":0,"HowToJump":42,"Boundary_crack":0,"qcfpunch:White_Boots":9,"Mercury Hourglass":31,"Strange Spoon":24,"qcfpunch:Fighting_Gloves":12,"Durian":0,"Bag of Marbles":24,"REME_CardOfGreed":2,"Membership Card":42,"TungstenRod":47,"REME_ComplimentaryCards":0,"ReplayTheSpireMod:ShopPack":47}],"TungstenRod":5,"Unceasing Top":[0],"Mercury Hourglass":[154]},"card_choices":[{"not_picked":["yuri:DuplicateCode","RuleDissolution_purple","yuri:ChibiInvasion"],"picked":"SKIP","floor":1},{"not_picked":["yuri:yuriQuickStrike","Human_Monster_Realm_purple","StateDuplicate_purple"],"picked":"SKIP","floor":7},{"not_picked":["Line_surface_state_purple","yuri:RecklessStrike"],"picked":"yuri:HeavierStrike","floor":8},{"not_picked":["PositiveMatter_Antimatter_Universe_purple","yuri:GlitchedStrike","Extrememeaning_purpleEX"],"picked":"SKIP","floor":11},{"not_picked":["yuri:WickedSlash","Shallow_ocean_purpleEX","yuri:yuriHeavyStrike"],"picked":"SKIP","floor":14},{"not_picked":["yuri:Suicide","yuri:GhostForm"],"picked":"Boundary_LifeAndDeath_purple","floor":16},{"not_picked":["yuri:UntestedCode","yuri:Spin+1","yuri:yuriQuickStrike"],"picked":"SKIP","floor":18},{"not_picked":["ButterflyHabitatTemple_purple+1","Bait_Toxicbait_purple+1","ExistenceContinue_purple+1"],"picked":"SKIP","floor":25},{"not_picked":["yuri:DebugCard","Price_of_realm_purpleEX"],"picked":"yuri:BookGreen","floor":27},{"not_picked":["yuri:RepairCode","StateErode_purple","Anti_communist_purple"],"picked":"SKIP","floor":31},{"not_picked":["yuri:JumpScare","yuri:RelentlessStrikes"],"picked":"ContainerChange_purple","floor":33},{"not_picked":["MeetDecomposer_purple","yuri:ThrowingKnives","AdvanceAttack_purple+1"],"picked":"SKIP","floor":35},{"not_picked":["yuri:CalmingAura+1","yuri:DisableStrike","ExistenceContinue_purple"],"picked":"SKIP","floor":36},{"not_picked":["yuri:MPose","yuri:BrokenCode+1","Charmbait_purple+1"],"picked":"SKIP","floor":45},{"not_picked":["yuri:ReactiveMadness","yuri:InduceGlitch","Line_surface_state_purple+1"],"picked":"SKIP","floor":47},{"not_picked":["yuri:ArmBrace+1","Bait_Toxicbait_purple+1"],"picked":"yuri:BookRed","floor":48},{"not_picked":["Price_of_realm_purpleEX","yuri:GreenTea","yuri:TPose+1"],"picked":"SKIP","floor":54}],"player_experience":88092,"relics_obtained":[{"floor":7,"key":"Oddly Smooth Stone"},{"floor":9,"key":"qcfpunch:White_Boots"},{"floor":11,"key":"qcfpunch:Fighting_Gloves"},{"floor":19,"key":"Red Mask"},{"floor":26,"key":"ReplayFunnel"},{"floor":38,"key":"ReplayTheSpireMod:Ring of Collecting"},{"floor":43,"key":"Shuriken"},{"floor":47,"key":"Blue Doll"},{"floor":54,"key":"Antimatter_spacedebris"}],"event_choices":[{"damage_healed":0,"gold_gain":0,"cards_transformed":["AT_purpleEX"],"player_choice":"Change","damage_taken":0,"max_hp_gain":0,"max_hp_loss":0,"event_name":"Living Wall","floor":2,"gold_loss":0,"cards_obtained":["Mirror_WaveAndshot_purple"]},{"damage_healed":0,"gold_gain":0,"player_choice":"Fought Bandits","damage_taken":0,"max_hp_gain":0,"max_hp_loss":0,"event_name":"Masked Bandits","floor":19,"gold_loss":0},{"damage_healed":0,"gold_gain":0,"player_choice":"Became a Ghost","damage_taken":0,"max_hp_gain":0,"max_hp_loss":16,"event_name":"Ghosts","floor":20,"gold_loss":0,"cards_obtained":["Ghostly","Ghostly","Ghostly","Ghostly","Ghostly"]},{"damage_healed":10,"gold_gain":0,"player_choice":"Writhe","damage_taken":0,"max_hp_gain":0,"max_hp_loss":0,"event_name":"Winding Halls","floor":39,"gold_loss":0,"cards_obtained":["Writhe"]},{"damage_healed":0,"gold_gain":0,"player_choice":"Memory 3","damage_taken":10,"max_hp_gain":0,"max_hp_loss":0,"event_name":"SensoryStone","floor":41,"gold_loss":0}],"is_beta":false,"boss_relics":[{"not_picked":["REME_DemonsWealth","Philosopher\u0027s Stone"],"picked":"Replay:Wanted Poster"},{"not_picked":[]},{"not_picked":["expansioncontent:StudyCardRelic","Runesmith:UraniumAnvil","REME_DuelDisc"]}],"items_purged_floors":[5,5,5,5,12,12,21,40,40,46,46],"is_endless":false,"potions_floor_spawned":[8,14,16,18,25,36,47],"ascension_level":0}}