{"host":"rmsq46plbpwfbxcc","time":1607522953,"event":{"gold_per_floor":[114,133,133,133,150,168,199,199,199,226,256,269,281,299,299,373,373,389,389,389,389],"floor_reached":20,"playtime":511,"items_purged":[],"score":335,"play_id":"ff800b49-354d-4595-87c6-e90e474cda5e","local_time":"20201209230913","is_ascension_mode":true,"campfire_choices":[{"data":"Unload","floor":8.0,"key":"SMITH"},{"floor":15.0,"key":"REST"}],"neow_cost":"NONE","seed_source_timestamp":1907802512756700,"circlet_count":0,"master_deck":["AscendersBane","Strike_G","Strike_G","Strike_G","Strike_G","Defend_G","Defend_G","Defend_G","Defend_G","Defend_G","Survivor","Neutralize+1","Backflip","Unload+1","PiercingWail","Adrenaline","Cloak And Dagger","Adrenaline","Bullet Time","Footwork+1","RitualDagger","Necronomicurse"],"special_seed":0,"relics":["Ring of the Snake","NeowsBlessing","InkBottle","Mercury Hourglass","Orichalcum","Ninja Scroll","HoveringKite","Necronomicon"],"potions_floor_usage":[16],"damage_taken":[{"damage":0.0,"enemies":"Cultist","floor":1.0,"turns":1.0},{"damage":0.0,"enemies":"2 Louse","floor":2.0,"turns":1.0},{"damage":0.0,"enemies":"Jaw Worm","floor":5.0,"turns":1.0},{"damage":0.0,"enemies":"2 Fungi Beasts","floor":6.0,"turns":5.0},{"damage":22.0,"enemies":"Gremlin Nob","floor":7.0,"turns":4.0},{"damage":21.0,"enemies":"Lagavulin","floor":10.0,"turns":8.0},{"damage":0.0,"enemies":"Large Slime","floor":12.0,"turns":5.0},{"damage":0.0,"enemies":"3 Louse","floor":13.0,"turns":2.0},{"damage":1.0,"enemies":"2 Fungi Beasts","floor":14.0,"turns":3.0},{"damage":37,"enemies":"Slime Boss","floor":16,"turns":10},{"damage":0,"enemies":"Shell Parasite","floor":18,"turns":5}],"seed_played":"1035471581813247947","potions_obtained":[{"floor":5.0,"key":"FearPotion"},{"floor":6.0,"key":"PowerPotion"},{"floor":7.0,"key":"LiquidBronze"},{"floor":12.0,"key":"Strength Potion"},{"floor":14.0,"key":"Fruit Juice"},{"floor":16,"key":"PowerPotion"}],"is_trial":false,"path_per_floor":["M","M","?","?","M","M","E","R","T","E","?","M","M","M","R","B",null,"M","?","?"],"character_chosen":"THE_SILENT","items_purchased":[],"campfire_rested":1,"item_purchase_floors":[],"current_hp_per_floor":[59,59,59,59,59,59,37,37,37,16,16,16,16,20,41,4,54,54,48,27,27],"gold":389,"neow_bonus":"THREE_ENEMY_KILL","is_prod":false,"is_daily":false,"chose_seed":false,"campfire_upgraded":1,"win_rate":0,"timestamp":1607522953,"path_taken":["M","?","?","?","?","M","E","R","T","E","?","M","M","M","R","BOSS","M","?","?"],"build_version":"2020-11-30","purchased_purges":0,"victory":false,"max_hp_per_floor":[66,66,66,66,66,66,66,66,66,66,66,66,66,71,71,71,71,71,71,71,71],"card_choices":[{"not_picked":["Deflect","Sucker Punch"],"picked":"Backflip","floor":1.0},{"not_picked":["Underhanded Strike","Flying Knee","Dodge and Roll"],"picked":"SKIP","floor":2.0},{"not_picked":["Skewer","Quick Slash"],"picked":"Unload","floor":5.0},{"not_picked":["Deflect","Quick Slash","Bouncing Flask"],"picked":"SKIP","floor":6.0},{"not_picked":["Bouncing Flask","Eviscerate"],"picked":"PiercingWail","floor":7.0},{"not_picked":["Blade Dance","Reflex"],"picked":"Adrenaline","floor":10.0},{"not_picked":["Acrobatics","Deflect","Quick Slash"],"picked":"SKIP","floor":12.0},{"not_picked":["Deadly Poison","Backflip"],"picked":"Cloak And Dagger","floor":13.0},{"not_picked":["Bouncing Flask","Poisoned Stab"],"picked":"Adrenaline","floor":14.0},{"not_picked":["Burst","Tools of the Trade"],"picked":"Bullet Time","floor":16},{"not_picked":["Reflex","Noxious Fumes"],"picked":"Footwork+1","floor":18}],"player_experience":1295336,"relics_obtained":[{"floor":7.0,"key":"InkBottle"},{"floor":9.0,"key":"Mercury Hourglass"},{"floor":10.0,"key":"Orichalcum"},{"floor":20,"key":"Necronomicon"}],"event_choices":[{"damage_healed":0.0,"max_hp_gain":0.0,"max_hp_loss":0.0,"gold_gain":0.0,"event_name":"Living Wall","player_choice":"Grow","floor":3.0,"gold_loss":0.0,"damage_taken":0.0,"cards_upgraded":["Neutralize"]},{"cards_removed":["Strike_G"],"damage_healed":0.0,"max_hp_gain":0.0,"max_hp_loss":0.0,"gold_gain":0.0,"event_name":"Bonfire Elementals","player_choice":"Offered Basic","floor":4.0,"gold_loss":0.0,"damage_taken":0.0},{"damage_healed":0.0,"max_hp_gain":0.0,"max_hp_loss":0.0,"gold_gain":30.0,"event_name":"Dead Adventurer","player_choice":"Searched \u00272\u0027 times","floor":11.0,"gold_loss":0.0,"damage_taken":0.0,"relics_obtained":["Ninja Scroll"]},{"damage_healed":0,"gold_gain":0,"player_choice":"Joined the Cult","damage_taken":6,"max_hp_gain":0,"max_hp_loss":0,"event_name":"Nest","floor":19,"gold_loss":0,"cards_obtained":["RitualDagger"]},{"damage_healed":0,"gold_gain":0,"player_choice":"Obtained Book","damage_taken":21,"max_hp_gain":0,"max_hp_loss":0,"event_name":"Cursed Tome","floor":20,"gold_loss":0}],"is_beta":false,"boss_relics":[{"not_picked":["Calling Bell","SacredBark"],"picked":"HoveringKite"}],"items_purged_floors":[],"is_endless":false,"potions_floor_spawned":[5,6,7,12,14,16],"ascension_level":16}}