{"host":"siy7oa151ubrcv6h","time":1607492777,"event":{"gold_per_floor":[113,113,126,146,161,195,195,205,205,235,235,255,255,269,269,342,342,357,370,11,27,27,27,60,60,60,110,130,130,161,171,171,248,248,261,261,261,161,184,212,212,245,271,337,56,76,91,103,103,103,103,103,103,103,129,129],"floor_reached":57,"playtime":1637,"items_purged":["Strike_R","Pommel Strike","Strike_R"],"score":2974,"play_id":"108fce0d-8138-4291-8f1a-3561fade06f4","local_time":"20201209144617","is_ascension_mode":true,"campfire_choices":[{"data":"Rampage","floor":7,"key":"SMITH"},{"data":"REME_ACTH","floor":11,"key":"SMITH"},{"floor":15,"key":"REST"},{"data":"REME_ACTH","floor":23,"key":"SMITH"},{"data":"Heavy Blade","floor":25,"key":"SMITH"},{"data":"Evolve","floor":29,"key":"SMITH"},{"data":"Spot Weakness","floor":32,"key":"SMITH"},{"data":"Shrug It Off","floor":41,"key":"SMITH"},{"floor":49,"key":"REST"},{"data":"Shrug It Off","floor":53,"key":"SMITH"}],"neow_cost":"NONE","seed_source_timestamp":330432999214600,"circlet_count":0,"master_deck":["AscendersBane","Strike_R","Defend_R","Defend_R","Bash","REME_Flogging+1","Rampage+1","Shrug It Off+1","Spot Weakness+1","Headbutt","Rage","REME_ACTH+1","Evolve+1","Anger","REME_ACTH+1","Seeing Red+1","REME_FearOfPain+1","Inflame+1","Twin Strike","Shrug It Off+1","Heavy Blade+1","REME_Fury+1","Pommel Strike+1","Armaments+1","REME_ACTH+1","Feel No Pain+1","Madness+1","Madness+1","Finesse+1","REME_ProfessionalPlagiarism+1","True Grit+1","Flex+1","Ghostly Armor+1","Intimidate+1"],"relics":["Burning Blood","REME_ComplimentaryCards","NeowsBlessing","Akabeko","Blood Vial","Ancient Tea Set","Astrolabe","REME_HourglassOfDeath","Toxic Egg 2","InkBottle","Ornamental Fan","Mark of Pain","Regal Pillow","Gremlin Horn","MawBank","Pocketwatch","Bag of Preparation","Charon\u0027s Ashes"],"potions_floor_usage":[10,10,56,56],"damage_taken":[{"damage":0,"enemies":"2 Louse","floor":1,"turns":1},{"damage":0,"enemies":"Cultist","floor":3,"turns":1},{"damage":0,"enemies":"Small Slimes","floor":4,"turns":1},{"damage":12,"enemies":"2 Fungi Beasts","floor":5,"turns":4},{"damage":47,"enemies":"3 Sentries","floor":6,"turns":9},{"damage":13,"enemies":"Blue Slaver","floor":8,"turns":2},{"damage":9,"enemies":"Lagavulin","floor":10,"turns":3},{"damage":0,"enemies":"3 Louse","floor":12,"turns":4},{"damage":19,"enemies":"Exordium Wildlife","floor":14,"turns":3},{"damage":18,"enemies":"Slime Boss","floor":16,"turns":5},{"damage":5,"enemies":"3 Byrds","floor":18,"turns":2},{"damage":0,"enemies":"Chosen","floor":19,"turns":2},{"damage":0,"enemies":"3 Cultists","floor":21,"turns":2},{"damage":24,"enemies":"Slavers","floor":24,"turns":3},{"damage":0,"enemies":"Snake Plant","floor":28,"turns":1},{"damage":22,"enemies":"Book of Stabbing","floor":30,"turns":3},{"damage":0,"enemies":"Chosen and Byrds","floor":31,"turns":2},{"damage":16,"enemies":"Automaton","floor":33,"turns":3},{"damage":0,"enemies":"3 Shapes","floor":35,"turns":1},{"damage":0,"enemies":"Reptomancer","floor":40,"turns":3},{"damage":0,"enemies":"Nemesis","floor":42,"turns":2},{"damage":54,"enemies":"2 Orb Walkers","floor":44,"turns":4},{"damage":0,"enemies":"3 Darklings","floor":46,"turns":2},{"damage":30,"enemies":"Spire Growth","floor":47,"turns":3},{"damage":8,"enemies":"Maw","floor":48,"turns":3},{"damage":0,"enemies":"Donu and Deca","floor":50,"turns":1},{"damage":60,"enemies":"Time Eater","floor":51,"turns":5},{"damage":0,"enemies":"Shield and Spear","floor":55,"turns":2},{"damage":45,"enemies":"The Heart","floor":56,"turns":5}],"seed_played":"-4741478686680777604","potions_obtained":[{"floor":4,"key":"FearPotion"},{"floor":5,"key":"Energy Potion"},{"floor":12,"key":"AttackPotion"},{"floor":19,"key":"BlessingOfTheForge"},{"floor":28,"key":"CultistPotion"},{"floor":47,"key":"ElixirPotion"}],"is_trial":false,"path_per_floor":["M","?","M","M","M","E","R","M","T","E","R","M","?","M","R","B",null,"M","M","$","M","?","R","E","R","T","?","M","R","E","M","R","B",null,"M","?","?","$","T","E","R","E","T","?","$","M","M","M","R","B","B",null,"R","$","E","B",null],"character_chosen":"IRONCLAD","items_purchased":["REME_HourglassOfDeath","Bag of Preparation"],"campfire_rested":2,"item_purchase_floors":[20,45],"current_hp_per_floor":[74,74,75,75,69,28,28,21,21,20,20,28,33,22,46,36,69,72,80,80,80,80,80,62,62,62,62,70,70,56,64,64,56,74,80,66,56,56,56,64,64,72,72,26,26,34,12,12,51,59,7,62,62,62,70,33],"gold":129,"neow_bonus":"THREE_ENEMY_KILL","is_prod":false,"is_daily":false,"chose_seed":false,"campfire_upgraded":8,"win_rate":0,"timestamp":1607492777,"path_taken":["M","?","?","M","M","E","R","M","T","E","R","?","?","M","R","BOSS","M","M","$","M","?","R","E","R","T","?","M","R","E","M","R","BOSS","M","?","?","$","?","E","R","E","T","?","?","M","?","M","R","BOSS","BOSS","R","$","E","BOSS"],"build_version":"2020-11-30","purchased_purges":3,"victory":true,"max_hp_per_floor":[75,75,75,75,75,75,75,75,75,75,75,75,80,80,80,80,80,80,80,80,80,80,80,80,80,80,80,80,80,80,80,80,80,80,80,80,80,80,80,80,80,80,80,80,80,80,80,80,80,80,80,80,80,80,80,80],"card_choices":[{"not_picked":["Clash","Body Slam"],"picked":"Rampage","floor":1},{"not_picked":["Ghostly Armor","Anger"],"picked":"Shrug It Off","floor":3},{"not_picked":["Anger","Second Wind"],"picked":"Spot Weakness","floor":4},{"not_picked":["Wild Strike","Clash"],"picked":"Headbutt","floor":5},{"not_picked":["Blood for Blood","Carnage"],"picked":"Rage","floor":6},{"not_picked":["Carnage","Clothesline"],"picked":"REME_ACTH","floor":8},{"not_picked":["Blood for Blood","Spot Weakness"],"picked":"Evolve","floor":10},{"not_picked":["Rupture","Seeing Red"],"picked":"Anger","floor":12},{"not_picked":["Flex","Heavy Blade","Infernal Blade"],"picked":"SKIP","floor":14},{"not_picked":["Bludgeon","Reaper"],"picked":"REME_ACTH","floor":16},{"not_picked":["Heavy Blade","Clash"],"picked":"Pommel Strike","floor":18},{"not_picked":["Ghostly Armor","Pommel Strike"],"picked":"Twin Strike","floor":19},{"not_picked":["Warcry","Pommel Strike"],"picked":"Shrug It Off","floor":21},{"not_picked":["Bloodletting+1","Twin Strike"],"picked":"Heavy Blade","floor":24},{"not_picked":["Spot Weakness+1","Sword Boomerang"],"picked":"REME_Fury+1","floor":28},{"not_picked":["Thunderclap","Clothesline"],"picked":"Pommel Strike+1","floor":30},{"not_picked":["Heavy Blade","Metallicize"],"picked":"Armaments+1","floor":31},{"not_picked":["Berserk","Bludgeon"],"picked":"REME_ACTH+1","floor":33},{"not_picked":["Blood for Blood+1","Intimidate+1"],"picked":"Feel No Pain+1","floor":35},{"not_picked":["Thinking Ahead+1","Discovery+1"],"picked":"Finesse+1","floor":37},{"not_picked":["Magnetism","Deep Breath+1"],"picked":"REME_ProfessionalPlagiarism+1","floor":37},{"not_picked":["Headbutt","Brutality"],"picked":"True Grit+1","floor":40},{"not_picked":["Power Through+1","Rage+1"],"picked":"Flex+1","floor":42},{"not_picked":["Fire Breathing","REME_Cut","Blood for Blood"],"picked":"SKIP","floor":46},{"not_picked":["Carnage+1","Uppercut","Cleave"],"picked":"SKIP","floor":47},{"not_picked":["Carnage+1","Uppercut","Cleave"],"picked":"SKIP","floor":47},{"not_picked":["Infernal Blade+1","Flex+1"],"picked":"Ghostly Armor+1","floor":48},{"not_picked":["Reckless Charge","Rage+1"],"picked":"Intimidate+1","floor":55}],"player_experience":459124,"relics_obtained":[{"floor":6,"key":"Akabeko"},{"floor":9,"key":"Blood Vial"},{"floor":10,"key":"Ancient Tea Set"},{"floor":24,"key":"Toxic Egg 2"},{"floor":26,"key":"InkBottle"},{"floor":30,"key":"Ornamental Fan"},{"floor":40,"key":"Regal Pillow"},{"floor":42,"key":"Gremlin Horn"},{"floor":43,"key":"MawBank"},{"floor":44,"key":"Pocketwatch"},{"floor":55,"key":"Charon\u0027s Ashes"}],"event_choices":[{"damage_healed":0,"gold_gain":0,"player_choice":"Forge","damage_taken":0,"max_hp_gain":0,"max_hp_loss":0,"event_name":"Accursed Blacksmith","floor":2,"gold_loss":0,"cards_upgraded":["REME_Flogging"]},{"damage_healed":0,"gold_gain":0,"player_choice":"Donut","damage_taken":0,"max_hp_gain":5,"max_hp_loss":0,"event_name":"Big Fish","floor":13,"gold_loss":0},{"cards_removed":["Defend_R"],"damage_healed":0,"gold_gain":0,"player_choice":"Elegance","damage_taken":0,"max_hp_gain":0,"max_hp_loss":0,"event_name":"Back to Basics","floor":22,"gold_loss":0},{"damage_healed":0,"gold_gain":50,"player_choice":"Stole From Cult","damage_taken":0,"max_hp_gain":0,"max_hp_loss":0,"event_name":"Nest","floor":27,"gold_loss":0},{"damage_healed":0,"gold_gain":0,"player_choice":"Embrace Madness","damage_taken":14,"max_hp_gain":0,"max_hp_loss":0,"event_name":"Winding Halls","floor":36,"gold_loss":0,"cards_obtained":["Madness","Madness"]},{"damage_healed":0,"gold_gain":0,"player_choice":"Memory 3","damage_taken":10,"max_hp_gain":0,"max_hp_loss":0,"event_name":"SensoryStone","floor":37,"gold_loss":0},{"damage_healed":0,"gold_gain":0,"player_choice":"Fight","damage_taken":0,"max_hp_gain":0,"max_hp_loss":0,"event_name":"Mysterious Sphere","floor":44,"gold_loss":0}],"is_beta":false,"boss_relics":[{"not_picked":["Runic Dome","Tiny House"],"picked":"Astrolabe"},{"not_picked":["Fusion Hammer","Cursed Key"],"picked":"Mark of Pain"}],"items_purged_floors":[20,38,45],"is_endless":false,"potions_floor_spawned":[4,5,6,12,19,24,28,30,40,47,48,55],"ascension_level":20}}