{"host":"ls5099hiyr1tgb8d","time":1607542960,"event":{"gold_per_floor":[114,94,109,126,201,230,240,258,312,378,378,378,378,378,378,378,378],"floor_reached":16,"playtime":696,"items_purged":[],"score":100,"play_id":"9711735a-443c-407b-9a23-c5bde0b763e4","local_time":"20201209144240","is_ascension_mode":false,"campfire_choices":[{"floor":13,"key":"REST"},{"floor":15,"key":"REST"}],"neow_cost":"NONE","seed_source_timestamp":1091859932132100,"circlet_count":0,"master_deck":["Strike_B","Strike_B","Strike_B","Strike_B","Defend_B","Defend_B","Defend_B","Defend_B","Zap","Dualcast","Redo","Streamline","Tempest","Heatsinks","Storm","Reinforced Body"],"special_seed":0,"relics":["Cracked Core","NeowsBlessing","Mango","Pen Nib","Frozen Egg 2","Golden Idol"],"potions_floor_usage":[16,16,16],"damage_taken":[{"damage":0.0,"enemies":"Small Slimes","floor":1.0,"turns":1.0},{"damage":0.0,"enemies":"Cultist","floor":3.0,"turns":1.0},{"damage":0.0,"enemies":"2 Louse","floor":4.0,"turns":1.0},{"damage":34,"enemies":"Gremlin Nob","floor":6,"turns":4},{"damage":4,"enemies":"Blue Slaver","floor":7,"turns":3},{"damage":12,"enemies":"2 Fungi Beasts","floor":8,"turns":3},{"damage":41,"enemies":"Hexaghost","floor":16,"turns":9}],"seed_played":"-799114965691915153","potions_obtained":[{"floor":2.0,"key":"SteroidPotion"},{"floor":6,"key":"DuplicationPotion"},{"floor":7,"key":"AttackPotion"},{"floor":8,"key":"LiquidMemories"}],"is_trial":false,"path_per_floor":["M","?","M","M","?","E","M","M","T","?","T","?","R","?","R","B"],"character_chosen":"DEFECT","items_purchased":[],"campfire_rested":2,"item_purchase_floors":[],"current_hp_per_floor":[75,75,75,75,64,44,40,28,28,28,28,10,36,14,40,0,0],"gold":378,"neow_bonus":"THREE_ENEMY_KILL","is_prod":false,"is_daily":false,"chose_seed":false,"campfire_upgraded":0,"win_rate":0,"timestamp":1607542960,"path_taken":["M","?","?","M","?","E","M","M","T","?","?","?","R","?","R","BOSS"],"build_version":"2020-11-30","purchased_purges":0,"victory":false,"max_hp_per_floor":[75,75,75,75,75,89,89,89,89,89,89,89,89,89,89,89,89],"card_choices":[{"not_picked":["Stack","Gash"],"picked":"Redo","floor":1.0},{"not_picked":["Turbo","Doom and Gloom"],"picked":"Streamline","floor":3.0},{"not_picked":["Chaos","Gash"],"picked":"Tempest","floor":4.0},{"not_picked":["Cold Snap","Turbo"],"picked":"Heatsinks","floor":6},{"not_picked":["Sweeping Beam","Turbo"],"picked":"Storm","floor":7},{"not_picked":["Rip and Tear","Rebound"],"picked":"Reinforced Body","floor":8}],"player_experience":87508,"relics_obtained":[{"floor":6,"key":"Mango"},{"floor":9,"key":"Pen Nib"}],"event_choices":[{"damage_healed":0.0,"max_hp_gain":0.0,"max_hp_loss":0.0,"gold_gain":0.0,"event_name":"The Woman in Blue","player_choice":"Bought 1 Potion","floor":2.0,"gold_loss":0.0,"damage_taken":0.0},{"damage_healed":0.0,"max_hp_gain":0.0,"max_hp_loss":0.0,"gold_gain":75.0,"event_name":"World of Goop","player_choice":"Gather Gold","floor":5.0,"gold_loss":0.0,"damage_taken":11.0},{"damage_healed":0,"gold_gain":66,"player_choice":"Gained Gold","damage_taken":0,"max_hp_gain":0,"max_hp_loss":0,"event_name":"Golden Wing","floor":10,"gold_loss":0},{"damage_healed":0,"gold_gain":0,"player_choice":"Success","damage_taken":18,"relics_obtained":["Frozen Egg 2"],"max_hp_gain":0,"max_hp_loss":0,"event_name":"Scrap Ooze","floor":12,"gold_loss":0},{"damage_healed":0,"gold_gain":0,"player_choice":"Take Damage","damage_taken":22,"relics_obtained":["Golden Idol"],"max_hp_gain":0,"max_hp_loss":0,"event_name":"Golden Idol","floor":14,"gold_loss":0}],"is_beta":false,"boss_relics":[],"items_purged_floors":[],"is_endless":false,"potions_floor_spawned":[6,7,8],"killed_by":"Hexaghost","ascension_level":0}}