{"host":"7pe9xwx78c6nlay8","time":1607525666,"event":{"gold_per_floor":[118,193,213,213,233,268,280,326,361,373,395,426,448,492,504,611,673,695,74,74,90,109,109,109],"floor_reached":23,"playtime":1124,"items_purged":["Strike_P"],"score":342,"play_id":"de901790-8275-4381-a06a-60a06bb15823","local_time":"20201209225426","is_ascension_mode":true,"campfire_choices":[{"data":"DeusExMachina","floor":7.0,"key":"SMITH"},{"data":"Eruption","floor":10.0,"key":"SMITH"},{"floor":15.0,"key":"REST"}],"neow_cost":"TEN_PERCENT_HP_LOSS","seed_source_timestamp":1194428311976000,"circlet_count":0,"master_deck":["Strike_P","Strike_P","Strike_P","Defend_P","Defend_P","Defend_P","Defend_P","Eruption+1","Vigilance","DeusExMachina+1","PathToVictory","EmptyBody","PathToVictory","ThirdEye","CutThroughFate","Study+1","Prostrate","CutThroughFate","FollowUp","SashWhip+1","Magnetism","Nirvana"],"special_seed":0,"relics":["PureWater","MawBank","Orichalcum","Potion Belt","Smiling Mask","Tiny House","Gremlin Horn","Bag of Preparation"],"potions_floor_usage":[22,23],"damage_taken":[{"damage":0.0,"enemies":"2 Louse","floor":1.0,"turns":3.0},{"damage":0.0,"enemies":"Cultist","floor":3.0,"turns":3.0},{"damage":2.0,"enemies":"Jaw Worm","floor":5.0,"turns":4.0},{"damage":13.0,"enemies":"Lagavulin","floor":6.0,"turns":5.0},{"damage":7.0,"enemies":"3 Sentries","floor":8.0,"turns":10.0},{"damage":0.0,"enemies":"3 Louse","floor":11.0,"turns":3.0},{"damage":0.0,"enemies":"Large Slime","floor":12.0,"turns":3.0},{"damage":8.0,"enemies":"2 Fungi Beasts","floor":13.0,"turns":3.0},{"damage":24.0,"enemies":"Lagavulin","floor":14.0,"turns":5.0},{"damage":0.0,"enemies":"Hexaghost","floor":16.0,"turns":7.0},{"damage":0.0,"enemies":"Chosen","floor":18.0,"turns":4.0},{"damage":22.0,"enemies":"Spheric Guardian","floor":21.0,"turns":7.0},{"damage":10,"enemies":"Snake Plant","floor":22,"turns":4},{"damage":24,"enemies":"Slavers","floor":23,"turns":1}],"seed_played":"-9006623534710296407","potions_obtained":[{"floor":3.0,"key":"Swift Potion"},{"floor":4.0,"key":"Dexterity Potion"},{"floor":4.0,"key":"AttackPotion"},{"floor":5.0,"key":"Fire Potion"},{"floor":11.0,"key":"CultistPotion"},{"floor":13.0,"key":"Regen Potion"},{"floor":17.0,"key":"DuplicationPotion"},{"floor":21.0,"key":"GamblersBrew"}],"is_trial":false,"path_per_floor":["M","?","M","?","M","E","R","E","T","R","M","M","M","E","R","B",null,"M","$","?","M","M","E"],"character_chosen":"WATCHER","items_purchased":["Gremlin Horn","Magnetism","Bag of Preparation"],"campfire_rested":1,"item_purchase_floors":[19,19,19],"current_hp_per_floor":[65,54,54,54,52,39,39,32,32,32,32,32,24,14,33,33,62,62,62,49,27,17,0,0],"gold":109,"neow_bonus":"THREE_RARE_CARDS","is_prod":false,"is_daily":false,"chose_seed":false,"campfire_upgraded":2,"win_rate":0,"timestamp":1607525666,"path_taken":["M","?","M","?","M","E","R","E","T","R","M","M","?","E","R","BOSS","M","$","?","M","M","E"],"build_version":"2020-11-30","purchased_purges":1,"victory":false,"max_hp_per_floor":[65,65,65,65,65,65,65,65,65,65,65,65,65,65,65,65,70,70,70,75,75,75,75,75],"card_choices":[{"not_picked":["Judgement","Ragnarok"],"picked":"DeusExMachina","floor":0.0},{"not_picked":["FlyingSleeves","SignatureMove"],"picked":"PathToVictory","floor":1.0},{"not_picked":["Conclude","ClearTheMind"],"picked":"EmptyBody","floor":3.0},{"not_picked":["Evaluate","CrushJoints"],"picked":"PathToVictory","floor":5.0},{"not_picked":["FlurryOfBlows","BowlingBash","CrushJoints"],"picked":"SKIP","floor":6.0},{"not_picked":["FlurryOfBlows","DeusExMachina"],"picked":"ThirdEye","floor":8.0},{"not_picked":["EmptyFist","FlurryOfBlows"],"picked":"CutThroughFate","floor":11.0},{"not_picked":["FlurryOfBlows","Evaluate"],"picked":"Study","floor":12.0},{"not_picked":["Vault","Halt"],"picked":"Prostrate","floor":13.0},{"not_picked":["FlyingSleeves","Study"],"picked":"CutThroughFate","floor":14.0},{"not_picked":["EmptyFist","Protect"],"picked":"FollowUp","floor":17.0},{"not_picked":["CutThroughFate","FlurryOfBlows"],"picked":"SashWhip+1","floor":18.0},{"not_picked":["BowlingBash","Sanctity","Halt"],"picked":"SKIP","floor":21.0},{"not_picked":["ClearTheMind","Evaluate+1"],"picked":"Nirvana","floor":22}],"player_experience":1472970,"relics_obtained":[{"floor":6.0,"key":"MawBank"},{"floor":8.0,"key":"Orichalcum"},{"floor":9.0,"key":"Potion Belt"},{"floor":14.0,"key":"Smiling Mask"}],"event_choices":[{"damage_healed":0.0,"max_hp_gain":0.0,"max_hp_loss":0.0,"gold_gain":75.0,"event_name":"World of Goop","player_choice":"Gather Gold","floor":2.0,"gold_loss":0.0,"damage_taken":11.0},{"damage_healed":0.0,"max_hp_gain":0.0,"max_hp_loss":0.0,"gold_gain":0.0,"event_name":"Lab","player_choice":"Got Potions","floor":4.0,"gold_loss":0.0,"damage_taken":0.0},{"damage_healed":0.0,"max_hp_gain":5.0,"max_hp_loss":0.0,"gold_gain":0.0,"event_name":"Forgotten Altar","player_choice":"Shed Blood","floor":20.0,"gold_loss":0.0,"damage_taken":18.0}],"is_beta":false,"boss_relics":[{"not_picked":["Coffee Dripper","Snecko Eye"],"picked":"Tiny House"}],"items_purged_floors":[19],"is_endless":false,"potions_floor_spawned":[3,5,11,13,21],"killed_by":"Slavers","ascension_level":6}}