{"host":"ygefd14btj4nx1b7","time":1607552989,"event":{"gold_per_floor":[113,113,10,29,29,84,84,84,84,84,112,143,163,211,211,306,306,346,261,201,201,212,212,212,212],"floor_reached":24,"playtime":1993,"items_purged":[],"score":288,"play_id":"96e5a690-c8bc-4670-82c9-6038435ed363","local_time":"20201209162949","is_ascension_mode":true,"campfire_choices":[{"data":"Infernal Blade","floor":8,"key":"SMITH"},{"data":"ReplayTheSpireMod:Limb From Limb","floor":10,"key":"SMITH"},{"data":"Thinking Ahead","floor":15,"key":"SMITH"},{"data":"RitualDagger","floor":23,"key":"SMITH"}],"neow_cost":"NONE","seed_source_timestamp":10740094707100,"circlet_count":0,"master_deck":["Strike_R","Strike_R","Strike_R","Defend_R","Defend_R","Defend_R","Defend_R","Bash","Iron Wave","ReplayTheSpireMod:Limb From Limb+1","Thinking Ahead+1","HandOfGreed","Flash of Steel","Infernal Blade+1","hubris:ReadiedAction","hubris:ReadiedAction+1","Bloodletting+1","Berserk","Burning Pact+1","Replay:Many Hands+1","Flame Barrier+1","RitualDagger+1","Cleave+1"],"relics":["Burning Blood","ReplayTheSpireMod:ShopPack","hubris:CrystalStatue","Anchor","Toxic Egg 2","ReplayTheSpireMod:Lightbulb","Velvet Choker","Dream Catcher"],"potions_floor_usage":[6,11,11,14,16,16,24],"damage_taken":[{"damage":5,"enemies":"Small Slimes","floor":1,"turns":3},{"damage":6,"enemies":"Cultist","floor":4,"turns":4},{"damage":23,"enemies":"Lagavulin","floor":6,"turns":5},{"damage":0,"enemies":"Gremlin Nob","floor":11,"turns":3},{"damage":0,"enemies":"2 Louse","floor":12,"turns":2},{"damage":6,"enemies":"Looter","floor":13,"turns":3},{"damage":0,"enemies":"Lagavulin","floor":14,"turns":2},{"damage":45,"enemies":"Hexaghost","floor":16,"turns":7},{"damage":33,"enemies":"2 Thieves","floor":18,"turns":3},{"damage":16,"enemies":"Spheric Guardian","floor":22,"turns":3},{"damage":60,"enemies":"Book of Stabbing","floor":24,"turns":6}],"seed_played":"7091448651807782471","potions_obtained":[{"floor":0,"key":"Energy Potion"},{"floor":0,"key":"Reflective Coating"},{"floor":0,"key":"Languid Potion"},{"floor":6,"key":"Fruit Juice"},{"floor":12,"key":"Strength Potion"},{"floor":13,"key":"ColorlessPotion"},{"floor":16,"key":"Dexterity Potion"},{"floor":18,"key":"BloodPotion"}],"is_trial":false,"path_per_floor":["M","?","$","M","?","E","?","R","T","R","E","M","M","E","R","B",null,"M","?","?","?","M","R","E"],"character_chosen":"IRONCLAD","items_purchased":["ReplayTheSpireMod:ShopPack","ReplayTheSpireMod:Limb From Limb"],"campfire_rested":0,"item_purchase_floors":[3,3],"current_hp_per_floor":[80,80,80,80,73,56,56,56,56,56,67,73,73,79,79,40,85,58,58,58,52,42,42,0,0],"gold":212,"neow_bonus":"THREE_SMALL_POTIONS","is_prod":false,"is_daily":false,"chose_seed":false,"campfire_upgraded":4,"win_rate":0,"timestamp":1607552989,"path_taken":["M","?","$","?","?","E","?","R","T","R","E","?","M","E","R","BOSS","M","?","?","?","?","R","E"],"build_version":"2020-11-30","purchased_purges":0,"victory":false,"max_hp_per_floor":[80,80,80,80,80,80,80,80,80,80,85,85,85,85,85,85,85,85,85,85,85,85,85,85,85],"card_choices":[{"not_picked":["Sword Boomerang","Clash"],"picked":"Iron Wave","floor":1},{"not_picked":["Metamorphosis","Midas Touch"],"picked":"Thinking Ahead","floor":3},{"not_picked":["Mind Blast","Thinking Ahead"],"picked":"HandOfGreed","floor":3},{"not_picked":["Metamorphosis","ReplayTheSpireMod:Brewmster"],"picked":"Flash of Steel","floor":3},{"not_picked":["Rage","Anger"],"picked":"Infernal Blade","floor":4},{"not_picked":["Clash","Blood for Blood"],"picked":"hubris:ReadiedAction","floor":6},{"not_picked":["Fire Breathing","Power Through+1"],"picked":"hubris:ReadiedAction+1","floor":11},{"not_picked":["Combust","hubris:ReadiedAction+1"],"picked":"Bloodletting+1","floor":12},{"not_picked":["Sword Boomerang","Reckless Charge"],"picked":"Berserk","floor":13},{"not_picked":["Hemokinesis","Dark Embrace"],"picked":"Burning Pact+1","floor":14},{"not_picked":["Eclipse+1","Offering+1"],"picked":"Replay:Many Hands+1","floor":16},{"not_picked":["Wild Strike","Body Slam"],"picked":"Flame Barrier+1","floor":18},{"not_picked":["ReplayTheSpireMod:Strike From Hell","Headbutt"],"picked":"Cleave+1","floor":22}],"player_experience":393567,"relics_obtained":[{"floor":6,"key":"hubris:CrystalStatue"},{"floor":9,"key":"Anchor"},{"floor":11,"key":"Toxic Egg 2"},{"floor":14,"key":"ReplayTheSpireMod:Lightbulb"}],"event_choices":[{"damage_healed":0,"gold_gain":0,"player_choice":"Bought 0 Potions","damage_taken":0,"max_hp_gain":0,"max_hp_loss":0,"event_name":"The Woman in Blue","floor":2,"gold_loss":0},{"cards_removed":["Strike_R"],"damage_healed":0,"gold_gain":0,"player_choice":"Card Removal","damage_taken":7,"max_hp_gain":0,"max_hp_loss":0,"event_name":"Golden Wing","floor":5,"gold_loss":0},{"cards_removed":["Strike_R"],"damage_healed":0,"gold_gain":0,"player_choice":"Purged","damage_taken":0,"max_hp_gain":0,"max_hp_loss":0,"event_name":"Purifier","floor":7,"gold_loss":0},{"damage_healed":0,"gold_gain":0,"player_choice":"Obtained Relic","damage_taken":0,"relics_obtained":["Dream Catcher"],"max_hp_gain":0,"max_hp_loss":0,"event_name":"Addict","floor":19,"gold_loss":85},{"damage_healed":0,"gold_gain":0,"player_choice":"Joined the Cult","damage_taken":6,"max_hp_gain":0,"max_hp_loss":0,"event_name":"Nest","floor":21,"gold_loss":0,"cards_obtained":["RitualDagger"]}],"is_beta":false,"boss_relics":[{"not_picked":["Ring of Chaos","Replay:Ancient Bell"],"picked":"Velvet Choker"}],"items_purged_floors":[],"is_endless":false,"potions_floor_spawned":[1,6,12,13,16,18],"killed_by":"Book of Stabbing","ascension_level":2}}