{"host":"agga6lej02o7kt08","time":1607518773,"event":{"gold_per_floor":[110,128,43,43,57,83,103,128,128,128,161,180,180,213,213,342,342,363,336,73,73,96,96,129,148,148,183,183,0,21,61,61,186,186,209,84,0,0,333,360,375,409,409,442,442,442,472,485,485,485,485,485,161,192,192],"floor_reached":56,"playtime":3881,"items_purged":["ats:Powerful Strike","ats:Defend Up+1","LessonLearned+1","ats:Defend Up+1"],"score":1984,"play_id":"90e71719-f51c-4f56-b5f6-1e83f8b7f1d2","local_time":"20201209215933","is_ascension_mode":true,"campfire_choices":[{"floor":13.0,"key":"REST"},{"floor":23.0,"key":"RECALL"},{"data":"ats:Powerful Strike+1","floor":49.0,"key":"PURGE"}],"neow_cost":"NONE","seed_source_timestamp":0,"circlet_count":0,"master_deck":["ats:Powerful Strike+1","ats:Armor Crushing Shot+1","ats:Defend Up+1","ats:Defend Up+1","ats:Emotion Absorption+1","ats:Emotion Absorption+1","ats:Thorns+1","ats:Roar Of Ursus+1","ats:Disruption Kick+1","ats:Soul Rend+1","ats:Cat Scratch+1","ats:Red Shift+1","REME_FirmDetermination+1","ats:Soul Absorption+1","ats:Assault Order+1","ats:Red Shift+1","ats:Echo Reverb+1","ats:Defend Order+1","ats:Thorns+1","ats:Chain Hook+1"],"special_seed":0,"relics":["ats:Sanity","REME_ComplimentaryCards","aspiration:Nostalgia","Ring of the Snake","Durian","hubris:64BitClover","Bird Faced Urn","REME_LimitBreaker","Chameleon Ring","ReplayFunnel","ats:Originium","Runic Pyramid","Ice Cream","hubris:Reverence","Ancient Tea Set","ats:Originium","Membership Card","Anchor","Happy Flower","ats:Originium","hubris:Stopwatch","Sling","Red Mask","Counterbalance","FossilizedHelix","hubris:PeanutButter","Smiling Mask","Oddly Smooth Stone","ats:Emergency Defibrillator","ats:Ability Aura","Ornamental Fan"],"potions_floor_usage":[55],"damage_taken":[{"damage":0.0,"enemies":"Jaw Worm","floor":1.0,"turns":3.0},{"damage":0.0,"enemies":"Small Slimes","floor":2.0,"turns":6.0},{"damage":0.0,"enemies":"Cultist","floor":5.0,"turns":3.0},{"damage":17.0,"enemies":"3 Sentries","floor":6.0,"turns":10.0},{"damage":0.0,"enemies":"Looter","floor":7.0,"turns":4.0},{"damage":0.0,"enemies":"Replay:BlueRogue","floor":8.0,"turns":6.0},{"damage":18.0,"enemies":"Gremlin Nob","floor":11.0,"turns":3.0},{"damage":5.0,"enemies":"3 Louse","floor":12.0,"turns":3.0},{"damage":0.0,"enemies":"Replay:BlueRogue","floor":14.0,"turns":5.0},{"damage":13.0,"enemies":"Hexaghost","floor":16.0,"turns":12.0},{"damage":0.0,"enemies":"Spheric Guardian","floor":18.0,"turns":3.0},{"damage":15.0,"enemies":"2 Thieves","floor":19.0,"turns":5.0},{"damage":15.0,"enemies":"Snecko","floor":22.0,"turns":5.0},{"damage":5.0,"enemies":"Replay:Snechameleon","floor":24.0,"turns":5.0},{"damage":23.0,"enemies":"Shelled Parasite and Fungi","floor":25.0,"turns":5.0},{"damage":0.0,"enemies":"REME_1_Revenger","floor":27.0,"turns":4.0},{"damage":0.0,"enemies":"3 Cultists","floor":30.0,"turns":4.0},{"damage":31.0,"enemies":"Slavers","floor":31.0,"turns":6.0},{"damage":0.0,"enemies":"hubris:MusketHawk","floor":33.0,"turns":7.0},{"damage":10.0,"enemies":"3 Darklings","floor":35.0,"turns":5.0},{"damage":19.0,"enemies":"Giant Head","floor":40.0,"turns":8.0},{"damage":6.0,"enemies":"3 Shapes","floor":41.0,"turns":6.0},{"damage":36.0,"enemies":"R_Hoarder","floor":42.0,"turns":6.0},{"damage":0.0,"enemies":"Nemesis","floor":44.0,"turns":4.0},{"damage":0.0,"enemies":"Giant Head","floor":47.0,"turns":6.0},{"damage":26.0,"enemies":"Sphere and 2 Shapes","floor":48.0,"turns":4.0},{"damage":21.0,"enemies":"Awakened One","floor":50.0,"turns":11.0},{"damage":0,"enemies":"Shield and Spear","floor":54,"turns":6},{"damage":0,"enemies":"The Heart","floor":55,"turns":8}],"seed_played":"5935149755934281558","potions_obtained":[{"floor":1.0,"key":"Dexterity Potion"},{"floor":8.0,"key":"BlessingOfTheForge"},{"floor":12.0,"key":"SteroidPotion"},{"floor":21.0,"key":"FairyPotion"},{"floor":21.0,"key":"Flashbang"}],"is_trial":false,"path_per_floor":["M","M","$","?","M","E","M","E","T","?","E","M","R","E","R","B",null,"M","M","$","?","M","R","E","M","T","E","R","$","M","E","R","B",null,"M","$","?","?","?","E","M","E","T","E","R","?","E","M","R_BF","B",null,"R","$","E","B",null],"character_chosen":"DOCTOR_CLASS","items_purchased":["Durian","ats:Red Shift","REME_FirmDetermination","Membership Card","Anchor","Sling","ats:Emergency Defibrillator","ats:Ability Aura"],"campfire_rested":1,"item_purchase_floors":[3,20,20,29,29,36,53,53],"current_hp_per_floor":[65,65,70,70,70,53,53,53,53,34,16,15,38,42,42,33,66,68,55,55,55,62,62,77,72,72,77,77,77,77,66,66,77,77,77,77,77,77,77,70,77,75,75,77,77,80,80,68,68,80,80,80,80,80,80],"gold":192,"neow_bonus":"NOSTALGIA","is_prod":false,"is_daily":false,"chose_seed":false,"campfire_upgraded":0,"win_rate":0,"timestamp":1607518773,"path_taken":["M","M","$","?","M","E","M","E","T","?","E","M","R","E","R","BOSS","M","M","$","?","M","R","E","M","T","E","R","?","M","E","R","BOSS","M","$","?","?","?","E","?","E","T","E","R","?","E","M","R_BF","BOSS","R","$","E","BOSS"],"build_version":"2020-11-30","purchased_purges":4,"victory":true,"max_hp_per_floor":[72,72,77,77,77,77,77,77,77,77,77,77,77,77,77,77,77,77,77,77,77,77,77,77,77,77,77,77,77,77,77,77,77,77,77,77,77,77,77,77,77,77,77,77,77,80,80,80,80,80,80,80,80,80,80],"card_choices":[{"not_picked":["ats:Flexible Camouflage","ats:Explosion Area Strengthen","ats:Red Shift"],"picked":"SKIP","floor":1.0},{"not_picked":["ats:Flexible Camouflage","ats:Curse Doll","ats:Consecutive Shot: Auto"],"picked":"SKIP","floor":2.0},{"not_picked":["ats:Poison Spread","ats:Automatic Cover"],"picked":"ats:Thorns","floor":5.0},{"not_picked":["ats:Thermite Blade","ats:Shell Defense","ats:Chain Hook"],"picked":"SKIP","floor":6.0},{"not_picked":["ats:Spore Proliferation","ats:Flexible Camouflage","ats:Shadow Raid"],"picked":"SKIP","floor":7.0},{"not_picked":["ats:Shell Defense","ats:Magnetic Hammer","ats:Support Order"],"picked":"SKIP","floor":8.0},{"not_picked":["ats:Revitalization","ats:Ignite"],"picked":"ats:Roar Of Ursus","floor":11.0},{"not_picked":["ats:Revitalization","ats:Spore Proliferation","ats:Consecutive Shot: Auto"],"picked":"SKIP","floor":12.0},{"not_picked":["ats:Cat Scratch","ats:Composite Medical Shells"],"picked":"ats:Disruption Kick","floor":14.0},{"not_picked":["ats:Wolf Pack","ats:Ambush"],"picked":"ats:Soul Rend","floor":16.0},{"not_picked":["ats:Shell Defense","ats:Just Like an Apocalypse","ats:Mental Burst"],"picked":"SKIP","floor":18.0},{"not_picked":["ats:Revitalization","ats:Attack Strengthen+1","ats:Cat Scratch"],"picked":"SKIP","floor":19.0},{"not_picked":["ats:Revitalization","ats:Attack Strengthen+1"],"picked":"ats:Cat Scratch","floor":19.0},{"not_picked":["ats:Charging Defense","ats:Revitalization"],"picked":"ats:Soul Absorption","floor":22.0},{"not_picked":["ats:Curse Doll","ats:Consecutive Shot: Auto+1"],"picked":"ats:Assault Order","floor":24.0},{"not_picked":["ats:Cat Scratch+1","ats:Charging Defense"],"picked":"ats:Red Shift","floor":25.0},{"not_picked":["ats:Disruption Kick","ats:Blood Oath","ats:Curse Doll+1"],"picked":"SKIP","floor":27.0},{"not_picked":["ats:Revitalization","ats:Attack Strengthen","ats:Consecutive Shot: Auto"],"picked":"SKIP","floor":30.0},{"not_picked":["ats:Defend Order","ats:Blood Oath","ats:Support Order"],"picked":"SKIP","floor":31.0},{"not_picked":["ats:Roar Of Ursus","ats:Fractured Body"],"picked":"ats:Echo Reverb","floor":33.0},{"not_picked":["ats:Revitalization+1","ats:Poison Spread+1","ats:Automatic Cover"],"picked":"SKIP","floor":35.0},{"not_picked":["ats:Flexible Camouflage","ats:Attack Strengthen+1","ats:Sunburst"],"picked":"SKIP","floor":40.0},{"not_picked":["ats:Poison Spread+1","ats:Assault Order+1"],"picked":"ats:Defend Order","floor":41.0},{"not_picked":["ats:Shadow Raid","ats:Rat Pack"],"picked":"ats:Thorns","floor":42.0},{"not_picked":["ats:Flexible Camouflage+1","ats:Cat Scratch","ats:Defend Order"],"picked":"SKIP","floor":44.0},{"not_picked":["ats:Revitalization+1","ats:Poison Spread","ats:Support Order+1"],"picked":"SKIP","floor":47.0},{"not_picked":["ats:Red Shift+1","ats:Curse Doll+1","ats:Consecutive Shot: Auto+1"],"picked":"SKIP","floor":48.0},{"not_picked":["ats:Curse Doll+1","ats:Assault Order+1"],"picked":"ats:Chain Hook+1","floor":54}],"player_experience":1064483,"relics_obtained":[{"floor":6.0,"key":"hubris:64BitClover"},{"floor":8.0,"key":"Bird Faced Urn"},{"floor":9.0,"key":"REME_LimitBreaker"},{"floor":11.0,"key":"Chameleon Ring"},{"floor":14.0,"key":"ReplayFunnel"},{"floor":15.0,"key":"ats:Originium"},{"floor":24.0,"key":"Ice Cream"},{"floor":25.0,"key":"hubris:Reverence"},{"floor":27.0,"key":"Ancient Tea Set"},{"floor":28.0,"key":"ats:Originium"},{"floor":31.0,"key":"Happy Flower"},{"floor":32.0,"key":"ats:Originium"},{"floor":40.0,"key":"Counterbalance"},{"floor":42.0,"key":"FossilizedHelix"},{"floor":43.0,"key":"hubris:PeanutButter"},{"floor":44.0,"key":"Smiling Mask"},{"floor":47.0,"key":"Oddly Smooth Stone"},{"floor":54,"key":"Ornamental Fan"}],"event_choices":[{"damage_healed":70.0,"max_hp_gain":0.0,"max_hp_loss":77.0,"gold_gain":0.0,"event_name":"betterThird:BetterShining","player_choice":"Leave","floor":4.0,"gold_loss":0.0,"damage_taken":0.0},{"damage_healed":0.0,"max_hp_gain":0.0,"max_hp_loss":0.0,"gold_gain":0.0,"event_name":"Golden Idol","player_choice":"Take Damage","floor":10.0,"gold_loss":0.0,"damage_taken":19.0,"relics_obtained":["Golden Idol"]},{"damage_healed":0.0,"max_hp_gain":0.0,"max_hp_loss":0.0,"gold_gain":0.0,"event_name":"Lab","player_choice":"Got Potions","floor":21.0,"gold_loss":0.0,"damage_taken":0.0},{"damage_healed":0.0,"max_hp_gain":0.0,"max_hp_loss":0.0,"gold_gain":0.0,"event_name":"Tomb of Lord Red Mask","player_choice":"Paid","floor":37.0,"gold_loss":84.0,"damage_taken":0.0,"relics_obtained":["Red Mask"]},{"damage_healed":0.0,"max_hp_gain":0.0,"max_hp_loss":0.0,"gold_gain":0.0,"event_name":"SensoryStone","player_choice":"Memory 1","floor":38.0,"gold_loss":0.0,"damage_taken":0.0},{"damage_healed":0.0,"max_hp_gain":0.0,"max_hp_loss":0.0,"gold_gain":333.0,"event_name":"The Moai Head","player_choice":"Gave Idol","floor":39.0,"relics_lost":["Golden Idol"],"gold_loss":0.0,"damage_taken":0.0}],"is_beta":false,"boss_relics":[{"not_picked":["hubris:CrackedHourglass","SacredBark"],"picked":"Runic Pyramid"},{"not_picked":["ChewingGum","hubris:RunicObelisk"],"picked":"hubris:Stopwatch"}],"items_purged_floors":[20,36,53,53],"is_endless":false,"potions_floor_spawned":[1,8,12,22,24,25,27,30,40,44,54],"ascension_level":6}}