{"host":"f5n4tidiz2n5sooh","time":1607497833,"event":{"gold_per_floor":[114,125,143,154,154,185,196,213,236,386,1,34,98,129,129,200,200,214,214,225,125,135,135,165,165,235,261,311,311,323,357,357,357,357],"floor_reached":33,"playtime":1007,"items_purged":["Doubt","Strike_P"],"score":850,"play_id":"d20d5113-1641-44f5-ac2f-8b51ea5ce7a8","local_time":"20201209011033","is_ascension_mode":true,"campfire_choices":[{"data":"Fasting2","floor":15,"key":"SMITH"},{"data":"LikeWater","floor":23,"key":"SMITH"},{"data":"TalkToTheHand","floor":25,"key":"SMITH"},{"data":"Wallop","floor":32,"key":"SMITH"}],"neow_cost":"NONE","seed_source_timestamp":17972214554100,"circlet_count":0,"master_deck":["AscendersBane","Defend_P+1","Defend_P","Defend_P","Defend_P","Eruption+1","Vigilance","Tantrum","LikeWater+1","Brilliance","BowlingBash","Wallop+1","Fasting2+1","CutThroughFate","FearNoEvil","Pray","LessonLearned","JustLucky+1","Tantrum+1","Judgement+1","TalkToTheHand+1"],"relics":["Coffee Dripper","Bag of Preparation","Bag of Marbles","Orichalcum","OrangePellets","Art of War","PreservedInsect","InkBottle","Astrolabe","Happy Flower","Ornamental Fan","Singing Bowl","CeramicFish"],"potions_floor_usage":[6,12,14,16,18,27,33],"damage_taken":[{"damage":0,"enemies":"Cultist","floor":1,"turns":3},{"damage":0,"enemies":"Small Slimes","floor":2,"turns":2},{"damage":3,"enemies":"2 Louse","floor":3,"turns":3},{"damage":3,"enemies":"Blue Slaver","floor":4,"turns":4},{"damage":11,"enemies":"Gremlin Nob","floor":6,"turns":3},{"damage":0,"enemies":"2 Fungi Beasts","floor":7,"turns":1},{"damage":0,"enemies":"Looter","floor":8,"turns":1},{"damage":14,"enemies":"Lagavulin","floor":12,"turns":5},{"damage":3,"enemies":"Gremlin Nob","floor":13,"turns":3},{"damage":9,"enemies":"3 Sentries","floor":14,"turns":3},{"damage":0,"enemies":"Slime Boss","floor":16,"turns":4},{"damage":0,"enemies":"2 Thieves","floor":18,"turns":3},{"damage":0,"enemies":"Chosen","floor":20,"turns":2},{"damage":11,"enemies":"Snake Plant","floor":22,"turns":4},{"damage":0,"enemies":"Gremlin Leader","floor":24,"turns":3},{"damage":0,"enemies":"Slavers","floor":27,"turns":3},{"damage":4,"enemies":"3 Cultists","floor":30,"turns":3},{"damage":28,"enemies":"Book of Stabbing","floor":31,"turns":4},{"damage":36,"enemies":"Collector","floor":33,"turns":3}],"seed_played":"-39774114197538740","potions_obtained":[{"floor":2,"key":"SpeedPotion"},{"floor":4,"key":"Weak Potion"},{"floor":7,"key":"StancePotion"},{"floor":12,"key":"LiquidMemories"},{"floor":13,"key":"PowerPotion"},{"floor":14,"key":"LiquidMemories"},{"floor":24,"key":"BottledMiracle"},{"floor":30,"key":"Ambrosia"}],"is_trial":false,"path_per_floor":["M","M","M","M","?","E","M","M","T","?","$","E","?","E","R","B",null,"M","?","M","$","M","R","E","R","T","E","?","?","M","E","R","B"],"character_chosen":"WATCHER","items_purchased":["OrangePellets","Fasting2","CutThroughFate"],"campfire_rested":0,"item_purchase_floors":[11,11,11],"current_hp_per_floor":[61,61,58,55,44,33,33,33,33,33,33,19,16,7,7,7,53,53,53,53,53,42,42,42,42,42,44,44,44,42,16,16,0,0],"gold":357,"neow_bonus":"BOSS_RELIC","is_prod":false,"is_daily":false,"chose_seed":false,"campfire_upgraded":4,"win_rate":0,"timestamp":1607497833,"path_taken":["M","M","M","?","?","E","M","M","T","?","$","E","?","E","R","BOSS","M","?","M","$","M","R","E","R","T","E","?","?","M","E","R","BOSS"],"build_version":"2020-11-30","purchased_purges":2,"victory":false,"max_hp_per_floor":[68,68,68,68,68,68,68,68,68,68,68,68,68,68,68,68,68,68,68,68,68,68,68,68,68,68,70,70,70,72,74,74,74,74],"relic_stats":{"Happy Flower":[4],"Singing Bowl":6,"counters":[19,57],"Astrolabe":["JustLucky","Tantrum","Judgement"],"CeramicFish":0,"PreservedInsect":161,"Bag of Preparation":[30],"Orichalcum":[42],"OrangePellets":[6],"Ornamental Fan":[16],"Art of War":[0],"obtain_stats":[{"Happy Flower":24,"Singing Bowl":27,"Astrolabe":17,"CeramicFish":31,"PreservedInsect":13,"Bag of Preparation":5,"Orichalcum":9,"OrangePellets":11,"Ornamental Fan":26,"Coffee Dripper":0,"Bag of Marbles":6,"Art of War":12,"PureWater":0,"InkBottle":14},{"Happy Flower":15,"Singing Bowl":16,"Astrolabe":11,"CeramicFish":18,"PreservedInsect":9,"Bag of Preparation":4,"Orichalcum":7,"OrangePellets":7,"Ornamental Fan":15,"Coffee Dripper":0,"Bag of Marbles":5,"Art of War":8,"PureWater":0,"InkBottle":10},{"Happy Flower":44,"Singing Bowl":47,"Astrolabe":32,"CeramicFish":54,"PreservedInsect":25,"Bag of Preparation":12,"Orichalcum":17,"OrangePellets":17,"Ornamental Fan":44,"Coffee Dripper":0,"Bag of Marbles":15,"Art of War":22,"PureWater":0,"InkBottle":28}],"InkBottle":[8]},"card_choices":[{"not_picked":["Halt","ClearTheMind"],"picked":"Tantrum","floor":1},{"not_picked":["FlyingSleeves","Crescendo"],"picked":"LikeWater","floor":2},{"not_picked":["CrushJoints","ReachHeaven","FlyingSleeves"],"picked":"SKIP","floor":3},{"not_picked":["LikeWater","CrushJoints"],"picked":"Brilliance","floor":4},{"not_picked":["SashWhip","FlurryOfBlows"],"picked":"BowlingBash","floor":6},{"not_picked":["Nirvana","CarveReality","CrushJoints"],"picked":"SKIP","floor":7},{"not_picked":["JustLucky","Tantrum"],"picked":"Wallop","floor":8},{"not_picked":["FlyingSleeves","Swivel","WindmillStrike"],"picked":"SKIP","floor":12},{"not_picked":["CutThroughFate","CrushJoints"],"picked":"FearNoEvil","floor":13},{"not_picked":["Vengeance","ThirdEye"],"picked":"Pray","floor":14},{"not_picked":["Omniscience","Devotion"],"picked":"LessonLearned","floor":16},{"not_picked":["Perseverance","ReachHeaven","Protect"],"picked":"SKIP","floor":18},{"not_picked":["FlyingSleeves","JustLucky+1","FollowUp"],"picked":"SKIP","floor":20},{"not_picked":["FlyingSleeves","Worship","LikeWater"],"picked":"SKIP","floor":22},{"not_picked":["SpiritShield","WheelKick"],"picked":"TalkToTheHand","floor":24},{"not_picked":["Crescendo","EmptyBody","FearNoEvil+1"],"picked":"Singing Bowl","floor":27},{"not_picked":["ClearTheMind","DeceiveReality","Pray"],"picked":"Singing Bowl","floor":30},{"not_picked":["InnerPeace","Evaluate","FearNoEvil"],"picked":"Singing Bowl","floor":31}],"player_experience":1861437,"relics_obtained":[{"floor":6,"key":"Bag of Marbles"},{"floor":9,"key":"Orichalcum"},{"floor":12,"key":"Art of War"},{"floor":13,"key":"PreservedInsect"},{"floor":14,"key":"InkBottle"},{"floor":24,"key":"Happy Flower"},{"floor":26,"key":"Ornamental Fan"},{"floor":27,"key":"Singing Bowl"},{"floor":31,"key":"CeramicFish"}],"event_choices":[{"damage_healed":0,"gold_gain":0,"player_choice":"Success","damage_taken":11,"relics_obtained":["Bag of Preparation"],"max_hp_gain":0,"max_hp_loss":0,"event_name":"Scrap Ooze","floor":5,"gold_loss":0},{"damage_healed":0,"gold_gain":150,"player_choice":"AGREE","damage_taken":0,"max_hp_gain":0,"max_hp_loss":0,"event_name":"Liars Game","floor":10,"gold_loss":0,"cards_obtained":["Doubt"]},{"damage_healed":0,"gold_gain":0,"player_choice":"Searched \u00271\u0027 times","damage_taken":0,"max_hp_gain":0,"max_hp_loss":0,"event_name":"Dead Adventurer","floor":13,"gold_loss":0},{"damage_healed":0,"gold_gain":0,"player_choice":"Ignored","damage_taken":0,"max_hp_gain":0,"max_hp_loss":0,"event_name":"The Mausoleum","floor":19,"gold_loss":0},{"damage_healed":0,"gold_gain":50,"player_choice":"Stole From Cult","damage_taken":0,"max_hp_gain":0,"max_hp_loss":0,"event_name":"Nest","floor":28,"gold_loss":0},{"damage_healed":0,"gold_gain":0,"player_choice":"Ignored","damage_taken":0,"max_hp_gain":0,"max_hp_loss":0,"event_name":"Vampires","floor":29,"gold_loss":0}],"is_beta":false,"boss_relics":[{"not_picked":["SacredBark","Velvet Choker"],"picked":"Astrolabe"}],"items_purged_floors":[11,21],"is_endless":false,"potions_floor_spawned":[2,4,7,12,13,14,24,30],"killed_by":"Collector","ascension_level":20}}