{"host":"rpu0b34yn88n8zeb","time":1607555979,"event":{"gold_per_floor":[110,110,110,125,135,135,135,135,183,202,231,261,270,295,295,432,432,457,17,17,17,49,49,98,98,98,134,155,155,188,36,36,171,171,192,216,39,102,102,102,120,167,167,167,209,26,26,26,26,26,26,26,26,66,66,66],"floor_reached":55,"playtime":2057,"items_purged":["Injury","Writhe"],"score":852,"play_id":"2cc471a7-590c-46c7-a0a7-96436baac410","local_time":"20201209161939","is_ascension_mode":true,"campfire_choices":[{"data":"OrbThrow:ReiMu","floor":7.0,"key":"SMITH"},{"data":"KamiRite:ReiMu","floor":15.0,"key":"SMITH"},{"data":"Amulet:ReiMu","floor":23.0,"key":"SMITH"},{"data":"PrayRite:ReiMu","floor":32.0,"key":"SMITH"},{"data":"KamiRite:ReiMu","floor":40,"key":"SMITH"},{"data":"MikOfLucky:ReiMu","floor":44,"key":"SMITH"},{"floor":47,"key":"RECALL"},{"data":"FineLineFantasy:ReiMu","floor":49,"key":"SMITH"},{"data":"KamiSacrifice:ReiMu","floor":52,"key":"SMITH"}],"neow_cost":"NONE","seed_source_timestamp":0,"circlet_count":0,"master_deck":["Strike_Lin:ReiMu","Strike_Lin:ReiMu","Strike_Lin:ReiMu","Strike_Lin:ReiMu+1","Defend_Lin:ReiMu","Defend_Lin:ReiMu+1","Defend_Lin:ReiMu+1","Defend_Lin:ReiMu","NB:ReiMu","Stagnation:ReiMu","SubAcupoint:ReiMu","PrayRite:ReiMu+1","Flash of Steel","OrbThrow:ReiMu+1","Amulet:ReiMu+1","Amulet:ReiMu+1","Conquer:ReiMu","KamiRite:ReiMu+1","Dreaming:ReiMu","SubAcupoint:ReiMu","RainPray2:ReiMu","KamiRite:ReiMu+1","PassingAway:ReiMu+1","KamiRite:ReiMu+1","MikOfLucky:ReiMu+1","YinYangSange:ReiMu","SubAcupoint:ReiMu+1","FineLineFantasy:ReiMu+1","KamiSacrifice:ReiMu+1","InherentArray:ReiMu+1"],"special_seed":0,"relics":["FlyPower:ReiMu","MealTicket","CeramicFish","Akabeko","Golden Idol","Philosopher\u0027s Stone","TentaclePot:ReiMu","PreservedInsect","Pen Nib","Incense Burner","Bow_fan:ReiMu","War Paint","Coffee Dripper","SkyOrb:ReiMu","TungstenRod","Du-Vu Doll","Mummified Hand","Gremlin Horn","Letter Opener","Vajra"],"potions_floor_usage":[54,55],"damage_taken":[{"damage":5.0,"enemies":"Small Slimes","floor":1.0,"turns":6.0},{"damage":0.0,"enemies":"2 Louse","floor":4.0,"turns":2.0},{"damage":0.0,"enemies":"Cultist","floor":5.0,"turns":3.0},{"damage":0.0,"enemies":"2 Fungi Beasts","floor":10.0,"turns":3.0},{"damage":0.0,"enemies":"Large Slime","floor":11.0,"turns":4.0},{"damage":7.0,"enemies":"Lagavulin","floor":12.0,"turns":9.0},{"damage":0.0,"enemies":"Exordium Wildlife","floor":14.0,"turns":4.0},{"damage":3.0,"enemies":"Slime Boss","floor":16.0,"turns":7.0},{"damage":0.0,"enemies":"3 Byrds","floor":18.0,"turns":4.0},{"damage":0.0,"enemies":"Shell Parasite","floor":22.0,"turns":4.0},{"damage":0.0,"enemies":"Gremlin Leader","floor":24.0,"turns":3.0},{"damage":20.0,"enemies":"Slavers","floor":27.0,"turns":2.0},{"damage":0.0,"enemies":"3 Cultists","floor":28.0,"turns":3.0},{"damage":0.0,"enemies":"Snecko","floor":30.0,"turns":3.0},{"damage":23.0,"enemies":"Collector","floor":33.0,"turns":8.0},{"damage":11.0,"enemies":"3 Darklings","floor":35.0,"turns":4.0},{"damage":3.0,"enemies":"3 Shapes","floor":36.0,"turns":2.0},{"damage":0.0,"enemies":"Mind Bloom Boss Battle","floor":38.0,"turns":5.0},{"damage":5,"enemies":"Sphere and 2 Shapes","floor":41,"turns":3},{"damage":1,"enemies":"Nemesis","floor":42,"turns":5},{"damage":0,"enemies":"Reptomancer","floor":45,"turns":5},{"damage":0,"enemies":"Awakened One","floor":50,"turns":8},{"damage":26,"enemies":"Shield and Spear","floor":54,"turns":5},{"damage":45,"enemies":"The Heart","floor":55,"turns":8}],"seed_played":"-24372923617593315","potions_obtained":[{"floor":12.0,"key":"AttackPotion"},{"floor":14.0,"key":"SkillPotion"},{"floor":16.0,"key":"HakureiPotion:ReiMu"},{"floor":18.0,"key":"SteroidPotion"},{"floor":27.0,"key":"MagicPotion:ReiMu"},{"floor":54,"key":"Fruit Juice"}],"is_trial":false,"path_per_floor":["M","?","?","M","M","?","R","$","T","M","M","E","?","M","R","B",null,"M","$","?","$","M","R","E","?","T","E","M","?","M","$","R","B",null,"M","M","$","?","?","R","M","E","T","R","E","$","R","?","R","B",null,"R","$","E","B"],"character_chosen":"REIMU","items_purchased":["TentaclePot:ReiMu","PreservedInsect","SubAcupoint:ReiMu","PrepareRite:ReiMu","War Paint","SkyOrb:ReiMu","YinYangSange:ReiMu","Letter Opener","KamiSacrifice:ReiMu"],"campfire_rested":0,"item_purchase_floors":[19,19,19,19,31,37,37,46,46],"current_hp_per_floor":[60,60,60,60,60,47,47,62,62,62,62,55,55,55,55,52,65,65,65,65,65,65,65,65,65,65,45,45,65,65,65,65,42,65,54,51,65,65,65,65,60,59,59,59,59,65,65,65,65,65,65,65,65,44,0,0],"gold":66,"neow_bonus":"RANDOM_COMMON_RELIC","is_prod":false,"is_daily":false,"chose_seed":false,"campfire_upgraded":8,"win_rate":0,"timestamp":1607555979,"path_taken":["M","?","?","M","?","?","R","$","T","M","M","E","?","M","R","BOSS","M","$","?","?","?","R","E","?","T","E","M","?","M","$","R","BOSS","M","?","$","?","?","R","M","E","T","R","E","$","R","?","R","BOSS","R","$","E","BOSS"],"build_version":"2020-11-30","purchased_purges":2,"victory":false,"max_hp_per_floor":[65,65,65,65,65,65,65,65,65,65,65,65,65,65,65,65,65,65,65,65,65,65,65,65,65,65,65,65,65,65,65,65,65,65,65,65,65,65,65,65,65,65,65,65,65,65,65,65,65,65,65,65,65,70,70,70],"card_choices":[{"not_picked":["SpreadBorder2:ReiMu","Mountainwind:ReiMu"],"picked":"SubAcupoint:ReiMu","floor":1.0},{"not_picked":["Conquer:ReiMu","ShadowOfCrow2:ReiMu"],"picked":"OrbThrow:ReiMu","floor":4.0},{"not_picked":["NineCharacters:ReiMu","SubcavityInstant:ReiMu"],"picked":"Amulet:ReiMu","floor":5.0},{"not_picked":["RainPray2:ReiMu","MikOfLucky:ReiMu"],"picked":"Amulet:ReiMu","floor":10.0},{"not_picked":["Enchanting:ReiMu","BarrageOfMoneybags:ReiMu"],"picked":"Conquer:ReiMu","floor":11.0},{"not_picked":["EmergencyTakeOff:ReiMu","Enchanting:ReiMu","OrbThrow:ReiMu"],"picked":"SKIP","floor":12.0},{"not_picked":["SafetyPray:ReiMu","SubAcupoint:ReiMu"],"picked":"KamiRite:ReiMu","floor":14.0},{"not_picked":["HakureiPhantom:ReiMu","PrayRite:ReiMu"],"picked":"Dreaming:ReiMu","floor":16.0},{"not_picked":["SafetyPray:ReiMu","Conquer:ReiMu"],"picked":"ShadowOfCrow2:ReiMu","floor":18.0},{"not_picked":["Meditation:ReiMu","TightArray:ReiMu"],"picked":"RainPray2:ReiMu","floor":22.0},{"not_picked":["CeremonyResonance:ReiMu","EmergencyTakeOff:ReiMu"],"picked":"KamiRite:ReiMu","floor":24.0},{"not_picked":["SpreadBorder2:ReiMu","Meditation:ReiMu","SubcavityInstant:ReiMu"],"picked":"SKIP","floor":27.0},{"not_picked":["AirStrike:ReiMu","Revelation:ReiMu","PayForSelf:ReiMu+1"],"picked":"SKIP","floor":28.0},{"not_picked":["AlertArray:ReiMu","AirStrike:ReiMu"],"picked":"PassingAway:ReiMu+1","floor":30.0},{"not_picked":["CeremonyResonance:ReiMu","PrayRite:ReiMu"],"picked":"KamiRite:ReiMu","floor":33.0},{"not_picked":["ShadowOfCrow2:ReiMu","AlertArray:ReiMu","Gathering:ReiMu"],"picked":"SKIP","floor":35.0},{"not_picked":["DoubleButterfly:ReiMu","Mountainwind:ReiMu+1"],"picked":"MikOfLucky:ReiMu","floor":36.0},{"not_picked":["AirStrike:ReiMu","SubcavityInstant:ReiMu+1","EmergencyTakeOff:ReiMu+1"],"picked":"SKIP","floor":41},{"not_picked":["SafetyPray:ReiMu+1","ManaGlint:ReiMu+1"],"picked":"SubAcupoint:ReiMu+1","floor":42},{"not_picked":["SpiritualOutbreak2:ReiMu+1","SpringWay:ReiMu"],"picked":"FineLineFantasy:ReiMu","floor":45},{"not_picked":["ShadowOfCrow2:ReiMu","AlertArray:ReiMu"],"picked":"InherentArray:ReiMu+1","floor":54}],"player_experience":515008,"relics_obtained":[{"floor":9.0,"key":"CeramicFish"},{"floor":12.0,"key":"Akabeko"},{"floor":24.0,"key":"Pen Nib"},{"floor":27.0,"key":"Bow_fan:ReiMu"},{"floor":38.0,"key":"TungstenRod"},{"floor":42,"key":"Du-Vu Doll"},{"floor":43,"key":"Mummified Hand"},{"floor":45,"key":"Gremlin Horn"},{"floor":54,"key":"Vajra"}],"event_choices":[{"damage_healed":0.0,"max_hp_gain":0.0,"max_hp_loss":0.0,"gold_gain":0.0,"event_name":"The Cleric","player_choice":"Leave","floor":2.0,"gold_loss":0.0,"damage_taken":0.0},{"damage_healed":0.0,"max_hp_gain":0.0,"max_hp_loss":0.0,"gold_gain":0.0,"event_name":"Match and Keep!","player_choice":"2 cards matched","floor":3.0,"gold_loss":0.0,"damage_taken":0.0,"cards_obtained":["PrayRite:ReiMu","Flash of Steel"]},{"damage_healed":0.0,"max_hp_gain":0.0,"max_hp_loss":0.0,"gold_gain":0.0,"event_name":"Shining Light","player_choice":"Entered Light","floor":6.0,"gold_loss":0.0,"damage_taken":13.0,"cards_upgraded":["Defend_Lin:ReiMu","Strike_Lin:ReiMu"]},{"damage_healed":0.0,"max_hp_gain":0.0,"max_hp_loss":0.0,"gold_gain":0.0,"event_name":"Golden Idol","player_choice":"Take Wound","floor":13.0,"gold_loss":0.0,"damage_taken":0.0,"relics_obtained":["Golden Idol"],"cards_obtained":["Injury"]},{"damage_healed":0.0,"max_hp_gain":0.0,"max_hp_loss":0.0,"gold_gain":0.0,"event_name":"Upgrade Shrine","player_choice":"Upgraded","floor":20.0,"gold_loss":0.0,"damage_taken":0.0,"cards_upgraded":["Amulet:ReiMu"]},{"damage_healed":0.0,"max_hp_gain":0.0,"max_hp_loss":0.0,"gold_gain":0.0,"event_name":"The Mausoleum","player_choice":"Opened","floor":25.0,"gold_loss":0.0,"damage_taken":0.0,"relics_obtained":["Incense Burner"]},{"cards_removed":["PrepareRite:ReiMu"],"damage_healed":20.0,"max_hp_gain":0.0,"max_hp_loss":0.0,"gold_gain":0.0,"event_name":"Bonfire Elementals","player_choice":"Offered Uncommon","floor":29.0,"gold_loss":0.0,"damage_taken":0.0},{"damage_healed":0.0,"max_hp_gain":0.0,"max_hp_loss":0.0,"gold_gain":0.0,"event_name":"MindBloom","player_choice":"Fight","floor":38.0,"gold_loss":0.0,"damage_taken":0.0},{"cards_removed":["ShadowOfCrow2:ReiMu"],"damage_healed":0,"gold_gain":0,"player_choice":"Removed Skill","damage_taken":0,"max_hp_gain":0,"max_hp_loss":0,"event_name":"Falling","floor":48,"gold_loss":0}],"is_beta":false,"boss_relics":[{"not_picked":["Ectoplasm","Astrolabe"],"picked":"Philosopher\u0027s Stone"},{"not_picked":["Runic Dome","Runic Pyramid"],"picked":"Coffee Dripper"}],"items_purged_floors":[19,31],"is_endless":false,"potions_floor_spawned":[12,14,16,18,27,28,30,36,38,42,45,54],"killed_by":"The Heart","ascension_level":1}}