{"host":"y3h3n3f7seyagppx","time":1607540036,"event":{"gold_per_floor":[116,127,127,127,152,187,187,152,200,224,224,244,3,43,43,142,142,162,162,172,172,192,227,227,241,241,241,251,251,278,10,10,81,81,96,96,113,1112,1112,1145,1145,675,702,702,737,737,338,353,353,353,353,353,353,78,112,112],"floor_reached":57,"playtime":20568,"items_purged":["Strike_R","Strike_R","Normality","Normality"],"score":3037,"play_id":"4a5db727-5ce7-4cd2-9b2e-6492721cc63c","local_time":"20201209135356","is_ascension_mode":true,"campfire_choices":[{"data":"Whirlwind","floor":7.0,"key":"SMITH"},{"data":"Inflame","floor":11.0,"key":"SMITH"},{"data":"Bash","floor":15.0,"key":"SMITH"},{"data":"Sword Boomerang","floor":24.0,"key":"SMITH"},{"data":"Impervious","floor":27.0,"key":"SMITH"},{"data":"Flame Barrier","floor":29.0,"key":"SMITH"},{"data":"Dual Wield","floor":32.0,"key":"SMITH"},{"data":"Uppercut","floor":41,"key":"SMITH"},{"data":"Disarm","floor":44,"key":"SMITH"},{"data":"Body Slam","floor":49,"key":"SMITH"},{"floor":53,"key":"REST"}],"neow_cost":"PERCENT_DAMAGE","seed_source_timestamp":1216374557259800,"circlet_count":0,"master_deck":["AscendersBane","Strike_R","Strike_R","Defend_R","Defend_R+1","Defend_R+1","Defend_R","Bash+1","Battle Trance","Inflame+1","Whirlwind+1","Impervious+1","Pommel Strike+1","Metallicize+1","Sword Boomerang+1","Flame Barrier+1","Dual Wield+1","Offering","Uppercut+1","Dark Shackles","Disarm+1","Body Slam+1","Evolve","Spot Weakness","Feel No Pain"],"special_seed":0,"relics":["Burning Blood","Calipers","Bloody Idol","Centennial Puzzle","War Paint","Toolbox","Oddly Smooth Stone","Runic Dome","PreservedInsect","Singing Bowl","StrikeDummy","Medical Kit","SlaversCollar","White Beast Statue","FossilizedHelix","Vajra","Mummified Hand","ClockworkSouvenir","Self Forming Clay","Art of War"],"potions_floor_usage":[40,55,56,56],"damage_taken":[{"damage":7.0,"enemies":"Cultist","floor":1.0,"turns":4.0},{"damage":9.0,"enemies":"Jaw Worm","floor":2.0,"turns":6.0},{"damage":1.0,"enemies":"Small Slimes","floor":5.0,"turns":5.0},{"damage":50.0,"enemies":"3 Sentries","floor":6.0,"turns":11.0},{"damage":10.0,"enemies":"Blue Slaver","floor":10.0,"turns":3.0},{"damage":0.0,"enemies":"2 Fungi Beasts","floor":12.0,"turns":1.0},{"damage":6.0,"enemies":"Gremlin Nob","floor":14.0,"turns":3.0},{"damage":12.0,"enemies":"The Guardian","floor":16.0,"turns":12.0},{"damage":0.0,"enemies":"3 Byrds","floor":18.0,"turns":3.0},{"damage":3.0,"enemies":"Chosen","floor":20.0,"turns":3.0},{"damage":2.0,"enemies":"Snake Plant","floor":22.0,"turns":4.0},{"damage":3.0,"enemies":"Gremlin Leader","floor":23.0,"turns":4.0},{"damage":0.0,"enemies":"3 Cultists","floor":25.0,"turns":2.0},{"damage":11.0,"enemies":"Sentry and Sphere","floor":28.0,"turns":4.0},{"damage":0.0,"enemies":"Slavers","floor":30.0,"turns":3.0},{"damage":26.0,"enemies":"Collector","floor":33.0,"turns":11.0},{"damage":10.0,"enemies":"Orb Walker","floor":35.0,"turns":4.0},{"damage":6.0,"enemies":"3 Darklings","floor":37.0,"turns":3.0},{"damage":6,"enemies":"Reptomancer","floor":40,"turns":3},{"damage":6,"enemies":"Giant Head","floor":45,"turns":5},{"damage":0,"enemies":"Transient","floor":48,"turns":6},{"damage":27,"enemies":"Donu and Deca","floor":50,"turns":5},{"damage":39,"enemies":"Awakened One","floor":51,"turns":12},{"damage":0,"enemies":"Shield and Spear","floor":55,"turns":5},{"damage":20,"enemies":"The Heart","floor":56,"turns":9}],"seed_played":"3278737931431905367","potions_obtained":[{"floor":1.0,"key":"PowerPotion"},{"floor":2.0,"key":"GamblersBrew"},{"floor":5.0,"key":"Regen Potion"},{"floor":10.0,"key":"Energy Potion"},{"floor":12.0,"key":"Weak Potion"},{"floor":20.0,"key":"PowerPotion"},{"floor":30.0,"key":"HeartOfIron"},{"floor":40,"key":"LiquidMemories"},{"floor":55,"key":"AttackPotion"}],"is_trial":false,"path_per_floor":["M","M","?","?","M","E","R","?","T","M","R","M","$","E","R","B",null,"M","?","M","?","M","E","R","M","T","R","M","R","E","$","R","B",null,"M","?","M","?","?","E","R","$","T","R","E","?","$","M","R","B","B",null,"R","$","E","B",null],"character_chosen":"IRONCLAD","items_purchased":["Toolbox","Medical Kit","FossilizedHelix","ClockworkSouvenir","Evolve","Self Forming Clay"],"campfire_rested":1,"item_purchase_floors":[13,31,42,47,47,54],"current_hp_per_floor":[49,46,39,39,44,15,15,32,32,28,28,34,34,34,34,28,58,64,64,68,68,68,68,68,68,68,68,68,68,68,68,68,53,64,67,70,70,70,62,67,67,67,72,72,72,72,72,72,72,51,18,59,72,72,72,58],"gold":112,"neow_bonus":"ONE_RARE_RELIC","is_prod":false,"is_daily":false,"chose_seed":false,"campfire_upgraded":10,"win_rate":0,"timestamp":1607540036,"path_taken":["M","M","?","?","M","E","R","?","T","M","R","M","?","E","R","BOSS","M","?","M","?","M","E","R","?","T","R","M","R","E","?","R","BOSS","M","?","?","?","?","E","R","$","T","R","E","?","$","M","R","BOSS","BOSS","R","$","E","BOSS"],"build_version":"2020-11-30","purchased_purges":4,"victory":true,"max_hp_per_floor":[75,75,75,68,68,68,68,68,68,68,68,68,68,68,68,68,68,68,68,68,68,68,68,68,68,68,68,68,68,68,68,68,68,68,70,70,70,70,72,72,72,72,72,72,72,72,72,72,72,72,72,72,72,72,72,72],"relic_stats":{"Centennial Puzzle":[45],"Singing Bowl":4,"counters":[25,131],"Mummified Hand":[20],"Self Forming Clay":[24],"Bloody Idol":26,"PreservedInsect":311,"Art of War":[1],"War Paint":["Defend_R","Defend_R"],"Medical Kit":[6],"obtain_stats":[{"Calipers":0,"Singing Bowl":26,"Golden Idol":4,"Self Forming Clay":54,"Oddly Smooth Stone":14,"Vajra":43,"PreservedInsect":23,"War Paint":9,"Medical Kit":31,"Burning Blood":0,"White Beast Statue":40,"ClockworkSouvenir":47,"Runic Dome":17,"SlaversCollar":34,"Centennial Puzzle":6,"Mummified Hand":45,"Bloody Idol":19,"Toolbox":13,"Art of War":55,"StrikeDummy":30,"FossilizedHelix":42},{"Calipers":0,"Singing Bowl":13,"Golden Idol":2,"Self Forming Clay":23,"Oddly Smooth Stone":7,"Vajra":19,"PreservedInsect":12,"War Paint":4,"Medical Kit":15,"Burning Blood":0,"White Beast Statue":19,"ClockworkSouvenir":20,"Runic Dome":8,"SlaversCollar":16,"Centennial Puzzle":4,"Mummified Hand":20,"Bloody Idol":9,"Toolbox":6,"Art of War":24,"StrikeDummy":15,"FossilizedHelix":19},{"Calipers":0,"Singing Bowl":61,"Golden Idol":10,"Self Forming Clay":117,"Oddly Smooth Stone":33,"Vajra":89,"PreservedInsect":59,"War Paint":26,"Medical Kit":68,"Burning Blood":0,"White Beast Statue":89,"ClockworkSouvenir":94,"Runic Dome":45,"SlaversCollar":79,"Centennial Puzzle":26,"Mummified Hand":94,"Bloody Idol":48,"Toolbox":30,"Art of War":122,"StrikeDummy":68,"FossilizedHelix":89}],"Burning Blood":119},"card_choices":[{"not_picked":["Pommel Strike","Havoc"],"picked":"Battle Trance","floor":1.0},{"not_picked":["Headbutt","Clash"],"picked":"Inflame","floor":2.0},{"not_picked":["Second Wind","Sword Boomerang","Reckless Charge"],"picked":"SKIP","floor":5.0},{"not_picked":["Second Wind","Sword Boomerang","Reckless Charge"],"picked":"SKIP","floor":5.0},{"not_picked":["Second Wind","Sword Boomerang","Reckless Charge"],"picked":"SKIP","floor":5.0},{"not_picked":["Demon Form","Clash"],"picked":"Whirlwind","floor":6.0},{"not_picked":["Headbutt","Reckless Charge","True Grit"],"picked":"SKIP","floor":10.0},{"not_picked":["Thunderclap","Whirlwind","Body Slam"],"picked":"SKIP","floor":12.0},{"not_picked":["Dark Embrace","Sentinel"],"picked":"Anger","floor":14.0},{"not_picked":["Barricade","Double Tap"],"picked":"Impervious","floor":16.0},{"not_picked":["Combust","Body Slam"],"picked":"Pommel Strike+1","floor":18.0},{"not_picked":["Rage","Anger"],"picked":"Metallicize+1","floor":20.0},{"not_picked":["Warcry","Fire Breathing","Rampage+1"],"picked":"SKIP","floor":22.0},{"not_picked":["Fire Breathing","Ghostly Armor"],"picked":"Sword Boomerang","floor":23.0},{"not_picked":["True Grit","Dropkick","Dark Embrace"],"picked":"SKIP","floor":25.0},{"not_picked":["Rampage","Cleave+1"],"picked":"Flame Barrier","floor":28.0},{"not_picked":["Clash","Headbutt"],"picked":"Dual Wield","floor":30.0},{"not_picked":["Juggernaut","Fiend Fire"],"picked":"Offering","floor":33.0},{"not_picked":["Sword Boomerang","Havoc","Perfected Strike"],"picked":"Singing Bowl","floor":35.0},{"not_picked":["Body Slam","Havoc+1"],"picked":"Uppercut","floor":37.0},{"not_picked":["Mayhem","Deep Breath","HandOfGreed"],"picked":"Singing Bowl","floor":39.0},{"not_picked":["Mind Blast","Finesse"],"picked":"Dark Shackles","floor":39.0},{"not_picked":["Secret Weapon","Trip"],"picked":"Flash of Steel","floor":39.0},{"not_picked":["Anger","Pommel Strike"],"picked":"Disarm","floor":40},{"not_picked":["Berserk","Bloodletting"],"picked":"Body Slam","floor":45},{"not_picked":["Wild Strike","Shrug It Off"],"picked":"Spot Weakness","floor":48},{"not_picked":["Clash","Intimidate+1"],"picked":"Feel No Pain","floor":55}],"player_experience":19839438,"relics_obtained":[{"floor":6.0,"key":"Centennial Puzzle"},{"floor":9.0,"key":"War Paint"},{"floor":14.0,"key":"Oddly Smooth Stone"},{"floor":23.0,"key":"PreservedInsect"},{"floor":26.0,"key":"Singing Bowl"},{"floor":30.0,"key":"StrikeDummy"},{"floor":40,"key":"White Beast Statue"},{"floor":43,"key":"Vajra"},{"floor":45,"key":"Mummified Hand"},{"floor":55,"key":"Art of War"}],"event_choices":[{"cards_removed":["Strike_R"],"damage_healed":0.0,"max_hp_gain":0.0,"max_hp_loss":0.0,"gold_gain":0.0,"event_name":"Golden Wing","player_choice":"Card Removal","floor":3.0,"gold_loss":0.0,"damage_taken":7.0},{"damage_healed":0.0,"max_hp_gain":0.0,"max_hp_loss":7.0,"gold_gain":0.0,"event_name":"Golden Idol","player_choice":"Lose Max HP","floor":4.0,"gold_loss":0.0,"damage_taken":0.0,"relics_obtained":["Golden Idol"]},{"damage_healed":17.0,"max_hp_gain":0.0,"max_hp_loss":0.0,"gold_gain":0.0,"event_name":"The Cleric","player_choice":"Healed","floor":8.0,"gold_loss":35.0,"damage_taken":0.0},{"damage_healed":0.0,"max_hp_gain":0.0,"max_hp_loss":0.0,"gold_gain":0.0,"event_name":"Forgotten Altar","player_choice":"Gave Idol","floor":19.0,"relics_lost":["Golden Idol"],"gold_loss":0.0,"damage_taken":0.0,"relics_obtained":["Bloody Idol"]},{"damage_healed":0.0,"max_hp_gain":0.0,"max_hp_loss":0.0,"gold_gain":0.0,"event_name":"The Mausoleum","player_choice":"Ignored","floor":21.0,"gold_loss":0.0,"damage_taken":0.0},{"cards_removed":["Anger"],"damage_healed":5.0,"max_hp_gain":0.0,"max_hp_loss":0.0,"gold_gain":0.0,"event_name":"Bonfire Elementals","player_choice":"Offered Common","floor":36.0,"gold_loss":0.0,"damage_taken":0.0},{"cards_removed":["Anger"],"damage_healed":5.0,"max_hp_gain":0.0,"max_hp_loss":0.0,"gold_gain":0.0,"event_name":"Bonfire Elementals","player_choice":"Offered Special","floor":36.0,"gold_loss":0.0,"damage_taken":0.0},{"damage_healed":0.0,"max_hp_gain":0.0,"max_hp_loss":0.0,"gold_gain":999.0,"event_name":"MindBloom","player_choice":"Gold","floor":38.0,"gold_loss":0.0,"damage_taken":0.0,"cards_obtained":["Normality","Normality"]},{"damage_healed":0.0,"max_hp_gain":0.0,"max_hp_loss":0.0,"gold_gain":0.0,"event_name":"SensoryStone","player_choice":"Memory 3","floor":39.0,"gold_loss":0.0,"damage_taken":10.0},{"cards_removed":["Flash of Steel"],"damage_healed":0,"gold_gain":0,"player_choice":"Removed Attack","damage_taken":0,"max_hp_gain":0,"max_hp_loss":0,"event_name":"Falling","floor":46,"gold_loss":0}],"is_beta":false,"boss_relics":[{"not_picked":["Empty Cage","Mark of Pain"],"picked":"Runic Dome"},{"not_picked":["Sozu","Cursed Key"],"picked":"SlaversCollar"}],"items_purged_floors":[13,31,42,47],"is_endless":false,"potions_floor_spawned":[1,2,5,10,12,20,22,30,33,40,45,48,55],"ascension_level":20}}