{"host":"7bu9q13m6bmpbxjk","time":1607548450,"event":{"gold_per_floor":[117,128,145,163,177,177,177,127,127,138,157,174,191,225,225,320,320,333,313,87,105,105,135,150,169,196,196,211,136,136,153,153,153,153],"floor_reached":33,"playtime":2641,"items_purged":["Strike_B"],"score":302,"play_id":"402052f5-37b9-46ea-a788-6de496b23bfa","local_time":"20201209221410","is_ascension_mode":false,"campfire_choices":[{"data":"Storm","floor":6,"key":"SMITH"},{"data":"Zap","floor":15,"key":"SMITH"},{"floor":27,"key":"REST"},{"floor":32,"key":"REST"}],"neow_cost":"NONE","seed_source_timestamp":50061069430600,"circlet_count":0,"master_deck":["Strike_B+1","Strike_B+1","Defend_B","Defend_B","Zap+1","Dualcast","Redo","Storm+1","Redo","Conserve Battery","Glacier","Skim","Reinforced Body","Glacier","Ball Lightning","Redo","Chill","Buffer","CurseOfTheBell","Coolheaded","Cold Snap+1","Blizzard+1","Core Surge+1","Redo"],"relics":["Cracked Core","NeowsBlessing","Oddly Smooth Stone","Whetstone","Calling Bell","Strawberry","Molten Egg 2","Unceasing Top","Anchor","StrikeDummy"],"potions_floor_usage":[4,11,12,14,18,23,25,33],"damage_taken":[{"damage":0,"enemies":"Cultist","floor":1,"turns":1},{"damage":0,"enemies":"Jaw Worm","floor":2,"turns":1},{"damage":0,"enemies":"Small Slimes","floor":3,"turns":1},{"damage":0,"enemies":"Looter","floor":4,"turns":4},{"damage":8,"enemies":"2 Fungi Beasts","floor":5,"turns":3},{"damage":0,"enemies":"Blue Slaver","floor":10,"turns":3},{"damage":7,"enemies":"3 Louse","floor":11,"turns":3},{"damage":2,"enemies":"Exordium Wildlife","floor":12,"turns":9},{"damage":2,"enemies":"2 Fungi Beasts","floor":13,"turns":4},{"damage":12,"enemies":"Gremlin Nob","floor":14,"turns":5},{"damage":26,"enemies":"The Guardian","floor":16,"turns":17},{"damage":5,"enemies":"Shell Parasite","floor":18,"turns":10},{"damage":10,"enemies":"2 Thieves","floor":19,"turns":5},{"damage":23,"enemies":"3 Cultists","floor":21,"turns":8},{"damage":33,"enemies":"Book of Stabbing","floor":23,"turns":9},{"damage":5,"enemies":"Snake Plant","floor":24,"turns":5},{"damage":18,"enemies":"Centurion and Healer","floor":25,"turns":10},{"damage":13,"enemies":"Snecko","floor":28,"turns":9},{"damage":1,"enemies":"Snake Plant","floor":31,"turns":6},{"damage":49,"enemies":"Collector","floor":33,"turns":6}],"seed_played":"-6942690330062753681","potions_obtained":[{"floor":2,"key":"ColorlessPotion"},{"floor":3,"key":"Swift Potion"},{"floor":5,"key":"PowerPotion"},{"floor":11,"key":"Swift Potion"},{"floor":13,"key":"LiquidMemories"},{"floor":21,"key":"SteroidPotion"},{"floor":23,"key":"Energy Potion"},{"floor":28,"key":"Fire Potion"}],"is_trial":false,"path_per_floor":["M","M","M","M","M","R","?","?","T","M","M","M","M","E","R","B",null,"M","M","$","M","?","E","M","M","T","R","M","$","?","M","R","B"],"character_chosen":"DEFECT","items_purchased":["Blizzard+1","Anchor"],"campfire_rested":2,"item_purchase_floors":[20,20],"current_hp_per_floor":[75,75,75,75,67,67,67,67,67,67,60,58,56,44,44,18,82,77,67,67,44,71,38,33,15,15,39,26,26,26,25,49,0,0],"gold":153,"neow_bonus":"THREE_ENEMY_KILL","is_prod":false,"is_daily":false,"chose_seed":false,"campfire_upgraded":2,"win_rate":0,"timestamp":1607548450,"path_taken":["M","M","M","M","M","R","?","?","T","M","M","M","M","E","R","BOSS","M","M","$","M","?","E","M","M","T","R","M","$","?","M","R","BOSS"],"build_version":"2020-11-30","purchased_purges":1,"victory":false,"max_hp_per_floor":[75,75,75,75,75,75,75,75,75,75,75,75,75,75,75,75,82,82,82,82,82,82,82,82,82,82,82,82,82,82,82,82,82,82],"relic_stats":{"counters":[20,119],"Whetstone":["Strike_B","Strike_B"],"obtain_stats":[{"Calling Bell":17,"Anchor":20,"NeowsBlessing":0,"Strawberry":17,"Oddly Smooth Stone":9,"Molten Egg 2":17,"Whetstone":14,"Cracked Core":0,"StrikeDummy":23,"Unceasing Top":17},{"Calling Bell":11,"Anchor":13,"NeowsBlessing":0,"Strawberry":11,"Oddly Smooth Stone":5,"Molten Egg 2":11,"Whetstone":10,"Cracked Core":0,"StrikeDummy":15,"Unceasing Top":11},{"Calling Bell":51,"Anchor":66,"NeowsBlessing":0,"Strawberry":51,"Oddly Smooth Stone":10,"Molten Egg 2":51,"Whetstone":34,"Cracked Core":0,"StrikeDummy":83,"Unceasing Top":51}],"Unceasing Top":[0]},"card_choices":[{"not_picked":["Beam Cell","Hologram"],"picked":"Redo","floor":1},{"not_picked":["Compile Driver","Beam Cell"],"picked":"Storm","floor":2},{"not_picked":["Turbo","Go for the Eyes"],"picked":"Redo","floor":3},{"not_picked":["Barrage","Stack"],"picked":"Conserve Battery","floor":4},{"not_picked":["Aggregate","Rip and Tear"],"picked":"Glacier","floor":5},{"not_picked":["Aggregate","Tempest"],"picked":"Reinforced Body","floor":10},{"not_picked":["Double Energy","Rebound"],"picked":"Glacier","floor":11},{"not_picked":["Tempest","Compile Driver"],"picked":"Ball Lightning","floor":12},{"not_picked":["Steam","Darkness"],"picked":"Redo","floor":13},{"not_picked":["Fission","Reprogram"],"picked":"Chill","floor":14},{"not_picked":["Meteor Strike","Reboot"],"picked":"Buffer","floor":16},{"not_picked":["Turbo","Ball Lightning+1"],"picked":"Coolheaded","floor":18},{"not_picked":["Redo+1","Stack+1"],"picked":"Cold Snap+1","floor":19},{"not_picked":["Multi-Cast","Go for the Eyes+1","Streamline+1"],"picked":"SKIP","floor":21},{"not_picked":["Biased Cognition","Go for the Eyes+1"],"picked":"Core Surge+1","floor":23},{"not_picked":["Gash+1","Steam+1","Beam Cell+1"],"picked":"SKIP","floor":24},{"not_picked":["Turbo+1","Compile Driver+1"],"picked":"Redo","floor":25},{"not_picked":["Turbo","Skim","Beam Cell+1"],"picked":"SKIP","floor":28},{"not_picked":["Conserve Battery","Beam Cell+1","Stack"],"picked":"SKIP","floor":31}],"player_experience":504104,"relics_obtained":[{"floor":9,"key":"Oddly Smooth Stone"},{"floor":14,"key":"Whetstone"},{"floor":17,"key":"Strawberry"},{"floor":17,"key":"Molten Egg 2"},{"floor":17,"key":"Unceasing Top"},{"floor":23,"key":"StrikeDummy"}],"event_choices":[{"damage_healed":0,"gold_gain":0,"cards_transformed":["Strike_B"],"player_choice":"Change","damage_taken":0,"max_hp_gain":0,"max_hp_loss":0,"event_name":"Living Wall","floor":7,"gold_loss":0,"cards_obtained":["Skim"]},{"cards_removed":["Defend_B"],"damage_healed":0,"gold_gain":0,"player_choice":"Card Removal","damage_taken":0,"max_hp_gain":0,"max_hp_loss":0,"event_name":"The Cleric","floor":8,"gold_loss":50},{"damage_healed":27,"gold_gain":0,"player_choice":"Heal","damage_taken":0,"max_hp_gain":0,"max_hp_loss":0,"event_name":"The Library","floor":22,"gold_loss":0},{"cards_removed":["Defend_B"],"damage_healed":0,"gold_gain":0,"player_choice":"Elegance","damage_taken":0,"max_hp_gain":0,"max_hp_loss":0,"event_name":"Back to Basics","floor":30,"gold_loss":0}],"is_beta":false,"boss_relics":[{"not_picked":["Velvet Choker","Snecko Eye"],"picked":"Calling Bell"}],"items_purged_floors":[29],"is_endless":false,"potions_floor_spawned":[2,3,5,11,13,21,23,28],"killed_by":"Collector","ascension_level":0}}