{"host":"f5n4tidiz2n5sooh","time":1607541629,"event":{"gold_per_floor":[115,129,140,140,140,140,170,170,193,193,203,215,215,227,227,227,227],"floor_reached":16,"playtime":675,"items_purged":[],"score":204,"play_id":"cc85cfb1-b0ea-4a55-827b-f328bf774bb3","local_time":"20201209132029","is_ascension_mode":true,"campfire_choices":[{"data":"Shockwave","floor":6,"key":"SMITH"},{"data":"Flame Barrier","floor":10,"key":"SMITH"},{"data":"Rampage","floor":13,"key":"SMITH"},{"floor":15,"key":"REST"}],"neow_cost":"TEN_PERCENT_HP_LOSS","seed_source_timestamp":3470392703500,"circlet_count":0,"master_deck":["AscendersBane","Strike_R","Strike_R","Strike_R","Strike_R","Defend_R","Defend_R","Defend_R","Defend_R","Bash","Anger","Flame Barrier+1","Shockwave+1","Pummel","Rampage+1","Evolve","Shrug It Off"],"special_seed":0,"relics":["Burning Blood","Ginger","Dream Catcher","Art of War"],"potions_floor_usage":[16,16,16],"damage_taken":[{"damage":19.0,"enemies":"Small Slimes","floor":1.0,"turns":6.0},{"damage":11.0,"enemies":"2 Louse","floor":2.0,"turns":3.0},{"damage":1.0,"enemies":"Cultist","floor":3.0,"turns":3.0},{"damage":41,"enemies":"Gremlin Nob","floor":7,"turns":5},{"damage":1,"enemies":"Blue Slaver","floor":11,"turns":4},{"damage":15,"enemies":"Red Slaver","floor":12,"turns":4},{"damage":10,"enemies":"Exordium Thugs","floor":14,"turns":5},{"damage":35,"enemies":"Slime Boss","floor":16,"turns":8}],"seed_played":"3103620921642169096","potions_obtained":[{"floor":7,"key":"BlessingOfTheForge"},{"floor":8,"key":"EntropicBrew"},{"floor":8,"key":"FearPotion"}],"is_trial":false,"path_per_floor":["M","M","M","?","?","R","E","?","T","R","M","M","R","M","R","B"],"character_chosen":"IRONCLAD","items_purchased":[],"campfire_rested":1,"item_purchase_floors":[],"current_hp_per_floor":[55,50,55,48,53,53,18,18,18,18,23,14,14,10,31,0,0],"gold":227,"neow_bonus":"ONE_RARE_RELIC","is_prod":false,"is_daily":false,"chose_seed":false,"campfire_upgraded":3,"win_rate":0,"timestamp":1607541629,"path_taken":["M","M","M","?","?","R","E","?","T","R","M","M","R","M","R","BOSS"],"build_version":"2020-11-30","purchased_purges":0,"victory":false,"max_hp_per_floor":[68,68,68,68,73,73,73,73,73,73,73,73,73,73,73,73,73],"relic_stats":{"Dream Catcher":1,"counters":[8,38],"Art of War":[3],"Ginger":[2],"obtain_stats":[{"Dream Catcher":7,"Art of War":9,"Ginger":0,"Burning Blood":0},{"Dream Catcher":4,"Art of War":4,"Ginger":0,"Burning Blood":0},{"Dream Catcher":17,"Art of War":17,"Ginger":0,"Burning Blood":0}],"Burning Blood":42},"card_choices":[{"not_picked":["Heavy Blade","Sever Soul"],"picked":"Anger","floor":1.0},{"not_picked":["Pommel Strike","Body Slam"],"picked":"Flame Barrier","floor":2.0},{"not_picked":["Cleave","Body Slam"],"picked":"Shockwave","floor":3.0},{"not_picked":["Clothesline","Thunderclap"],"picked":"Pummel","floor":7},{"not_picked":["Dropkick","Combust"],"picked":"Rampage","floor":11},{"not_picked":["Clothesline","Dark Embrace"],"picked":"Evolve","floor":12},{"not_picked":["Blood for Blood","Reckless Charge"],"picked":"Shrug It Off","floor":14}],"player_experience":1864808,"relics_obtained":[{"floor":7,"key":"Dream Catcher"},{"floor":9,"key":"Art of War"}],"event_choices":[{"cards_removed":["Strike_R"],"damage_healed":0.0,"max_hp_gain":0.0,"max_hp_loss":0.0,"gold_gain":0.0,"event_name":"Golden Wing","player_choice":"Card Removal","floor":4.0,"gold_loss":0.0,"damage_taken":7.0},{"damage_healed":0.0,"max_hp_gain":5.0,"max_hp_loss":0.0,"gold_gain":0.0,"event_name":"Big Fish","player_choice":"Donut","floor":5.0,"gold_loss":0.0,"damage_taken":0.0},{"damage_healed":0,"gold_gain":0,"player_choice":"Got Potions","damage_taken":0,"max_hp_gain":0,"max_hp_loss":0,"event_name":"Lab","floor":8,"gold_loss":0}],"is_beta":false,"boss_relics":[],"items_purged_floors":[],"is_endless":false,"potions_floor_spawned":[7,11,12],"killed_by":"Slime Boss","ascension_level":20}}