{"host":"bux1pdxjwq4dkad9","time":1607478575,"event":{"gold_per_floor":[112,112,128,53,67,67,93,93,93,93,113,113,129,154,154,252,252,264,280,85,100,139,164,180,209,261,291,303,253,277,252,252,363,363,379,601,501,453,432,432,463,463,498,513,513,513,563,366,366,366,366,366,70,40,40],"floor_reached":56,"playtime":2059,"items_purged":["alterego_mod:Defend","alterego_mod:Strike","alterego_mod:Strike","alterego_mod:Bunnysuit","alterego_mod:BreastValley","Normality","alterego_mod:BigMeatyClaws","alterego_mod:Defend"],"score":1744,"play_id":"5c3d981f-21f3-4aab-8ba0-6f210b123f3f","local_time":"20201209094935","is_ascension_mode":true,"campfire_choices":[{"data":"alterego_mod:1TonWallop","floor":6.0,"key":"SMITH"},{"data":"alterego_mod:Table","floor":8.0,"key":"SMITH"},{"data":"alterego_mod:Strike","floor":10.0,"key":"PURGE"},{"data":"alterego_mod:Pet","floor":15.0,"key":"SMITH"},{"data":"alterego_mod:Palingenesis","floor":32.0,"key":"SMITH"},{"data":"alterego_mod:AlterEgo","floor":40.0,"key":"SMITH"},{"data":"alterego_mod:TrashNCrash","floor":42.0,"key":"SMITH"},{"floor":46.0,"key":"RECALL"},{"data":"alterego_mod:Palingenesis+1","floor":49.0,"key":"SMITH"},{"data":"alterego_mod:Palingenesis+2","floor":52.0,"key":"SMITH"}],"neow_cost":"PERCENT_DAMAGE","seed_source_timestamp":5997089912265,"circlet_count":0,"master_deck":["alterego_mod:Defend","alterego_mod:Defend","alterego_mod:Impale","alterego_mod:BrynhildrsRune","alterego_mod:Table+1","alterego_mod:1TonWallop+1","alterego_mod:Pet+1","alterego_mod:IndependentAction+1","alterego_mod:TrashNCrash+1","alterego_mod:Birthday","alterego_mod:Palingenesis+3","alterego_mod:Belts","alterego_mod:InsideBaseball","alterego_mod:Schoolgirl+1","alterego_mod:AlterEgo+1","alterego_mod:Valentines+1","alterego_mod:Palingenesis+3"],"special_seed":0,"relics":["alterego_mod:MasochisticConstitution","EasyMod:Easy_2","Smiling Mask","Meat on the Bone","Potion Belt","Philosopher\u0027s Stone","CeramicFish","Strawberry","Red Mask","Kunai","Oddly Smooth Stone","Nunchaku","Bag of Marbles","Akabeko","Toolbox","Vajra","alterego_mod:SistersRibbon","Centennial Puzzle","Cursed Key","Anchor","StrikeDummy","Bird Faced Urn","Membership Card","Happy Flower","DollysMirror","HandDrill","Calipers","Mummified Hand"],"potions_floor_usage":[53,55,55],"damage_taken":[{"damage":0.0,"enemies":"Cultist","floor":1.0,"turns":2.0},{"damage":1.0,"enemies":"Jaw Worm","floor":3.0,"turns":2.0},{"damage":0.0,"enemies":"Small Slimes","floor":5.0,"turns":2.0},{"damage":19.0,"enemies":"Lagavulin","floor":7.0,"turns":4.0},{"damage":3.0,"enemies":"3 Louse","floor":11.0,"turns":1.0},{"damage":15.0,"enemies":"Exordium Wildlife","floor":13.0,"turns":2.0},{"damage":3.0,"enemies":"3 Sentries","floor":14.0,"turns":1.0},{"damage":3.0,"enemies":"The Guardian","floor":16.0,"turns":6.0},{"damage":8.0,"enemies":"2 Thieves","floor":18.0,"turns":2.0},{"damage":0.0,"enemies":"Shell Parasite","floor":19.0,"turns":2.0},{"damage":31.0,"enemies":"Snake Plant","floor":21.0,"turns":3.0},{"damage":0.0,"enemies":"Masked Bandits","floor":22.0,"turns":1.0},{"damage":11.0,"enemies":"Slavers","floor":23.0,"turns":1.0},{"damage":8.0,"enemies":"Shelled Parasite and Fungi","floor":24.0,"turns":3.0},{"damage":3.0,"enemies":"Centurion and Healer","floor":25.0,"turns":3.0},{"damage":0.0,"enemies":"Book of Stabbing","floor":27.0,"turns":5.0},{"damage":8.0,"enemies":"Sentry and Sphere","floor":28.0,"turns":2.0},{"damage":3.0,"enemies":"3 Cultists","floor":30.0,"turns":1.0},{"damage":20.0,"enemies":"Gremlin Leader","floor":31.0,"turns":5.0},{"damage":24.0,"enemies":"Automaton","floor":33.0,"turns":6.0},{"damage":0.0,"enemies":"3 Darklings","floor":35.0,"turns":2.0},{"damage":8.0,"enemies":"3 Shapes","floor":38.0,"turns":4.0},{"damage":0.0,"enemies":"Writhing Mass","floor":39.0,"turns":1.0},{"damage":3.0,"enemies":"Reptomancer","floor":41.0,"turns":2.0},{"damage":0.0,"enemies":"3 Darklings","floor":44.0,"turns":1.0},{"damage":0.0,"enemies":"Nemesis","floor":45.0,"turns":1.0},{"damage":17.0,"enemies":"Mind Bloom Boss Battle","floor":47.0,"turns":6.0},{"damage":17.0,"enemies":"Awakened One","floor":50.0,"turns":7.0},{"damage":8,"enemies":"Shield and Spear","floor":54,"turns":1},{"damage":16,"enemies":"The Heart","floor":55,"turns":5}],"seed_played":"-1935636411434024767","potions_obtained":[{"floor":1.0,"key":"EssenceOfSteel"},{"floor":5.0,"key":"AttackPotion"},{"floor":13.0,"key":"LiquidBronze"},{"floor":16.0,"key":"Block Potion"},{"floor":21.0,"key":"ThievingMod:ThievingPotion"},{"floor":22.0,"key":"AttackPotion"},{"floor":23.0,"key":"Energy Potion"},{"floor":24.0,"key":"AttackPotion"},{"floor":27.0,"key":"Block Potion"},{"floor":31.0,"key":"Energy Potion"},{"floor":44.0,"key":"CultistPotion"}],"is_trial":false,"path_per_floor":["M","?","M","$","M","R","E","R","T","R","M","$","M","E","R","B",null,"M","M","$","M","?","E","M","M","T","E","M","$","M","E","R","B",null,"M","?","$","M","M","R","E","R","T","M","E","R","?","$","R","B",null,"R","$","E","B",null],"character_chosen":"The_Alterego","items_purchased":["Explosive Potion","ThievingMod:ThievingPotion","Membership Card","ThievingMod:ThievingPotion","Calipers"],"campfire_rested":0,"item_purchase_floors":[20,20,48,53,53],"current_hp_per_floor":[50,50,51,51,52,52,35,35,35,35,46,46,45,44,44,43,68,62,63,70,47,54,45,59,64,64,78,72,72,71,66,66,50,82,92,92,92,93,93,93,94,94,94,94,94,94,78,78,78,78,92,92,92,97,96],"gold":40,"neow_bonus":"THREE_RARE_CARDS","is_prod":false,"is_daily":false,"chose_seed":false,"campfire_upgraded":8,"win_rate":0,"timestamp":1607478575,"path_taken":["M","?","M","$","M","R","E","R","T","R","?","$","M","E","R","BOSS","M","M","$","M","?","E","M","M","T","E","M","$","M","E","R","BOSS","M","?","$","M","M","R","E","R","T","M","E","R","?","?","R","BOSS","R","$","E","BOSS"],"build_version":"2020-11-30","purchased_purges":8,"victory":true,"max_hp_per_floor":[70,70,71,71,71,71,72,72,72,72,73,73,74,75,75,76,76,77,77,84,85,85,86,87,88,88,88,89,89,90,91,91,92,92,92,92,92,93,93,93,94,94,94,94,94,94,95,95,95,96,96,96,96,97,98],"card_choices":[{"not_picked":["alterego_mod:Cooking","alterego_mod:HighServant"],"picked":"alterego_mod:Table","floor":1.0},{"not_picked":["alterego_mod:Table","alterego_mod:DiscoLights","alterego_mod:Maid"],"picked":"SKIP","floor":3.0},{"not_picked":["alterego_mod:Cycle","alterego_mod:Stockings"],"picked":"alterego_mod:1TonWallop","floor":5.0},{"not_picked":["alterego_mod:BiFurious","alterego_mod:GachaTicket","alterego_mod:Bounce"],"picked":"SKIP","floor":7.0},{"not_picked":["alterego_mod:Cycle","alterego_mod:PresenceConcealment","alterego_mod:Bunnysuit"],"picked":"SKIP","floor":11.0},{"not_picked":["alterego_mod:Cycle","alterego_mod:PresenceConcealment"],"picked":"alterego_mod:Bunnysuit","floor":11.0},{"not_picked":["alterego_mod:Bounce","alterego_mod:Bunnysuit","alterego_mod:Skirt"],"picked":"SKIP","floor":13.0},{"not_picked":["alterego_mod:Undulate","alterego_mod:AlterEgo"],"picked":"alterego_mod:Pet","floor":14.0},{"not_picked":["alterego_mod:Pet","alterego_mod:DeftHands+1"],"picked":"alterego_mod:IndependentAction+1","floor":18.0},{"not_picked":["alterego_mod:Complex+1","alterego_mod:Maid"],"picked":"alterego_mod:TrashNCrash","floor":19.0},{"not_picked":["alterego_mod:SuperDuperMasochism","alterego_mod:DeftHands+1","alterego_mod:GachaTicket"],"picked":"SKIP","floor":21.0},{"not_picked":["alterego_mod:1TonWallop+1","alterego_mod:Mirror"],"picked":"alterego_mod:Palingenesis","floor":22.0},{"not_picked":["alterego_mod:SuperDuperMasochism","alterego_mod:Undulate","alterego_mod:DeftHands"],"picked":"SKIP","floor":23.0},{"not_picked":["alterego_mod:Lingerie","alterego_mod:Bounce+1","alterego_mod:Table+1"],"picked":"SKIP","floor":24.0},{"not_picked":["alterego_mod:MagicResistance+1","alterego_mod:Cooking+1"],"picked":"alterego_mod:Belts","floor":25.0},{"not_picked":["alterego_mod:Rip","alterego_mod:Cooking","alterego_mod:GoddessCore"],"picked":"SKIP","floor":27.0},{"not_picked":["alterego_mod:Cycle","alterego_mod:Belts","alterego_mod:DestructionOfProperty+1"],"picked":"SKIP","floor":28.0},{"not_picked":["alterego_mod:SakuraPetals+1","alterego_mod:Belts"],"picked":"alterego_mod:InsideBaseball","floor":30.0},{"not_picked":["alterego_mod:PerceptionDisorder","alterego_mod:Cooking"],"picked":"alterego_mod:Schoolgirl+1","floor":31.0},{"not_picked":["alterego_mod:GIGAMILK","alterego_mod:Alter"],"picked":"alterego_mod:AlterEgo","floor":33.0},{"not_picked":["alterego_mod:DeftHands","alterego_mod:MaintainEyeContact","alterego_mod:DiscoLights"],"picked":"SKIP","floor":35.0},{"not_picked":["alterego_mod:SakuraPetals","alterego_mod:1TonWallop+1","alterego_mod:PurpleHair"],"picked":"SKIP","floor":38.0},{"not_picked":["alterego_mod:GoddessCore+1","alterego_mod:TrashNCrash+1","alterego_mod:Valentines+1"],"picked":"SKIP","floor":39.0},{"not_picked":["alterego_mod:GoddessCore+1","alterego_mod:TrashNCrash+1"],"picked":"alterego_mod:Valentines+1","floor":39.0},{"not_picked":["alterego_mod:BusterCard","alterego_mod:Smother+1","alterego_mod:Valentines"],"picked":"SKIP","floor":41.0},{"not_picked":["alterego_mod:TrashNCrash+1","alterego_mod:Cooking","alterego_mod:Birthday"],"picked":"SKIP","floor":44.0},{"not_picked":["alterego_mod:MagicResistance+1","alterego_mod:GoddessCore+1","alterego_mod:Antipathy"],"picked":"SKIP","floor":45.0},{"not_picked":["alterego_mod:PerceptionDisorder","alterego_mod:Cycle+1","alterego_mod:GoddessCore"],"picked":"SKIP","floor":54}],"player_experience":2352538,"relics_obtained":[{"floor":7.0,"key":"Smiling Mask"},{"floor":9.0,"key":"Meat on the Bone"},{"floor":14.0,"key":"Potion Belt"},{"floor":22.0,"key":"Red Mask"},{"floor":23.0,"key":"Kunai"},{"floor":26.0,"key":"Oddly Smooth Stone"},{"floor":27.0,"key":"Nunchaku"},{"floor":31.0,"key":"Centennial Puzzle"},{"floor":41.0,"key":"Anchor"},{"floor":45.0,"key":"StrikeDummy"},{"floor":47.0,"key":"Bird Faced Urn"},{"floor":54,"key":"Mummified Hand"}],"event_choices":[{"cards_removed":["alterego_mod:Strike"],"damage_healed":0.0,"max_hp_gain":0.0,"max_hp_loss":0.0,"gold_gain":0.0,"event_name":"Purifier","player_choice":"Purged","floor":2.0,"gold_loss":0.0,"damage_taken":0.0},{"damage_healed":0.0,"max_hp_gain":0.0,"max_hp_loss":0.0,"gold_gain":0.0,"event_name":"Masked Bandits","player_choice":"Fought Bandits","floor":22.0,"gold_loss":0.0,"damage_taken":0.0},{"damage_healed":0.0,"max_hp_gain":0.0,"max_hp_loss":0.0,"gold_gain":222.0,"event_name":"Tomb of Lord Red Mask","player_choice":"Wore Mask","floor":36.0,"gold_loss":0.0,"damage_taken":0.0},{"damage_healed":0.0,"max_hp_gain":0.0,"max_hp_loss":0.0,"gold_gain":0.0,"event_name":"MindBloom","player_choice":"Fight","floor":47.0,"gold_loss":0.0,"damage_taken":0.0}],"is_beta":false,"boss_relics":[{"not_picked":["Runic Dome","Empty Cage"],"picked":"Philosopher\u0027s Stone"},{"not_picked":["Pandora\u0027s Box","Sozu"],"picked":"Cursed Key"}],"items_purged_floors":[4,20,29,37,37,48,53,53],"is_endless":false,"potions_floor_spawned":[1,5,13,16,21,22,23,24,27,31,41,44],"ascension_level":5}}