{"host":"m3rs92yjkwi06hli","time":1607546951,"event":{"gold_per_floor":[116,127,141,141,159,159,189,189,242,302,302,302,302,337,337,388,388],"floor_reached":16,"playtime":417,"items_purged":[],"score":127,"play_id":"b4ab7ed5-a91d-46a3-b8bb-f0dd594ec003","local_time":"20201209144911","is_ascension_mode":true,"campfire_choices":[{"data":"Choke","floor":6,"key":"SMITH"},{"data":"rat:FanOfKnives","floor":8,"key":"SMITH"},{"floor":12,"key":"REST"},{"data":"Adrenaline","floor":15,"key":"SMITH"}],"neow_cost":"NONE","seed_source_timestamp":454042176280800,"circlet_count":0,"master_deck":["Strike_G","Strike_G","Strike_G","Strike_G","Strike_G","Defend_G","Defend_G","Defend_G","Defend_G","Defend_G","Survivor","Neutralize+1","Deadly Poison","Accuracy","rat:SilveredBlade","Choke+1","rat:FanOfKnives+1","Dagger Spray","Injury","Adrenaline+1"],"relics":["Ring of the Snake","NeowsBlessing","Replay:Bandana","Potion Belt","aspiration:TomeofQuesting","Molten Egg 2"],"potions_floor_usage":[7],"damage_taken":[{"damage":0,"enemies":"Cultist","floor":1,"turns":1},{"damage":0,"enemies":"Jaw Worm","floor":2,"turns":1},{"damage":0,"enemies":"Small Slimes","floor":3,"turns":1},{"damage":14,"enemies":"2 Fungi Beasts","floor":5,"turns":6},{"damage":24,"enemies":"Gremlin Nob","floor":7,"turns":4},{"damage":29,"enemies":"3 Sentries","floor":10,"turns":8},{"damage":0,"enemies":"Large Slime","floor":14,"turns":6},{"damage":44,"enemies":"Fading Forest","floor":16,"turns":7}],"seed_played":"-3265218615256346402","potions_obtained":[{"floor":1,"key":"SpeedPotion"},{"floor":2,"key":"Strength Potion"},{"floor":3,"key":"Regen Potion"}],"is_trial":false,"path_per_floor":["M","M","M","?","M","R","E","R","T","E","?","R","?","M","R","B"],"character_chosen":"THE_SILENT","items_purchased":[],"campfire_rested":1,"item_purchase_floors":[],"current_hp_per_floor":[70,70,70,75,61,61,49,49,49,20,20,42,42,42,42,0,0],"gold":388,"neow_bonus":"THREE_ENEMY_KILL","is_prod":false,"is_daily":false,"chose_seed":false,"campfire_upgraded":3,"win_rate":0,"timestamp":1607546951,"path_taken":["M","M","?","?","M","R","E","R","T","E","?","R","?","M","R","BOSS"],"build_version":"2020-11-30","purchased_purges":0,"victory":false,"max_hp_per_floor":[70,70,70,75,75,75,75,75,75,75,75,75,75,75,75,75,75],"relic_stats":{"counters":[8,34],"obtain_stats":[{"Potion Belt":9,"Replay:Bandana":7,"NeowsBlessing":0,"aspiration:TomeofQuesting":10,"Molten Egg 2":11,"Ring of the Snake":0},{"Potion Belt":5,"Replay:Bandana":5,"NeowsBlessing":0,"aspiration:TomeofQuesting":6,"Molten Egg 2":6,"Ring of the Snake":0},{"Potion Belt":13,"Replay:Bandana":13,"NeowsBlessing":0,"aspiration:TomeofQuesting":21,"Molten Egg 2":21,"Ring of the Snake":0}],"Ring of the Snake":[16]},"card_choices":[{"not_picked":["Acrobatics","hubris:TrickCloak"],"picked":"Deadly Poison","floor":1},{"not_picked":["Underhanded Strike","rat:Garrote"],"picked":"Accuracy","floor":2},{"not_picked":["Acrobatics","Outmaneuver"],"picked":"rat:SilveredBlade","floor":3},{"not_picked":["Distraction","rat:RuptureArtery"],"picked":"Choke","floor":5},{"not_picked":["Riddle With Holes","Underhanded Strike"],"picked":"rat:FanOfKnives","floor":7},{"not_picked":["Outmaneuver","Deadly Poison"],"picked":"Dagger Spray","floor":10},{"not_picked":["Dagger Spray+1","Flying Knee+1"],"picked":"Adrenaline","floor":14}],"player_experience":715114,"relics_obtained":[{"floor":7,"key":"Replay:Bandana"},{"floor":9,"key":"Potion Belt"},{"floor":10,"key":"aspiration:TomeofQuesting"}],"event_choices":[{"damage_healed":0,"gold_gain":0,"player_choice":"Donut","damage_taken":0,"max_hp_gain":5,"max_hp_loss":0,"event_name":"Big Fish","floor":4,"gold_loss":0}],"is_beta":false,"boss_relics":[],"items_purged_floors":[],"is_endless":false,"potions_floor_spawned":[1,2,3],"killed_by":"Fading Forest","ascension_level":3}}