{"host":"jm9833yuloeli2yd","time":1607532707,"event":{"gold_per_floor":[113,126,126,146,146,146,175,175,175,187,216,227,227,247,247,247,247],"floor_reached":16,"playtime":416,"items_purged":[],"score":224,"play_id":"a61a4de8-2df2-42b8-88db-6c84f950da11","local_time":"20201209115147","is_ascension_mode":true,"campfire_choices":[{"data":"Rip and Tear","floor":6,"key":"SMITH"},{"data":"1","floor":8,"key":"LIFT"},{"data":"Buffer","floor":13,"key":"SMITH"},{"data":"Consume","floor":15,"key":"SMITH"}],"neow_cost":"NONE","seed_source_timestamp":758799933198500,"circlet_count":0,"master_deck":["AscendersBane","Strike_B","Strike_B","Strike_B","Strike_B","Defend_B","Defend_B","Defend_B","Defend_B","Zap","Dualcast+1","Self Repair+1","Rip and Tear+1","Sweeping Beam","Dark Shackles","Go for the Eyes","Glacier","Consume+1","Buffer+1","Hologram","Hologram"],"special_seed":0,"relics":["Cracked Core","Girya","InkBottle","Ancient Tea Set"],"potions_floor_usage":[7,11,16],"damage_taken":[{"damage":7,"enemies":"2 Louse","floor":1,"turns":3},{"damage":12,"enemies":"Jaw Worm","floor":2,"turns":3},{"damage":0,"enemies":"Cultist","floor":4,"turns":4},{"damage":20,"enemies":"Gremlin Nob","floor":7,"turns":4},{"damage":8,"enemies":"Blue Slaver","floor":10,"turns":2},{"damage":5,"enemies":"Lagavulin","floor":11,"turns":8},{"damage":0,"enemies":"Looter","floor":12,"turns":3},{"damage":0,"enemies":"Exordium Wildlife","floor":14,"turns":3},{"damage":58,"enemies":"The Guardian","floor":16,"turns":13}],"seed_played":"1455493064898859366","potions_obtained":[{"floor":2,"key":"Ancient Potion"},{"floor":4,"key":"PowerPotion"},{"floor":7,"key":"SneckoOil"},{"floor":10,"key":"Explosive Potion"},{"floor":14,"key":"Energy Potion"}],"is_trial":false,"path_per_floor":["M","M","?","M","?","R","E","R","T","M","E","M","R","M","R","B"],"character_chosen":"DEFECT","items_purchased":[],"campfire_rested":0,"item_purchase_floors":[],"current_hp_per_floor":[64,59,59,66,45,45,35,35,35,27,32,42,42,42,42,0,0],"gold":247,"neow_bonus":"THREE_CARDS","is_prod":false,"is_daily":false,"chose_seed":false,"campfire_upgraded":3,"win_rate":0,"timestamp":1607532707,"path_taken":["M","M","?","M","?","R","E","R","T","M","E","?","R","M","R","BOSS"],"build_version":"2020-11-30","purchased_purges":0,"victory":false,"max_hp_per_floor":[71,71,71,71,71,71,71,71,71,71,71,71,71,71,71,71,71],"card_choices":[{"not_picked":["Gash","Steam"],"picked":"Self Repair","floor":0},{"not_picked":["Steam","Rebound"],"picked":"Rip and Tear","floor":1},{"not_picked":["Heatsinks","Beam Cell"],"picked":"Sweeping Beam","floor":2},{"not_picked":["Thinking Ahead","Finesse"],"picked":"Dark Shackles","floor":3},{"not_picked":["Conserve Battery","Rebound"],"picked":"Go for the Eyes","floor":4},{"not_picked":["Reprogram","Beam Cell"],"picked":"Glacier","floor":7},{"not_picked":["Steam Power","Streamline"],"picked":"Consume","floor":10},{"not_picked":["Redo","Stack"],"picked":"Buffer","floor":11},{"not_picked":["Barrage","Sweeping Beam"],"picked":"Hologram","floor":12},{"not_picked":["Conserve Battery","Self Repair"],"picked":"Hologram","floor":14}],"player_experience":979067,"relics_obtained":[{"floor":7,"key":"Girya"},{"floor":9,"key":"InkBottle"},{"floor":11,"key":"Ancient Tea Set"}],"event_choices":[{"damage_healed":0,"gold_gain":1,"player_choice":"1","damage_taken":0,"max_hp_gain":0,"max_hp_loss":0,"event_name":"betterStone:BetterStone","floor":3,"gold_loss":0},{"damage_healed":0,"gold_gain":0,"player_choice":"Entered Light","damage_taken":21,"max_hp_gain":0,"max_hp_loss":0,"event_name":"Shining Light","floor":5,"gold_loss":0,"cards_upgraded":["Dualcast","Self Repair"]}],"is_beta":false,"boss_relics":[],"items_purged_floors":[],"is_endless":false,"potions_floor_spawned":[2,4,7,10,14],"killed_by":"The Guardian","ascension_level":20}}