{"host":"vfg9szunmpjwj08o","time":1607526111,"event":{"gold_per_floor":[118,136,63,83,83,83,83,83,136,170,170,170,189,199,199,296,296,338,358,235,246,284,284,302,302,302,79,119,169,203,246,246,347,347,366,384,384,384],"floor_reached":37,"playtime":1955,"items_purged":["Writhe"],"score":514,"play_id":"7b7086bf-76d8-4d76-a2b4-6d2f860f1db1","local_time":"20201209160151","is_ascension_mode":true,"campfire_choices":[{"data":"Eruption","floor":6,"key":"SMITH"},{"data":"Study","floor":8,"key":"SMITH"},{"data":"Meditate","floor":15,"key":"SMITH"},{"data":"Adaptation","floor":23,"key":"SMITH"},{"data":"Wish","floor":32,"key":"SMITH"}],"neow_cost":"TEN_PERCENT_HP_LOSS","seed_source_timestamp":13931470351200,"circlet_count":0,"master_deck":["Strike_P","Strike_P","Defend_P","Defend_P","Defend_P","Defend_P","Eruption+1","Vigilance","CutThroughFate","Wallop","Study+1","SpiritShield","MentalFortress","Meditate+1","Wish+1","EmptyFist+1","MentalFortress","EmptyBody","Adaptation+1","InnerPeace+1","Halt","CutThroughFate","SandsOfTime","DevaForm","Vengeance+1"],"relics":["PureWater","TungstenRod","Meat on the Bone","Question Card","Sozu","GoldenEye","Blue Candle","Happy Flower","Singing Bowl","VioletLotus"],"potions_floor_usage":[12,16,28,30],"damage_taken":[{"damage":4,"enemies":"Cultist","floor":1,"turns":6},{"damage":1,"enemies":"Jaw Worm","floor":2,"turns":4},{"damage":1,"enemies":"2 Louse","floor":4,"turns":2},{"damage":36,"enemies":"3 Sentries","floor":10,"turns":6},{"damage":0,"enemies":"Gremlin Gang","floor":12,"turns":1},{"damage":0,"enemies":"Blue Slaver","floor":13,"turns":4},{"damage":0,"enemies":"3 Louse","floor":14,"turns":4},{"damage":20,"enemies":"The Guardian","floor":16,"turns":12},{"damage":10,"enemies":"Spheric Guardian","floor":18,"turns":5},{"damage":10,"enemies":"3 Byrds","floor":19,"turns":6},{"damage":5,"enemies":"Snecko","floor":21,"turns":5},{"damage":4,"enemies":"Centurion and Healer","floor":22,"turns":6},{"damage":30,"enemies":"Chosen and Byrds","floor":24,"turns":8},{"damage":9,"enemies":"Shelled Parasite and Fungi","floor":28,"turns":4},{"damage":10,"enemies":"Gremlin Leader","floor":30,"turns":8},{"damage":13,"enemies":"Centurion and Healer","floor":31,"turns":5},{"damage":18,"enemies":"Collector","floor":33,"turns":7},{"damage":3,"enemies":"Orb Walker","floor":35,"turns":3},{"damage":18,"enemies":"3 Shapes","floor":36,"turns":4},{"damage":38,"enemies":"Writhing Mass","floor":37,"turns":4}],"seed_played":"-5421376225511712689","potions_obtained":[{"floor":2,"key":"SmokeBomb"},{"floor":10,"key":"LiquidBronze"},{"floor":14,"key":"Weak Potion"},{"floor":16,"key":"SkillPotion"}],"is_trial":false,"path_per_floor":["M","M","$","M","?","R","?","R","T","E","?","M","M","M","R","B",null,"M","M","$","M","M","R","M","?","T","$","M","?","E","M","R","B",null,"M","M","M"],"character_chosen":"WATCHER","items_purchased":["Study","EmptyBody","Adaptation","Happy Flower"],"campfire_rested":0,"item_purchase_floors":[3,20,20,27],"current_hp_per_floor":[61,60,60,59,59,59,57,57,57,33,33,33,33,33,33,25,55,45,35,35,42,38,38,20,20,20,20,23,23,27,28,28,22,57,54,38,0,0],"gold":384,"neow_bonus":"ONE_RARE_RELIC","is_prod":false,"is_daily":false,"chose_seed":false,"campfire_upgraded":5,"win_rate":0,"timestamp":1607526111,"path_taken":["M","M","$","M","?","R","?","R","T","E","?","?","M","M","R","BOSS","M","M","$","M","M","R","M","?","T","$","M","?","E","M","R","BOSS","M","M","M"],"build_version":"2020-11-30","purchased_purges":1,"victory":false,"max_hp_per_floor":[65,65,65,65,65,65,65,65,65,65,65,65,65,65,65,65,65,65,65,65,65,65,65,65,65,65,65,65,65,67,69,69,69,69,69,71,71,71],"card_choices":[{"not_picked":["Crescendo","BattleHymn"],"picked":"CutThroughFate","floor":1},{"not_picked":["Evaluate","Swivel"],"picked":"Wallop","floor":2},{"not_picked":["CarveReality","Wallop","ReachHeaven"],"picked":"SKIP","floor":4},{"not_picked":["Indignation","Evaluate"],"picked":"SpiritShield","floor":10},{"not_picked":["SashWhip","CutThroughFate","ClearTheMind"],"picked":"MentalFortress","floor":13},{"not_picked":["Swivel","Evaluate","WindmillStrike"],"picked":"Meditate","floor":14},{"not_picked":["Ragnarok","DeusExMachina","MasterReality"],"picked":"Wish","floor":16},{"not_picked":["Indignation","FollowUp+1","Study"],"picked":"EmptyFist+1","floor":18},{"not_picked":["Evaluate","FollowUp","FlurryOfBlows+1"],"picked":"MentalFortress","floor":19},{"not_picked":["MasterReality","Conclude","ClearTheMind+1"],"picked":"InnerPeace+1","floor":21},{"not_picked":["BowlingBash","Swivel+1","WheelKick"],"picked":"Halt","floor":22},{"not_picked":["DeceiveReality","CrushJoints","ClearTheMind"],"picked":"CutThroughFate","floor":24},{"not_picked":["BowlingBash","Protect","ForeignInfluence"],"picked":"SandsOfTime","floor":28},{"not_picked":["BattleHymn","SpiritShield","CrushJoints","WheelKick"],"picked":"Singing Bowl","floor":30},{"not_picked":["FlurryOfBlows","EmptyBody","EmptyFist","CrushJoints"],"picked":"Singing Bowl","floor":31},{"not_picked":["LessonLearned","Scrawl","Ragnarok"],"picked":"DevaForm","floor":33},{"not_picked":["WreathOfFlame","Evaluate","SashWhip+1"],"picked":"Vengeance+1","floor":35},{"not_picked":["ClearTheMind","FlyingSleeves","JustLucky","CrushJoints+1"],"picked":"Singing Bowl","floor":36}],"player_experience":962751,"relics_obtained":[{"floor":10,"key":"Question Card"},{"floor":26,"key":"Blue Candle"},{"floor":30,"key":"Singing Bowl"}],"event_choices":[{"cards_removed":["Strike_P"],"damage_healed":0,"gold_gain":0,"player_choice":"Forget","damage_taken":0,"max_hp_gain":0,"max_hp_loss":0,"event_name":"Living Wall","floor":5,"gold_loss":0},{"damage_healed":0,"gold_gain":0,"player_choice":"Success","damage_taken":3,"relics_obtained":["Meat on the Bone"],"max_hp_gain":0,"max_hp_loss":0,"event_name":"Scrap Ooze","floor":7,"gold_loss":0},{"cards_removed":["Strike_P"],"damage_healed":0,"gold_gain":0,"player_choice":"Purged","damage_taken":0,"max_hp_gain":0,"max_hp_loss":0,"event_name":"Purifier","floor":11,"gold_loss":0},{"damage_healed":0,"gold_gain":0,"player_choice":"Opened","damage_taken":0,"relics_obtained":["GoldenEye"],"max_hp_gain":0,"max_hp_loss":0,"event_name":"The Mausoleum","floor":25,"gold_loss":0,"cards_obtained":["Writhe"]},{"damage_healed":0,"gold_gain":100,"player_choice":"Bet on Murderer","damage_taken":0,"max_hp_gain":0,"max_hp_loss":0,"event_name":"The Joust","floor":29,"gold_loss":50}],"is_beta":false,"boss_relics":[{"not_picked":["Calling Bell","Runic Dome"],"picked":"Sozu"},{"not_picked":["Pandora\u0027s Box","Velvet Choker"],"picked":"VioletLotus"}],"items_purged_floors":[27],"is_endless":false,"potions_floor_spawned":[2,10,12,14,16,21,22,24,28,31,33,35],"killed_by":"Writhing Mass","ascension_level":6}}