{"host":"ecaj4hn004xnnrw9","time":1607473447,"event":{"gold_per_floor":[110,122,140,140,156,190,209,209,209],"floor_reached":8,"playtime":823,"items_purged":[],"score":69,"play_id":"204716c1-be36-427b-be4d-901a17435cc1","local_time":"20201209002407","is_ascension_mode":true,"campfire_choices":[],"neow_cost":"NONE","seed_source_timestamp":35603173046000,"circlet_count":0,"master_deck":["Strike_G","Strike_G","Strike_G","Strike_G","Defend_G","Defend_G","Defend_G","Defend_G","Survivor","Neutralize+1","Poisoned Stab","Poisoned Stab","Prepared","Catalyst","Dagger Throw"],"relics":["Empty Cage","Ice Cream"],"potions_floor_usage":[6,7,8],"damage_taken":[{"damage":5,"enemies":"Cultist","floor":1,"turns":5},{"damage":0,"enemies":"2 Louse","floor":2,"turns":3},{"damage":1,"enemies":"Small Slimes","floor":3,"turns":3},{"damage":11,"enemies":"Exordium Thugs","floor":5,"turns":5},{"damage":36,"enemies":"3 Sentries","floor":6,"turns":12},{"damage":0,"enemies":"2 Fungi Beasts","floor":7,"turns":4},{"damage":28,"enemies":"Gremlin Nob","floor":8,"turns":3}],"seed_played":"-1122454705974090621","potions_obtained":[{"floor":3,"key":"SpeedPotion"},{"floor":5,"key":"Swift Potion"},{"floor":6,"key":"FearPotion"},{"floor":7,"key":"PowerPotion"}],"is_trial":false,"path_per_floor":["M","M","M","?","M","E","M","E"],"character_chosen":"THE_SILENT","items_purchased":[],"campfire_rested":0,"item_purchase_floors":[],"current_hp_per_floor":[65,65,64,64,53,17,17,0,0],"gold":209,"neow_bonus":"BOSS_RELIC","is_prod":false,"is_daily":false,"chose_seed":false,"campfire_upgraded":0,"win_rate":0,"timestamp":1607473447,"path_taken":["M","?","?","?","?","E","M","E"],"build_version":"2020-11-30","purchased_purges":0,"victory":false,"max_hp_per_floor":[70,70,70,70,70,70,70,70,70],"card_choices":[{"not_picked":["Flying Knee","Finisher"],"picked":"Poisoned Stab","floor":1},{"not_picked":["Bane","All Out Attack"],"picked":"Poisoned Stab","floor":2},{"not_picked":["Underhanded Strike","Accuracy"],"picked":"Prepared","floor":3},{"not_picked":["Slice","All Out Attack","Dodge and Roll"],"picked":"SKIP","floor":5},{"not_picked":["Blade Dance","Deadly Poison"],"picked":"Catalyst","floor":6},{"not_picked":["Storm of Steel","Slice"],"picked":"Dagger Throw","floor":7}],"player_experience":129964,"relics_obtained":[{"floor":6,"key":"Ice Cream"}],"event_choices":[{"damage_healed":0,"gold_gain":0,"player_choice":"Upgraded","damage_taken":0,"max_hp_gain":0,"max_hp_loss":0,"event_name":"Upgrade Shrine","floor":4,"gold_loss":0,"cards_upgraded":["Neutralize"]}],"is_beta":false,"boss_relics":[],"items_purged_floors":[],"is_endless":false,"potions_floor_spawned":[3,5,6,7],"killed_by":"Gremlin Nob","ascension_level":3}}