{"host":"m7puq4mk16tgc6yn","time":1607492860,"event":{"gold_per_floor":[109,119,69,69,69,69,96,96,96,96,96],"floor_reached":10,"playtime":367,"items_purged":[],"score":74,"play_id":"32bb40a2-7c8b-4765-b181-ba28a35932e6","local_time":"20201208214740","is_ascension_mode":true,"campfire_choices":[{"data":"Zap","floor":6,"key":"SMITH"},{"data":"Sweeping Beam","floor":8,"key":"SMITH"}],"neow_cost":"NONE","seed_source_timestamp":6638705927800,"circlet_count":0,"master_deck":["Strike_B","Defend_B","Defend_B","Defend_B","Zap+1","Dualcast","Auto Shields","Hologram","Fission","Sweeping Beam+1"],"special_seed":0,"relics":["Empty Cage","Bronze Scales","Cables"],"potions_floor_usage":[7,7],"damage_taken":[{"damage":0,"enemies":"Small Slimes","floor":1,"turns":3},{"damage":1,"enemies":"Jaw Worm","floor":2,"turns":3},{"damage":28,"enemies":"Lagavulin","floor":7,"turns":10},{"damage":62,"enemies":"Gremlin Nob","floor":10,"turns":5}],"seed_played":"2604824201409570014","potions_obtained":[{"floor":1,"key":"DuplicationPotion"},{"floor":2,"key":"SkillPotion"}],"is_trial":false,"path_per_floor":["M","M","?","$","?","R","E","R","T","E"],"character_chosen":"DEFECT","items_purchased":[],"campfire_rested":0,"item_purchase_floors":[],"current_hp_per_floor":[75,74,74,74,74,74,46,46,46,0,0],"gold":96,"neow_bonus":"BOSS_RELIC","is_prod":false,"is_daily":false,"chose_seed":false,"campfire_upgraded":2,"win_rate":0,"timestamp":1607492860,"path_taken":["M","M","?","$","?","R","E","R","T","E"],"build_version":"2020-11-30","purchased_purges":0,"victory":false,"max_hp_per_floor":[75,75,75,75,75,75,75,75,75,75,75],"relic_stats":{"counters":[4,21],"Bronze Scales":[9],"obtain_stats":[{"Bronze Scales":7,"Cracked Core":0,"Empty Cage":0,"Cables":9},{"Bronze Scales":3,"Cracked Core":0,"Empty Cage":0,"Cables":3},{"Bronze Scales":16,"Cracked Core":0,"Empty Cage":0,"Cables":16}],"Cables":[3,3,0,0,0]},"card_choices":[{"not_picked":["Coolheaded","Beam Cell"],"picked":"Auto Shields","floor":1},{"not_picked":["Redo","Leap"],"picked":"Hologram","floor":2},{"not_picked":["Turbo","Rip and Tear"],"picked":"Sweeping Beam","floor":7}],"player_experience":38279,"relics_obtained":[{"floor":7,"key":"Bronze Scales"},{"floor":9,"key":"Cables"}],"event_choices":[{"cards_removed":["Strike_B"],"damage_healed":0,"gold_gain":0,"player_choice":"Card Removal","damage_taken":0,"max_hp_gain":0,"max_hp_loss":0,"event_name":"The Cleric","floor":3,"gold_loss":50},{"damage_healed":0,"gold_gain":0,"cards_transformed":["Strike_B"],"player_choice":"Change","damage_taken":0,"max_hp_gain":0,"max_hp_loss":0,"event_name":"Living Wall","floor":5,"gold_loss":0,"cards_obtained":["Fission"]}],"is_beta":false,"boss_relics":[],"items_purged_floors":[],"is_endless":false,"potions_floor_spawned":[1,2],"killed_by":"Gremlin Nob","ascension_level":3}}