{"host":"std4gn17fijhzeq4","time":1607503127,"event":{"gold_per_floor":[114,180,191,191,209,209,236,236,236,236,236],"floor_reached":10,"playtime":255,"items_purged":[],"score":92,"play_id":"785635dc-a400-4c19-8a33-f29880f2f9f6","local_time":"20201209033847","is_ascension_mode":true,"campfire_choices":[{"data":"Uppercut","floor":6,"key":"SMITH"}],"neow_cost":"NONE","seed_source_timestamp":523851036400600,"circlet_count":0,"master_deck":["Strike_R","Strike_R","Strike_R","Strike_R","Strike_R","Defend_R","Defend_R","Defend_R","Defend_R","Bash","True Grit+1","ReplayTheSpireMod:Muscle Training","Uppercut+1","Run Through","Berserk","Pommel Strike"],"relics":["Burning Blood","NeowsBlessing","King of Hearts","Paper Frog"],"potions_floor_usage":[7],"damage_taken":[{"damage":0,"enemies":"2 Louse","floor":1,"turns":1},{"damage":0,"enemies":"Jaw Worm","floor":3,"turns":1},{"damage":0,"enemies":"Cultist","floor":5,"turns":1},{"damage":45,"enemies":"3 Sentries","floor":7,"turns":9},{"damage":12,"enemies":"Lots of Slimes","floor":10,"turns":2}],"seed_played":"8458395042006214820","potions_obtained":[{"floor":2,"key":"LiquidBronze"},{"floor":7,"key":"EssenceOfSteel"}],"is_trial":false,"path_per_floor":["M","?","M","?","M","R","E","PTL","PTL","M"],"character_chosen":"IRONCLAD","items_purchased":[],"campfire_rested":0,"item_purchase_floors":[],"current_hp_per_floor":[78,46,52,52,58,58,19,19,19,7,7],"gold":236,"neow_bonus":"THREE_ENEMY_KILL","is_prod":false,"is_daily":false,"chose_seed":false,"campfire_upgraded":1,"win_rate":0,"timestamp":1607503127,"path_taken":["M","?","M","?","M","R","E","PTL","PTL","?"],"build_version":"2020-11-30","purchased_purges":0,"victory":false,"max_hp_per_floor":[80,80,80,80,80,80,80,80,80,80,80],"card_choices":[{"not_picked":["Thunderclap","Cleave"],"picked":"True Grit","floor":1},{"not_picked":["Warcry","Headbutt"],"picked":"ReplayTheSpireMod:Muscle Training","floor":2},{"not_picked":["Wild Strike","Iron Wave"],"picked":"Uppercut","floor":2},{"not_picked":["Dark Embrace","Twin Strike"],"picked":"Run Through","floor":3},{"not_picked":["Clash","Warcry"],"picked":"Berserk","floor":5},{"not_picked":["Blood for Blood","Flex"],"picked":"Pommel Strike","floor":7}],"player_experience":329367,"relics_obtained":[{"floor":2,"key":"King of Hearts"},{"floor":7,"key":"Paper Frog"}],"event_choices":[{"damage_healed":0,"gold_gain":0,"player_choice":"Forge","damage_taken":0,"max_hp_gain":0,"max_hp_loss":0,"event_name":"Accursed Blacksmith","floor":4,"gold_loss":0,"cards_upgraded":["True Grit"]}],"is_beta":false,"boss_relics":[],"items_purged_floors":[],"is_endless":false,"potions_floor_spawned":[7],"killed_by":"Lots of Slimes","ascension_level":8}}