{"host":"dekhxjxhillho72f","time":1607537088,"event":{"gold_per_floor":[119,129,146,157,174,174,208,208,208,208,221,221,248,248],"floor_reached":13,"playtime":615,"items_purged":[],"score":97,"play_id":"118fd072-b275-40e7-9edf-0a7813187faa","local_time":"20201209190448","is_ascension_mode":false,"campfire_choices":[{"data":"hermit:Glare","floor":6,"key":"SMITH"},{"floor":10,"key":"REST"}],"neow_cost":"NONE","seed_source_timestamp":13549778867984,"circlet_count":0,"master_deck":["hermit:Strike_Hermit","hermit:Strike_Hermit","hermit:Strike_Hermit","hermit:Strike_Hermit","hermit:Defend_Hermit","hermit:Defend_Hermit","hermit:Defend_Hermit","hermit:Defend_Hermit","hermit:Snapshot","hermit:Covet","hermit:RoundhouseKick","hermit:TrackingShot","hermit:Spite","hermit:Glare+1","hermit:Reprieve+1","hermit:TrackingShot","Clumsy","Consecrate"],"relics":["hermit:Momento","Regal Pillow","Lizard Tail","PrismaticShard","Mirror"],"potions_floor_usage":[7],"damage_taken":[{"damage":5,"enemies":"Cultist","floor":1,"turns":4},{"damage":7,"enemies":"Small Slimes","floor":2,"turns":2},{"damage":0,"enemies":"2 Louse","floor":3,"turns":1},{"damage":9,"enemies":"Blue Slaver","floor":4,"turns":3},{"damage":0,"enemies":"Lots of Slimes","floor":5,"turns":1},{"damage":16,"enemies":"3 Sentries","floor":7,"turns":6},{"damage":6,"enemies":"2 Fungi Beasts","floor":11,"turns":2},{"damage":58,"enemies":"Gremlin Nob","floor":13,"turns":6}],"seed_played":"3120013541018817603","potions_obtained":[{"floor":2,"key":"LiquidMemories"},{"floor":4,"key":"SpeedPotion"},{"floor":13,"key":"Block Potion"}],"is_trial":false,"path_per_floor":["M","M","M","M","M","R","E","?","T","R","M","?","E"],"character_chosen":"HERMIT","items_purchased":[],"campfire_rested":1,"item_purchase_floors":[],"current_hp_per_floor":[70,63,63,54,54,54,38,38,38,75,69,69,11,11],"gold":248,"neow_bonus":"ONE_RANDOM_RARE_CARD","is_prod":false,"is_daily":false,"chose_seed":false,"campfire_upgraded":1,"win_rate":0.0,"timestamp":1607537088,"path_taken":["M","M","M","M","M","R","E","?","T","R","M","?","E"],"build_version":"2020-11-30","purchased_purges":0,"victory":false,"max_hp_per_floor":[75,75,75,75,75,75,75,75,75,75,75,75,75,75],"relic_stats":{"Regal Pillow":15,"Lizard Tail":0,"counters":[8,25],"obtain_stats":[{"Regal Pillow":7,"Lizard Tail":9,"PrismaticShard":12,"Mirror":13,"hermit:Momento":0},{"Regal Pillow":6,"Lizard Tail":6,"PrismaticShard":7,"Mirror":8,"hermit:Momento":0},{"Regal Pillow":17,"Lizard Tail":17,"PrismaticShard":19,"Mirror":25,"hermit:Momento":0}]},"card_choices":[{"not_picked":["hermit:Manifest","hermit:LowProfile","hermit:ItchyTrigger"],"picked":"SKIP","floor":1},{"not_picked":["hermit:ItchyTrigger","hermit:Coalescence"],"picked":"hermit:TrackingShot","floor":2},{"not_picked":["hermit:HoleUp","hermit:CalledShot"],"picked":"hermit:Spite","floor":3},{"not_picked":["hermit:Feint","hermit:Roughhouse","hermit:CalledShot"],"picked":"SKIP","floor":4},{"not_picked":["hermit:Headshot","hermit:Coalescence"],"picked":"hermit:Glare","floor":5},{"not_picked":["hermit:Feint","hermit:Grudge"],"picked":"hermit:Reprieve","floor":7},{"not_picked":["hermit:Quickdraw","hermit:Desperado"],"picked":"hermit:TrackingShot","floor":11},{"not_picked":["Barrage","Slice"],"picked":"Consecrate","floor":13}],"player_experience":243101,"relics_obtained":[{"floor":7,"key":"Regal Pillow"},{"floor":9,"key":"Lizard Tail"},{"floor":13,"key":"Mirror"}],"event_choices":[{"damage_healed":0,"gold_gain":0,"player_choice":"Grow","damage_taken":0,"max_hp_gain":0,"max_hp_loss":0,"event_name":"Living Wall","floor":8,"gold_loss":0,"cards_upgraded":["hermit:Reprieve"]}],"is_beta":false,"boss_relics":[],"items_purged_floors":[],"is_endless":false,"potions_floor_spawned":[2,4,13],"killed_by":"Gremlin Nob","ascension_level":0}}