{"host":"f0gpob8hq9vgebej","time":1607498099,"event":{"gold_per_floor":[213,233,244,244,244,244,244,244,270,9,9,43,43,56,56,133,133,149,49,49,60,60,60,60],"floor_reached":23,"playtime":585,"items_purged":["Defend_G","Defend_G"],"score":346,"play_id":"f229ddfe-c12a-400d-8dae-16d389b81b97","local_time":"20201209161459","is_ascension_mode":true,"campfire_choices":[{"data":"Neutralize","floor":6.0,"key":"SMITH"},{"data":"Poisoned Stab","floor":8.0,"key":"SMITH"},{"data":"Mayhem","floor":11.0,"key":"SMITH"},{"floor":15.0,"key":"REST"}],"neow_cost":"NONE","seed_source_timestamp":598290838680900,"circlet_count":0,"master_deck":["AscendersBane","Strike_G","Strike_G","Defend_G","Defend_G","Survivor","Neutralize+1","Poisoned Stab+1","Accuracy","Mayhem+1","Die Die Die","Prepared","Envenom","Bullet Time+1","Crippling Poison+1","Setup+1"],"special_seed":0,"relics":["Ring of the Snake","Tiny Chest","Mummified Hand","Molten Egg 2","Astrolabe","Pear"],"potions_floor_usage":[16,18,23],"damage_taken":[{"damage":2.0,"enemies":"Cultist","floor":1.0,"turns":5.0},{"damage":0.0,"enemies":"Small Slimes","floor":2.0,"turns":4.0},{"damage":0.0,"enemies":"2 Louse","floor":3.0,"turns":4.0},{"damage":16.0,"enemies":"Gremlin Nob","floor":12.0,"turns":4.0},{"damage":3.0,"enemies":"Looter","floor":14.0,"turns":3.0},{"damage":13,"enemies":"The Guardian","floor":16,"turns":14},{"damage":6,"enemies":"2 Thieves","floor":18,"turns":3},{"damage":17,"enemies":"Chosen","floor":21,"turns":6},{"damage":25,"enemies":"Gremlin Leader","floor":23,"turns":5}],"seed_played":"441702052830426753","potions_obtained":[{"floor":3.0,"key":"SteroidPotion"},{"floor":12.0,"key":"SneckoOil"},{"floor":14.0,"key":"Explosive Potion"},{"floor":16,"key":"Dexterity Potion"},{"floor":21,"key":"LiquidBronze"}],"is_trial":false,"path_per_floor":["M","M","M","?","?","R","?","R","T","$","R","E","T","M","R","B",null,"M","$","?","M","?","E"],"character_chosen":"THE_SILENT","items_purchased":["Mayhem"],"campfire_rested":1,"item_purchase_floors":[10],"current_hp_per_floor":[57,57,57,57,57,57,39,39,39,39,39,23,23,20,39,26,56,50,50,50,33,43,18,18],"gold":60,"neow_bonus":"HUNDRED_GOLD","is_prod":false,"is_daily":false,"chose_seed":false,"campfire_upgraded":3,"win_rate":0,"timestamp":1607498099,"path_taken":["M","M","M","?","?","R","?","R","T","$","R","E","?","M","R","BOSS","M","$","?","M","?","E"],"build_version":"2020-11-30","purchased_purges":2,"victory":false,"max_hp_per_floor":[66,66,66,66,66,66,66,66,66,66,66,66,66,66,66,66,66,66,66,66,66,76,76,76],"card_choices":[{"not_picked":["Outmaneuver","PiercingWail"],"picked":"Poisoned Stab","floor":1.0},{"not_picked":["Sucker Punch","Poisoned Stab"],"picked":"Accuracy","floor":2.0},{"not_picked":["Deflect","Slice","Underhanded Strike"],"picked":"SKIP","floor":3.0},{"not_picked":["Catalyst","Acrobatics"],"picked":"Die Die Die","floor":12.0},{"not_picked":["Deflect","Poisoned Stab+1"],"picked":"Prepared","floor":14.0},{"not_picked":["A Thousand Cuts","Night Terror"],"picked":"Envenom","floor":16},{"not_picked":["Slice+1","Dagger Throw+1","Expertise"],"picked":"SKIP","floor":18},{"not_picked":["Dagger Spray+1","Eviscerate+1","Blur"],"picked":"SKIP","floor":21}],"player_experience":269160,"relics_obtained":[{"floor":9.0,"key":"Tiny Chest"},{"floor":12.0,"key":"Mummified Hand"},{"floor":13.0,"key":"Molten Egg 2"}],"event_choices":[{"cards_removed":["Strike_G"],"damage_healed":0.0,"max_hp_gain":0.0,"max_hp_loss":0.0,"gold_gain":0.0,"event_name":"Living Wall","player_choice":"Forget","floor":4.0,"gold_loss":0.0,"damage_taken":0.0},{"damage_healed":0.0,"max_hp_gain":0.0,"max_hp_loss":0.0,"gold_gain":0.0,"event_name":"Golden Idol","player_choice":"Ignored","floor":5.0,"gold_loss":0.0,"damage_taken":0.0},{"damage_healed":0.0,"max_hp_gain":0.0,"max_hp_loss":0.0,"gold_gain":0.0,"event_name":"Scrap Ooze","player_choice":"Fled","floor":7.0,"gold_loss":0.0,"damage_taken":18.0},{"damage_healed":0,"gold_gain":0,"player_choice":"Ignored","damage_taken":0,"max_hp_gain":0,"max_hp_loss":0,"event_name":"The Mausoleum","floor":20,"gold_loss":0},{"damage_healed":0,"gold_gain":0,"player_choice":"Gave Potion","damage_taken":0,"relics_obtained":["Pear"],"max_hp_gain":0,"max_hp_loss":0,"event_name":"WeMeetAgain","floor":22,"gold_loss":0}],"is_beta":false,"boss_relics":[{"not_picked":["Empty Cage","Snecko Eye"],"picked":"Astrolabe"}],"items_purged_floors":[10,19],"is_endless":false,"potions_floor_spawned":[3,12,14,16,21],"killed_by":"Gremlin Leader","ascension_level":17}}