{"host":"k6l9gutfcx5zjx93","time":1607493713,"event":{"gold_per_floor":[119,139,150,170,170,200,200,210,260,272,272,288,293,293],"floor_reached":13,"playtime":632,"items_purged":[],"score":89,"play_id":"f1275100-0449-4b7e-9577-70469f6d1bea","local_time":"20201208230153","is_ascension_mode":false,"campfire_choices":[{"floor":7,"key":"REST"},{"floor":11,"key":"REST"}],"neow_cost":"NONE","seed_source_timestamp":155566523537200,"circlet_count":0,"master_deck":["hermit:Strike_Hermit","hermit:Strike_Hermit","hermit:Strike_Hermit","hermit:Strike_Hermit","hermit:Defend_Hermit","hermit:Defend_Hermit","hermit:Defend_Hermit","hermit:Defend_Hermit+1","hermit:Snapshot","hermit:Covet","expansioncontent:Sear","hermit:Virtue+1","hermit:Midnight","hermit:PistolWhip","hermit:Quickdraw","hermit:CursedWeapon","hermit:Scavenge","hermit:Determination"],"relics":["hermit:Momento","War Paint","rorgmod:Ceramic Fish"],"potions_floor_usage":[6],"damage_taken":[{"damage":1,"enemies":"conspire:RoseBush","floor":1,"turns":3},{"damage":12,"enemies":"Small Slimes","floor":2,"turns":3},{"damage":7,"enemies":"Cultist","floor":3,"turns":3},{"damage":22,"enemies":"Large Slime","floor":4,"turns":9},{"damage":17,"enemies":"Gremlin Nob","floor":6,"turns":4},{"damage":9,"enemies":"2 Fungi Beasts","floor":8,"turns":3},{"damage":6,"enemies":"Blue Slaver","floor":10,"turns":3},{"damage":6,"enemies":"3 Louse","floor":12,"turns":2},{"damage":9,"enemies":"3 Sentries","floor":13,"turns":6}],"seed_played":"6543186594481309890","potions_obtained":[{"floor":1,"key":"Swift Potion"},{"floor":6,"key":"Guardian:BlockOnCardUsePotion"},{"floor":8,"key":"AttackPotion"},{"floor":12,"key":"PowerPotion"}],"is_trial":false,"path_per_floor":["M","M","M","M","$","E","R","M","T","M","R","M","E"],"character_chosen":"HERMIT","items_purchased":[],"campfire_rested":2,"item_purchase_floors":[],"current_hp_per_floor":[74,62,55,33,33,16,38,29,29,23,45,39,30,30],"gold":293,"neow_bonus":"RANDOM_COLORLESS","is_prod":false,"is_daily":false,"chose_seed":false,"campfire_upgraded":0,"win_rate":0,"timestamp":1607493713,"path_taken":["M","M","M","M","$","E","R","M","T","M","R","M","E"],"build_version":"2020-11-30","purchased_purges":0,"victory":false,"max_hp_per_floor":[75,75,75,75,75,75,75,75,75,75,75,75,75,75],"relic_stats":{"counters":[9,36],"War Paint":["hermit:Defend_Hermit","hermit:Virtue"],"obtain_stats":[{"rorgmod:Ceramic Fish":9,"War Paint":6,"hermit:Momento":0},{"rorgmod:Ceramic Fish":6,"War Paint":5,"hermit:Momento":0},{"rorgmod:Ceramic Fish":25,"War Paint":22,"hermit:Momento":0}]},"card_choices":[{"not_picked":["expansioncontent:SlimeTackle","PanicButton"],"picked":"expansioncontent:Sear","floor":0},{"not_picked":["hermit:Roulette","hermit:SprayPray"],"picked":"hermit:Virtue","floor":1},{"not_picked":["hermit:Horror","hermit:LoneWolf"],"picked":"hermit:Midnight","floor":2},{"not_picked":["hermit:EyeOfTheStorm","hermit:Feint"],"picked":"hermit:PistolWhip","floor":3},{"not_picked":["hermit:Midnight","hermit:LuckOfTheDraw"],"picked":"hermit:Quickdraw","floor":4},{"not_picked":["hermit:HoleUp","hermit:Misfire"],"picked":"hermit:CursedWeapon","floor":6},{"not_picked":["hermit:LuckOfTheDraw","hermit:GhostlyPresence"],"picked":"hermit:Scavenge","floor":8},{"not_picked":["hermit:Ricochet","hermit:SprayPray"],"picked":"hermit:Determination","floor":10},{"not_picked":["hermit:Spite","hermit:TrackingShot","hermit:Malice"],"picked":"SKIP","floor":12}],"player_experience":386879,"relics_obtained":[{"floor":6,"key":"War Paint"},{"floor":9,"key":"rorgmod:Ceramic Fish"}],"event_choices":[],"is_beta":false,"boss_relics":[],"items_purged_floors":[],"is_endless":false,"potions_floor_spawned":[1,6,8,12],"killed_by":"3 Sentries","ascension_level":0}}