{"host":"08ybifllvpb8gqpc","time":1607528221,"event":{"gold_per_floor":[110,16,29,49,59,93,105,135,226,238,250,262,302,334,346,458,470,492,31,50,60,35,35,35,35,80,80,96,23,39,39,39,137,137,148,148,148,167,167,167],"floor_reached":39,"playtime":1972,"items_purged":["Runesmith:Strike_RS"],"score":441,"play_id":"65e65505-8d50-44cd-9e69-68108556cad5","local_time":"20201209123701","is_ascension_mode":false,"campfire_choices":[{"data":"Runesmith:HammerThrow","floor":7.0,"key":"SMITH"},{"data":"Runesmith:HammerThrow","floor":10.0,"key":"SMITH"},{"data":"Runesmith:LithiumIon","floor":15.0,"key":"SMITH"},{"floor":23.0,"key":"REST"},{"data":"Runesmith:CraftFirestone","floor":25.0,"key":"SMITH"},{"data":"Runesmith:GrandSlam","floor":27.0,"key":"SMITH"},{"floor":32,"key":"REST"}],"neow_cost":"TEN_PERCENT_HP_LOSS","seed_source_timestamp":0,"circlet_count":0,"master_deck":["Runesmith:Strike_RS","Runesmith:Strike_RS","Runesmith:Defend_RS","Runesmith:Defend_RS","Runesmith:Defend_RS","Runesmith:Defend_RS+1","Runesmith:CraftFirestone+1","Runesmith:Fortify","Runesmith:HeatExchange","Runesmith:LithiumIon+1","Runesmith:CraftMagma","Runesmith:GoWithTheFlow","Runesmith:BackupBattery+1","Runesmith:HammerThrow+1","Runesmith:HammerThrow+1","Runesmith:CraftProtectio","Runesmith:CraftReservo","Runesmith:GrandSlam+1","Runesmith:GoWithTheFlow","Runesmith:PoweredAnvil+1","Runesmith:RuneHurl","Runesmith:CraftProtectio","Runesmith:RuneHurl","Runesmith:LithiumIon+1","Runesmith:LithiumIon+1","Runesmith:CraftObretio+1","Madness","Madness"],"special_seed":0,"relics":["Runesmith:BrokenRuby","Lizard Tail","MawBank","Question Card","Calipers","SlaversCollar","Frozen Egg 2","War Paint","MutagenicStrength","Philosopher\u0027s Stone"],"potions_floor_usage":[30,33,35,38],"damage_taken":[{"damage":0.0,"enemies":"Cultist","floor":1.0,"turns":4.0},{"damage":0.0,"enemies":"Small Slimes","floor":3.0,"turns":3.0},{"damage":6.0,"enemies":"Jaw Worm","floor":4.0,"turns":4.0},{"damage":0.0,"enemies":"2 Fungi Beasts","floor":5.0,"turns":2.0},{"damage":15.0,"enemies":"Gremlin Nob","floor":6.0,"turns":4.0},{"damage":1.0,"enemies":"3 Louse","floor":8.0,"turns":3.0},{"damage":14.0,"enemies":"Lagavulin","floor":13.0,"turns":5.0},{"damage":0.0,"enemies":"Blue Slaver","floor":14.0,"turns":4.0},{"damage":0.0,"enemies":"Slime Boss","floor":16.0,"turns":7.0},{"damage":21.0,"enemies":"3 Byrds","floor":18.0,"turns":6.0},{"damage":17.0,"enemies":"Shell Parasite","floor":20.0,"turns":7.0},{"damage":20.0,"enemies":"Centurion and Healer","floor":21.0,"turns":6.0},{"damage":24.0,"enemies":"Snake Plant","floor":28.0,"turns":4.0},{"damage":42,"enemies":"3 Cultists","floor":30,"turns":6},{"damage":11,"enemies":"Collector","floor":33,"turns":8},{"damage":52,"enemies":"3 Darklings","floor":35,"turns":8},{"damage":27,"enemies":"3 Shapes","floor":38,"turns":7},{"damage":59,"enemies":"Transient","floor":39,"turns":5}],"seed_played":"-2187840972301555618","potions_obtained":[{"floor":3.0,"key":"Energy Potion"},{"floor":4.0,"key":"DistilledChaos"},{"floor":6.0,"key":"PowerPotion"},{"floor":14.0,"key":"FearPotion"},{"floor":18.0,"key":"SteroidPotion"},{"floor":21.0,"key":"LiquidMemories"},{"floor":33,"key":"AttackPotion"},{"floor":35,"key":"BlessingOfTheForge"}],"is_trial":false,"path_per_floor":["M","$","M","M","M","E","R","M","T","R","?","?","E","M","R","B",null,"M","$","M","M","$","R","?","R","T","R","M","$","M","?","R","B",null,"M","?","?","M","M"],"character_chosen":"RUNESMITH_CLASS","items_purchased":["Runesmith:LithiumIon","Runesmith:CraftMagma","Frozen Egg 2","Runesmith:GoWithTheFlow","Runesmith:PoweredAnvil+1","Runesmith:RuneHurl","Runesmith:LithiumIon+1"],"campfire_rested":2,"item_purchase_floors":[2,2,19,19,19,22,29],"current_hp_per_floor":[63,63,63,57,57,42,42,41,41,41,46,46,32,32,32,32,68,47,47,30,10,10,30,52,52,52,52,28,28,22,22,42,31,68,16,7,78,51,0,0],"gold":167,"neow_bonus":"ONE_RARE_RELIC","is_prod":false,"is_daily":false,"chose_seed":false,"campfire_upgraded":5,"win_rate":0.0,"timestamp":1607528221,"path_taken":["M","$","?","M","M","E","R","M","T","R","?","?","E","M","R","BOSS","M","$","M","M","$","R","?","R","T","R","M","$","M","?","R","BOSS","M","?","?","M","?"],"build_version":"2020-11-30","purchased_purges":1,"victory":false,"max_hp_per_floor":[63,63,63,63,63,63,63,63,63,63,68,68,68,68,68,68,68,68,68,68,68,68,68,68,68,68,68,68,68,68,68,68,68,68,68,68,78,78,78,78],"card_choices":[{"not_picked":["Runesmith:Overpower","Runesmith:UnstableHammer"],"picked":"Runesmith:HeatExchange","floor":1.0},{"not_picked":["Runesmith:Firewall","Runesmith:Augment"],"picked":"Runesmith:GoWithTheFlow","floor":3.0},{"not_picked":["Runesmith:Retool","Runesmith:Electrocute"],"picked":"Runesmith:BackupBattery","floor":4.0},{"not_picked":["Runesmith:BackupBattery","Runesmith:FrozenChisel"],"picked":"Runesmith:HammerThrow","floor":5.0},{"not_picked":["Runesmith:Repurpose","Runesmith:OneForEveryone","Runesmith:EnergizedChisel"],"picked":"SKIP","floor":6.0},{"not_picked":["Runesmith:MakeshiftArmor","Runesmith:RuneHurl"],"picked":"Runesmith:HammerThrow","floor":8.0},{"not_picked":["Runesmith:ChiselStab","Runesmith:EnergizedChisel","Runesmith:WhiteBalance"],"picked":"Runesmith:CraftProtectio","floor":13.0},{"not_picked":["Runesmith:Permafrost","Runesmith:WhiteBalance","Runesmith:Grindstone"],"picked":"Runesmith:CraftReservo","floor":14.0},{"not_picked":["Runesmith:GenerateForcefield","Runesmith:LastStand","Runesmith:CraftIndustria"],"picked":"Runesmith:GrandSlam","floor":16.0},{"not_picked":["Runesmith:ChiselStab","Runesmith:ElementalConversion","Runesmith:HeatExchange","Runesmith:Repurpose+1"],"picked":"SKIP","floor":18.0},{"not_picked":["Runesmith:ShiftingStrike+1","Runesmith:Malloc+1","Runesmith:HeatedChisel"],"picked":"Runesmith:RuneHurl","floor":20.0},{"not_picked":["Runesmith:CraftReservo","Runesmith:UnstableHammer+1","Runesmith:HammerThrow"],"picked":"Runesmith:CraftProtectio","floor":21.0},{"not_picked":["Runesmith:RuneHurl","Runesmith:ChaoticBlast","Runesmith:CraftReservo+1","Runesmith:Repurpose+1"],"picked":"SKIP","floor":28.0},{"not_picked":["Runesmith:Discharge","Runesmith:Grindstone","Runesmith:ChaoticBlast+1"],"picked":"Runesmith:LithiumIon+1","floor":30},{"not_picked":["Runesmith:Supernova","Runesmith:FissionHammer","Runesmith:GrandSlam"],"picked":"Runesmith:CreatorForm+1","floor":33},{"not_picked":["Runesmith:BackupBattery","Runesmith:Accelerate+1","Runesmith:HammerTime+1"],"picked":"Runesmith:CraftObretio+1","floor":35},{"not_picked":["Runesmith:BackupBattery","Runesmith:EarthShield+1","Runesmith:HeatedChisel+1","Runesmith:Overpower"],"picked":"SKIP","floor":38}],"player_experience":1058406,"relics_obtained":[{"floor":6.0,"key":"MawBank"},{"floor":9.0,"key":"Question Card"},{"floor":13.0,"key":"Calipers"},{"floor":26.0,"key":"War Paint"}],"event_choices":[{"damage_healed":0.0,"max_hp_gain":5.0,"max_hp_loss":0.0,"gold_gain":0.0,"event_name":"Big Fish","player_choice":"Donut","floor":11.0,"gold_loss":0.0,"damage_taken":0.0},{"cards_removed":["Runesmith:Strike_RS"],"damage_healed":0.0,"max_hp_gain":0.0,"max_hp_loss":0.0,"gold_gain":0.0,"event_name":"Living Wall","player_choice":"Forget","floor":12.0,"gold_loss":0.0,"damage_taken":0.0},{"damage_healed":22.0,"max_hp_gain":0.0,"max_hp_loss":0.0,"gold_gain":0.0,"event_name":"The Library","player_choice":"Heal","floor":24.0,"gold_loss":0.0,"damage_taken":0.0},{"damage_healed":0,"gold_gain":0,"player_choice":"Inject Mutagens","damage_taken":0,"relics_obtained":["MutagenicStrength"],"max_hp_gain":0,"max_hp_loss":0,"event_name":"Drug Dealer","floor":31,"gold_loss":0},{"damage_healed":0,"gold_gain":0,"player_choice":"Embrace Madness","damage_taken":9,"max_hp_gain":0,"max_hp_loss":0,"event_name":"Winding Halls","floor":36,"gold_loss":0,"cards_obtained":["Madness","Madness"]},{"cards_removed":["Runesmith:CreatorForm"],"damage_healed":61,"gold_gain":0,"player_choice":"Offered Rare","damage_taken":0,"max_hp_gain":10,"max_hp_loss":0,"event_name":"Bonfire Elementals","floor":37,"gold_loss":0}],"is_beta":false,"boss_relics":[{"not_picked":["Tiny House","Ectoplasm"],"picked":"SlaversCollar"},{"not_picked":["Calling Bell","Fusion Hammer"],"picked":"Philosopher\u0027s Stone"}],"items_purged_floors":[19],"is_endless":false,"potions_floor_spawned":[3,4,6,14,18,21,33,35],"killed_by":"Transient","ascension_level":0}}