{"host":"ocll6kdfqxraqtza","time":1607528857,"event":{"gold_per_floor":[110,127,52,52,52,80,96,128,128,128,122,128,28,28,28,125,125,72,91,51,56,331,350,364,394,447,460,460,487,501,1248,1248,1353,1353,1365,607,619,619,619,619,631,659,659,659,672,684,697,697,697,710,710,710],"floor_reached":53,"playtime":1941,"items_purged":["Runesmith:Defend_RS","Runesmith:Strike_RS","Runesmith:Strike_RS"],"score":1152,"play_id":"6b77a16b-050a-4bfd-a781-eb27e1af3b6b","local_time":"20201209234737","is_ascension_mode":true,"campfire_choices":[{"data":"Runesmith:GoWithTheFlow","floor":10.0,"key":"SMITH"},{"data":"Runesmith:FrozenChisel","floor":15.0,"key":"SMITH"},{"data":"Runesmith:Fortify","floor":28.0,"key":"SMITH"},{"floor":32,"key":"DIG"},{"data":"Runesmith:CraftObretio","floor":40,"key":"SMITH"},{"data":"Runesmith:BackupBattery+1","floor":44,"key":"SMITH"},{"floor":51,"key":"DIG"}],"neow_cost":"NONE","seed_source_timestamp":5913767938200,"circlet_count":0,"master_deck":["Runesmith:Strike_RS","Runesmith:Strike_RS","Runesmith:Defend_RS","Runesmith:Defend_RS","Runesmith:Defend_RS","Runesmith:CraftFirestone+1","Runesmith:Fortify+1","Runesmith:UnstableHammer","Runesmith:FrozenChisel+1","Runesmith:GoWithTheFlow+1","Runesmith:CraftProtectio","Runesmith:CraftObretio+1","Runesmith:RunicBlueprint+1","Runesmith:RunicBlueprint+1","Runesmith:LightningRod+1","Runesmith:Grindstone+1","Runesmith:Accelerate+1","Runesmith:ChargedHammer+1","Regret","Runesmith:FrozenChisel+1","Runesmith:HeatExchange+1","Runesmith:FissionHammer+1","Runesmith:Repurpose+1","Runesmith:CraftSpiculum+1","Runesmith:CraftPrismatica+1","Runesmith:StaticCage+1","Runesmith:MetallurgicalResearch+1","Runesmith:WhiteBalance+1","Runesmith:CraftVitae+1","Runesmith:BackupBattery+2","Runesmith:Supernova+1","Pummel+1","Runesmith:EarthShield+1","Runesmith:CraftProtectio+1","Replay:Many Hands+1"],"special_seed":0,"relics":["Runesmith:BrokenRuby","NeowsBlessing","aspiration:HummingbirdHeart","hubris:Potato","Toxic Egg 2","Simple Rune","aspiration:SecretTechniqueScroll","ZunR:ReiMu","Replay:Towering Pillar of Hats","hubris:MysteriousPyramids","RuthlessExorcism:ReiMu","Ancient Tea Set","wanderingMiniBosses:MasterThiefsPresence","Dream Catcher","Replay:Grab Bag","hubris:TerracottaHorce","Philosopher\u0027s Stone","aspiration:IroncladSkillbook","aspiration:PoetsPen_weak","vexMod:InvisibilityCloak","Pear","vexMod:PaidLearning","Hallownest:DreamNailRelic","Onion Ring","Torii","hubris:TenFootPole"],"potions_floor_usage":[46],"damage_taken":[{"damage":0.0,"enemies":"Hallownest:monsterHuskWarrior","floor":1.0,"turns":1.0},{"damage":0.0,"enemies":"Hallownest:2_MossCreeps","floor":2.0,"turns":1.0},{"damage":0.0,"enemies":"Hallownest:eliteCrystalGuardian","floor":6.0,"turns":1.0},{"damage":0.0,"enemies":"Hallownest:2_Baldur","floor":7.0,"turns":3.0},{"damage":5.0,"enemies":"Hallownest:eliteVengeflyKing","floor":8.0,"turns":5.0},{"damage":1.0,"enemies":"Hallownest:2_Tiktiks_1_Baldur_1_Crawlid","floor":11.0,"turns":7.0},{"damage":3.0,"enemies":"Hallownest:Guard_and_Warrior","floor":12.0,"turns":5.0},{"damage":18.0,"enemies":"Hallownest:BossHornet","floor":16.0,"turns":9.0},{"damage":0.0,"enemies":"Chosen","floor":18.0,"turns":7.0},{"damage":12.0,"enemies":"2 Thieves","floor":19.0,"turns":4.0},{"damage":0.0,"enemies":"3 Cultists","floor":21.0,"turns":7.0},{"damage":0.0,"enemies":"HollowMod:Nosk","floor":23.0,"turns":7.0},{"damage":0.0,"enemies":"Snake Plant","floor":24.0,"turns":3.0},{"damage":3.0,"enemies":"Gremlin Leader","floor":25.0,"turns":6.0},{"damage":0.0,"enemies":"Centurion and Healer","floor":27.0,"turns":6.0},{"damage":0.0,"enemies":"Replay:Snechameleon","floor":29.0,"turns":4.0},{"damage":0.0,"enemies":"3 Cultists","floor":30.0,"turns":4.0},{"damage":8.0,"enemies":"Snake Plant","floor":31.0,"turns":5.0},{"damage":30,"enemies":"hubris:MusketHawk","floor":33,"turns":8},{"damage":0,"enemies":"Orb Walker","floor":35,"turns":2},{"damage":0,"enemies":"3 Shapes","floor":37,"turns":2},{"damage":0,"enemies":"Sphere and 2 Shapes","floor":41,"turns":2},{"damage":0,"enemies":"HollowMod:StalkingDevout","floor":42,"turns":2},{"damage":0,"enemies":"3 Darklings","floor":45,"turns":3},{"damage":0,"enemies":"Spire Growth","floor":46,"turns":1},{"damage":0,"enemies":"Transient","floor":47,"turns":5},{"damage":0,"enemies":"Writhing Mass","floor":50,"turns":2},{"damage":3,"enemies":"Time Eater","floor":52,"turns":7}],"seed_played":"-3372683770263923565","potions_obtained":[{"floor":7.0,"key":"Flashbang"},{"floor":8.0,"key":"MagicPotion:ReiMu"},{"floor":16.0,"key":"Dexterity Potion"},{"floor":19.0,"key":"DistilledChaos"},{"floor":30.0,"key":"Energy Potion"},{"floor":47,"key":"Weak Potion"}],"is_trial":false,"path_per_floor":["M","M","$","?","?","E","M","E","T","R","M","M","$","T","R","B",null,"M","M","?","M","?","E","M","E","T","M","R","E","M","M","R","B",null,"M","$","M","?","?","R","M","E","T","R","M","M","M","PTL","PTL","M","R","B",null],"character_chosen":"RUNESMITH_CLASS","items_purchased":["vexMod:InvisibilityCloak","Pear","vexMod:PaidLearning"],"campfire_rested":0,"item_purchase_floors":[36,36,36],"current_hp_per_floor":[70,70,70,70,70,70,70,65,65,65,64,61,61,61,61,43,70,70,58,58,58,58,58,58,55,55,55,55,55,55,47,47,17,57,61,71,75,80,80,80,80,80,80,80,80,80,80,80,80,80,80,80],"gold":710,"neow_bonus":"THREE_ENEMY_KILL","is_prod":false,"is_daily":false,"chose_seed":false,"campfire_upgraded":5,"win_rate":0,"timestamp":1607528857,"path_taken":["M","M","$","?","?","E","M","E","T","R","M","M","?","?","R","BOSS","M","?","?","M","?","E","M","E","T","?","R","E","M","M","R","BOSS","M","$","M","?","?","R","M","E","T","R","?","?","M","PTL","PTL","?","R","BOSS"],"build_version":"2020-11-30","purchased_purges":3,"victory":true,"max_hp_per_floor":[70,70,70,70,70,70,70,70,70,70,70,70,70,70,70,70,70,70,70,70,70,70,70,70,70,70,70,70,70,70,70,70,70,70,70,80,80,80,80,80,80,80,80,80,80,80,80,80,80,80,80,80],"card_choices":[{"not_picked":["Runesmith:CraftObretio","Runesmith:ChiselStab"],"picked":"Runesmith:UnstableHammer","floor":1.0},{"not_picked":["Runesmith:ChiselStab","Runesmith:Overpower"],"picked":"Runesmith:FrozenChisel","floor":2.0},{"not_picked":["Runesmith:GenerateForcefield","Runesmith:Refine"],"picked":"Runesmith:GoWithTheFlow","floor":6.0},{"not_picked":["Runesmith:StaticCage","Runesmith:Accelerate"],"picked":"Runesmith:CraftProtectio","floor":7.0},{"not_picked":["Runesmith:HeatExchange","Runesmith:Grindstone"],"picked":"Runesmith:CraftObretio","floor":8.0},{"not_picked":["Runesmith:HeatExchange","Runesmith:Grindstone+1"],"picked":"Runesmith:RunicBlueprint+1","floor":11.0},{"not_picked":["Runesmith:Superposition","Runesmith:EnergizedChisel"],"picked":"Runesmith:RunicBlueprint+1","floor":12.0},{"not_picked":["Runesmith:GrandSlam","Runesmith:ReplicatingBarrier"],"picked":"Runesmith:LightningRod+1","floor":16.0},{"not_picked":["Runesmith:ChiselStab","Runesmith:UnstableHammer"],"picked":"Runesmith:Grindstone+1","floor":18.0},{"not_picked":["Runesmith:Overpower","Runesmith:Repurpose+1"],"picked":"Runesmith:Accelerate+1","floor":19.0},{"not_picked":["Runesmith:FrozenChisel","Runesmith:GrandSlam"],"picked":"Runesmith:ChargedHammer","floor":21.0},{"not_picked":["Runesmith:FieryHammer","Runesmith:ChaoticBlast"],"picked":"Runesmith:FrozenChisel+1","floor":23.0},{"not_picked":["Runesmith:BackupBattery+1","Runesmith:Grindstone+1"],"picked":"Runesmith:HeatExchange+1","floor":24.0},{"not_picked":["Runesmith:RuneHurl","Runesmith:HeatExchange"],"picked":"Runesmith:FissionHammer","floor":25.0},{"not_picked":["Runesmith:WhiteBalance","Runesmith:HeatedChisel"],"picked":"Runesmith:Repurpose+1","floor":27.0},{"not_picked":["Runesmith:HeatExchange","Runesmith:Overpower"],"picked":"Runesmith:CraftSpiculum+1","floor":29.0},{"not_picked":["Runesmith:HammerThrow+1","Runesmith:Augment+1"],"picked":"Runesmith:CraftPrismatica+1","floor":30.0},{"not_picked":["Runesmith:ChaoticBlast+1","Runesmith:Repurpose+1"],"picked":"Runesmith:StaticCage+1","floor":31.0},{"not_picked":["Runesmith:CreatorForm","Runesmith:LastStand+1"],"picked":"Runesmith:MetallurgicalResearch+1","floor":33},{"not_picked":["Wild Strike","Bloodletting+1","Runesmith:FieryHammer"],"picked":"Runesmith:WhiteBalance+1","floor":35},{"not_picked":["Warcry+1","Runesmith:HeatExchange","Runesmith:CraftProtectio+1"],"picked":"Runesmith:CraftVitae+1","floor":37},{"not_picked":["Flex+1","Runesmith:Malloc+1","Iron Wave"],"picked":"Runesmith:BackupBattery+1","floor":41},{"not_picked":["Pommel Strike","Runesmith:ChaoticBlast+1","Iron Wave+1"],"picked":"Runesmith:Supernova+1","floor":42},{"not_picked":["Entrench+1","Warcry+1","Shockwave+1"],"picked":"Pummel+1","floor":45},{"not_picked":["Havoc+1","ReplayTheSpireMod:Strike From Hell","Armaments+1"],"picked":"Runesmith:EarthShield+1","floor":46},{"not_picked":["Power Through+1","Cleave","Runesmith:MakeshiftArmor+1"],"picked":"Runesmith:CraftProtectio+1","floor":47},{"not_picked":["Perfected Strike+1","Iron Wave","Twin Strike"],"picked":"Replay:Many Hands+1","floor":50}],"player_experience":430317,"relics_obtained":[{"floor":6.0,"key":"aspiration:HummingbirdHeart"},{"floor":8.0,"key":"hubris:Potato"},{"floor":9.0,"key":"Toxic Egg 2"},{"floor":14.0,"key":"Simple Rune"},{"floor":23.0,"key":"Replay:Towering Pillar of Hats"},{"floor":25.0,"key":"hubris:MysteriousPyramids"},{"floor":26.0,"key":"RuthlessExorcism:ReiMu"},{"floor":29.0,"key":"Ancient Tea Set"},{"floor":31.0,"key":"wanderingMiniBosses:MasterThiefsPresence"},{"floor":32,"key":"Dream Catcher"},{"floor":42,"key":"Onion Ring"},{"floor":43,"key":"Torii"},{"floor":51,"key":"hubris:TenFootPole"}],"event_choices":[{"damage_healed":0.0,"max_hp_gain":0.0,"max_hp_loss":0.0,"gold_gain":0.0,"event_name":"ZunEvent","player_choice":"Keep O-miki","floor":20.0,"gold_loss":40.0,"damage_taken":0.0,"relics_obtained":["ZunR:ReiMu"]},{"damage_healed":0.0,"max_hp_gain":0.0,"max_hp_loss":0.0,"gold_gain":275.0,"event_name":"Golden Shrine","player_choice":"Desecrate","floor":22.0,"gold_loss":0.0,"damage_taken":0.0,"cards_obtained":["Regret"]}],"is_beta":false,"boss_relics":[{"not_picked":["ReplayTheSpireMod:DimensionalGlitch","vexMod:ImprovementManual"],"picked":"aspiration:SecretTechniqueScroll"},{"not_picked":["Calling Bell","Cursed Key"],"picked":"Replay:Grab Bag"},{"not_picked":["Replay:Wanted Poster","vexMod:TanglingVine"],"picked":"hubris:TerracottaHorce"},{"not_picked":["hubris:RunicObelisk","hubris:GrandSneckoEye"],"picked":"Philosopher\u0027s Stone"},{"not_picked":["aspiration:SilentSkillbook","RedLine:ReiMu"],"picked":"aspiration:IroncladSkillbook"},{"not_picked":["hubris:HollowSoul","hubris:BlackHole"],"picked":"aspiration:PoetsPen_weak"}],"items_purged_floors":[3,13,36],"is_endless":false,"potions_floor_spawned":[7,8,16,19,21,23,30,33,37,47,50],"ascension_level":4}}