{"host":"pcbz64t4k17ey4z1","time":1607542002,"event":{"gold_per_floor":[113,113,127,122,139,139,168,168,168,168,200,216,227,222,222],"floor_reached":14,"playtime":465,"items_purged":[],"score":184,"play_id":"16a47070-1cd0-4248-b895-5c22f0036773","local_time":"20201209192642","is_ascension_mode":true,"campfire_choices":[{"data":"Collect","floor":6,"key":"SMITH"},{"data":"Ragnarok","floor":8,"key":"SMITH"},{"data":"Perseverance","floor":10,"key":"SMITH"}],"neow_cost":"NONE","seed_source_timestamp":1566278850334600,"circlet_count":0,"master_deck":["AscendersBane","Strike_P+1","Strike_P+1","Strike_P+1","Strike_P+1","Defend_P+1","Defend_P+1","Defend_P+1","Defend_P+1","Eruption+1","Vigilance+1","Perseverance+1","Collect+1","Ragnarok+1","Consecrate"],"relics":["Hammer of Thor","Seething Fire","Anvil of the Gods","Black Star","WarpedTongs","vexMod:InvisibilityCloak","StuffTheSpire:SapphireSignet","Replay:Baseball","relicPack:DarknessArmor"],"potions_floor_usage":[7,7],"damage_taken":[{"damage":5,"enemies":"2 Louse","floor":1,"turns":2},{"damage":0,"enemies":"Cultist","floor":3,"turns":4},{"damage":0,"enemies":"Jaw Worm","floor":4,"turns":5},{"damage":0,"enemies":"Large Slime","floor":5,"turns":3},{"damage":28,"enemies":"Gremlin Nob","floor":7,"turns":3},{"damage":9,"enemies":"Lagavulin","floor":11,"turns":5},{"damage":11,"enemies":"Exordium Wildlife","floor":12,"turns":2},{"damage":0,"enemies":"3 Louse","floor":13,"turns":2},{"damage":15,"enemies":"3 Sentries","floor":14,"turns":2}],"seed_played":"-5147036410628919782","potions_obtained":[{"floor":4,"key":"EssenceOfSteel"},{"floor":5,"key":"FearPotion"},{"floor":11,"key":"potionbrewer:NoxiousPotion"},{"floor":13,"key":"Fire Potion"}],"is_trial":false,"path_per_floor":["M","?","M","M","M","R","E","R","T","R","E","M","M","E"],"character_chosen":"WATCHER","items_purchased":[],"campfire_rested":0,"item_purchase_floors":[],"current_hp_per_floor":[56,56,56,56,56,56,28,28,28,28,19,8,8,0,0],"gold":222,"neow_bonus":"BOSS_RELIC","is_prod":false,"is_daily":false,"chose_seed":false,"campfire_upgraded":3,"win_rate":0,"timestamp":1607542002,"path_taken":["M","?","M","M","M","R","E","R","T","R","E","M","M","E"],"build_version":"2020-11-30","purchased_purges":0,"victory":false,"max_hp_per_floor":[68,68,68,68,68,68,68,68,68,68,68,68,68,68,68],"card_choices":[{"not_picked":["ThirdEye","ClearTheMind"],"picked":"Perseverance","floor":1},{"not_picked":["InnerPeace","Evaluate"],"picked":"Collect","floor":3},{"not_picked":["Swivel","BowlingBash","Wireheading"],"picked":"SKIP","floor":4},{"not_picked":["FlyingSleeves","EmptyFist","Crescendo"],"picked":"SKIP","floor":5},{"not_picked":["Replay:ManipulateFuture","Protect"],"picked":"Ragnarok","floor":7},{"not_picked":["CarveReality","ClearTheMind","Replay:Battleflow"],"picked":"SKIP","floor":11},{"not_picked":["Prostrate","Replay:BluntJabs","Evaluate"],"picked":"SKIP","floor":12},{"not_picked":["BattleHymn","PathToVictory"],"picked":"Consecrate","floor":13}],"player_experience":3706177,"relics_obtained":[{"floor":7,"key":"vexMod:InvisibilityCloak"},{"floor":7,"key":"StuffTheSpire:SapphireSignet"},{"floor":11,"key":"Replay:Baseball"},{"floor":11,"key":"relicPack:DarknessArmor"}],"event_choices":[{"damage_healed":0,"gold_gain":0,"player_choice":"Rummage","damage_taken":0,"relics_obtained":["WarpedTongs"],"max_hp_gain":0,"max_hp_loss":0,"event_name":"Accursed Blacksmith","floor":2,"gold_loss":0,"cards_obtained":["Pain"]}],"is_beta":false,"boss_relics":[],"items_purged_floors":[],"is_endless":false,"potions_floor_spawned":[4,5,11,13],"killed_by":"3 Sentries","ascension_level":16}}