{"host":"Berg","time":1607475861,"event":{"gold_per_floor":[109,129,142,142,11,49,28,69,96,112,112,448,459,509,509,592,592,616,645,41,91,118,118,133,168,218,243,243,168,183,215,215,215,215],"floor_reached":33,"playtime":1740,"items_purged":["Strike_B"],"score":671,"play_id":"bbab697b-f1d0-462e-b13f-f3e306ebad34","local_time":"20201208200421","is_ascension_mode":true,"campfire_choices":[{"data":"Genetic Algorithm","floor":15,"key":"SMITH"},{"data":"Ghostly","floor":23,"key":"SMITH"},{"data":"Ghostly","floor":28,"key":"SMITH"},{"floor":32,"key":"REST"}],"neow_cost":"NONE","seed_source_timestamp":11257542822000,"circlet_count":0,"master_deck":["AscendersBane","Strike_B","Strike_B","Defend_B","Defend_B","Defend_B","Defend_B","Zap","Dualcast","Cold Snap","Echo Form","Barrage","Streamline","Glacier","Sweeping Beam","Genetic Algorithm+1","Conserve Battery","Hologram","Ball Lightning","Electrodynamics","Self Repair","Steam","Static Discharge","Ghostly+1","Ghostly+1","Ghostly","Coolheaded+1"],"relics":["Cracked Core","NeowsBlessing","CeramicFish","Lantern","Orichalcum","Old Coin","Toy Ornithopter","Velvet Choker","Bronze Scales","Matryoshka","Art of War","Potion Belt","Vajra","Omamori","Singing Bowl"],"potions_floor_usage":[16,27,31,33],"damage_taken":[{"damage":0,"enemies":"Cultist","floor":1,"turns":1},{"damage":0,"enemies":"Jaw Worm","floor":2,"turns":1},{"damage":0,"enemies":"Small Slimes","floor":3,"turns":1},{"damage":10,"enemies":"Lagavulin","floor":6,"turns":7},{"damage":15,"enemies":"3 Sentries","floor":8,"turns":8},{"damage":0,"enemies":"Looter","floor":10,"turns":3},{"damage":12,"enemies":"Lagavulin","floor":12,"turns":9},{"damage":5,"enemies":"Large Slime","floor":13,"turns":5},{"damage":16,"enemies":"The Guardian","floor":16,"turns":15},{"damage":6,"enemies":"3 Byrds","floor":18,"turns":5},{"damage":14,"enemies":"Spheric Guardian","floor":19,"turns":4},{"damage":0,"enemies":"Snake Plant","floor":24,"turns":4},{"damage":1,"enemies":"Gremlin Leader","floor":25,"turns":6},{"damage":26,"enemies":"Slavers","floor":27,"turns":5},{"damage":0,"enemies":"Snecko","floor":30,"turns":5},{"damage":24,"enemies":"Book of Stabbing","floor":31,"turns":6},{"damage":46,"enemies":"Automaton","floor":33,"turns":10}],"seed_played":"203689343924597649","potions_obtained":[{"floor":2,"key":"ColorlessPotion"},{"floor":6,"key":"Strength Potion"},{"floor":13,"key":"Fire Potion"},{"floor":19,"key":"LiquidMemories"},{"floor":25,"key":"Dexterity Potion"},{"floor":31,"key":"GamblersBrew"}],"is_trial":false,"path_per_floor":["M","M","M","?","$","E","$","E","T","M","?","E","M","T","R","B",null,"M","M","$","?","?","R","M","E","T","E","R","?","M","E","R","B"],"character_chosen":"DEFECT","items_purchased":["Glacier","Sweeping Beam","Conserve Battery","Bronze Scales","Matryoshka","Static Discharge"],"campfire_rested":1,"item_purchase_floors":[5,5,7,20,20,20],"current_hp_per_floor":[64,64,64,64,64,54,54,39,39,39,39,27,22,22,22,11,56,50,43,43,43,35,35,35,34,34,13,13,13,27,17,28,0,0],"gold":215,"neow_bonus":"THREE_ENEMY_KILL","is_prod":false,"is_daily":false,"chose_seed":false,"campfire_upgraded":3,"win_rate":0,"timestamp":1607475861,"path_taken":["M","M","?","?","?","E","$","E","T","M","?","E","M","?","R","BOSS","M","M","$","?","?","R","M","E","T","E","R","?","M","E","R","BOSS"],"build_version":"2020-12-07","purchased_purges":1,"victory":false,"max_hp_per_floor":[71,71,71,71,71,71,71,71,71,71,71,71,71,71,71,71,71,71,71,71,71,35,35,35,35,35,35,35,35,35,37,37,37,37],"relic_stats":{"Singing Bowl":2,"counters":[17,95],"CeramicFish":108,"Bronze Scales":[160],"Art of War":[6],"Orichalcum":[126],"obtain_stats":[{"Potion Belt":26,"Lantern":8,"NeowsBlessing":0,"Singing Bowl":31,"CeramicFish":6,"Velvet Choker":17,"Vajra":26,"Omamori":27,"Orichalcum":9,"Old Coin":12,"Matryoshka":20,"Bronze Scales":20,"Art of War":25,"Cracked Core":0,"Toy Ornithopter":14},{"Potion Belt":13,"Lantern":5,"NeowsBlessing":0,"Singing Bowl":16,"CeramicFish":4,"Velvet Choker":9,"Vajra":13,"Omamori":14,"Orichalcum":5,"Old Coin":7,"Matryoshka":11,"Bronze Scales":11,"Art of War":13,"Cracked Core":0,"Toy Ornithopter":8},{"Potion Belt":69,"Lantern":18,"NeowsBlessing":0,"Singing Bowl":85,"CeramicFish":10,"Velvet Choker":50,"Vajra":69,"Omamori":74,"Orichalcum":18,"Old Coin":30,"Matryoshka":59,"Bronze Scales":59,"Art of War":69,"Cracked Core":0,"Toy Ornithopter":35}],"Toy Ornithopter":20},"card_choices":[{"not_picked":["Stack","Sweeping Beam"],"picked":"Cold Snap","floor":1},{"not_picked":["Rebound","Darkness"],"picked":"Echo Form","floor":2},{"not_picked":["Leap","Aggregate"],"picked":"Barrage","floor":3},{"not_picked":["Chaos","Coolheaded"],"picked":"Genetic Algorithm","floor":6},{"not_picked":["Fission","Redo"],"picked":"Hologram","floor":8},{"not_picked":["Beam Cell","Reprogram","Sweeping Beam"],"picked":"SKIP","floor":10},{"not_picked":["Sunder","All For One"],"picked":"Ball Lightning","floor":12},{"not_picked":["Gash","Stack","Go for the Eyes"],"picked":"SKIP","floor":13},{"not_picked":["Machine Learning","All For One"],"picked":"Electrodynamics","floor":16},{"not_picked":["Hologram","Compile Driver+1"],"picked":"Self Repair","floor":18},{"not_picked":["Sunder","Heatsinks"],"picked":"Steam","floor":19},{"not_picked":["Double Energy","Conserve Battery","Fusion"],"picked":"SKIP","floor":24},{"not_picked":["Meteor Strike","FTL"],"picked":"Coolheaded+1","floor":25},{"not_picked":["Double Energy","Steam","Ball Lightning"],"picked":"SKIP","floor":27},{"not_picked":["Steam","Turbo","Go for the Eyes"],"picked":"SKIP","floor":30},{"not_picked":["Compile Driver","Stack+1","Beam Cell"],"picked":"Singing Bowl","floor":31}],"player_experience":1308712,"relics_obtained":[{"floor":6,"key":"CeramicFish"},{"floor":8,"key":"Lantern"},{"floor":9,"key":"Orichalcum"},{"floor":12,"key":"Old Coin"},{"floor":14,"key":"Toy Ornithopter"},{"floor":25,"key":"Art of War"},{"floor":26,"key":"Potion Belt"},{"floor":26,"key":"Vajra"},{"floor":27,"key":"Omamori"},{"floor":31,"key":"Singing Bowl"}],"event_choices":[{"damage_healed":0,"gold_gain":0,"player_choice":"1 cards matched","damage_taken":0,"max_hp_gain":0,"max_hp_loss":0,"event_name":"Match and Keep!","floor":4,"gold_loss":0,"cards_obtained":["Streamline"]},{"damage_healed":0,"gold_gain":0,"player_choice":"Ignored","damage_taken":0,"max_hp_gain":0,"max_hp_loss":0,"event_name":"Shining Light","floor":11,"gold_loss":0},{"damage_healed":0,"gold_gain":50,"player_choice":"Stole From Cult","damage_taken":0,"max_hp_gain":0,"max_hp_loss":0,"event_name":"Nest","floor":21,"gold_loss":0},{"damage_healed":0,"gold_gain":0,"player_choice":"Became a Ghost","damage_taken":0,"max_hp_gain":0,"max_hp_loss":36,"event_name":"Ghosts","floor":22,"gold_loss":0,"cards_obtained":["Ghostly","Ghostly","Ghostly"]},{"cards_removed":["Strike_B"],"damage_healed":0,"gold_gain":0,"player_choice":"Gave Gold","damage_taken":0,"max_hp_gain":0,"max_hp_loss":0,"event_name":"Beggar","floor":29,"gold_loss":75}],"is_beta":true,"boss_relics":[{"not_picked":["FrozenCore","Runic Dome"],"picked":"Velvet Choker"}],"items_purged_floors":[20],"is_endless":false,"potions_floor_spawned":[2,6,10,13,19,25,31],"killed_by":"Automaton","ascension_level":20}}