{"host":"6jcxerjfmuawfds2","time":1607521882,"event":{"gold_per_floor":[112,62,76,1,1,32,51,51,51,63,77,95,105,120,120,220,220,238,238,238,250,165,200,1,1,1,33,33,52,52,68,68,68,68],"floor_reached":33,"playtime":1397,"items_purged":["Strike_P","Writhe"],"score":314,"play_id":"5e8af2e7-8956-4bd6-912d-325352c5ffa5","local_time":"20201209225122","is_ascension_mode":false,"campfire_choices":[{"data":"PathToVictory","floor":8,"key":"SMITH"},{"data":"Judgement","floor":15,"key":"SMITH"},{"data":"PathToVictory","floor":25,"key":"SMITH"},{"floor":30,"key":"REST"},{"data":"CutThroughFate","floor":32,"key":"SMITH"}],"neow_cost":"NONE","seed_source_timestamp":16873099248200,"circlet_count":0,"master_deck":["Strike_P+1","Strike_P+1","Strike_P+1","Defend_P+1","Defend_P+1","Defend_P+1","Eruption","Vigilance","PathToVictory+1","CrushJoints","CutThroughFate+1","Judgement+1","PathToVictory+1","JustLucky+1","PathToVictory+1"],"relics":["PureWater","NeowsBlessing","The Courier","Potion Belt","Black Star","Molten Egg 2","PreservedInsect","Meat on the Bone","Prayer Wheel","Lantern","Matryoshka","Letter Opener","Smiling Mask","MutagenicStrength"],"potions_floor_usage":[16,16,16,23,23,23,33],"damage_taken":[{"damage":0,"enemies":"Cultist","floor":1,"turns":1},{"damage":0,"enemies":"Small Slimes","floor":3,"turns":1},{"damage":0,"enemies":"3 Sentries","floor":6,"turns":2},{"damage":2,"enemies":"2 Louse","floor":7,"turns":2},{"damage":3,"enemies":"2 Fungi Beasts","floor":10,"turns":3},{"damage":9,"enemies":"Blue Slaver","floor":11,"turns":3},{"damage":5,"enemies":"3 Louse","floor":12,"turns":5},{"damage":0,"enemies":"Looter","floor":13,"turns":1},{"damage":0,"enemies":"2 Fungi Beasts","floor":14,"turns":2},{"damage":76,"enemies":"Hexaghost","floor":16,"turns":13},{"damage":5,"enemies":"Chosen","floor":18,"turns":3},{"damage":14,"enemies":"2 Thieves","floor":21,"turns":4},{"damage":13,"enemies":"Slavers","floor":23,"turns":4},{"damage":3,"enemies":"Gremlin Leader","floor":27,"turns":5},{"damage":20,"enemies":"Snecko","floor":29,"turns":6},{"damage":0,"enemies":"Chosen and Byrds","floor":31,"turns":4},{"damage":57,"enemies":"Collector","floor":33,"turns":5}],"seed_played":"365445354736776481","potions_obtained":[{"floor":1,"key":"Ancient Potion"},{"floor":6,"key":"AttackPotion"},{"floor":12,"key":"FairyPotion"},{"floor":13,"key":"Regen Potion"},{"floor":14,"key":"Weak Potion"},{"floor":18,"key":"EssenceOfSteel"},{"floor":21,"key":"Strength Potion"},{"floor":29,"key":"Dexterity Potion"}],"is_trial":false,"path_per_floor":["M","$","M","$","?","E","M","R","T","M","M","M","M","M","R","B",null,"M","?","?","M","?","E","$","R","T","E","?","M","R","M","R","B"],"character_chosen":"WATCHER","items_purchased":["PathToVictory","Lantern"],"campfire_rested":1,"item_purchase_floors":[2,24],"current_hp_per_floor":[72,72,72,72,65,65,63,63,63,60,51,46,46,46,46,6,72,67,67,67,53,53,40,40,40,40,37,37,29,50,50,50,0,0],"gold":68,"neow_bonus":"THREE_ENEMY_KILL","is_prod":false,"is_daily":false,"chose_seed":false,"campfire_upgraded":4,"win_rate":0.0,"timestamp":1607521882,"path_taken":["M","$","?","$","?","E","M","R","T","M","M","M","M","M","R","BOSS","M","?","?","M","?","E","?","R","T","E","?","M","R","?","R","BOSS"],"build_version":"2020-11-30","purchased_purges":2,"victory":false,"max_hp_per_floor":[72,72,72,72,72,72,72,72,72,72,72,72,72,72,72,72,72,72,72,72,72,72,72,72,72,72,72,72,72,72,72,72,72,72],"card_choices":[{"not_picked":["Weave","EmptyBody","WaveOfTheHand"],"picked":"SKIP","floor":1},{"not_picked":["BowlingBash","InnerPeace","Adaptation"],"picked":"SKIP","floor":3},{"not_picked":["DeceiveReality","CutThroughFate","FlyingSleeves"],"picked":"SKIP","floor":6},{"not_picked":["Evaluate","Crescendo","Halt"],"picked":"SKIP","floor":7},{"not_picked":["EmptyFist","Pray"],"picked":"CrushJoints","floor":10},{"not_picked":["MentalFortress","CrushJoints"],"picked":"CutThroughFate","floor":11},{"not_picked":["EmptyBody","Evaluate"],"picked":"Judgement","floor":12},{"not_picked":["Collect","Halt","Pray"],"picked":"SKIP","floor":13},{"not_picked":["Adaptation","WreathOfFlame","FlurryOfBlows"],"picked":"SKIP","floor":14},{"not_picked":["Prostrate","Protect","FollowUp"],"picked":"SKIP","floor":18},{"not_picked":["Halt+1","FlyingSleeves+1"],"picked":"PathToVictory","floor":21},{"not_picked":["FearNoEvil+1","Tantrum+1","WheelKick+1"],"picked":"SKIP","floor":23},{"not_picked":["Tantrum+1","CrushJoints+1","LessonLearned+1"],"picked":"SKIP","floor":27},{"not_picked":["DeceiveReality+1","FollowUp+1"],"picked":"JustLucky+1","floor":29},{"not_picked":["SashWhip+1","Halt","Crescendo"],"picked":"SKIP","floor":29},{"not_picked":["ClearTheMind","SashWhip+1"],"picked":"PathToVictory+1","floor":31},{"not_picked":["CutThroughFate+1","FollowUp+1","BowlingBash+1"],"picked":"SKIP","floor":31}],"player_experience":110839,"relics_obtained":[{"floor":6,"key":"The Courier"},{"floor":9,"key":"Potion Belt"},{"floor":23,"key":"Meat on the Bone"},{"floor":23,"key":"Prayer Wheel"},{"floor":26,"key":"Matryoshka"},{"floor":27,"key":"Letter Opener"},{"floor":27,"key":"Smiling Mask"}],"event_choices":[{"cards_removed":["Defend_P"],"damage_healed":0,"gold_gain":0,"player_choice":"Card Removal","damage_taken":7,"max_hp_gain":0,"max_hp_loss":0,"event_name":"Golden Wing","floor":5,"gold_loss":0},{"damage_healed":0,"gold_gain":0,"player_choice":"Simplicity","damage_taken":0,"max_hp_gain":0,"max_hp_loss":0,"event_name":"Back to Basics","floor":19,"gold_loss":0,"cards_upgraded":["Strike_P","Strike_P","Strike_P","Defend_P","Defend_P","Defend_P"]},{"damage_healed":0,"gold_gain":0,"player_choice":"Opened","damage_taken":0,"relics_obtained":["Molten Egg 2"],"max_hp_gain":0,"max_hp_loss":0,"event_name":"The Mausoleum","floor":20,"gold_loss":0,"cards_obtained":["Writhe"]},{"damage_healed":0,"gold_gain":0,"player_choice":"Obtained Relic","damage_taken":0,"relics_obtained":["PreservedInsect"],"max_hp_gain":0,"max_hp_loss":0,"event_name":"Addict","floor":22,"gold_loss":85},{"damage_healed":0,"gold_gain":0,"player_choice":"Inject Mutagens","damage_taken":0,"relics_obtained":["MutagenicStrength"],"max_hp_gain":0,"max_hp_loss":0,"event_name":"Drug Dealer","floor":28,"gold_loss":0}],"is_beta":false,"boss_relics":[{"not_picked":["Runic Dome","Coffee Dripper"],"picked":"Black Star"}],"items_purged_floors":[4,24],"is_endless":false,"potions_floor_spawned":[1,6,12,13,14,18,21,29],"killed_by":"Collector","ascension_level":0}}