{"host":"nnevpry6tnmpwasb","time":1607479860,"event":{"gold_per_floor":[369,379,394,405,420,452,452,470,494,508,519,271,283,283,283,386,386,401,401,414,75,85,85,85,96,96,96,196,196,207,220,220,323,323,334,349,367,384,384,384,384,384,384,395,395,405,405,250,250,250,250,250,35,70,70],"floor_reached":56,"playtime":6438,"items_purged":[],"score":1207,"play_id":"59627922-8d0d-4060-bb38-76b6488b8c74","local_time":"20201208211100","is_ascension_mode":false,"campfire_choices":[{"floor":7,"key":"REST"},{"data":"alterego_mod:Cooking","floor":15,"key":"SMITH"},{"data":"alterego_mod:SideboobHour","floor":23,"key":"SMITH"},{"data":"alterego_mod:Palingenesis","floor":29,"key":"SMITH"},{"data":"alterego_mod:Palingenesis+1","floor":32,"key":"SMITH"},{"data":"Apotheosis","floor":41,"key":"SMITH"},{"floor":49,"key":"DIG"},{"floor":52,"key":"DIG"}],"neow_cost":"TEN_PERCENT_HP_LOSS","seed_source_timestamp":89713548799300,"circlet_count":0,"master_deck":["alterego_mod:Strike+1","alterego_mod:Strike","alterego_mod:Strike+1","alterego_mod:Defend","alterego_mod:Defend","alterego_mod:Defend","alterego_mod:Defend","alterego_mod:BigMeatyClaws","alterego_mod:BrynhildrsRune","alterego_mod:Bounce","alterego_mod:Bounce","alterego_mod:Cooking+1","alterego_mod:DeftHands","alterego_mod:GachaTicket","alterego_mod:Smother","alterego_mod:SideboobHour+1","alterego_mod:Valentines","alterego_mod:Rake","infinitespire:Oblivion+1","alterego_mod:Smother","Apotheosis+1","alterego_mod:Bounce","alterego_mod:Skirt+1","alterego_mod:Undulate","alterego_mod:Birthday+1","alterego_mod:Tantrum","CurseOfTheBell","alterego_mod:Weigh","alterego_mod:BiFurious","alterego_mod:BiFurious+1","Jack Of All Trades","Storm+1","alterego_mod:Jiggle","alterego_mod:SakuraPetals","alterego_mod:BustOut+1","alterego_mod:TrickOrTreatment+1","alterego_mod:BiFurious","Poisoned Stab+1"],"relics":["alterego_mod:MasochisticConstitution","Orichalcum","Mercury Hourglass","beaked:SacredDeck","Boot","Eternal Feather","infinitespire:Lucky Rock","alterego_mod:SomeoneToFightFor","Torii","Matryoshka","Calling Bell","Pen Nib","Frozen Egg 2","Shovel","PrismaticShard","Sundial","Ginger","Ice Cream","Blood Vial","Bottled Flame","Bronze Scales","infinitespire:EmpoweringShard","Whetstone"],"potions_floor_usage":[16,16,16,22,28,33,55,55,55],"damage_taken":[{"damage":2,"enemies":"Cultist","floor":1,"turns":5},{"damage":5,"enemies":"Small Slimes","floor":2,"turns":6},{"damage":7,"enemies":"2 Louse","floor":3,"turns":4},{"damage":2,"enemies":"Large Slime","floor":4,"turns":6},{"damage":14,"enemies":"2 Fungi Beasts","floor":5,"turns":5},{"damage":37,"enemies":"Gremlin Nob","floor":6,"turns":5},{"damage":15,"enemies":"Exordium Wildlife","floor":8,"turns":10},{"damage":9,"enemies":"Red Slaver","floor":10,"turns":4},{"damage":2,"enemies":"Large Slime","floor":11,"turns":6},{"damage":11,"enemies":"Lots of Slimes","floor":13,"turns":4},{"damage":44,"enemies":"The Guardian","floor":16,"turns":7},{"damage":2,"enemies":"Spheric Guardian","floor":18,"turns":3},{"damage":13,"enemies":"3 Byrds","floor":20,"turns":5},{"damage":10,"enemies":"Centurion and Healer","floor":22,"turns":4},{"damage":30,"enemies":"Shelled Parasite and Fungi","floor":25,"turns":5},{"damage":0,"enemies":"Colosseum Slavers","floor":28,"turns":2},{"damage":10,"enemies":"Colosseum Nobs","floor":28,"turns":6},{"damage":0,"enemies":"Chosen and Byrds","floor":30,"turns":3},{"damage":0,"enemies":"Snecko","floor":31,"turns":2},{"damage":40,"enemies":"Collector","floor":33,"turns":6},{"damage":21,"enemies":"Orb Walker","floor":35,"turns":3},{"damage":47,"enemies":"3 Darklings","floor":36,"turns":4},{"damage":23,"enemies":"Jaw Worm Horde","floor":37,"turns":4},{"damage":18,"enemies":"Spire Growth","floor":38,"turns":4},{"damage":21,"enemies":"3 Darklings","floor":44,"turns":4},{"damage":0,"enemies":"Transient","floor":46,"turns":5},{"damage":83,"enemies":"Awakened One","floor":50,"turns":8},{"damage":0,"enemies":"Shield and Spear","floor":54,"turns":1},{"damage":149,"enemies":"The Heart","floor":55,"turns":9}],"seed_played":"-457054766734030995","potions_obtained":[{"floor":6,"key":"LiquidBronze"},{"floor":8,"key":"SteroidPotion"},{"floor":10,"key":"EssenceOfSteel"},{"floor":13,"key":"DuplicationPotion"},{"floor":16,"key":"Weak Potion"},{"floor":20,"key":"DistilledChaos"},{"floor":22,"key":"ColorlessPotion"},{"floor":31,"key":"SpeedPotion"},{"floor":36,"key":"CultistPotion"},{"floor":46,"key":"Dexterity Potion"},{"floor":54,"key":"Regen Potion"}],"is_trial":false,"path_per_floor":["M","M","M","M","M","E","R","M","T","M","M","$","M","?","R","B",null,"M","?","M","$","M","R","T","M","T","?","?","R","M","M","R","B",null,"M","M","M","M","?","?","R","AVR","T","M","?","M","T","$","R","B",null,"R","$","E","B",null],"character_chosen":"The_Alterego","items_purchased":["Mercury Hourglass","Boot","Apotheosis","alterego_mod:SakuraPetals","alterego_mod:BustOut+1","alterego_mod:TrickOrTreatment+1","alterego_mod:BiFurious"],"campfire_rested":1,"item_purchase_floors":[12,21,21,48,48,53,53],"current_hp_per_floor":[64,65,66,67,54,28,48,51,51,46,62,62,73,73,73,34,74,75,75,76,76,77,77,77,61,61,61,77,79,79,79,79,40,80,63,45,66,52,52,52,70,70,70,53,53,60,60,60,81,49,86,86,86,86,61],"gold":70,"neow_bonus":"TWO_FIFTY_GOLD","is_prod":false,"is_daily":false,"chose_seed":false,"campfire_upgraded":5,"win_rate":1,"timestamp":1607479860,"path_taken":["M","M","M","?","M","E","R","M","T","M","?","$","M","?","R","BOSS","M","?","?","$","M","R","?","M","T","?","?","R","M","M","R","BOSS","M","M","M","M","?","?","R","AVR","T","?","?","?","?","$","R","BOSS","R","$","E","BOSS"],"build_version":"2020-11-30","purchased_purges":0,"victory":true,"max_hp_per_floor":[64,65,66,67,68,69,69,70,70,71,72,72,73,73,73,74,74,75,75,76,76,77,77,77,78,78,78,79,79,79,79,79,80,80,81,82,83,84,84,84,84,84,84,85,85,85,85,85,85,86,86,86,86,86,87],"card_choices":[{"not_picked":["alterego_mod:1TonWallop","alterego_mod:DiscoLights"],"picked":"alterego_mod:Bounce","floor":1},{"not_picked":["alterego_mod:Mirror","alterego_mod:Cooking"],"picked":"alterego_mod:Bounce","floor":2},{"not_picked":["alterego_mod:Maid","alterego_mod:Birthday"],"picked":"alterego_mod:Cooking","floor":3},{"not_picked":["alterego_mod:GoddessCore","alterego_mod:BustOut"],"picked":"alterego_mod:DeftHands","floor":4},{"not_picked":["alterego_mod:1TonWallop","alterego_mod:SakuraLabyrinth"],"picked":"alterego_mod:Palingenesis","floor":5},{"not_picked":["alterego_mod:Santa","alterego_mod:Clones"],"picked":"alterego_mod:GachaTicket","floor":6},{"not_picked":["alterego_mod:DeftHands","alterego_mod:Complex"],"picked":"alterego_mod:Smother","floor":8},{"not_picked":["alterego_mod:DeftHands","alterego_mod:Cycle"],"picked":"alterego_mod:SideboobHour","floor":10},{"not_picked":["alterego_mod:Smother","alterego_mod:Maid"],"picked":"alterego_mod:Valentines","floor":11},{"not_picked":["alterego_mod:Exercise","alterego_mod:DiscoLights","alterego_mod:HighServant"],"picked":"SKIP","floor":13},{"not_picked":["alterego_mod:GIGAMILK","alterego_mod:IdEs"],"picked":"alterego_mod:Rake","floor":16},{"not_picked":["alterego_mod:Cycle","alterego_mod:Punishment","alterego_mod:Skirt"],"picked":"SKIP","floor":18},{"not_picked":["alterego_mod:Pet+1","alterego_mod:Swimsuit"],"picked":"alterego_mod:Smother","floor":20},{"not_picked":["alterego_mod:Rip","alterego_mod:TrashNCrash+1"],"picked":"alterego_mod:Bounce","floor":22},{"not_picked":["alterego_mod:PerceptionDisorder","alterego_mod:1TonWallop+1"],"picked":"alterego_mod:Skirt+1","floor":25},{"not_picked":["alterego_mod:PurpleHair+1","alterego_mod:Rip"],"picked":"alterego_mod:Undulate","floor":30},{"not_picked":["alterego_mod:Jiggle","alterego_mod:Punishment"],"picked":"alterego_mod:Birthday+1","floor":31},{"not_picked":["alterego_mod:STier","alterego_mod:IdEs"],"picked":"alterego_mod:Tantrum","floor":33},{"not_picked":["alterego_mod:HighServant","alterego_mod:DeftHands","alterego_mod:SuperDuperMasochism+1"],"picked":"SKIP","floor":35},{"not_picked":["alterego_mod:Cycle+1","alterego_mod:GoddessCore+1"],"picked":"alterego_mod:Weigh","floor":36},{"not_picked":["alterego_mod:TrashNCrash","alterego_mod:PurpleHair"],"picked":"alterego_mod:BiFurious","floor":37},{"not_picked":["alterego_mod:TrashNCrash+1","alterego_mod:1TonWallop"],"picked":"alterego_mod:BiFurious+1","floor":38},{"not_picked":["EmptyBody+1","hermit:Headshot"],"picked":"Storm+1","floor":44},{"not_picked":["hermit:FatalDesire+1","hermit:Dive"],"picked":"alterego_mod:Jiggle","floor":46},{"not_picked":["hermit:Grudge+1","Deflect+1"],"picked":"Poisoned Stab+1","floor":54}],"player_experience":60721,"relics_obtained":[{"floor":6,"key":"Orichalcum"},{"floor":24,"key":"Eternal Feather"},{"floor":26,"key":"infinitespire:Lucky Rock"},{"floor":28,"key":"Torii"},{"floor":28,"key":"Matryoshka"},{"floor":34,"key":"Pen Nib"},{"floor":34,"key":"Frozen Egg 2"},{"floor":34,"key":"Shovel"},{"floor":43,"key":"Sundial"},{"floor":43,"key":"Ginger"},{"floor":47,"key":"Blood Vial"},{"floor":47,"key":"Bottled Flame"},{"floor":49,"key":"Bronze Scales"},{"floor":52,"key":"infinitespire:EmpoweringShard"},{"floor":54,"key":"Whetstone"}],"event_choices":[{"cards_removed":["alterego_mod:Strike"],"damage_healed":0,"gold_gain":0,"player_choice":"Card Removal","damage_taken":0,"max_hp_gain":0,"max_hp_loss":0,"event_name":"Wheel of Change","floor":14,"gold_loss":0},{"damage_healed":0,"gold_gain":0,"player_choice":"Upgraded","damage_taken":0,"max_hp_gain":0,"max_hp_loss":0,"event_name":"Upgrade Shrine","floor":19,"gold_loss":0,"cards_upgraded":["infinitespire:Oblivion"]},{"damage_healed":0,"gold_gain":0,"player_choice":"Choice 2","damage_taken":0,"relics_obtained":["alterego_mod:SomeoneToFightFor"],"max_hp_gain":0,"max_hp_loss":0,"event_name":"Secret Garden","floor":27,"gold_loss":0},{"damage_healed":0,"gold_gain":0,"player_choice":"Fight","damage_taken":0,"max_hp_gain":0,"max_hp_loss":0,"event_name":"Colosseum","floor":28,"gold_loss":0},{"damage_healed":0,"gold_gain":0,"player_choice":"Fought Nobs","damage_taken":0,"max_hp_gain":0,"max_hp_loss":0,"event_name":"Colosseum","floor":28,"gold_loss":0},{"cards_removed":["alterego_mod:Impale"],"damage_healed":0,"gold_gain":0,"player_choice":"Removed Attack","damage_taken":0,"max_hp_gain":0,"max_hp_loss":0,"event_name":"Falling","floor":39,"gold_loss":0},{"cards_removed":["alterego_mod:Palingenesis"],"damage_healed":0,"gold_gain":0,"player_choice":"Took Card","damage_taken":0,"max_hp_gain":0,"max_hp_loss":0,"event_name":"NoteForYourself","floor":40,"gold_loss":0,"cards_obtained":["Jack Of All Trades"]},{"damage_healed":0,"gold_gain":0,"player_choice":"Gave Potion","damage_taken":0,"relics_obtained":["Ice Cream"],"max_hp_gain":0,"max_hp_loss":0,"event_name":"WeMeetAgain","floor":45,"gold_loss":0}],"is_beta":false,"boss_relics":[{"not_picked":["beaked:MawFillet","Ectoplasm"],"picked":"beaked:SacredDeck"},{"not_picked":["Runic Pyramid","Cursed Key"],"picked":"Calling Bell"}],"items_purged_floors":[],"is_endless":false,"potions_floor_spawned":[6,8,10,13,16,20,22,28,31,36,46,54],"ascension_level":0}}