{"host":"6p0attdrtjqaih7v","time":1607540801,"event":{"gold_per_floor":[363,381,393,410,94,120,120,120,120],"floor_reached":8,"playtime":532,"items_purged":["ReplayTheSpireMod:Splinters"],"score":107,"play_id":"ac39ab2c-5db9-4044-964d-0786e4d714bc","local_time":"20201209140641","is_ascension_mode":true,"campfire_choices":[{"floor":7,"key":"REST"}],"neow_cost":"CURSE","seed_source_timestamp":1935155473847000,"circlet_count":0,"master_deck":["AscendersBane","construct:Strike_Gold","construct:Strike_Gold","construct:Strike_Gold","construct:Strike_Gold","construct:Strike_Gold","construct:Defend_Gold","construct:Defend_Gold","construct:Defend_Gold","construct:Defend_Gold","construct:Defend_Gold","construct:AttackMode","construct:DefenseMode","construct:Reinforce","construct:FierceBash","Master of Strategy","Panacea","construct:PhosphorStorm","construct:Forcefield"],"relics":["construct:Cogwheel","ReplayTheSpireMod:ShopPack","Ice Cream"],"potions_floor_usage":[6],"damage_taken":[{"damage":2,"enemies":"2 Louse","floor":1,"turns":4},{"damage":14,"enemies":"Cultist","floor":2,"turns":6},{"damage":15,"enemies":"Jaw Worm","floor":3,"turns":7},{"damage":6,"enemies":"2 Fungi Beasts","floor":4,"turns":5},{"damage":20,"enemies":"Lagavulin","floor":6,"turns":6},{"damage":50,"enemies":"Gremlin Nob","floor":8,"turns":4}],"seed_played":"-9176142566790155826","potions_obtained":[{"floor":4,"key":"AttackPotion"}],"is_trial":false,"path_per_floor":["M","M","M","M","$","E","R","E"],"character_chosen":"THE_CONSTRUCT_MOD","items_purchased":["ReplayTheSpireMod:ShopPack","construct:PhosphorStorm","Energy Potion"],"campfire_rested":1,"item_purchase_floors":[5,5,5],"current_hp_per_floor":[70,56,41,35,35,15,39,0,0],"gold":120,"neow_bonus":"TWO_FIFTY_GOLD","is_prod":false,"is_daily":false,"chose_seed":false,"campfire_upgraded":0,"win_rate":0,"timestamp":1607540801,"path_taken":["M","M","M","M","$","E","R","E"],"build_version":"2020-11-30","purchased_purges":1,"victory":false,"max_hp_per_floor":[80,80,80,80,80,80,80,80,80],"relic_stats":{"counters":[6,32],"obtain_stats":[{"Ice Cream":6,"construct:Cogwheel":0,"ReplayTheSpireMod:ShopPack":5},{"Ice Cream":5,"construct:Cogwheel":0,"ReplayTheSpireMod:ShopPack":4},{"Ice Cream":28,"construct:Cogwheel":0,"ReplayTheSpireMod:ShopPack":22}]},"card_choices":[{"not_picked":["construct:Forcefield","construct:Autoturret"],"picked":"construct:Reinforce","floor":1},{"not_picked":["construct:Reinforce","construct:Chainstrike","construct:CreateCores"],"picked":"SKIP","floor":2},{"not_picked":["construct:ModeShift","construct:Boost","construct:Construct_Overclock"],"picked":"SKIP","floor":3},{"not_picked":["construct:ShiftStrike","construct:Versatility"],"picked":"construct:FierceBash","floor":4},{"not_picked":["Replay:Bootleg Shield Generator","Mind Blast"],"picked":"Master of Strategy","floor":5},{"not_picked":["Good Instincts","Flash of Steel"],"picked":"Panacea","floor":5},{"not_picked":["construct:Analyze","construct:Agitation"],"picked":"construct:Forcefield","floor":6}],"player_experience":792036,"relics_obtained":[{"floor":6,"key":"Ice Cream"}],"event_choices":[],"is_beta":false,"boss_relics":[],"items_purged_floors":[5],"is_endless":false,"potions_floor_spawned":[4],"killed_by":"Gremlin Nob","ascension_level":17}}