{"host":"plluk4al3qmxlp2w","time":1607512048,"event":{"gold_per_floor":[113,113,113,126,143,153,153,192,192,229,229,189,224,251,251,358,358,377,377,377,217,262,262,262],"floor_reached":23,"playtime":712,"items_purged":[],"score":292,"play_id":"c33e8828-b829-4e5d-a9ba-166f1643ec5a","local_time":"20201209030728","is_ascension_mode":true,"campfire_choices":[{"floor":7,"key":"RECALL"},{"floor":11,"key":"REST"},{"floor":15,"key":"REST"}],"neow_cost":"NONE","seed_source_timestamp":816183577916300,"circlet_count":0,"master_deck":["Defend_B","Defend_B","Defend_B","Defend_B","Zap+1","Dualcast+1","Ball Lightning","Gash","Streamline","Reinforced Body","Streamline","ReplayRNGCard","Turbo","Double Energy","Sweeping Beam","Rainbow+1","Melter+1","Gash+1","Bite","Bite","Bite","Bite","Bite"],"relics":["Cracked Core","CeramicFish","Golden Egg","Girya","Durian","Replay:Bronze Core","Ring of Panic","Ring of Fury","Chemical X"],"potions_floor_usage":[8,10,13,13,16,16,23],"damage_taken":[{"damage":1,"enemies":"Cultist","floor":1,"turns":3},{"damage":12,"enemies":"Small Slimes","floor":4,"turns":2},{"damage":0,"enemies":"Jaw Worm","floor":5,"turns":1},{"damage":0,"enemies":"Red Slaver","floor":6,"turns":2},{"damage":12,"enemies":"Replay:BlueRogue","floor":8,"turns":1},{"damage":22,"enemies":"Gremlin Nob","floor":10,"turns":4},{"damage":33,"enemies":"Lagavulin","floor":13,"turns":4},{"damage":2,"enemies":"Exordium Wildlife","floor":14,"turns":3},{"damage":26,"enemies":"The Guardian","floor":16,"turns":8},{"damage":42,"enemies":"3 Byrds","floor":18,"turns":6},{"damage":74,"enemies":"Gremlin Leader","floor":23,"turns":4}],"seed_played":"3801299072266302970","potions_obtained":[{"floor":4,"key":"DistilledChaos"},{"floor":6,"key":"Death Potion"},{"floor":12,"key":"ColorlessPotion"},{"floor":12,"key":"Regen Potion"},{"floor":12,"key":"Toxic Potion"},{"floor":13,"key":"Elixir"},{"floor":14,"key":"Dexterity Potion"},{"floor":16,"key":"Fruit Juice"},{"floor":18,"key":"ColorlessPotion"}],"is_trial":false,"path_per_floor":["M","?","?","M","M","M","R","E","T","E","R","?","E","M","R","B",null,"M","?","?","$","?","E"],"character_chosen":"DEFECT","items_purchased":["Gash","Chemical X"],"campfire_rested":2,"item_purchase_floors":[21,21],"current_hp_per_floor":[74,74,74,62,62,62,62,50,50,28,50,50,22,20,44,23,85,43,43,71,71,59,0,0],"gold":262,"neow_bonus":"THREE_CARDS","is_prod":false,"is_daily":false,"chose_seed":false,"campfire_upgraded":0,"win_rate":0,"timestamp":1607512048,"path_taken":["M","?","?","M","?","M","R","E","T","E","R","?","E","M","R","BOSS","M","?","?","$","?","E"],"build_version":"2020-11-30","purchased_purges":0,"victory":false,"max_hp_per_floor":[75,75,75,75,75,75,75,75,75,75,75,75,80,80,80,85,85,85,85,85,85,59,59,59],"card_choices":[{"not_picked":["Compile Driver","Beam Cell"],"picked":"Ball Lightning","floor":0},{"not_picked":["Go for the Eyes","Streamline"],"picked":"Gash","floor":1},{"not_picked":["ReplayTheSpireMod:System Scan","Stack"],"picked":"Streamline","floor":4},{"not_picked":["BasicCrystalCard","Darkness"],"picked":"Reinforced Body","floor":5},{"not_picked":["Beam Cell","Loop"],"picked":"Streamline","floor":6},{"not_picked":["Conserve Battery","Heatsinks"],"picked":"ReplayRNGCard","floor":8},{"not_picked":["Beam Cell","Leap"],"picked":"Turbo","floor":10},{"not_picked":["Steam","Sweeping Beam"],"picked":"Double Energy","floor":13},{"not_picked":["Hologram","Leap"],"picked":"Sweeping Beam","floor":14},{"not_picked":["Buffer","Fission"],"picked":"Rainbow","floor":16},{"not_picked":["Redo","Go for the Eyes"],"picked":"Melter+1","floor":18}],"player_experience":260910,"relics_obtained":[{"floor":8,"key":"CeramicFish"},{"floor":9,"key":"Golden Egg"},{"floor":10,"key":"Girya"},{"floor":13,"key":"Durian"},{"floor":19,"key":"Ring of Panic"},{"floor":19,"key":"Ring of Fury"}],"event_choices":[{"damage_healed":0,"gold_gain":0,"player_choice":"Grow","damage_taken":0,"max_hp_gain":0,"max_hp_loss":0,"event_name":"Living Wall","floor":2,"gold_loss":0,"cards_upgraded":["Zap"]},{"damage_healed":0,"gold_gain":0,"player_choice":"Upgraded","damage_taken":0,"max_hp_gain":0,"max_hp_loss":0,"event_name":"Upgrade Shrine","floor":3,"gold_loss":0,"cards_upgraded":["Dualcast"]},{"damage_healed":0,"gold_gain":0,"player_choice":"Bought 3 Potions","damage_taken":0,"max_hp_gain":0,"max_hp_loss":0,"event_name":"The Woman in Blue","floor":12,"gold_loss":0},{"damage_healed":28,"gold_gain":0,"player_choice":"Heal","damage_taken":0,"max_hp_gain":0,"max_hp_loss":0,"event_name":"The Library","floor":20,"gold_loss":0},{"damage_healed":0,"gold_gain":0,"player_choice":"Became a vampire","damage_taken":0,"max_hp_gain":0,"max_hp_loss":26,"event_name":"Vampires","floor":22,"gold_loss":0,"cards_obtained":["Bite","Bite","Bite","Bite","Bite"]}],"is_beta":false,"boss_relics":[{"not_picked":["Tiny House","Pandora\u0027s Box"],"picked":"Replay:Bronze Core"}],"items_purged_floors":[],"is_endless":false,"potions_floor_spawned":[4,6,13,14,16,18],"killed_by":"Gremlin Leader","ascension_level":3}}