{"host":"2461dio7vetlq1z3","time":1607480980,"event":{"gold_per_floor":[163,163,173,190,203,238,238,252,252,252,252,272,45,78,78,177,177,196,170,170,188,278,313,329,329,356,356,356],"floor_reached":27,"playtime":1873,"items_purged":["hermit:Strike_Hermit"],"score":294,"play_id":"2049fa72-4662-4928-82d0-9424e4aa1c93","local_time":"20201209032940","is_ascension_mode":true,"campfire_choices":[{"data":"hermit:WideOpen","floor":7,"key":"SMITH"},{"floor":11,"key":"REST"},{"data":"stsjorbsmod:TrueStrike","floor":15,"key":"SMITH"},{"floor":25,"key":"REST"}],"neow_cost":"NONE","seed_source_timestamp":319992318851400,"circlet_count":0,"master_deck":["hermit:Snapshot","hermit:Covet","hermit:Manifest","hermit:Enervate","hermit:Cheat","hermit:WideOpen+1","hermit:SprayPray","hermit:Malice","hermit:ShadowCloak+1","stsjorbsmod:TrueStrike+1","DevaForm","hermit:ItchyTrigger","hermit:FromBeyond","hermit:GhostlyPresence","hermit:Snipe","hermit:TrackingShot","hermit:GhostlyPresence","hermit:PistolWhip","Terror","Dark Shackles","Writhe","BattleHymn+1","Blur","Dark Shackles"],"relics":["Tiny House","Pantograph","CaptainsWheel","Question Card","PrismaticShard","Oddly Smooth Stone","Pandora\u0027s Box","Letter Opener","Sundial","Bag of Preparation"],"potions_floor_usage":[5,6,14,14,16,23,23],"damage_taken":[{"damage":1,"enemies":"Cultist","floor":1,"turns":3},{"damage":7,"enemies":"Jaw Worm","floor":3,"turns":4},{"damage":0,"enemies":"2 Louse","floor":4,"turns":2},{"damage":24,"enemies":"Exordium Thugs","floor":5,"turns":7},{"damage":32,"enemies":"Lagavulin","floor":6,"turns":7},{"damage":0,"enemies":"Red Slaver","floor":8,"turns":4},{"damage":2,"enemies":"Gremlin Gang","floor":12,"turns":5},{"damage":4,"enemies":"3 Sentries","floor":14,"turns":6},{"damage":36,"enemies":"Hexaghost","floor":16,"turns":9},{"damage":0,"enemies":"Spheric Guardian","floor":18,"turns":3},{"damage":15,"enemies":"2 Thieves","floor":19,"turns":5},{"damage":5,"enemies":"Snecko","floor":21,"turns":5},{"damage":7,"enemies":"Book of Stabbing","floor":23,"turns":5},{"damage":9,"enemies":"Cultist and Chosen","floor":24,"turns":6},{"damage":44,"enemies":"Slavers","floor":27,"turns":4}],"seed_played":"806197451956049964","potions_obtained":[{"floor":0,"key":"Dexterity Potion"},{"floor":1,"key":"DistilledChaos"},{"floor":3,"key":"DuplicationPotion"},{"floor":8,"key":"DistilledChaos"},{"floor":14,"key":"AttackPotion"},{"floor":18,"key":"GamblersBrew"}],"is_trial":false,"path_per_floor":["M","T","M","M","M","E","R","M","T","?","R","M","$","E","R","B",null,"M","M","?","M","?","E","M","R","T","E"],"character_chosen":"HERMIT","items_purchased":["PrismaticShard"],"campfire_rested":2,"item_purchase_floors":[13],"current_hp_per_floor":[79,79,72,72,48,16,16,16,16,16,40,38,38,34,34,23,80,80,65,65,60,35,28,19,43,43,0,0],"gold":356,"neow_bonus":"BOSS_RELIC","is_prod":false,"is_daily":false,"chose_seed":false,"campfire_upgraded":2,"win_rate":0,"timestamp":1607480980,"path_taken":["M","?","M","M","M","E","R","?","T","?","R","M","?","E","R","BOSS","M","M","?","M","?","E","M","R","T","E"],"build_version":"2020-11-30","purchased_purges":1,"victory":false,"max_hp_per_floor":[80,80,80,80,80,80,80,80,80,80,80,80,80,80,80,80,80,80,80,80,80,80,80,80,80,80,80,80],"card_choices":[{"not_picked":["hermit:FullyLoaded","hermit:DeadMansHand"],"picked":"hermit:Manifest","floor":0},{"not_picked":["hermit:WideOpen","hermit:Snipe"],"picked":"hermit:Enervate","floor":1},{"not_picked":["hermit:CalledShot","hermit:Ricochet"],"picked":"hermit:Cheat","floor":3},{"not_picked":["hermit:Ricochet","hermit:EyeOfTheStorm"],"picked":"hermit:WideOpen","floor":4},{"not_picked":["hermit:Snipe","hermit:TrackingShot"],"picked":"hermit:SprayPray","floor":5},{"not_picked":["hermit:Headshot","hermit:EyeOfTheStorm"],"picked":"hermit:Malice","floor":6},{"not_picked":["hermit:Dissolve","hermit:WideOpen"],"picked":"hermit:ShadowCloak","floor":8},{"not_picked":["hermit:NoHoldsBarred","hermit:HoleUp","hermit:Quickdraw","hermit:Showdown"],"picked":"SKIP","floor":12},{"not_picked":["Lockon","Whirlwind","SandsOfTime"],"picked":"stsjorbsmod:TrueStrike","floor":14},{"not_picked":["Die Die Die","stsjorbsmod:Toil","Core Surge"],"picked":"DevaForm","floor":16},{"not_picked":["Dagger Spray","Flying Knee+1","Melter+1"],"picked":"Terror","floor":18},{"not_picked":["Stack","stsjorbsmod:Mindworm+1","Perfected Strike"],"picked":"Dark Shackles","floor":19},{"not_picked":["Predator","Skim+1","Halt+1"],"picked":"BattleHymn+1","floor":21},{"not_picked":["hermit:Grudge","Pummel+1","Sucker Punch"],"picked":"Blur","floor":23},{"not_picked":["stsjorbsmod:Melt","hermit:NoHoldsBarred","Thunderclap+1"],"picked":"Dark Shackles","floor":24}],"player_experience":574337,"relics_obtained":[{"floor":2,"key":"Pantograph"},{"floor":6,"key":"CaptainsWheel"},{"floor":9,"key":"Question Card"},{"floor":14,"key":"Oddly Smooth Stone"},{"floor":23,"key":"Sundial"},{"floor":26,"key":"Bag of Preparation"}],"event_choices":[{"damage_healed":0,"gold_gain":0,"player_choice":"Upgraded","damage_taken":0,"max_hp_gain":0,"max_hp_loss":0,"event_name":"Upgrade Shrine","floor":10,"gold_loss":0,"cards_upgraded":["hermit:ShadowCloak"]},{"damage_healed":0,"gold_gain":0,"player_choice":"Opened","damage_taken":0,"relics_obtained":["Letter Opener"],"max_hp_gain":0,"max_hp_loss":0,"event_name":"The Mausoleum","floor":20,"gold_loss":0,"cards_obtained":["Writhe"]},{"damage_healed":0,"gold_gain":90,"player_choice":"POTION POTION GOLD ","damage_taken":25,"max_hp_gain":0,"max_hp_loss":0,"event_name":"Knowing Skull","floor":22,"potions_obtained":["SmokeBomb","hermit:Eclipse"],"gold_loss":0,"cards_obtained":[]}],"is_beta":false,"boss_relics":[{"not_picked":["hermit:DentedPlate","Busted Crown"],"picked":"Pandora\u0027s Box"}],"items_purged_floors":[13],"is_endless":false,"potions_floor_spawned":[1,3,8,14,18],"killed_by":"Slavers","ascension_level":4}}