{"host":"9anmc1688xy4jiyg","time":1607521078,"event":{"gold_per_floor":[119,119,138,154,165,197,197,209,209,241,303,303,303,316,316,414,414,433,446,446,15,27,27,62,72,120,120,151,161,161,173,173,278,278,289,289,343,343,361,389,389,389,415,4,39,39,74,85,85,85],"floor_reached":51,"playtime":3598,"items_purged":["Pain"],"score":1566,"play_id":"d7d0611a-5c52-4c32-bbd2-b26f8f0163c8","local_time":"20201209143758","is_ascension_mode":true,"campfire_choices":[{"data":"Zap","floor":7.0,"key":"SMITH"},{"floor":13.0,"key":"REST"},{"floor":15.0,"key":"REST"},{"data":"Echo Form","floor":23.0,"key":"SMITH"},{"data":"Dualcast","floor":30.0,"key":"SMITH"},{"data":"Echo Form","floor":32.0,"key":"SMITH"},{"floor":41.0,"key":"REST"},{"floor":49.0,"key":"REST"}],"neow_cost":"NONE","seed_source_timestamp":0,"circlet_count":0,"master_deck":["AscendersBane","Strike_B","Strike_B","Strike_B","Strike_B","Defend_B","Defend_B","Defend_B","Defend_B","Zap+1","Dualcast+1","Sweeping Beam+1","Gash","Cold Snap","Hologram+1","Core Surge","Go for the Eyes+1","Steam+1","Stack+1","Echo Form+1","Conserve Battery+1","Double Energy+1","Conserve Battery+1","Hologram+1","Darkness+1","Darkness+1","FTL","Echo Form+1","Biased Cognition","Stack+1","Madness+1","Madness+1","Double Energy+1","Dramatic Entrance","Fusion+1","Cold Snap+1","Hologram+1","Echo Form+1","Chrysalis+1","Mind Blast","Multi-Cast+1","Hologram+1","Beam Cell+1","Coolheaded+1"],"special_seed":0,"relics":["Cracked Core","NeowsBlessing","Toxic Egg 2","Juzu Bracelet","Sundial","Unceasing Top","Strawberry","Pen Nib","Nuclear Battery","WarpedTongs","PreservedInsect","Lee\u0027s Waffle","Cables","Vajra","CultistMask","Symbiotic Virus","Black Star","Turnip","Omamori","Dream Catcher","Orichalcum","DataDisk","Kunai","Pear","Whetstone","Blue Candle"],"potions_floor_usage":[50,50],"damage_taken":[{"damage":0.0,"enemies":"Jaw Worm","floor":1.0,"turns":1.0},{"damage":0.0,"enemies":"Cultist","floor":3.0,"turns":1.0},{"damage":0.0,"enemies":"Small Slimes","floor":4.0,"turns":1.0},{"damage":7.0,"enemies":"Exordium Wildlife","floor":5.0,"turns":4.0},{"damage":24.0,"enemies":"3 Sentries","floor":6.0,"turns":6.0},{"damage":4.0,"enemies":"Red Slaver","floor":8.0,"turns":3.0},{"damage":9.0,"enemies":"Gremlin Nob","floor":10.0,"turns":4.0},{"damage":20.0,"enemies":"Lagavulin Event","floor":11.0,"turns":6.0},{"damage":8.0,"enemies":"3 Louse","floor":14.0,"turns":3.0},{"damage":25.0,"enemies":"Hexaghost","floor":16.0,"turns":11.0},{"damage":19.0,"enemies":"3 Byrds","floor":18.0,"turns":5.0},{"damage":10.0,"enemies":"Chosen","floor":19.0,"turns":4.0},{"damage":8.0,"enemies":"Shelled Parasite and Fungi","floor":22.0,"turns":5.0},{"damage":6.0,"enemies":"Book of Stabbing","floor":24.0,"turns":6.0},{"damage":17.0,"enemies":"Snake Plant","floor":25.0,"turns":4.0},{"damage":5.0,"enemies":"Slavers","floor":28.0,"turns":4.0},{"damage":0.0,"enemies":"Snecko","floor":29.0,"turns":3.0},{"damage":2.0,"enemies":"Chosen and Byrds","floor":31.0,"turns":4.0},{"damage":23.0,"enemies":"Champ","floor":33.0,"turns":8.0},{"damage":1.0,"enemies":"Orb Walker","floor":35.0,"turns":2.0},{"damage":20.0,"enemies":"2 Orb Walkers","floor":37.0,"turns":4.0},{"damage":18.0,"enemies":"3 Darklings","floor":39.0,"turns":6.0},{"damage":0.0,"enemies":"Reptomancer","floor":40.0,"turns":2.0},{"damage":0.0,"enemies":"Nemesis","floor":45.0,"turns":3.0},{"damage":0.0,"enemies":"Reptomancer","floor":47.0,"turns":3.0},{"damage":10.0,"enemies":"Maw","floor":48.0,"turns":5.0},{"damage":1,"enemies":"Donu and Deca","floor":50,"turns":6}],"seed_played":"4305764591382632744","potions_obtained":[{"floor":1.0,"key":"BlessingOfTheForge"},{"floor":4.0,"key":"GamblersBrew"},{"floor":5.0,"key":"GamblersBrew"},{"floor":10.0,"key":"LiquidBronze"},{"floor":16.0,"key":"SpeedPotion"},{"floor":18.0,"key":"Ancient Potion"},{"floor":25.0,"key":"ColorlessPotion"},{"floor":29.0,"key":"Regen Potion"},{"floor":31.0,"key":"LiquidMemories"},{"floor":33.0,"key":"Energy Potion"},{"floor":37.0,"key":"PotionOfCapacity"},{"floor":47.0,"key":"SpeedPotion"}],"is_trial":false,"path_per_floor":["M","?","M","M","M","E","R","M","T","E","?","?","R","M","R","B",null,"M","M","?","$","M","R","E","M","T","?","E","M","R","M","R","B",null,"M","?","?","?","M","E","R","?","T","$","E","$","E","M","R","B",null],"character_chosen":"DEFECT","items_purchased":["PreservedInsect","Lee\u0027s Waffle","Conserve Battery+1","DataDisk","Chrysalis+1","Mind Blast"],"campfire_rested":4,"item_purchase_floors":[21,21,21,44,44,44],"current_hp_per_floor":[68,68,68,68,61,37,37,33,33,24,11,8,32,24,48,23,67,48,38,38,89,81,81,75,58,58,58,53,53,53,63,63,40,77,76,65,45,45,27,27,53,53,53,53,63,63,63,53,82,81],"gold":85,"neow_bonus":"THREE_ENEMY_KILL","is_prod":false,"is_daily":false,"chose_seed":false,"campfire_upgraded":4,"win_rate":0,"timestamp":1607521078,"path_taken":["M","?","?","M","?","E","R","M","T","E","?","?","R","M","R","BOSS","M","M","?","$","M","R","E","M","T","?","E","M","R","M","R","BOSS","M","?","?","?","M","E","R","?","T","$","E","?","E","M","R","BOSS"],"build_version":"2020-11-30","purchased_purges":1,"victory":true,"max_hp_per_floor":[75,75,75,75,75,75,75,75,75,75,82,82,82,82,82,82,82,82,82,82,89,89,89,89,89,89,89,89,89,89,89,89,89,89,89,89,89,89,89,89,89,89,89,89,99,99,99,99,99,99],"relic_stats":{"Lee\u0027s Waffle":51,"counters":[27,114],"Blue Candle":[1],"Pen Nib":[22],"PreservedInsect":255,"Juzu Bracelet":2,"Whetstone":["Sweeping Beam","Go for the Eyes"],"Orichalcum":[18],"WarpedTongs":[63],"Cables":[63,6,8,38,11],"Dream Catcher":2,"Sundial":[10],"Turnip":[3],"Black Star":3,"Kunai":[12],"obtain_stats":[{"Vajra":26,"Juzu Bracelet":6,"Whetstone":47,"Dream Catcher":40,"Sundial":9,"Strawberry":11,"Kunai":45,"Toxic Egg 2":2,"Cracked Core":0,"Lee\u0027s Waffle":21,"Pear":45,"NeowsBlessing":0,"Blue Candle":47,"Pen Nib":12,"PreservedInsect":21,"Omamori":40,"Orichalcum":43,"Nuclear Battery":17,"WarpedTongs":20,"Cables":24,"DataDisk":44,"CultistMask":27,"Turnip":37,"Black Star":34,"Symbiotic Virus":28,"Unceasing Top":10},{"Vajra":15,"Juzu Bracelet":5,"Whetstone":25,"Dream Catcher":23,"Sundial":6,"Strawberry":8,"Kunai":24,"Toxic Egg 2":1,"Cracked Core":0,"Lee\u0027s Waffle":12,"Pear":24,"NeowsBlessing":0,"Blue Candle":25,"Pen Nib":8,"PreservedInsect":12,"Omamori":23,"Orichalcum":23,"Nuclear Battery":10,"WarpedTongs":12,"Cables":14,"DataDisk":23,"CultistMask":15,"Turnip":21,"Black Star":19,"Symbiotic Virus":16,"Unceasing Top":7},{"Vajra":64,"Juzu Bracelet":13,"Whetstone":103,"Dream Catcher":97,"Sundial":16,"Strawberry":26,"Kunai":100,"Toxic Egg 2":1,"Cracked Core":0,"Lee\u0027s Waffle":49,"Pear":100,"NeowsBlessing":0,"Blue Candle":103,"Pen Nib":26,"PreservedInsect":49,"Omamori":97,"Orichalcum":97,"Nuclear Battery":40,"WarpedTongs":49,"Cables":60,"DataDisk":97,"CultistMask":64,"Turnip":89,"Black Star":83,"Symbiotic Virus":68,"Unceasing Top":20}],"Unceasing Top":[139]},"card_choices":[{"not_picked":["White Noise","Gash"],"picked":"Sweeping Beam","floor":1.0},{"not_picked":["Static Discharge","Barrage"],"picked":"Gash","floor":3.0},{"not_picked":["Turbo+1","FTL"],"picked":"Cold Snap","floor":4.0},{"not_picked":["Coolheaded+1","Reprogram+1"],"picked":"Hologram+1","floor":5.0},{"not_picked":["Coolheaded+1","Blizzard"],"picked":"Core Surge","floor":6.0},{"not_picked":["Compile Driver","Barrage","Go for the Eyes"],"picked":"SKIP","floor":8.0},{"not_picked":["Sweeping Beam","Turbo+1"],"picked":"Go for the Eyes","floor":10.0},{"not_picked":["Consume+1","Cold Snap"],"picked":"Steam+1","floor":11.0},{"not_picked":["Recycle+1","Darkness+1"],"picked":"Stack+1","floor":14.0},{"not_picked":["Buffer","Electrodynamics"],"picked":"Echo Form","floor":16.0},{"not_picked":["Go for the Eyes","Cold Snap"],"picked":"Conserve Battery+1","floor":18.0},{"not_picked":["Melter","Turbo+1"],"picked":"Double Energy+1","floor":19.0},{"not_picked":["Skim+1","Sweeping Beam"],"picked":"Hologram+1","floor":22.0},{"not_picked":["Rebound","Gash","Turbo+1"],"picked":"SKIP","floor":24.0},{"not_picked":["Coolheaded+1","Leap+1"],"picked":"Darkness+1","floor":25.0},{"not_picked":["Heatsinks","Scrape+1"],"picked":"Darkness+1","floor":28.0},{"not_picked":["Skim+1","Rebound"],"picked":"FTL","floor":29.0},{"not_picked":["Hello World","Consume+1"],"picked":"Echo Form","floor":31.0},{"not_picked":["Fission+1","Amplify+1"],"picked":"Biased Cognition","floor":33.0},{"not_picked":["Cold Snap","Barrage"],"picked":"Stack+1","floor":35.0},{"not_picked":["Tempest+1","Barrage"],"picked":"Double Energy+1","floor":37.0},{"not_picked":["Purity+1","HandOfGreed"],"picked":"Dramatic Entrance","floor":38.0},{"not_picked":["Go for the Eyes","Streamline"],"picked":"Fusion+1","floor":39.0},{"not_picked":["Turbo+1","Coolheaded+1"],"picked":"Cold Snap+1","floor":40.0},{"not_picked":["Rebound","Undo+1"],"picked":"Hologram+1","floor":41.0},{"not_picked":["Turbo+1","Lockon"],"picked":"Multi-Cast+1","floor":45.0},{"not_picked":["Cold Snap","Hello World"],"picked":"Hologram+1","floor":47.0},{"not_picked":["Go for the Eyes+1","Conserve Battery+1"],"picked":"Beam Cell+1","floor":48.0},{"not_picked":["Force Field+1","Rebound"],"picked":"Coolheaded+1","floor":49.0}],"player_experience":411707,"relics_obtained":[{"floor":6.0,"key":"Juzu Bracelet"},{"floor":9.0,"key":"Sundial"},{"floor":10.0,"key":"Unceasing Top"},{"floor":11.0,"key":"Strawberry"},{"floor":24.0,"key":"Cables"},{"floor":26.0,"key":"Vajra"},{"floor":28.0,"key":"Symbiotic Virus"},{"floor":37.0,"key":"Turnip"},{"floor":40.0,"key":"Omamori"},{"floor":40.0,"key":"Dream Catcher"},{"floor":43.0,"key":"Orichalcum"},{"floor":45.0,"key":"Kunai"},{"floor":45.0,"key":"Pear"},{"floor":47.0,"key":"Whetstone"},{"floor":47.0,"key":"Blue Candle"}],"event_choices":[{"damage_healed":0.0,"max_hp_gain":0.0,"max_hp_loss":0.0,"gold_gain":0.0,"event_name":"WeMeetAgain","player_choice":"Gave Potion","floor":2.0,"gold_loss":0.0,"damage_taken":0.0,"relics_obtained":["Toxic Egg 2"]},{"damage_healed":0.0,"max_hp_gain":0.0,"max_hp_loss":0.0,"gold_gain":30.0,"event_name":"Dead Adventurer","player_choice":"Searched \u00272\u0027 times","floor":11.0,"gold_loss":0.0,"damage_taken":0.0},{"damage_healed":0.0,"max_hp_gain":0.0,"max_hp_loss":0.0,"gold_gain":0.0,"event_name":"Scrap Ooze","player_choice":"Success","floor":12.0,"gold_loss":0.0,"damage_taken":3.0,"relics_obtained":["Pen Nib"]},{"damage_healed":0.0,"max_hp_gain":0.0,"max_hp_loss":0.0,"gold_gain":0.0,"event_name":"Accursed Blacksmith","player_choice":"Rummage","floor":20.0,"gold_loss":0.0,"damage_taken":0.0,"relics_obtained":["WarpedTongs"],"cards_obtained":["Pain"]},{"damage_healed":0.0,"max_hp_gain":0.0,"max_hp_loss":0.0,"gold_gain":0.0,"event_name":"FaceTrader","player_choice":"Trade","floor":27.0,"gold_loss":0.0,"damage_taken":0.0,"relics_obtained":["CultistMask"]},{"damage_healed":0.0,"max_hp_gain":0.0,"max_hp_loss":0.0,"gold_gain":0.0,"event_name":"Winding Halls","player_choice":"Embrace Madness","floor":36.0,"gold_loss":0.0,"damage_taken":11.0,"cards_obtained":["Madness","Madness"]},{"damage_healed":0.0,"max_hp_gain":0.0,"max_hp_loss":0.0,"gold_gain":0.0,"event_name":"Mysterious Sphere","player_choice":"Fight","floor":37.0,"gold_loss":0.0,"damage_taken":0.0},{"damage_healed":0.0,"max_hp_gain":0.0,"max_hp_loss":0.0,"gold_gain":0.0,"event_name":"SensoryStone","player_choice":"Memory 1","floor":38.0,"gold_loss":0.0,"damage_taken":0.0},{"damage_healed":0.0,"max_hp_gain":0.0,"max_hp_loss":0.0,"gold_gain":0.0,"event_name":"Duplicator","player_choice":"Copied","floor":42.0,"gold_loss":0.0,"damage_taken":0.0,"cards_obtained":["Echo Form"]}],"is_beta":false,"boss_relics":[{"not_picked":["Ectoplasm","Philosopher\u0027s Stone"],"picked":"Nuclear Battery"},{"not_picked":["Tiny House","Empty Cage"],"picked":"Black Star"}],"items_purged_floors":[21],"is_endless":false,"potions_floor_spawned":[1,4,5,10,16,18,25,29,31,33,37,39,47,48],"ascension_level":12}}