{"host":"6ko66ogg91i6g7xq","time":1607504316,"event":{"gold_per_floor":[116,191,207,207,207,241,254,288,360,360,360],"floor_reached":10,"playtime":166,"items_purged":[],"score":106,"play_id":"529d4bd9-82b2-4203-bb14-cd896af3c351","local_time":"20201209035836","is_ascension_mode":true,"campfire_choices":[],"neow_cost":"NONE","seed_source_timestamp":133777011289299,"circlet_count":0,"master_deck":["Strike_G","Strike_G","Strike_G","Strike_G","Strike_G","Defend_G","Defend_G","Defend_G","Defend_G","Defend_G","Survivor","Neutralize","Poisoned Stab","Heel Hook","Poisoned Stab","Malaise"],"relics":["Ring of the Snake","NeowsBlessing","Golden Idol","Turnip","Bag of Marbles","InkBottle"],"potions_floor_usage":[10],"damage_taken":[{"damage":0,"enemies":"Small Slimes","floor":1,"turns":1},{"damage":0,"enemies":"Jaw Worm","floor":3,"turns":1},{"damage":0,"enemies":"3 Sentries","floor":6,"turns":1},{"damage":1,"enemies":"Cultist","floor":7,"turns":3},{"damage":20,"enemies":"Gremlin Nob","floor":8,"turns":5},{"damage":0,"enemies":"3 Louse","floor":10,"turns":1}],"seed_played":"-6816369808392598223","potions_obtained":[{"floor":3,"key":"Energy Potion"},{"floor":7,"key":"AttackPotion"}],"is_trial":false,"path_per_floor":["M","?","M","?","$","E","M","E","T","M"],"character_chosen":"THE_SILENT","items_purchased":[],"campfire_rested":0,"item_purchase_floors":[],"current_hp_per_floor":[70,59,59,42,42,42,41,21,21,21,21],"gold":360,"neow_bonus":"THREE_ENEMY_KILL","is_prod":false,"is_daily":false,"chose_seed":false,"campfire_upgraded":0,"win_rate":0,"timestamp":1607504316,"path_taken":["M","?","M","?","?","E","?","E","T","M"],"build_version":"2020-11-30","purchased_purges":0,"victory":false,"max_hp_per_floor":[70,70,70,70,70,70,70,70,70,70,70],"relic_stats":{"counters":[6,12],"Golden Idol":17,"Turnip":[0],"obtain_stats":[{"NeowsBlessing":0,"Golden Idol":4,"Turnip":6,"Bag of Marbles":8,"InkBottle":9,"Ring of the Snake":0},{"NeowsBlessing":0,"Golden Idol":2,"Turnip":3,"Bag of Marbles":5,"InkBottle":5,"Ring of the Snake":0},{"NeowsBlessing":0,"Golden Idol":2,"Turnip":3,"Bag of Marbles":11,"InkBottle":11,"Ring of the Snake":0}],"InkBottle":[0],"Ring of the Snake":[12]},"card_choices":[{"not_picked":["Backflip","Slice"],"picked":"Poisoned Stab","floor":1},{"not_picked":["Sucker Punch","Flechettes"],"picked":"Heel Hook","floor":3},{"not_picked":["Terror","Deflect"],"picked":"Poisoned Stab","floor":6},{"not_picked":["Outmaneuver","Blur"],"picked":"Malaise","floor":7},{"not_picked":["Masterful Stab","Outmaneuver","Flying Knee"],"picked":"SKIP","floor":8}],"player_experience":245979,"relics_obtained":[{"floor":6,"key":"Turnip"},{"floor":8,"key":"Bag of Marbles"},{"floor":9,"key":"InkBottle"}],"event_choices":[{"damage_healed":0,"gold_gain":75,"player_choice":"Gather Gold","damage_taken":11,"max_hp_gain":0,"max_hp_loss":0,"event_name":"World of Goop","floor":2,"gold_loss":0},{"damage_healed":0,"gold_gain":0,"player_choice":"Take Damage","damage_taken":17,"relics_obtained":["Golden Idol"],"max_hp_gain":0,"max_hp_loss":0,"event_name":"Golden Idol","floor":4,"gold_loss":0}],"is_beta":false,"boss_relics":[],"items_purged_floors":[],"is_endless":false,"potions_floor_spawned":[3,7],"killed_by":"3 Louse","ascension_level":1}}