{"host":"4be9rrw6luv8jrir","time":1607533782,"event":{"gold_per_floor":[113,113,124,49,68,103,123,143,143,178,178,178,174,94,94,94,94],"floor_reached":16,"playtime":424,"items_purged":["Strike_R","Strike_R"],"score":144,"play_id":"a06b471f-2010-478b-afd5-479f5b57b8a8","local_time":"20201210010942","is_ascension_mode":true,"campfire_choices":[{"floor":15,"key":"RECALL"}],"neow_cost":"NONE","seed_source_timestamp":172070861504100,"circlet_count":0,"master_deck":["Strike_R","Strike_R","Strike_R","Defend_R","Defend_R","Defend_R","Defend_R","Bash","Shrug It Off+1","Feed","Intimidate","Metallicize","Inflame","Ghostly Armor","Heavy Blade","Flex","MostiFishMod:CullingBlade"],"relics":["DaveBox","SentryEyes","GreenFoldingFan","Question Card","Bottled Flame","The Courier","Bottled Lightning","Golden Idol"],"potions_floor_usage":[10,13],"damage_taken":[{"damage":5,"enemies":"Jaw Worm","floor":1,"turns":2},{"damage":4,"enemies":"Cultist","floor":3,"turns":2},{"damage":4,"enemies":"2 Louse","floor":5,"turns":2},{"damage":6,"enemies":"Gremlin Nob","floor":6,"turns":3},{"damage":4,"enemies":"Exordium Wildlife","floor":7,"turns":2},{"damage":4,"enemies":"Gremlin Gang","floor":8,"turns":2},{"damage":13,"enemies":"Lagavulin","floor":10,"turns":4},{"damage":13,"enemies":"Red Slaver","floor":13,"turns":5},{"damage":12,"enemies":"The Guardian","floor":16,"turns":3}],"seed_played":"8614097538245702775","potions_obtained":[{"floor":1,"key":"BloodPotion"},{"floor":6,"key":"Strength Potion"},{"floor":10,"key":"Fire Potion"}],"is_trial":false,"path_per_floor":["M","?","M","$","M","E","M","M","T","E","?","?","M","$","R","B"],"character_chosen":"IRONCLAD","items_purchased":[],"campfire_rested":0,"item_purchase_floors":[],"current_hp_per_floor":[80,80,80,80,80,83,86,89,89,86,64,64,64,64,64,52,52],"gold":94,"neow_bonus":"BOSS_RELIC","is_prod":false,"is_daily":false,"chose_seed":false,"campfire_upgraded":0,"win_rate":0,"timestamp":1607533782,"path_taken":["M","?","M","$","?","E","M","M","T","E","?","?","M","$","R","BOSS"],"build_version":"2020-11-30","purchased_purges":2,"victory":false,"max_hp_per_floor":[80,80,80,80,80,83,86,89,89,89,89,89,92,92,92,92,92],"card_choices":[{"not_picked":["Iron Wave","Uppercut"],"picked":"Shrug It Off","floor":1},{"not_picked":["Clothesline","Shrug It Off","hubris:ReadiedAction"],"picked":"Metallicize","floor":3},{"not_picked":["Anger","Twin Strike","Clash","ReplayTheSpireMod:Strike From Hell"],"picked":"SKIP","floor":5},{"not_picked":["ReplayTheSpireMod:Strike From Hell","Twin Strike","Dark Embrace"],"picked":"Inflame","floor":6},{"not_picked":["ReplayTheSpireMod:LeadingStrike","Warcry","Clothesline"],"picked":"Ghostly Armor","floor":7},{"not_picked":["Twin Strike","Pommel Strike","Reckless Charge"],"picked":"Heavy Blade","floor":8},{"not_picked":["Thunderclap","Replay:Undeath\u0027s Touch","Warcry"],"picked":"Flex","floor":10},{"not_picked":["Infernal Blade","Headbutt","Havoc"],"picked":"MostiFishMod:CullingBlade","floor":13}],"player_experience":470784,"relics_obtained":[{"floor":1,"key":"Question Card"},{"floor":6,"key":"Bottled Flame"},{"floor":9,"key":"The Courier"},{"floor":10,"key":"Bottled Lightning"}],"event_choices":[{"damage_healed":0,"gold_gain":0,"player_choice":"2 cards matched","damage_taken":0,"max_hp_gain":0,"max_hp_loss":0,"event_name":"Match and Keep!","floor":2,"gold_loss":0,"cards_obtained":["Feed","Intimidate"]},{"damage_healed":0,"gold_gain":0,"player_choice":"Take Damage","damage_taken":22,"relics_obtained":["Golden Idol"],"max_hp_gain":0,"max_hp_loss":0,"event_name":"Golden Idol","floor":11,"gold_loss":0}],"is_beta":false,"boss_relics":[],"items_purged_floors":[4,14],"is_endless":false,"potions_floor_spawned":[1,6,10],"killed_by":"The Guardian","ascension_level":1}}