{"host":"ixl9a8gzl87gveif","time":1607472675,"event":{"gold_per_floor":[115,115,115,140,17,17,17,17],"floor_reached":7,"playtime":125,"items_purged":[],"score":78,"play_id":"383550f0-2cd8-43b2-ad8f-2b9f25f9612c","local_time":"20201209001115","is_ascension_mode":true,"campfire_choices":[{"data":"Coolheaded","floor":6,"key":"SMITH"}],"neow_cost":"NONE","seed_source_timestamp":286444779451300,"circlet_count":0,"master_deck":["AscendersBane","Strike_B","Strike_B","Strike_B","Strike_B","Defend_B","Defend_B","Defend_B","Defend_B","Zap","Dualcast","Self Repair","Coolheaded+1"],"relics":["Philosopher\u0027s Stone","Golden Idol","Molten Egg 2"],"potions_floor_usage":[],"damage_taken":[{"damage":13,"enemies":"Small Slimes","floor":1,"turns":4},{"damage":9,"enemies":"2 Louse","floor":4,"turns":3},{"damage":64,"enemies":"Gremlin Nob","floor":7,"turns":4}],"seed_played":"-8778635450042375387","potions_obtained":[{"floor":1,"key":"Fruit Juice"}],"is_trial":false,"path_per_floor":["M","?","?","M","?","R","E"],"character_chosen":"DEFECT","items_purchased":[],"campfire_rested":0,"item_purchase_floors":[],"current_hp_per_floor":[51,51,51,49,49,49,0,0],"gold":17,"neow_bonus":"BOSS_RELIC","is_prod":false,"is_daily":false,"chose_seed":false,"campfire_upgraded":1,"win_rate":0,"timestamp":1607472675,"path_taken":["M","?","?","M","?","R","E"],"build_version":"2020-11-30","purchased_purges":0,"victory":false,"max_hp_per_floor":[71,71,71,71,71,71,71,71],"relic_stats":{"counters":[3,11],"Golden Idol":5,"obtain_stats":[{"Golden Idol":2,"Philosopher\u0027s Stone":0,"Molten Egg 2":5,"Cracked Core":0},{"Golden Idol":1,"Philosopher\u0027s Stone":0,"Molten Egg 2":2,"Cracked Core":0},{"Golden Idol":4,"Philosopher\u0027s Stone":0,"Molten Egg 2":7,"Cracked Core":0}]},"card_choices":[{"not_picked":["Double Energy","Hologram"],"picked":"Self Repair","floor":1},{"not_picked":["Barrage","Rebound"],"picked":"Coolheaded","floor":4}],"player_experience":336540,"relics_obtained":[],"event_choices":[{"damage_healed":0,"gold_gain":0,"player_choice":"Take Wound","damage_taken":0,"relics_obtained":["Golden Idol"],"max_hp_gain":0,"max_hp_loss":0,"event_name":"Golden Idol","floor":2,"gold_loss":0,"cards_obtained":["Injury"]},{"cards_removed":["Injury"],"damage_healed":0,"gold_gain":0,"player_choice":"Forget","damage_taken":0,"max_hp_gain":0,"max_hp_loss":0,"event_name":"Living Wall","floor":3,"gold_loss":0},{"damage_healed":0,"gold_gain":0,"player_choice":"Paid Gold","damage_taken":0,"relics_obtained":["Molten Egg 2"],"max_hp_gain":0,"max_hp_loss":0,"event_name":"WeMeetAgain","floor":5,"gold_loss":123}],"is_beta":false,"boss_relics":[],"items_purged_floors":[],"is_endless":false,"potions_floor_spawned":[1],"killed_by":"Gremlin Nob","ascension_level":20}}