{"host":"gcl3kjho9wmyw479","time":1607552088,"event":{"gold_per_floor":[112,12,187,16,16,16,16,44,67,93,93,124,157,3,3,99,99,115,65,65,97,47,47,47,81,81,114,114,142,142,154,154,258,258,272,78,128,128,241,241,241,270,270,297,330,359,390,128,128,128,128,128,5,32,32],"floor_reached":56,"playtime":1854,"items_purged":["Warcry","Doubt","Sword Boomerang","Cleave","Flex","Flex"],"score":2075,"play_id":"18c07ebf-6e6c-473d-903e-588ba976e8dd","local_time":"20201209171448","daily_mods":["SealedDeck","Heirloom","Flight","DeadlyEvents","Elite Swarm"],"is_ascension_mode":true,"campfire_choices":[{"data":"Heavy Blade","floor":6,"key":"SMITH"},{"data":"Burning Pact","floor":7,"key":"SMITH"},{"data":"Limit Break","floor":11,"key":"SMITH"},{"data":"Sentinel","floor":15,"key":"SMITH"},{"data":"Inflame","floor":23,"key":"SMITH"},{"data":"Pommel Strike","floor":24,"key":"SMITH"},{"data":"Offering","floor":28,"key":"SMITH"},{"data":"Flex","floor":30,"key":"SMITH"},{"floor":32,"key":"REST"},{"data":"Madness","floor":40,"key":"SMITH"},{"floor":41,"key":"RECALL"},{"data":"Shrug It Off","floor":49,"key":"SMITH"},{"floor":52,"key":"REST"}],"neow_cost":"","seed_source_timestamp":38892282105700,"circlet_count":0,"master_deck":["Sentinel+1","Heavy Blade+1","Pommel Strike+1","Flex+1","Burning Pact+1","Shrug It Off+1","Inflame+1","Limit Break+1","Offering+1","CurseOfTheBell","Flex+1","Madness+1","Dramatic Entrance+1"],"relics":["Burning Blood","Du-Vu Doll","Vajra","conspire:GlowingRock","conspire:Dentures","Calipers","Brimstone","Philosopher\u0027s Stone","Boot","conspire:DeflatedDodgeball","Pantograph","Pocketwatch","Potion Belt","Gremlin Horn","MerchantsRug","CaptainsWheel","Happy Flower","Ginger","MealTicket","Bag of Preparation","TungstenRod","InkBottle","conspire:Flyswatter"],"potions_floor_usage":[16,27,33,50,55,55,55,55,55],"damage_taken":[{"damage":4,"enemies":"Jaw Worm","floor":1,"turns":2},{"damage":0,"enemies":"Gremlin Nob","floor":8,"turns":2},{"damage":10,"enemies":"3 Sentries","floor":10,"turns":3},{"damage":6,"enemies":"Gremlin Nob","floor":12,"turns":3},{"damage":0,"enemies":"Lagavulin","floor":13,"turns":3},{"damage":0,"enemies":"The Guardian","floor":16,"turns":3},{"damage":0,"enemies":"conspire:FuzzyDice","floor":18,"turns":1},{"damage":34,"enemies":"Slavers","floor":21,"turns":3},{"damage":0,"enemies":"Gremlin Leader","floor":25,"turns":1},{"damage":14,"enemies":"Slavers","floor":27,"turns":3},{"damage":6,"enemies":"conspire:Head Lice","floor":29,"turns":1},{"damage":6,"enemies":"2 Thieves","floor":31,"turns":1},{"damage":11,"enemies":"conspire:MysteriousRune","floor":33,"turns":2},{"damage":6,"enemies":"Orb Walker","floor":35,"turns":2},{"damage":12,"enemies":"Mind Bloom Boss Battle","floor":37,"turns":2},{"damage":6,"enemies":"Nemesis","floor":42,"turns":1},{"damage":6,"enemies":"Giant Head","floor":44,"turns":1},{"damage":6,"enemies":"Reptomancer","floor":45,"turns":1},{"damage":6,"enemies":"Giant Head","floor":46,"turns":1},{"damage":6,"enemies":"Nemesis","floor":47,"turns":1},{"damage":5,"enemies":"Awakened One","floor":50,"turns":2},{"damage":5,"enemies":"Shield and Spear","floor":54,"turns":1},{"damage":66,"enemies":"The Heart","floor":55,"turns":5}],"seed_played":"-6189653906686164112","potions_obtained":[{"floor":8,"key":"DuplicationPotion"},{"floor":10,"key":"DuplicationPotion"},{"floor":12,"key":"Ancient Potion"},{"floor":21,"key":"Block Potion"},{"floor":27,"key":"AttackPotion"},{"floor":35,"key":"SpeedPotion"},{"floor":37,"key":"FearPotion"},{"floor":44,"key":"AttackPotion"},{"floor":54,"key":"Regen Potion"}],"is_trial":true,"path_per_floor":["M","$","?","$","?","R","R","E","T","E","R","E","E","$","R","B",null,"M","$","?","E","$","R","R","E","T","E","R","E","R","M","R","B",null,"M","$","?","?","$","R","R","E","T","E","E","E","E","$","R","B",null,"R","$","E","B",null],"character_chosen":"IRONCLAD","items_purchased":["Flex","Inflame","Brimstone","MerchantsRug","InkBottle","Dramatic Entrance+1","BloodPotion","Block Potion"],"campfire_rested":2,"item_purchase_floors":[2,4,14,36,48,53,53,53],"current_hp_per_floor":[80,80,80,80,80,80,80,80,80,76,76,76,80,80,80,80,80,80,80,80,52,52,52,52,58,58,50,50,50,50,50,74,69,80,80,80,74,74,74,74,74,74,74,74,74,74,74,80,80,80,80,80,80,80,48],"gold":32,"neow_bonus":"","is_prod":false,"is_daily":false,"chose_seed":false,"campfire_upgraded":10,"win_rate":0,"timestamp":1607552088,"path_taken":["M","$","?","$","?","R","R","E","T","E","R","E","E","$","R","BOSS","M","$","?","?","$","R","R","E","T","E","R","E","R","?","R","BOSS","M","$","?","?","$","R","R","E","T","E","E","E","E","$","R","BOSS","R","$","E","BOSS"],"build_version":"2020-11-30","purchased_purges":6,"victory":true,"max_hp_per_floor":[80,80,80,80,80,80,80,80,80,80,80,80,80,80,80,80,80,80,80,80,80,80,80,80,80,80,80,80,80,80,80,80,80,80,80,80,80,80,80,80,80,80,80,80,80,80,80,80,80,80,80,80,80,80,80],"card_choices":[{"not_picked":["Twin Strike","Pommel Strike","Metallicize"],"picked":"SKIP","floor":1},{"not_picked":["Feed","Bludgeon"],"picked":"Limit Break","floor":8},{"not_picked":["Double Tap","conspire:HitWhereItHurts","Bludgeon"],"picked":"SKIP","floor":10},{"not_picked":["Brutality","Berserk","conspire:HitWhereItHurts"],"picked":"SKIP","floor":12},{"not_picked":["Brutality","Corruption","Impervious"],"picked":"SKIP","floor":13},{"not_picked":["Warcry","Wild Strike","Thunderclap+1"],"picked":"SKIP","floor":18},{"not_picked":["Immolate","Bludgeon","Corruption"],"picked":"SKIP","floor":21},{"not_picked":["conspire:HitWhereItHurts","Brutality","conspire:Purge"],"picked":"SKIP","floor":25},{"not_picked":["Reaper","Limit Break"],"picked":"Offering","floor":27},{"not_picked":["Barricade","Impervious","Juggernaut"],"picked":"SKIP","floor":29},{"not_picked":["Havoc","Thunderclap+1","Heavy Blade+1"],"picked":"SKIP","floor":31},{"not_picked":["Sentinel+1","Headbutt+1","True Grit+1"],"picked":"SKIP","floor":35},{"not_picked":["Bludgeon+1","Shockwave"],"picked":"Flex+1","floor":37},{"not_picked":["Swift Strike+1","Apotheosis"],"picked":"Madness","floor":38},{"not_picked":["Berserk","Immolate+1","Double Tap"],"picked":"SKIP","floor":42},{"not_picked":["Juggernaut","conspire:HitWhereItHurts+1","Reaper+1"],"picked":"SKIP","floor":44},{"not_picked":["Impervious","Reaper+1","Immolate+1"],"picked":"SKIP","floor":45},{"not_picked":["Immolate+1","Demon Form","Feed+1"],"picked":"SKIP","floor":46},{"not_picked":["conspire:Purge","Juggernaut","Fiend Fire+1"],"picked":"SKIP","floor":47},{"not_picked":["conspire:Purge","Juggernaut","Fiend Fire+1"],"picked":"SKIP","floor":47},{"not_picked":["Exhume","Barricade","Fiend Fire"],"picked":"SKIP","floor":54}],"player_experience":391381,"relics_obtained":[{"floor":8,"key":"Vajra"},{"floor":9,"key":"Smiling Mask"},{"floor":10,"key":"conspire:GlowingRock"},{"floor":12,"key":"conspire:Dentures"},{"floor":13,"key":"Calipers"},{"floor":21,"key":"Boot"},{"floor":25,"key":"conspire:DeflatedDodgeball"},{"floor":26,"key":"Pantograph"},{"floor":27,"key":"Pocketwatch"},{"floor":29,"key":"Molten Egg 2"},{"floor":34,"key":"Potion Belt"},{"floor":34,"key":"Gremlin Horn"},{"floor":34,"key":"conspire:GiftBox"},{"floor":37,"key":"CaptainsWheel"},{"floor":42,"key":"Happy Flower"},{"floor":44,"key":"Ginger"},{"floor":45,"key":"MealTicket"},{"floor":46,"key":"Bag of Preparation"},{"floor":47,"key":"TungstenRod"},{"floor":54,"key":"conspire:Flyswatter"}],"event_choices":[{"damage_healed":0,"gold_gain":175,"player_choice":"AGREE","damage_taken":0,"max_hp_gain":0,"max_hp_loss":0,"event_name":"Liars Game","floor":3,"gold_loss":0,"cards_obtained":["Doubt"]},{"damage_healed":0,"gold_gain":0,"player_choice":"Leave","damage_taken":0,"max_hp_gain":0,"max_hp_loss":0,"event_name":"conspire:Investor","floor":5,"gold_loss":0},{"cards_removed":["Cleave"],"damage_healed":0,"gold_gain":0,"player_choice":"Give","damage_taken":0,"max_hp_gain":0,"max_hp_loss":0,"event_name":"betterNote:BetterNote","floor":20,"gold_loss":0,"cards_obtained":["Rampage"]},{"damage_healed":0,"gold_gain":0,"player_choice":"Fight","damage_taken":0,"max_hp_gain":0,"max_hp_loss":0,"event_name":"MindBloom","floor":37,"gold_loss":0},{"damage_healed":0,"gold_gain":0,"player_choice":"Memory 1","damage_taken":0,"max_hp_gain":0,"max_hp_loss":0,"event_name":"SensoryStone","floor":38,"gold_loss":0}],"is_beta":false,"boss_relics":[{"not_picked":["conspire:RoyalGoblet","Coffee Dripper"],"picked":"Philosopher\u0027s Stone"},{"not_picked":["Black Star","Snecko Eye"],"picked":"Calling Bell"}],"items_purged_floors":[2,4,19,22,36,39],"is_endless":false,"potions_floor_spawned":[8,10,12,13,21,25,27,31,35,37,44,54],"ascension_level":4}}