{"host":"32tuqnjc9ph8o6ph","time":1607496618,"event":{"gold_per_floor":[111,126,126,143,68,68,103,103,103,129,129,155,178,178,178,273,273,260,260,160,75,0,27,52,81,81,114,114,114,141,168,168,265,265,275,45,45,97,97,130,130,161,161,188,188,221,221,250,250,346,346,346],"floor_reached":51,"playtime":2191,"items_purged":["Strike_P","Defend_P"],"score":1190,"play_id":"b514eed5-33e0-4a17-9fe4-b6baca57d17c","local_time":"20201209145018","daily_mods":["Heirloom","Flight","Elite Swarm"],"is_ascension_mode":false,"campfire_choices":[{"data":"Eruption","floor":6.0,"key":"SMITH"},{"data":"Vigilance","floor":8.0,"key":"SMITH"},{"data":"Meditate","floor":11.0,"key":"SMITH"},{"data":"CutThroughFate","floor":15.0,"key":"SMITH"},{"floor":28,"key":"REST"},{"floor":29,"key":"REST"},{"floor":32,"key":"REST"},{"data":"WheelKick","floor":41,"key":"SMITH"},{"floor":47,"key":"REST"},{"data":"Brilliance","floor":49,"key":"SMITH"}],"neow_cost":"","seed_source_timestamp":0,"circlet_count":0,"master_deck":["Strike_P","Defend_P","Defend_P","Defend_P","Eruption+1","Vigilance+1","CutThroughFate+1","Meditate+1","ClearTheMind","CurseOfTheBell","Necronomicurse","Establishment+1","WheelKick+1","Mayhem+1","Devotion+1","Brilliance+1"],"special_seed":0,"relics":["PureWater","Calipers","Pantograph","Art of War","CloakClasp","StrikeDummy","Odd Mushroom","Dream Catcher","Calling Bell","Bag of Marbles","Ornamental Fan","Du-Vu Doll","Necronomicon","Centennial Puzzle","PreservedInsect","MealTicket","Omamori","Bottled Lightning","Ginger","Nunchaku","Frozen Egg 2","VioletLotus","TungstenRod","Mango","Letter Opener","Kunai","The Courier","Eternal Feather","Regal Pillow","Lizard Tail","Black Star"],"potions_floor_usage":[23,23,27,30,31,42,50],"damage_taken":[{"damage":0.0,"enemies":"Small Slimes","floor":1.0,"turns":3.0},{"damage":0.0,"enemies":"Cultist","floor":2.0,"turns":2.0},{"damage":0.0,"enemies":"2 Louse","floor":4.0,"turns":4.0},{"damage":23.0,"enemies":"Gremlin Nob","floor":7.0,"turns":4.0},{"damage":33.0,"enemies":"3 Sentries","floor":10.0,"turns":10.0},{"damage":11.0,"enemies":"Gremlin Nob","floor":12.0,"turns":4.0},{"damage":0.0,"enemies":"The Mushroom Lair","floor":13.0,"turns":4.0},{"damage":16.0,"enemies":"Slime Boss","floor":16.0,"turns":6.0},{"damage":9.0,"enemies":"2 Thieves","floor":18.0,"turns":4.0},{"damage":10,"enemies":"Slavers","floor":23,"turns":8},{"damage":9,"enemies":"Gremlin Leader","floor":24,"turns":5},{"damage":12,"enemies":"Slavers","floor":25,"turns":4},{"damage":1,"enemies":"Book of Stabbing","floor":27,"turns":3},{"damage":17,"enemies":"Gremlin Leader","floor":30,"turns":4},{"damage":4,"enemies":"Book of Stabbing","floor":31,"turns":2},{"damage":14,"enemies":"Automaton","floor":33,"turns":10},{"damage":8,"enemies":"Orb Walker","floor":35,"turns":6},{"damage":37,"enemies":"2 Orb Walkers","floor":38,"turns":4},{"damage":0,"enemies":"Giant Head","floor":40,"turns":6},{"damage":10,"enemies":"Reptomancer","floor":42,"turns":3},{"damage":0,"enemies":"Giant Head","floor":44,"turns":5},{"damage":52,"enemies":"Reptomancer","floor":46,"turns":3},{"damage":0,"enemies":"Giant Head","floor":48,"turns":5},{"damage":4,"enemies":"Donu and Deca","floor":50,"turns":5}],"seed_played":"-5370878692200165083","potions_obtained":[{"floor":2.0,"key":"Weak Potion"},{"floor":7.0,"key":"Regen Potion"},{"floor":10.0,"key":"LiquidBronze"},{"floor":13.0,"key":"Dexterity Potion"},{"floor":24,"key":"ColorlessPotion"},{"floor":25,"key":"AttackPotion"},{"floor":27,"key":"Fire Potion"},{"floor":40,"key":"SkillPotion"},{"floor":44,"key":"StancePotion"},{"floor":46,"key":"EssenceOfSteel"},{"floor":50,"key":"SteroidPotion"}],"is_trial":true,"path_per_floor":["M","M","?","M","$","R","E","R","T","E","R","E","?","?","R","B",null,"M","?","$","?","?","E","E","E","T","E","R","R","E","E","R","B",null,"M","$","?","?","?","E","R","E","T","E","?","E","R","E","R","B",null],"character_chosen":"WATCHER","items_purchased":["WheelKick","Mayhem+1"],"campfire_rested":4,"item_purchase_floors":[36,36],"current_hp_per_floor":[72,72,72,72,72,72,49,49,49,31,31,20,20,13,13,22,72,63,47,47,47,47,37,28,16,16,15,36,57,40,36,57,58,72,64,72,72,35,63,77,77,67,67,67,67,15,62,62,71,73,77,77],"gold":346,"neow_bonus":"","is_prod":false,"is_daily":false,"chose_seed":false,"campfire_upgraded":6,"win_rate":0,"timestamp":1607496618,"path_taken":["M","?","?","?","$","R","E","R","T","E","R","E","?","?","R","BOSS","M","?","$","?","?","E","E","E","T","E","R","R","E","E","R","BOSS","M","$","?","?","?","E","R","E","T","E","?","E","R","E","R","BOSS"],"build_version":"2020-11-30","purchased_purges":2,"victory":false,"max_hp_per_floor":[72,72,72,72,72,72,72,72,72,72,72,72,72,72,72,72,72,72,72,72,72,72,72,72,72,72,72,72,72,72,72,72,72,72,72,72,72,72,63,77,77,77,77,77,77,77,77,77,77,77,77,77],"card_choices":[{"not_picked":["Prostrate","WreathOfFlame"],"picked":"CutThroughFate","floor":1.0},{"not_picked":["PathToVictory","EmptyFist"],"picked":"Meditate","floor":2.0},{"not_picked":["CutThroughFate","Consecrate"],"picked":"ClearTheMind","floor":4.0},{"not_picked":["DevaForm","ConjureBlade","Brilliance"],"picked":"SKIP","floor":7.0},{"not_picked":["Devotion","LessonLearned","MasterReality"],"picked":"SKIP","floor":10.0},{"not_picked":["Ragnarok","Brilliance","ConjureBlade"],"picked":"SKIP","floor":12.0},{"not_picked":["BattleHymn","SashWhip","EmptyBody"],"picked":"SKIP","floor":18.0},{"not_picked":["Judgement","DevaForm","Brilliance"],"picked":"SKIP","floor":23},{"not_picked":["Judgement","DevaForm","Brilliance"],"picked":"SKIP","floor":23},{"not_picked":["Devotion","Vault","MasterReality"],"picked":"SKIP","floor":24},{"not_picked":["Wish","Blasphemy","Ragnarok"],"picked":"SKIP","floor":25},{"not_picked":["Brilliance","Omniscience","Judgement"],"picked":"SKIP","floor":27},{"not_picked":["Alpha","Judgement","SpiritShield"],"picked":"SKIP","floor":30},{"not_picked":["Wish","SpiritShield"],"picked":"Establishment+1","floor":31},{"not_picked":["Study+1","BowlingBash+1","PathToVictory"],"picked":"SKIP","floor":35},{"not_picked":["Blasphemy","Omniscience"],"picked":"Devotion+1","floor":40},{"not_picked":["Judgement","DeusExMachina"],"picked":"Brilliance","floor":42},{"not_picked":["Devotion+1","LessonLearned","DeusExMachina"],"picked":"SKIP","floor":44},{"not_picked":["DevaForm+1","Omniscience","Wish"],"picked":"SKIP","floor":46},{"not_picked":["Vault","Brilliance","Omniscience"],"picked":"SKIP","floor":48}],"player_experience":782566,"relics_obtained":[{"floor":7.0,"key":"Pantograph"},{"floor":9.0,"key":"Art of War"},{"floor":10.0,"key":"CloakClasp"},{"floor":12.0,"key":"StrikeDummy"},{"floor":13.0,"key":"Odd Mushroom"},{"floor":17.0,"key":"Bag of Marbles"},{"floor":17.0,"key":"Ornamental Fan"},{"floor":17.0,"key":"Du-Vu Doll"},{"floor":19.0,"key":"Necronomicon"},{"floor":23,"key":"PreservedInsect"},{"floor":24,"key":"MealTicket"},{"floor":25,"key":"Omamori"},{"floor":26,"key":"Bottled Lightning"},{"floor":27,"key":"Ginger"},{"floor":30,"key":"Nunchaku"},{"floor":31,"key":"Frozen Egg 2"},{"floor":38,"key":"TungstenRod"},{"floor":40,"key":"Mango"},{"floor":42,"key":"Letter Opener"},{"floor":43,"key":"Kunai"},{"floor":44,"key":"The Courier"},{"floor":46,"key":"Regal Pillow"},{"floor":48,"key":"Lizard Tail"}],"event_choices":[{"cards_removed":["Strike_P"],"damage_healed":0.0,"max_hp_gain":0.0,"max_hp_loss":0.0,"gold_gain":0.0,"event_name":"Purifier","player_choice":"Purged","floor":3.0,"gold_loss":0.0,"damage_taken":0.0},{"damage_healed":0.0,"max_hp_gain":0.0,"max_hp_loss":0.0,"gold_gain":0.0,"event_name":"Mushrooms","player_choice":"Fought Mushrooms","floor":13.0,"gold_loss":0.0,"damage_taken":0.0},{"damage_healed":0.0,"max_hp_gain":0.0,"max_hp_loss":0.0,"gold_gain":0.0,"event_name":"Scrap Ooze","player_choice":"Success","floor":14.0,"gold_loss":0.0,"damage_taken":7.0,"relics_obtained":["Dream Catcher"]},{"damage_healed":0.0,"max_hp_gain":0.0,"max_hp_loss":0.0,"gold_gain":0.0,"event_name":"Cursed Tome","player_choice":"Obtained Book","floor":19.0,"gold_loss":0.0,"damage_taken":16.0},{"damage_healed":0,"gold_gain":0,"player_choice":"Obtained Relic","damage_taken":0,"relics_obtained":["Centennial Puzzle"],"max_hp_gain":0,"max_hp_loss":0,"event_name":"Addict","floor":21,"gold_loss":85},{"cards_removed":["Strike_P"],"damage_healed":0,"gold_gain":0,"player_choice":"Gave Gold","damage_taken":0,"max_hp_gain":0,"max_hp_loss":0,"event_name":"Beggar","floor":22,"gold_loss":75},{"damage_healed":0,"gold_gain":0,"player_choice":"Memory 1","damage_taken":0,"max_hp_gain":0,"max_hp_loss":0,"event_name":"SensoryStone","floor":37,"gold_loss":0},{"damage_healed":0,"gold_gain":0,"player_choice":"Fight","damage_taken":0,"max_hp_gain":0,"max_hp_loss":0,"event_name":"Mysterious Sphere","floor":38,"gold_loss":0},{"damage_healed":63,"gold_gain":0,"player_choice":"Heal","damage_taken":0,"max_hp_gain":0,"max_hp_loss":9,"event_name":"The Moai Head","floor":39,"gold_loss":0},{"damage_healed":0,"gold_gain":0,"player_choice":"Gave Potion","damage_taken":0,"relics_obtained":["Eternal Feather"],"max_hp_gain":0,"max_hp_loss":0,"event_name":"WeMeetAgain","floor":45,"gold_loss":0}],"is_beta":false,"boss_relics":[{"not_picked":["Cursed Key","Fusion Hammer"],"picked":"Calling Bell"},{"not_picked":["Coffee Dripper","Sozu"],"picked":"VioletLotus"},{"not_picked":["Runic Pyramid","Velvet Choker"],"picked":"Black Star"}],"items_purged_floors":[5,20],"is_endless":true,"potions_floor_spawned":[2,7,10,13,24,25,27,40,44,46,50],"ascension_level":0}}