{"host":"6gwm7y0tp7acoxay","time":1607497071,"event":{"gold_per_floor":[117,130,150,150,150,180,191,191,191,221,248,282,315,63,63,142,142,152,152,152,77,87,119,145,45,71,71,99,128,128,155,155,232,232,242,242,75,0,25,59,86,118,118,118,150,184,209,209,209,209,209,209,209,42,67,67],"floor_reached":57,"playtime":2389,"items_purged":["Prostrate","Clothesline"],"score":4083,"play_id":"49bcab43-5c82-4784-931d-41aad08a3acc","local_time":"20201209155751","daily_mods":["SealedDeck","Diverse","Heirloom","Flight"],"is_ascension_mode":true,"campfire_choices":[{"data":"Rampage","floor":8.0,"key":"SMITH"},{"data":"Tactician","floor":15.0,"key":"SMITH"},{"data":"Armaments","floor":30.0,"key":"SMITH"},{"data":"Evolve","floor":32.0,"key":"SMITH"},{"floor":44,"key":"RECALL"},{"data":"Acrobatics","floor":49,"key":"SMITH"},{"data":"Conserve Battery","floor":53,"key":"PURGE"}],"neow_cost":"","seed_source_timestamp":0,"circlet_count":0,"master_deck":["AscendersBane","Acrobatics+1","Blur","Shrug It Off","Rampage+1","Evolve+1","Crippling Poison","Tactician+1","Armaments+1","Second Wind","Malaise"],"special_seed":0,"relics":["Burning Blood","Unceasing Top","FaceOfCleric","Torii","Peace Pipe","Bottled Flame","Molten Egg 2","Bottled Tornado","MawBank","Sundial","Mark of Pain","MutagenicStrength","Charon\u0027s Ashes","Lantern","Ice Cream","Oddly Smooth Stone","Self Forming Clay","SacredBark","Vajra","Pen Nib","Red Mask","Gambling Chip","Toy Ornithopter","Bronze Scales","Smiling Mask","Bag of Preparation","Bird Faced Urn","Potion Belt","Centennial Puzzle","Lee\u0027s Waffle","CaptainsWheel"],"potions_floor_usage":[42,50,56,56],"damage_taken":[{"damage":0.0,"enemies":"Cultist","floor":1.0,"turns":4.0},{"damage":0.0,"enemies":"Small Slimes","floor":2.0,"turns":3.0},{"damage":9.0,"enemies":"Jaw Worm","floor":3.0,"turns":5.0},{"damage":4.0,"enemies":"3 Sentries","floor":6.0,"turns":5.0},{"damage":0.0,"enemies":"Blue Slaver","floor":7.0,"turns":4.0},{"damage":1.0,"enemies":"Lagavulin","floor":10.0,"turns":6.0},{"damage":39.0,"enemies":"Gremlin Nob","floor":11.0,"turns":5.0},{"damage":11.0,"enemies":"Lagavulin","floor":12.0,"turns":6.0},{"damage":10.0,"enemies":"Gremlin Nob","floor":13.0,"turns":4.0},{"damage":12.0,"enemies":"The Guardian","floor":16.0,"turns":7.0},{"damage":19.0,"enemies":"2 Thieves","floor":18.0,"turns":4.0},{"damage":10.0,"enemies":"Shell Parasite","floor":22.0,"turns":5.0},{"damage":9.0,"enemies":"Gremlin Leader","floor":23.0,"turns":6.0},{"damage":46.0,"enemies":"Slavers","floor":24.0,"turns":6.0},{"damage":0.0,"enemies":"Gremlin Leader","floor":28.0,"turns":3.0},{"damage":2.0,"enemies":"Book of Stabbing","floor":29.0,"turns":5.0},{"damage":11.0,"enemies":"Slavers","floor":31.0,"turns":3.0},{"damage":0,"enemies":"Collector","floor":33,"turns":6},{"damage":0,"enemies":"Orb Walker","floor":35,"turns":3},{"damage":0,"enemies":"Mind Bloom Boss Battle","floor":39,"turns":5},{"damage":0,"enemies":"Nemesis","floor":40,"turns":5},{"damage":0,"enemies":"Giant Head","floor":41,"turns":4},{"damage":0,"enemies":"Reptomancer","floor":42,"turns":4},{"damage":0,"enemies":"Giant Head","floor":45,"turns":4},{"damage":0,"enemies":"Reptomancer","floor":46,"turns":5},{"damage":0,"enemies":"Nemesis","floor":47,"turns":7},{"damage":0,"enemies":"Donu and Deca","floor":50,"turns":5},{"damage":0,"enemies":"Awakened One","floor":51,"turns":5},{"damage":0,"enemies":"Shield and Spear","floor":55,"turns":3},{"damage":2,"enemies":"The Heart","floor":56,"turns":7}],"seed_played":"8537657610603941430","potions_obtained":[{"floor":2.0,"key":"Energy Potion"},{"floor":3.0,"key":"CultistPotion"},{"floor":6.0,"key":"Block Potion"},{"floor":16.0,"key":"FearPotion"},{"floor":31.0,"key":"BlessingOfTheForge"},{"floor":33,"key":"DistilledChaos"},{"floor":42,"key":"DistilledChaos"},{"floor":46,"key":"Explosive Potion"},{"floor":47,"key":"HeartOfIron"}],"is_trial":true,"path_per_floor":["M","M","M","$","?","E","M","R","T","E","E","E","E","$","R","B",null,"M","?","?","$","M","E","E","$","T","?","E","E","R","E","R","B",null,"M","T","$","?","?","E","E","E","T","R","E","E","E","?","R","B","B",null,"R","$","E","B",null],"character_chosen":"IRONCLAD","items_purchased":["Sundial","Pen Nib","Lee\u0027s Waffle"],"campfire_rested":0,"item_purchase_floors":[14,37,54],"current_hp_per_floor":[74,75,72,72,72,75,77,77,77,78,46,42,39,39,39,34,70,58,58,83,83,80,78,39,39,39,39,46,51,51,47,47,54,81,88,88,88,88,92,93,94,95,95,95,96,97,98,98,98,99,100,100,100,107,108,109],"gold":67,"neow_bonus":"","is_prod":false,"is_daily":false,"chose_seed":false,"campfire_upgraded":5,"win_rate":0,"timestamp":1607497071,"path_taken":["M","M","M","?","?","E","?","R","T","E","E","E","E","?","R","BOSS","M","?","?","$","?","E","E","?","T","?","E","E","R","E","R","BOSS","M","?","$","?","?","E","E","E","T","R","E","E","E","?","R","BOSS","BOSS","R","$","E","BOSS"],"build_version":"2020-11-30","purchased_purges":2,"victory":true,"max_hp_per_floor":[75,75,75,75,75,76,77,77,77,78,79,80,81,81,81,82,82,83,83,83,83,84,85,86,86,86,86,87,88,88,89,89,90,90,91,91,91,91,92,93,94,95,95,95,96,97,98,98,98,99,100,100,100,107,108,109],"card_choices":[{"not_picked":["Consecrate","ClearTheMind","BowlingBash"],"picked":"SKIP","floor":1.0},{"not_picked":["Aggregate","Sentinel"],"picked":"Crippling Poison","floor":2.0},{"not_picked":["Indignation","Tantrum","Evaluate"],"picked":"SKIP","floor":3.0},{"not_picked":["Defragment","Evaluate","Seeing Red"],"picked":"SKIP","floor":6.0},{"not_picked":["Shrug It Off","Tactician","Clothesline"],"picked":"SKIP","floor":7.0},{"not_picked":["Shrug It Off","Clothesline"],"picked":"Tactician","floor":7.0},{"not_picked":["Infernal Blade","Sanctity","EmptyBody"],"picked":"SKIP","floor":10.0},{"not_picked":["Havoc","Entrench","Double Energy"],"picked":"SKIP","floor":11.0},{"not_picked":["Flechettes+1","Cold Snap+1","Skim"],"picked":"SKIP","floor":12.0},{"not_picked":["WindmillStrike+1","FollowUp+1","Prepared"],"picked":"SKIP","floor":13.0},{"not_picked":["JustLucky+1","Flying Knee+1","Iron Wave+1"],"picked":"SKIP","floor":18.0},{"not_picked":["Loop","Consecrate+1","EmptyMind"],"picked":"SKIP","floor":22.0},{"not_picked":["FlurryOfBlows+1","Dual Wield+1","DevaForm"],"picked":"SKIP","floor":23.0},{"not_picked":["Protect+1","Force Field","Go for the Eyes+1"],"picked":"SKIP","floor":24.0},{"not_picked":["Metallicize","Steam Power"],"picked":"Armaments","floor":28.0},{"not_picked":["Dropkick+1","Dagger Spray+1"],"picked":"Second Wind","floor":29.0},{"not_picked":["Ball Lightning+1","Gash+1","Hello World"],"picked":"SKIP","floor":31.0},{"not_picked":["Devotion","DeusExMachina"],"picked":"Malaise","floor":33},{"not_picked":["Entrench","Thunderclap+1","Blade Dance+1"],"picked":"SKIP","floor":35},{"not_picked":["Cloak And Dagger","Sweeping Beam+1","Fire Breathing"],"picked":"SKIP","floor":40},{"not_picked":["CrushJoints+1","Prostrate+1","EmptyFist+1"],"picked":"SKIP","floor":41},{"not_picked":["Deflect","SignatureMove+1","JustLucky+1"],"picked":"SKIP","floor":42},{"not_picked":["Heatsinks","JustLucky+1","Reinforced Body"],"picked":"SKIP","floor":45},{"not_picked":["Study+1","Perseverance","Wild Strike+1"],"picked":"SKIP","floor":46},{"not_picked":["Malaise","Clothesline+1","EmptyFist+1"],"picked":"SKIP","floor":47},{"not_picked":["FlyingSleeves+1","Weave+1","FollowUp+1"],"picked":"SKIP","floor":55}],"player_experience":4267042,"relics_obtained":[{"floor":6.0,"key":"Torii"},{"floor":9.0,"key":"Peace Pipe"},{"floor":10.0,"key":"Bottled Flame"},{"floor":11.0,"key":"Molten Egg 2"},{"floor":12.0,"key":"Bottled Tornado"},{"floor":13.0,"key":"MawBank"},{"floor":23.0,"key":"Charon\u0027s Ashes"},{"floor":24.0,"key":"Lantern"},{"floor":28.0,"key":"Ice Cream"},{"floor":29.0,"key":"Oddly Smooth Stone"},{"floor":31.0,"key":"Self Forming Clay"},{"floor":36,"key":"Vajra"},{"floor":39,"key":"Gambling Chip"},{"floor":40,"key":"Toy Ornithopter"},{"floor":41,"key":"Bronze Scales"},{"floor":42,"key":"Smiling Mask"},{"floor":43,"key":"Bag of Preparation"},{"floor":45,"key":"Bird Faced Urn"},{"floor":46,"key":"Potion Belt"},{"floor":47,"key":"Centennial Puzzle"},{"floor":55,"key":"CaptainsWheel"}],"event_choices":[{"damage_healed":0.0,"max_hp_gain":0.0,"max_hp_loss":0.0,"gold_gain":0.0,"event_name":"FaceTrader","player_choice":"Trade","floor":5.0,"gold_loss":0.0,"damage_taken":0.0,"relics_obtained":["FaceOfCleric"]},{"damage_healed":0.0,"max_hp_gain":0.0,"max_hp_loss":0.0,"gold_gain":0.0,"event_name":"Drug Dealer","player_choice":"Inject Mutagens","floor":19.0,"gold_loss":0.0,"damage_taken":0.0,"relics_obtained":["MutagenicStrength"]},{"damage_healed":25.0,"max_hp_gain":0.0,"max_hp_loss":0.0,"gold_gain":0.0,"event_name":"Wheel of Change","player_choice":"Full Heal","floor":20.0,"gold_loss":0.0,"damage_taken":0.0},{"cards_removed":["Feel No Pain"],"damage_healed":0.0,"max_hp_gain":0.0,"max_hp_loss":0.0,"gold_gain":0.0,"event_name":"Purifier","player_choice":"Purged","floor":27.0,"gold_loss":0.0,"damage_taken":0.0},{"damage_healed":0,"gold_gain":0,"player_choice":"Paid","damage_taken":0,"relics_obtained":["Red Mask"],"max_hp_gain":0,"max_hp_loss":0,"event_name":"Tomb of Lord Red Mask","floor":38,"gold_loss":75},{"damage_healed":0,"gold_gain":0,"player_choice":"Fight","damage_taken":0,"max_hp_gain":0,"max_hp_loss":0,"event_name":"MindBloom","floor":39,"gold_loss":0},{"cards_removed":["Consecrate"],"damage_healed":0,"gold_gain":0,"player_choice":"Removed Attack","damage_taken":0,"max_hp_gain":0,"max_hp_loss":0,"event_name":"Falling","floor":48,"gold_loss":0}],"is_beta":false,"boss_relics":[{"not_picked":["Busted Crown","Velvet Choker"],"picked":"Mark of Pain"},{"not_picked":["Sozu","Tiny House"],"picked":"SacredBark"}],"items_purged_floors":[21,25],"is_endless":false,"potions_floor_spawned":[2,3,6,7,16,22,31,33,41,42,46,47],"ascension_level":20}}