{"host":"v5q6ggeyvx3goqgy","time":1607523202,"event":{"gold_per_floor":[111,61,61,61,71,105,105,132,132,143,143,143,75,100,100,231,231,252,351,57,57,80,80,114,114,138,151,187,210,210,243,243,363,363,388,411,411,424,448,483,483,523,523,72,115,115,178,106,106,106,106,106,15,49,49],"floor_reached":56,"playtime":5178,"items_purged":["Strike_R","Strike_R","Strike_R","Strike_R","Defend_R"],"score":1961,"play_id":"b4512d30-a9b0-4e32-8d88-a10cb1149331","local_time":"20201209141322","is_ascension_mode":true,"campfire_choices":[{"data":"Bash","floor":7,"key":"SMITH"},{"data":"Seeing Red","floor":12,"key":"SMITH"},{"data":"1","floor":15,"key":"LIFT"},{"data":"2","floor":23,"key":"LIFT"},{"data":"3","floor":25,"key":"LIFT"},{"data":"Disarm","floor":30,"key":"SMITH"},{"data":"Barricade","floor":32,"key":"SMITH"},{"floor":46,"key":"RECALL"},{"floor":49,"key":"REST"},{"floor":52,"key":"REST"}],"neow_cost":"","seed_source_timestamp":2048689600663200,"circlet_count":0,"master_deck":["Defend_R","Defend_R","Defend_R","Bash+1","Flash of Steel+1","Disarm+1","Seeing Red+1","Dropkick","Sever Soul","Reaper","Dropkick","Barricade+1","Shrug It Off+1","Flash of Steel+1","True Grit+1","Finesse","Madness","Madness","Dropkick+1","Master of Strategy","Burning Pact","Offering","Finesse"],"relics":["Burning Blood","Lee\u0027s Waffle","TheAbacus","Bottled Flame","Nunchaku","Girya","Golden Idol","Runic Cube","Medical Kit","Regal Pillow","Anchor","Champion Belt","Pen Nib","Fusion Hammer","Red Skull","Whetstone","Bag of Preparation","StoneCalendar","Bag of Marbles"],"potions_floor_usage":[6,8,8,8,18,18,24,24,40,50,55,55,55,55,55,55,55],"damage_taken":[{"damage":0,"enemies":"Cultist","floor":1,"turns":3},{"damage":3,"enemies":"Small Slimes","floor":5,"turns":4},{"damage":23,"enemies":"Gremlin Nob","floor":6,"turns":5},{"damage":44,"enemies":"3 Sentries","floor":8,"turns":8},{"damage":8,"enemies":"2 Louse","floor":10,"turns":3},{"damage":0,"enemies":"2 Fungi Beasts","floor":14,"turns":4},{"damage":10,"enemies":"Hexaghost","floor":16,"turns":6},{"damage":6,"enemies":"2 Thieves","floor":18,"turns":4},{"damage":1,"enemies":"Chosen","floor":22,"turns":3},{"damage":15,"enemies":"Slavers","floor":24,"turns":6},{"damage":4,"enemies":"Sentry and Sphere","floor":27,"turns":6},{"damage":33,"enemies":"Gremlin Leader","floor":28,"turns":4},{"damage":2,"enemies":"Snake Plant","floor":29,"turns":3},{"damage":0,"enemies":"Book of Stabbing","floor":31,"turns":5},{"damage":3,"enemies":"Champ","floor":33,"turns":6},{"damage":11,"enemies":"3 Shapes","floor":35,"turns":7},{"damage":2,"enemies":"Orb Walker","floor":36,"turns":3},{"damage":0,"enemies":"Maw","floor":38,"turns":4},{"damage":0,"enemies":"Writhing Mass","floor":39,"turns":9},{"damage":0,"enemies":"Nemesis","floor":40,"turns":7},{"damage":0,"enemies":"Giant Head","floor":42,"turns":5},{"damage":35,"enemies":"Reptomancer","floor":45,"turns":5},{"damage":0,"enemies":"Mind Bloom Boss Battle","floor":47,"turns":4},{"damage":7,"enemies":"Time Eater","floor":50,"turns":8},{"damage":6,"enemies":"Shield and Spear","floor":54,"turns":6},{"damage":32,"enemies":"The Heart","floor":55,"turns":6}],"seed_played":"2804729168861313532","potions_obtained":[{"floor":1,"key":"DistilledChaos"},{"floor":6,"key":"EntropicBrew"},{"floor":8,"key":"ColorlessPotion"},{"floor":16,"key":"SkillPotion"},{"floor":22,"key":"SkillPotion"},{"floor":24,"key":"Dexterity Potion"},{"floor":27,"key":"EntropicBrew"},{"floor":29,"key":"SmokeBomb"},{"floor":39,"key":"Swift Potion"},{"floor":42,"key":"SpeedPotion"},{"floor":47,"key":"EntropicBrew"}],"is_trial":false,"path_per_floor":["M","?","?","?","M","E","R","E","T","M","?","R","$","M","R","B",null,"M","?","$","?","M","R","E","R","T","M","E","M","R","E","R","B",null,"M","M","?","M","M","E","?","E","T","$","E","R","?","$","R","B",null,"R","$","E","B",null],"character_chosen":"IRONCLAD","items_purchased":["Lee\u0027s Waffle","Flash of Steel","TheAbacus","Reaper","Medical Kit","Master of Strategy","Burning Pact","Offering","Finesse"],"campfire_rested":2,"item_purchase_floors":[0,0,0,13,20,44,44,48,53],"current_hp_per_floor":[87,87,87,92,92,75,75,37,37,35,35,35,35,45,45,48,76,85,85,85,85,85,85,85,85,85,85,82,85,85,85,85,85,85,85,85,75,85,85,85,74,85,85,85,83,83,85,85,85,85,85,85,85,85,80],"gold":49,"neow_bonus":"","is_prod":false,"is_daily":false,"chose_seed":false,"campfire_upgraded":4,"win_rate":0,"timestamp":1607523202,"path_taken":["M","?","?","?","M","E","R","E","T","M","?","R","$","M","R","BOSS","M","?","$","?","M","R","E","R","T","?","E","M","R","E","R","BOSS","M","M","?","M","M","E","?","E","T","$","E","R","?","$","R","BOSS","R","$","E","BOSS"],"build_version":"2020-11-30","purchased_purges":5,"victory":true,"max_hp_per_floor":[87,87,87,92,92,92,92,92,92,92,85,85,85,85,85,85,85,85,85,85,85,85,85,85,85,85,85,85,85,85,85,85,85,85,85,85,85,85,85,85,85,85,85,85,85,85,85,85,85,85,85,85,85,85,85],"card_choices":[{"not_picked":["Anger","Cleave"],"picked":"Seeing Red","floor":1},{"not_picked":["Flex","Havoc","Pommel Strike"],"picked":"SKIP","floor":5},{"not_picked":["Clothesline","Fire Breathing"],"picked":"Dropkick","floor":6},{"not_picked":["Entrench","Power Through","Sentinel"],"picked":"SKIP","floor":8},{"not_picked":["Cleave","Pommel Strike"],"picked":"Sever Soul","floor":10},{"not_picked":["Twin Strike","Sword Boomerang"],"picked":"Dropkick","floor":14},{"not_picked":["Demon Form","Limit Break"],"picked":"Barricade","floor":16},{"not_picked":["Reckless Charge+1","Warcry"],"picked":"Shrug It Off+1","floor":18},{"not_picked":["Thunderclap","Carnage"],"picked":"True Grit+1","floor":22},{"not_picked":["Iron Wave","Perfected Strike","Thunderclap"],"picked":"SKIP","floor":24},{"not_picked":["Havoc","Pommel Strike+1","Headbutt"],"picked":"SKIP","floor":27},{"not_picked":["Fire Breathing","Entrench","Warcry"],"picked":"SKIP","floor":28},{"not_picked":["Flame Barrier","Body Slam","Flex"],"picked":"SKIP","floor":29},{"not_picked":["Anger","Feed","Havoc"],"picked":"SKIP","floor":31},{"not_picked":["Rage+1","Anger+1","Headbutt"],"picked":"SKIP","floor":35},{"not_picked":["Fire Breathing+1","Uppercut","Second Wind"],"picked":"SKIP","floor":36},{"not_picked":["Bandage Up","Impatience"],"picked":"Finesse","floor":37},{"not_picked":["Thunderclap","Double Tap","Perfected Strike+1"],"picked":"SKIP","floor":38},{"not_picked":["Blood for Blood","Intimidate+1","Pummel"],"picked":"SKIP","floor":39},{"not_picked":["Pummel+1","Clash","Clothesline+1"],"picked":"SKIP","floor":40},{"not_picked":["Thunderclap+1","Pummel"],"picked":"Dropkick+1","floor":42},{"not_picked":["Flame Barrier","Wild Strike+1","Headbutt+1"],"picked":"SKIP","floor":45},{"not_picked":["Ghostly Armor+1","Shrug It Off","Perfected Strike"],"picked":"SKIP","floor":54}],"player_experience":446149,"relics_obtained":[{"floor":6,"key":"Bottled Flame"},{"floor":8,"key":"Nunchaku"},{"floor":9,"key":"Girya"},{"floor":24,"key":"Regal Pillow"},{"floor":26,"key":"Anchor"},{"floor":28,"key":"Champion Belt"},{"floor":31,"key":"Pen Nib"},{"floor":40,"key":"Red Skull"},{"floor":42,"key":"Whetstone"},{"floor":45,"key":"Bag of Preparation"},{"floor":47,"key":"StoneCalendar"},{"floor":54,"key":"Bag of Marbles"}],"event_choices":[{"cards_removed":["Strike_R"],"damage_healed":0,"gold_gain":0,"player_choice":"Card Removal","damage_taken":0,"max_hp_gain":0,"max_hp_loss":0,"event_name":"The Cleric","floor":2,"gold_loss":50},{"damage_healed":0,"gold_gain":0,"player_choice":"Ignored","damage_taken":0,"max_hp_gain":0,"max_hp_loss":0,"event_name":"Liars Game","floor":3,"gold_loss":0},{"damage_healed":0,"gold_gain":0,"player_choice":"Donut","damage_taken":0,"max_hp_gain":5,"max_hp_loss":0,"event_name":"Big Fish","floor":4,"gold_loss":0},{"damage_healed":0,"gold_gain":0,"player_choice":"Lose Max HP","damage_taken":0,"relics_obtained":["Golden Idol"],"max_hp_gain":0,"max_hp_loss":7,"event_name":"Golden Idol","floor":11,"gold_loss":0},{"damage_healed":0,"gold_gain":99,"player_choice":"Stole From Cult","damage_taken":0,"max_hp_gain":0,"max_hp_loss":0,"event_name":"Nest","floor":19,"gold_loss":0},{"damage_healed":0,"gold_gain":0,"player_choice":"Copied","damage_taken":0,"max_hp_gain":0,"max_hp_loss":0,"event_name":"Duplicator","floor":21,"gold_loss":0,"cards_obtained":["Flash of Steel"]},{"damage_healed":0,"gold_gain":0,"player_choice":"Memory 3","damage_taken":10,"max_hp_gain":0,"max_hp_loss":0,"event_name":"SensoryStone","floor":37,"gold_loss":0},{"damage_healed":0,"gold_gain":0,"player_choice":"Embrace Madness","damage_taken":11,"max_hp_gain":0,"max_hp_loss":0,"event_name":"Winding Halls","floor":41,"gold_loss":0,"cards_obtained":["Madness","Madness"]},{"damage_healed":0,"gold_gain":0,"player_choice":"Fight","damage_taken":0,"max_hp_gain":0,"max_hp_loss":0,"event_name":"MindBloom","floor":47,"gold_loss":0}],"is_beta":false,"boss_relics":[{"not_picked":["Astrolabe","Coffee Dripper"],"picked":"Runic Cube"},{"not_picked":["Calling Bell","SacredBark"],"picked":"Fusion Hammer"}],"items_purged_floors":[0,0,0,20,44],"is_endless":false,"potions_floor_spawned":[1,6,8,16,22,24,27,29,33,39,42,47],"ascension_level":5}}