{"host":"309cd6jyiw3t7f6r","time":1607473406,"event":{"gold_per_floor":[119,219,230,250,180,180,194,219,219,219,219,219,219,165,165,267,267,284,295,545,545,565,565,583,332,332,0,10,10,20,120,120,223,223,233,233,2,14,29,60,60,71,143,154,167,467,484,498,498,498],"floor_reached":51,"playtime":2769,"items_purged":[],"score":1081,"play_id":"80492d9a-b371-443a-a43c-119ca5b86ce6","local_time":"20201209082326","is_ascension_mode":false,"campfire_choices":[{"data":"alterego_mod:IndependentAction","floor":6,"key":"SMITH"},{"data":"Koishi:FidgetySnatcher","floor":11,"key":"SMITH"},{"data":"alterego_mod:Mirror","floor":15,"key":"SMITH"},{"data":"alterego_mod:BigMeatyClaws","floor":23,"key":"SMITH"},{"data":"alterego_mod:DeftHands","floor":29,"key":"SMITH"},{"floor":32,"key":"REST"},{"data":"hexamod:GhostOfSpirePresent","floor":41,"key":"SMITH"},{"floor":49,"key":"REST"}],"neow_cost":"NONE","seed_source_timestamp":249402855438100,"circlet_count":0,"master_deck":["alterego_mod:Strike","alterego_mod:Strike+1","alterego_mod:Strike+1","alterego_mod:Strike","alterego_mod:Defend","alterego_mod:Defend","alterego_mod:Defend+1","alterego_mod:Defend+1","alterego_mod:Impale+1","alterego_mod:BigMeatyClaws+1","alterego_mod:BrynhildrsRune+1","alterego_mod:IndependentAction+1","Koishi:FidgetySnatcher+1","alterego_mod:Mirror+1","MostiFishMod:UltimateDefense","hexamod:GhostOfSpirePresent+1","sneckomod:UnknownRarePower+1","alterego_mod:DeftHands+1","PropBag+1","TheCursedMod:NeowsMight+1","alterego_mod:MagicResistance+1"],"relics":["alterego_mod:MasochisticConstitution","DaveBox","NeowsBlessing","PatriotShield","Question Card","PrismaticShard","Dream Catcher","CaptainsWheel","Gensokyo:NagashiBinaDoll","ImportantClient","xbg","Toxic Egg 2","CombinedTypeHook","ArrowTower","Ginger","HereWithMe","ShirouKen","White Beast Statue"],"potions_floor_usage":[50,50],"damage_taken":[{"damage":0,"enemies":"Gensokyo:3_Fairies","floor":1,"turns":2},{"damage":0,"enemies":"Gensokyo:2_Kodama","floor":3,"turns":1},{"damage":0,"enemies":"Gensokyo:Gryphon","floor":4,"turns":1},{"damage":1,"enemies":"Gensokyo:VengefulSpirit","floor":7,"turns":2},{"damage":0,"enemies":"Gensokyo:Cirno","floor":8,"turns":7},{"damage":2,"enemies":"Gensokyo:Reimu","floor":16,"turns":4},{"damage":0,"enemies":"Gensokyo:2_Gloops","floor":18,"turns":2},{"damage":0,"enemies":"Gensokyo:Chomper","floor":19,"turns":3},{"damage":0,"enemies":"Gensokyo:Slime_Group","floor":22,"turns":3},{"damage":0,"enemies":"Gensokyo:Monolith_and_Dog","floor":24,"turns":3},{"damage":0,"enemies":"Gensokyo:Swordslinger","floor":28,"turns":3},{"damage":0,"enemies":"Gensokyo:Slime_Group","floor":30,"turns":3},{"damage":0,"enemies":"Gensokyo:Slime_Group","floor":31,"turns":7},{"damage":0,"enemies":"Gensokyo:Eiki","floor":33,"turns":4},{"damage":28,"enemies":"3 Shapes","floor":35,"turns":1},{"damage":0,"enemies":"Orb Walker","floor":38,"turns":1},{"damage":0,"enemies":"Sphere and 2 Shapes","floor":39,"turns":2},{"damage":0,"enemies":"Giant Head","floor":40,"turns":4},{"damage":0,"enemies":"Jaw Worm Horde","floor":42,"turns":3},{"damage":0,"enemies":"4 Shapes","floor":44,"turns":2},{"damage":0,"enemies":"Writhing Mass","floor":45,"turns":1},{"damage":0,"enemies":"3 Darklings","floor":47,"turns":2},{"damage":0,"enemies":"Transient","floor":48,"turns":5},{"damage":0,"enemies":"Donu and Deca","floor":50,"turns":3}],"seed_played":"-8424082547703978084","potions_obtained":[{"floor":4,"key":"Explosive Potion"},{"floor":16,"key":"GamblersBrew"},{"floor":28,"key":"UndeadPotion"},{"floor":30,"key":"Energy Potion"},{"floor":38,"key":"PowerPotion"},{"floor":42,"key":"Ancient Potion"}],"is_trial":false,"path_per_floor":["M","?","M","M","?","R","M","E","T","?","R","T","?","$","R","B",null,"M","M","?","?","M","R","M","$","T","?","M","R","M","?","R","B",null,"M","?","$","M","M","E","R","M","T","M","M","?","M","M","R","B",null],"character_chosen":"The_Alterego","items_purchased":["alterego_mod:Mirror","Toxic Egg 2","alterego_mod:DeftHands","ShirouKen"],"campfire_rested":2,"item_purchase_floors":[14,25,25,37],"current_hp_per_floor":[70,70,70,70,70,70,70,70,70,70,70,70,70,70,70,69,72,72,72,72,72,72,72,72,72,72,72,72,72,72,72,72,72,72,45,45,45,45,45,45,45,45,45,45,45,45,45,45,66,66],"gold":498,"neow_bonus":"THREE_ENEMY_KILL","is_prod":false,"is_daily":false,"chose_seed":false,"campfire_upgraded":6,"win_rate":1,"timestamp":1607473406,"path_taken":["M","?","?","M","?","R","M","E","T","?","R","?","?","$","R","BOSS","M","M","?","?","M","R","M","?","T","?","M","R","?","?","R","BOSS","M","?","$","M","M","E","R","?","T","M","M","?","?","M","R","BOSS"],"build_version":"2020-11-30","purchased_purges":0,"victory":true,"max_hp_per_floor":[70,70,70,70,70,70,71,71,71,71,71,71,71,71,71,72,72,72,72,72,72,72,72,72,72,72,72,72,72,72,72,72,72,72,73,73,73,73,73,73,73,73,73,73,73,73,73,73,73,73],"card_choices":[{"not_picked":["alterego_mod:Punishment","alterego_mod:Birthday"],"picked":"alterego_mod:IndependentAction","floor":1},{"not_picked":["DoubleAttack_Black","animator:Ciel","TheCursedMod:RavingStaff","SmokeScreen_Black"],"picked":"SKIP","floor":3},{"not_picked":["Clash","PartStrengthen","Mirror_FormAndEmptin_purple","Extrememeaning_purpleEX"],"picked":"SKIP","floor":4},{"not_picked":["sneckomod:UnknownBlock","Consecrate","Dagger Throw"],"picked":"Koishi:FidgetySnatcher","floor":7},{"not_picked":["alterego_mod:GoddessCore","Hololive_Breathe","MokouMod:Stoke","PrismaMod:ChloeExhaustOne"],"picked":"SKIP","floor":8},{"not_picked":["MokouMod:Rebirth","PrismaMod:ChloeAnyAttackTrace","Hololive_StarCraft"],"picked":"MostiFishMod:UltimateDefense","floor":16},{"not_picked":["Koishi:UnansweredLove+1","animator:Cirno","PrismaMod:IllyaFeed"],"picked":"hexamod:GhostOfSpirePresent","floor":18},{"not_picked":["SfantasyHide_purple","animator:YunYun","Slimebound:Repurpose","Double Energy"],"picked":"SKIP","floor":19},{"not_picked":["animator:YunYun","BootSequence+1","Doom and Gloom","animator:LizardPriest"],"picked":"SKIP","floor":22},{"not_picked":["animator:Mitsurugi+1","Koishi:Jaunt+1","CrescentMoonSlash+1","animator:Mitsuba"],"picked":"SKIP","floor":24},{"not_picked":["BloodCollect+1","Halt+1","Koishi:MassHysteria+1"],"picked":"PropBag+1","floor":28},{"not_picked":["Hololive_CocoNews+1","alterego_mod:Cooking+1","DemonLordWalk","ReincarnationDial+1"],"picked":"SKIP","floor":30},{"not_picked":["expansioncontent:DefensiveStance","Underhanded Strike","hexamod:InspiringFlames+1"],"picked":"TheCursedMod:NeowsMight+1","floor":31},{"not_picked":["animator:Guy+1","sneckomod:UnknownClassInstall+1","MokouMod:IgneousBlow+1","Guardian:PiercingHide+1"],"picked":"SKIP","floor":35},{"not_picked":["SunBlade_Black","Headbutt+1","Hololive_CallKiryuuCoco","Slimebound:RollThrough"],"picked":"SKIP","floor":38},{"not_picked":["Koishi:GhostParty+1","TheCursedMod:SurpriseAttack","animator:Sloth","Koishi:RacingHeart+1"],"picked":"SKIP","floor":39},{"not_picked":["TheCursedMod:CursedSpellbook+1","Slimebound:Gluttony+1","hexamod:SpectersWail","Armaments+1"],"picked":"SKIP","floor":40},{"not_picked":["Slimebound:Equalize","MostiFishMod:UltimateDefense+1","Mishyaguji+1","ThreeKonsSevenHakus+1"],"picked":"SKIP","floor":42},{"not_picked":["MeetDecomposer_purple+1","Guardian:PrismaticBeam","PrewarPrepare_Black+1","PrismaMod:IllyaBerserCAR"],"picked":"SKIP","floor":44},{"not_picked":["PrismaMod:IllyaStunPoison+1","sneckomod:DiceCrush","CollectingQuirk","MokouMod:EternalBurstReactor+1"],"picked":"SKIP","floor":45},{"not_picked":["animator:Gillette+1","SummerFlame+","ThePrice+1","MostiFishMod:StarOceanB+1"],"picked":"SKIP","floor":47},{"not_picked":["Dark Shackles+1","SporeBomb+1","alterego_mod:Bounce"],"picked":"alterego_mod:MagicResistance+1","floor":48}],"player_experience":347097,"relics_obtained":[{"floor":1,"key":"Question Card"},{"floor":1,"key":"PrismaticShard"},{"floor":8,"key":"Ccalipers"},{"floor":9,"key":"Dream Catcher"},{"floor":12,"key":"CaptainsWheel"},{"floor":16,"key":"ImportantClient"},{"floor":26,"key":"CombinedTypeHook"},{"floor":31,"key":"ArrowTower"},{"floor":31,"key":"Ginger"},{"floor":40,"key":"White Beast Statue"}],"event_choices":[{"damage_healed":0,"gold_gain":0,"player_choice":"Upgraded","damage_taken":0,"max_hp_gain":0,"max_hp_loss":0,"event_name":"Upgrade Shrine","floor":36,"gold_loss":0,"cards_upgraded":["alterego_mod:BrynhildrsRune"]},{"damage_healed":0,"gold_gain":300,"player_choice":"Gold","damage_taken":0,"max_hp_gain":0,"max_hp_loss":0,"event_name":"Wheel of Change","floor":46,"gold_loss":0}],"is_beta":false,"boss_relics":[{"not_picked":["Runic Pyramid","TakeMeEscape"],"picked":"xbg"},{"not_picked":["Tiny House","Fusion Hammer"],"picked":"HereWithMe"}],"items_purged_floors":[],"is_endless":false,"potions_floor_spawned":[4,16,28,30,33,38,42,44,45,47,48],"ascension_level":0}}