{"host":"a484oiac96svwyi6","time":1607495360,"event":{"gold_per_floor":[110,124,135,135,75,103,103,117,117,117,117,136,136,169,169,269,269,279,254,271,190,190,190,191,209,235,255,274,290,290,320,320,424,424,440,460,460,476,476,476,476,489,513,538,558,558,235,250,250,250],"floor_reached":51,"playtime":16796,"items_purged":[],"score":778,"play_id":"564d2259-93f4-4f42-87ec-175221690f3d","local_time":"20201209012920","is_ascension_mode":false,"campfire_choices":[{"data":"astrologer:Confirmation","floor":7.0,"key":"SMITH"},{"data":"astrologer:Prestidigitation","floor":10.0,"key":"SMITH"},{"data":"astrologer:Confirmation","floor":13.0,"key":"SMITH"},{"floor":15.0,"key":"REST"},{"floor":23.0,"key":"REST"},{"floor":30.0,"key":"REST"},{"floor":32.0,"key":"REST"},{"data":"astrologer:Trine","floor":40.0,"key":"SMITH"},{"floor":46.0,"key":"REST"},{"floor":49.0,"key":"REST"}],"neow_cost":"","seed_source_timestamp":763689709910800,"circlet_count":0,"master_deck":["astrologer:Strike","astrologer:Strike","astrologer:Strike","astrologer:Strike","astrologer:Defend","astrologer:Defend","astrologer:Defend","astrologer:Defend","astrologer:NorthStar","astrologer:Opposition","astrologer:Moonlight","astrologer:Radiance","astrologer:Confirmation+1","astrologer:Confirmation+1","astrologer:Cataclysm","astrologer:Prestidigitation+1","astrologer:Conjunction","astrologer:TheMagician","astrologer:WheelofFortune","astrologer:Justice","astrologer:StarOfMisfortune","astrologer:FrozenStar","astrologer:CosmicExpanse","astrologer:Trine+1","astrologer:Novile+1","astrologer:Observe","astrologer:TheStar+1","astrologer:CometStrike","astrologer:Novile+1","astrologer:TheChariot","astrologer:Judgement+1","astrologer:FrozenStar","astrologer:Stardust+1","relicPack:StarPlatinum","hubris:Fate+1","astrologer:Prismatic","astrologer:StarOfMisfortune+1","astrologer:Strength+1","astrologer:Confirmation","astrologer:SpaceDust+1","Madness","astrologer:Fireball","astrologer:TheFool"],"special_seed":0,"relics":["astrologer:SkyMirror","HowToJump","hubris:Icosahedron","infinitespire:Lucky Rock","Gremlin Horn","StuffTheSpire:EmeraldSignet","vexMod:BigBerry","Honey Jar","RetroEgg","StuffTheSpire:Mouthbags","Potion Belt","hubris:ScarierMask","RoseTintedShades","relicPack:StarArrow","Rawhide","hubris:ToyBattleship","Replay:Kaleidoscope","vexMod:Trinoculars"],"potions_floor_usage":[50],"damage_taken":[{"damage":2.0,"enemies":"Small Slimes","floor":1.0,"turns":4.0},{"damage":6.0,"enemies":"2 Louse","floor":2.0,"turns":2.0},{"damage":0.0,"enemies":"Jaw Worm","floor":3.0,"turns":3.0},{"damage":0.0,"enemies":"Lagavulin","floor":6.0,"turns":6.0},{"damage":10.0,"enemies":"Exordium Thugs","floor":8.0,"turns":4.0},{"damage":7.0,"enemies":"Blue Slaver","floor":12.0,"turns":4.0},{"damage":29.0,"enemies":"conspire:MimicChest","floor":14.0,"turns":5.0},{"damage":16.0,"enemies":"Hexaghost","floor":16.0,"turns":9.0},{"damage":8.0,"enemies":"Spheric Guardian","floor":18.0,"turns":5.0},{"damage":28.0,"enemies":"2 Thieves","floor":19.0,"turns":4.0},{"damage":35.0,"enemies":"3 Cultists","floor":20.0,"turns":5.0},{"damage":0.0,"enemies":"Centurion and Healer","floor":24.0,"turns":7.0},{"damage":12.0,"enemies":"Snake Plant","floor":25.0,"turns":5.0},{"damage":7.0,"enemies":"Snecko","floor":27.0,"turns":4.0},{"damage":9.0,"enemies":"Centurion and Healer","floor":28.0,"turns":6.0},{"damage":25.0,"enemies":"Snake Plant","floor":29.0,"turns":6.0},{"damage":40.0,"enemies":"Gremlin Leader","floor":31.0,"turns":7.0},{"damage":29.0,"enemies":"conspire:MysteriousRune","floor":33.0,"turns":9.0},{"damage":7.0,"enemies":"Orb Walker","floor":35.0,"turns":5.0},{"damage":0.0,"enemies":"3 Darklings","floor":36.0,"turns":4.0},{"damage":0.0,"enemies":"Transient","floor":38.0,"turns":1.0},{"damage":44.0,"enemies":"4 Shapes","floor":42.0,"turns":4.0},{"damage":0.0,"enemies":"Nemesis","floor":44.0,"turns":1.0},{"damage":0.0,"enemies":"Maw","floor":45.0,"turns":1.0},{"damage":23.0,"enemies":"Transient","floor":48.0,"turns":5.0},{"damage":75,"enemies":"Time Eater","floor":50,"turns":13}],"seed_played":"-8351238372563210574","potions_obtained":[{"floor":1.0,"key":"LiquidMemories"},{"floor":6.0,"key":"DistilledChaos"},{"floor":8.0,"key":"DDmod:CleansePotion"},{"floor":24.0,"key":"EssenceOfSteel"},{"floor":29.0,"key":"Toxic Potion"},{"floor":36.0,"key":"PowerPotion"},{"floor":48.0,"key":"Block Potion"}],"is_trial":false,"path_per_floor":["M","M","M","?","$","E","R","M","T","R","?","M","R","?","R","B",null,"M","M","M","$","AVR","R","M","M","T","M","M","M","R","E","R","B",null,"M","M","?","M","T","R","AVR","M","T","E","M","R","$","M","R","B",null],"character_chosen":"ASTROLOGER","items_purchased":["astrologer:Confirmation","astrologer:CosmicExpanse","astrologer:Confirmation","vexMod:Trinoculars","astrologer:SpaceDust","Madness"],"campfire_rested":6,"item_purchase_floors":[5,21,47,47,47,47],"current_hp_per_floor":[68,62,62,62,62,62,62,52,52,52,52,45,45,16,37,21,100,92,64,29,29,29,59,59,49,49,42,33,12,42,12,42,13,100,93,93,93,93,93,93,93,49,49,49,49,79,79,56,86,17],"gold":250,"neow_bonus":"","is_prod":false,"is_daily":false,"chose_seed":false,"campfire_upgraded":4,"win_rate":0.0,"timestamp":1607495360,"path_taken":["M","?","M","?","$","E","R","M","T","R","?","M","R","?","R","BOSS","M","M","M","?","AVR","R","M","M","T","M","M","M","R","E","R","BOSS","M","M","?","?","?","R","AVR","M","T","E","M","R","?","M","R","BOSS"],"build_version":"2020-11-30","purchased_purges":0,"victory":true,"max_hp_per_floor":[70,70,70,70,70,70,70,70,70,70,70,70,70,70,70,70,100,100,100,100,100,100,100,100,100,100,100,100,100,100,100,100,100,100,100,100,100,100,100,100,100,100,100,100,100,100,100,100,100,100],"relic_stats":{"Gremlin Horn":[11,11],"counters":[27,126],"obtain_stats":[{"Potion Belt":31,"vexMod:Trinoculars":47,"HowToJump":0,"Gremlin Horn":9,"RetroEgg":22,"relicPack:StarArrow":41,"RoseTintedShades":39,"Rawhide":41,"StuffTheSpire:EmeraldSignet":14,"infinitespire:Lucky Rock":6,"Replay:Kaleidoscope":44,"relicPack:EdsArm":2,"hubris:Icosahedron":37,"StuffTheSpire:Mouthbags":26,"Honey Jar":22,"hubris:ScarierMask":34,"astrologer:SkyMirror":0,"hubris:ToyBattleship":43,"vexMod:BigBerry":17},{"Potion Belt":18,"vexMod:Trinoculars":25,"HowToJump":0,"Gremlin Horn":6,"RetroEgg":12,"relicPack:StarArrow":22,"RoseTintedShades":22,"Rawhide":22,"StuffTheSpire:EmeraldSignet":8,"infinitespire:Lucky Rock":5,"Replay:Kaleidoscope":24,"relicPack:EdsArm":1,"hubris:Icosahedron":21,"StuffTheSpire:Mouthbags":14,"Honey Jar":12,"hubris:ScarierMask":19,"astrologer:SkyMirror":0,"hubris:ToyBattleship":23,"vexMod:BigBerry":9},{"Potion Belt":83,"vexMod:Trinoculars":108,"HowToJump":0,"Gremlin Horn":21,"RetroEgg":49,"relicPack:StarArrow":102,"RoseTintedShades":102,"Rawhide":102,"StuffTheSpire:EmeraldSignet":29,"infinitespire:Lucky Rock":18,"Replay:Kaleidoscope":107,"relicPack:EdsArm":4,"hubris:Icosahedron":101,"StuffTheSpire:Mouthbags":61,"Honey Jar":49,"hubris:ScarierMask":92,"astrologer:SkyMirror":0,"hubris:ToyBattleship":106,"vexMod:BigBerry":37}]},"card_choices":[{"not_picked":["astrologer:CometStrike","astrologer:TheHangedMan"],"picked":"astrologer:Opposition","floor":1.0},{"not_picked":["astrologer:GlassStar","astrologer:CometStrike"],"picked":"astrologer:Moonlight","floor":2.0},{"not_picked":["astrologer:Stardust","astrologer:Moonlight"],"picked":"astrologer:Radiance","floor":3.0},{"not_picked":["astrologer:Conjunction","astrologer:Premeditation"],"picked":"astrologer:Cataclysm","floor":6.0},{"not_picked":["astrologer:FrozenStar","astrologer:TheStar"],"picked":"astrologer:Prestidigitation","floor":8.0},{"not_picked":["astrologer:GlassStar","astrologer:Still"],"picked":"astrologer:Conjunction","floor":12.0},{"not_picked":["astrologer:Judgement","astrologer:Eclipse"],"picked":"astrologer:TheMagician","floor":14.0},{"not_picked":["astrologer:Premonition","astrologer:BlackHole"],"picked":"astrologer:WheelofFortune","floor":16.0},{"not_picked":["astrologer:Moonlight+1","astrologer:Divination+1"],"picked":"astrologer:Justice","floor":18.0},{"not_picked":["astrologer:CometStrike","astrologer:Moonlight+1"],"picked":"astrologer:StarOfMisfortune","floor":19.0},{"not_picked":["astrologer:SolarFlare","astrologer:ReadTheStars"],"picked":"astrologer:FrozenStar","floor":20.0},{"not_picked":["astrologer:TheHierophant","astrologer:TheMoon+1","astrologer:Shine"],"picked":"astrologer:Trine","floor":24.0},{"not_picked":["astrologer:MeteorShower+1","astrologer:FrozenStar","astrologer:SpaceDust+1"],"picked":"astrologer:Novile+1","floor":25.0},{"not_picked":["astrologer:SpaceDust+1","astrologer:Fireball","astrologer:Opposition"],"picked":"astrologer:Observe","floor":27.0},{"not_picked":["astrologer:Stardust+1","astrologer:TheHangedMan","astrologer:CometStrike"],"picked":"astrologer:TheStar+1","floor":28.0},{"not_picked":["astrologer:TheHermit","astrologer:Judgement","astrologer:StarOfChange"],"picked":"astrologer:CometStrike","floor":29.0},{"not_picked":["astrologer:Temperance+1","astrologer:Opposition","astrologer:TheMagician"],"picked":"astrologer:Novile+1","floor":31.0},{"not_picked":["astrologer:Death","astrologer:BlackHole","astrologer:HeatDeath"],"picked":"astrologer:TheChariot","floor":33.0},{"not_picked":["astrologer:Conjunction+1","astrologer:ReadTheStars","astrologer:LonelyStar"],"picked":"astrologer:Judgement+1","floor":35.0},{"not_picked":["astrologer:Conjunction","astrologer:ReadTheStars","astrologer:CometStrike"],"picked":"astrologer:FrozenStar","floor":36.0},{"not_picked":["astrologer:Moonlight","astrologer:CometStrike+1","astrologer:Opposition+1"],"picked":"astrologer:Stardust+1","floor":38.0},{"not_picked":["astrologer:Glimpse","astrologer:FrozenStar","astrologer:Opposition"],"picked":"astrologer:Prismatic","floor":42.0},{"not_picked":["astrologer:BlackHole","astrologer:NeutronStar","astrologer:Radiance+1"],"picked":"astrologer:StarOfMisfortune","floor":44.0},{"not_picked":["astrologer:Sunrise","astrologer:Eclipse+1","astrologer:Conjunction+1"],"picked":"astrologer:Strength+1","floor":45.0},{"not_picked":["astrologer:LonelyStar","astrologer:Still","astrologer:Radiance+1"],"picked":"astrologer:Fireball","floor":48.0}],"player_experience":246352,"relics_obtained":[{"floor":6.0,"key":"infinitespire:Lucky Rock"},{"floor":9.0,"key":"Gremlin Horn"},{"floor":14.0,"key":"StuffTheSpire:EmeraldSignet"},{"floor":26.0,"key":"StuffTheSpire:Mouthbags"},{"floor":31.0,"key":"Potion Belt"},{"floor":39.0,"key":"RoseTintedShades"},{"floor":43.0,"key":"hubris:ToyBattleship"},{"floor":44.0,"key":"Replay:Kaleidoscope"}],"event_choices":[{"damage_healed":0.0,"max_hp_gain":0.0,"max_hp_loss":0.0,"gold_gain":0.0,"event_name":"conspire:LoneGhost","player_choice":"Disagree","floor":4.0,"gold_loss":0.0,"damage_taken":0.0}],"is_beta":false,"boss_relics":[{"not_picked":["StuffTheSpire:ModemDavis","hubris:RunicObelisk"],"picked":"vexMod:BigBerry"},{"not_picked":["Runic Dome","vexMod:CursedCompass"],"picked":"hubris:ScarierMask"}],"items_purged_floors":[],"is_endless":false,"potions_floor_spawned":[1,6,8,16,18,24,29,36,48],"ascension_level":0}}