{"host":"p245q48pmopyklqs","time":1607486489,"event":{"gold_per_floor":[112,112,112,131,56,56,88,101,101,101,114,131,159,159,159,159,159],"floor_reached":16,"playtime":604,"items_purged":["Defend_G"],"score":270,"play_id":"0aec9a92-e0e1-4adc-b3ab-7dba05776d44","local_time":"20201209130129","is_ascension_mode":true,"campfire_choices":[{"data":"Neutralize","floor":6,"key":"SMITH"},{"data":"Poisoned Stab","floor":10,"key":"SMITH"},{"data":"Terror","floor":15,"key":"SMITH"}],"neow_cost":"NONE","seed_source_timestamp":4300750257200,"circlet_count":0,"master_deck":["AscendersBane","Strike_G","Strike_G","Strike_G","Strike_G","Defend_G","Defend_G","Defend_G","Defend_G+1","Survivor","Neutralize+1","Dagger Throw+1","PiercingWail","Dagger Spray","Poisoned Stab+1","Terror+1","Backflip"],"relics":["Ring of the Snake","NeowsBlessing","White Beast Statue","Juzu Bracelet"],"potions_floor_usage":[11,13,13,16],"damage_taken":[{"damage":0,"enemies":"2 Louse","floor":1,"turns":1},{"damage":0,"enemies":"Small Slimes","floor":4,"turns":1},{"damage":0,"enemies":"Lagavulin","floor":7,"turns":1},{"damage":3,"enemies":"Cultist","floor":8,"turns":4},{"damage":0,"enemies":"2 Fungi Beasts","floor":11,"turns":2},{"damage":3,"enemies":"3 Louse","floor":12,"turns":2},{"damage":11,"enemies":"Gremlin Nob","floor":13,"turns":3},{"damage":27,"enemies":"Hexaghost","floor":16,"turns":10}],"seed_played":"-2225168404545747519","potions_obtained":[{"floor":7,"key":"Swift Potion"},{"floor":8,"key":"SkillPotion"},{"floor":11,"key":"SmokeBomb"},{"floor":12,"key":"CunningPotion"},{"floor":13,"key":"Block Potion"}],"is_trial":false,"path_per_floor":["M","?","?","M","$","R","E","M","T","R","M","M","E","?","R","B"],"character_chosen":"THE_SILENT","items_purchased":[],"campfire_rested":0,"item_purchase_floors":[],"current_hp_per_floor":[59,64,64,64,64,64,64,61,61,61,61,58,47,26,26,0,0],"gold":159,"neow_bonus":"THREE_ENEMY_KILL","is_prod":false,"is_daily":false,"chose_seed":false,"campfire_upgraded":3,"win_rate":0,"timestamp":1607486489,"path_taken":["M","?","?","M","$","R","E","M","T","R","M","M","E","?","R","BOSS"],"build_version":"2020-11-30","purchased_purges":1,"victory":false,"max_hp_per_floor":[66,71,71,71,71,71,71,71,71,71,71,71,71,71,71,71,71],"relic_stats":{"counters":[8,24],"Juzu Bracelet":0,"obtain_stats":[{"NeowsBlessing":0,"Juzu Bracelet":13,"White Beast Statue":7,"Ring of the Snake":0},{"NeowsBlessing":0,"Juzu Bracelet":7,"White Beast Statue":3,"Ring of the Snake":0},{"NeowsBlessing":0,"Juzu Bracelet":14,"White Beast Statue":3,"Ring of the Snake":0}],"Ring of the Snake":[16]},"card_choices":[{"not_picked":["Bane","Underhanded Strike"],"picked":"Dagger Throw","floor":1},{"not_picked":["Outmaneuver","Deflect"],"picked":"PiercingWail","floor":4},{"not_picked":["Quick Slash","Skewer"],"picked":"Dagger Spray","floor":7},{"not_picked":["Backflip","Dodge and Roll"],"picked":"Poisoned Stab","floor":8},{"not_picked":["Predator","Dodge and Roll"],"picked":"Terror","floor":11},{"not_picked":["Cloak And Dagger","Finisher"],"picked":"Backflip","floor":12},{"not_picked":["Terror","Concentrate","Acrobatics"],"picked":"SKIP","floor":13}],"player_experience":2237176,"relics_obtained":[{"floor":7,"key":"White Beast Statue"},{"floor":13,"key":"Juzu Bracelet"}],"event_choices":[{"damage_healed":0,"gold_gain":0,"player_choice":"Donut","damage_taken":0,"max_hp_gain":5,"max_hp_loss":0,"event_name":"Big Fish","floor":2,"gold_loss":0},{"cards_removed":["Strike_G"],"damage_healed":0,"gold_gain":0,"player_choice":"Forget","damage_taken":0,"max_hp_gain":0,"max_hp_loss":0,"event_name":"Living Wall","floor":3,"gold_loss":0},{"damage_healed":0,"gold_gain":0,"player_choice":"Entered Light","damage_taken":21,"max_hp_gain":0,"max_hp_loss":0,"event_name":"Shining Light","floor":14,"gold_loss":0,"cards_upgraded":["Dagger Throw","Defend_G"]}],"is_beta":false,"boss_relics":[],"items_purged_floors":[5],"is_endless":false,"potions_floor_spawned":[7,8,11,12,13],"killed_by":"Hexaghost","ascension_level":20}}