{"host":"7k7fhzlbqzyu5ijh","time":1607556021,"event":{"gold_per_floor":[114,128,228,238,238,238,263,263,263,263,263,296,310,328,328,433,433,444,457,474,28,28,62,75,102,171,183,183,196,196,196,196,301,301,313,313,329,379,72,72,100,113,113,131,205,540,557,557,557,557,557],"floor_reached":50,"playtime":5951,"items_purged":["Strike_G"],"score":921,"play_id":"c8279529-008f-46b0-a6af-9307ac82a277","local_time":"20201209182021","is_ascension_mode":true,"campfire_choices":[{"data":"Neutralize","floor":6.0,"key":"SMITH"},{"data":"Finisher","floor":8.0,"key":"SMITH"},{"data":"Blur","floor":10.0,"key":"SMITH"},{"floor":15.0,"key":"REST"},{"floor":28.0,"key":"REST"},{"data":"Glass Knife","floor":32.0,"key":"SMITH"},{"floor":40.0,"key":"RECALL"},{"data":"Dash","floor":49.0,"key":"SMITH"}],"neow_cost":"NONE","seed_source_timestamp":-7209902086893179724,"circlet_count":0,"master_deck":["Strike_G+1","Strike_G+1","Strike_G+1","Strike_G+1","Defend_G+1","Defend_G+1","Defend_G+1","Survivor","Neutralize+1","Bullet Time","Finisher+1","Heel Hook","Blur+1","Choke+1","Cloak And Dagger+1","Escape Plan+1","Terror+1","Glass Knife+1","Crippling Poison+1","Infinite Blades","Mayhem","Dash+1","Backflip+1","Tools of the Trade","Dodge and Roll+1","PiercingWail+1","Ghostly+1","Ghostly+1","Ghostly+1","Ghostly+1","Ghostly+1","Corpse Explosion+1","Catalyst+1","After Image","Backflip+1","Accuracy+1","Reflex+1"],"special_seed":0,"relics":["Ring of the Snake","MealTicket","Matryoshka","Toxic Egg 2","Snecko Eye","Oddly Smooth Stone","MutagenicStrength","Unceasing Top","Art of War","Pantograph","Juzu Bracelet","HoveringKite","Ice Cream","TwistedFunnel","Snake Skull","Pen Nib","Omamori","Darkstone Periapt","Old Coin"],"potions_floor_usage":[50,50,50],"damage_taken":[{"damage":5.0,"enemies":"Cultist","floor":1.0,"turns":6.0},{"damage":0.0,"enemies":"Small Slimes","floor":2.0,"turns":3.0},{"damage":0.0,"enemies":"2 Louse","floor":4.0,"turns":2.0},{"damage":15.0,"enemies":"Gremlin Nob","floor":7.0,"turns":4.0},{"damage":21.0,"enemies":"3 Sentries","floor":12.0,"turns":11.0},{"damage":0.0,"enemies":"Gremlin Gang","floor":13.0,"turns":4.0},{"damage":0.0,"enemies":"Blue Slaver","floor":14.0,"turns":5.0},{"damage":9.0,"enemies":"Hexaghost","floor":16.0,"turns":9.0},{"damage":2.0,"enemies":"Shell Parasite","floor":18.0,"turns":3.0},{"damage":0.0,"enemies":"Spheric Guardian","floor":19.0,"turns":3.0},{"damage":43.0,"enemies":"Centurion and Healer","floor":20.0,"turns":5.0},{"damage":10.0,"enemies":"Slavers","floor":23.0,"turns":5.0},{"damage":0.0,"enemies":"3 Cultists","floor":24.0,"turns":3.0},{"damage":0.0,"enemies":"Book of Stabbing","floor":25.0,"turns":4.0},{"damage":0.0,"enemies":"Chosen and Byrds","floor":27.0,"turns":3.0},{"damage":0.0,"enemies":"Snake Plant","floor":29.0,"turns":4.0},{"damage":0.0,"enemies":"Collector","floor":33.0,"turns":8.0},{"damage":1.0,"enemies":"Orb Walker","floor":35.0,"turns":4.0},{"damage":1.0,"enemies":"3 Shapes","floor":37.0,"turns":5.0},{"damage":0.0,"enemies":"Mind Bloom Boss Battle","floor":38.0,"turns":6.0},{"damage":0.0,"enemies":"Reptomancer","floor":41.0,"turns":7.0},{"damage":6.0,"enemies":"Spire Growth","floor":42.0,"turns":5.0},{"damage":0.0,"enemies":"Transient","floor":44.0,"turns":5.0},{"damage":0.0,"enemies":"Giant Head","floor":46.0,"turns":6.0},{"damage":0.0,"enemies":"Sphere and 2 Shapes","floor":47.0,"turns":4.0},{"damage":36,"enemies":"Time Eater","floor":50,"turns":9}],"seed_played":"-6002029047557932524","potions_obtained":[{"floor":4.0,"key":"SpeedPotion"},{"floor":7.0,"key":"Block Potion"},{"floor":14.0,"key":"ColorlessPotion"},{"floor":23.0,"key":"Explosive Potion"},{"floor":24.0,"key":"LiquidMemories"},{"floor":25.0,"key":"Strength Potion"},{"floor":41.0,"key":"Ancient Potion"},{"floor":46.0,"key":"SteroidPotion"},{"floor":47.0,"key":"Strength Potion"}],"is_trial":false,"path_per_floor":["M","M","?","M","?","R","E","R","T","R","?","E","M","M","R","B",null,"M","M","M","$","?","E","M","E","T","M","R","M","?","?","R","B",null,"M","?","M","?","$","R","E","M","T","M","T","E","M","?","R","B"],"character_chosen":"THE_SILENT","items_purchased":["Mayhem","Dash","Oddly Smooth Stone","TwistedFunnel","Snake Skull"],"campfire_rested":2,"item_purchase_floors":[21,21,21,39,39],"current_hp_per_floor":[65,65,65,65,58,58,43,43,43,43,43,22,22,22,43,34,61,59,59,16,31,31,21,21,21,21,21,42,42,42,35,35,35,35,34,34,33,35,35,35,35,29,29,29,29,29,29,29,29,0,0],"gold":557,"neow_bonus":"ONE_RANDOM_RARE_CARD","is_prod":false,"is_daily":false,"chose_seed":false,"campfire_upgraded":5,"win_rate":0,"timestamp":1607556021,"path_taken":["M","M","?","M","?","R","E","R","T","R","?","E","?","M","R","BOSS","M","M","M","$","?","E","?","E","T","M","R","M","?","?","R","BOSS","M","?","M","?","$","R","E","M","T","M","?","E","M","?","R","BOSS"],"build_version":"2020-11-30","purchased_purges":1,"victory":false,"max_hp_per_floor":[70,70,70,70,70,70,70,70,70,70,70,70,70,70,70,70,70,70,70,70,70,70,70,70,70,70,70,70,70,70,35,35,35,35,35,35,35,35,35,35,35,35,35,35,35,35,35,35,35,35,35],"relic_stats":{"Darkstone Periapt":0,"counters":[26,133],"HoveringKite":[20],"Snake Skull":[23],"Pen Nib":[7],"Juzu Bracelet":1,"Pantograph":8,"Snecko Eye":[181,163,206,176],"MealTicket":15,"Art of War":[9],"obtain_stats":[{"Ice Cream":38,"TwistedFunnel":39,"Darkstone Periapt":45,"Oddly Smooth Stone":21,"HoveringKite":34,"Snake Skull":39,"Pen Nib":41,"Juzu Bracelet":26,"Omamori":43,"Old Coin":46,"Matryoshka":9,"MutagenicStrength":22,"Pantograph":26,"Snecko Eye":17,"MealTicket":7,"Art of War":25,"Toxic Egg 2":12,"Unceasing Top":23,"Ring of the Snake":0},{"Ice Cream":20,"TwistedFunnel":20,"Darkstone Periapt":23,"Oddly Smooth Stone":11,"HoveringKite":17,"Snake Skull":20,"Pen Nib":21,"Juzu Bracelet":14,"Omamori":22,"Old Coin":24,"Matryoshka":4,"MutagenicStrength":11,"Pantograph":14,"Snecko Eye":8,"MealTicket":4,"Art of War":14,"Toxic Egg 2":5,"Unceasing Top":12,"Ring of the Snake":0},{"Ice Cream":97,"TwistedFunnel":97,"Darkstone Periapt":114,"Oddly Smooth Stone":55,"HoveringKite":82,"Snake Skull":97,"Pen Nib":104,"Juzu Bracelet":67,"Omamori":109,"Old Coin":120,"Matryoshka":15,"MutagenicStrength":55,"Pantograph":67,"Snecko Eye":44,"MealTicket":15,"Art of War":67,"Toxic Egg 2":26,"Unceasing Top":60,"Ring of the Snake":0}],"Unceasing Top":[2],"Ring of the Snake":[52]},"card_choices":[{"not_picked":["Backflip","Outmaneuver"],"picked":"Finisher","floor":1.0},{"not_picked":["PiercingWail","Dagger Throw"],"picked":"Heel Hook","floor":2.0},{"not_picked":["Bane","Outmaneuver"],"picked":"Blur","floor":4.0},{"not_picked":["Distraction","Flying Knee"],"picked":"Choke","floor":7.0},{"not_picked":["All Out Attack","Poisoned Stab"],"picked":"Cloak And Dagger+1","floor":12.0},{"not_picked":["Sucker Punch","Underhanded Strike"],"picked":"Escape Plan+1","floor":13.0},{"not_picked":["Unload","Poisoned Stab"],"picked":"Terror+1","floor":14.0},{"not_picked":["Storm of Steel+1","A Thousand Cuts"],"picked":"Glass Knife","floor":16.0},{"not_picked":["Prepared+1","Deflect+1","Accuracy"],"picked":"SKIP","floor":18.0},{"not_picked":["Underhanded Strike+1","Heel Hook"],"picked":"Crippling Poison+1","floor":19.0},{"not_picked":["Sucker Punch","Slice+1"],"picked":"Infinite Blades","floor":20.0},{"not_picked":["Dash","Infinite Blades+1"],"picked":"Backflip+1","floor":23.0},{"not_picked":["Eviscerate","Slice+1"],"picked":"Tools of the Trade","floor":24.0},{"not_picked":["Poisoned Stab","Cloak And Dagger+1"],"picked":"Dodge and Roll+1","floor":25.0},{"not_picked":["Sucker Punch","Quick Slash","Slice"],"picked":"SKIP","floor":27.0},{"not_picked":["Endless Agony+1","All Out Attack"],"picked":"PiercingWail+1","floor":29.0},{"not_picked":["Bullet Time+1","Night Terror+1"],"picked":"Corpse Explosion+1","floor":33.0},{"not_picked":["Underhanded Strike","Catalyst+1","Dagger Spray"],"picked":"SKIP","floor":35.0},{"not_picked":["Underhanded Strike","Dagger Spray"],"picked":"Catalyst+1","floor":35.0},{"not_picked":["Slice","After Image","Masterful Stab"],"picked":"SKIP","floor":37.0},{"not_picked":["Dodge and Roll+1","Eviscerate"],"picked":"Backflip+1","floor":38.0},{"not_picked":["Slice+1","Blur+1"],"picked":"Accuracy+1","floor":41.0},{"not_picked":["Flying Knee","Poisoned Stab+1"],"picked":"Reflex+1","floor":42.0},{"not_picked":["Footwork","All Out Attack+1","Infinite Blades"],"picked":"SKIP","floor":44.0},{"not_picked":["Slice","Dagger Spray","Backflip+1"],"picked":"SKIP","floor":46.0},{"not_picked":["Tools of the Trade","Backflip+1","Prepared+1"],"picked":"SKIP","floor":47.0}],"player_experience":347403,"relics_obtained":[{"floor":7.0,"key":"MealTicket"},{"floor":9.0,"key":"Matryoshka"},{"floor":12.0,"key":"Toxic Egg 2"},{"floor":23.0,"key":"Unceasing Top"},{"floor":25.0,"key":"Art of War"},{"floor":26.0,"key":"Pantograph"},{"floor":26.0,"key":"Juzu Bracelet"},{"floor":38.0,"key":"Ice Cream"},{"floor":41.0,"key":"Pen Nib"},{"floor":43.0,"key":"Omamori"},{"floor":45.0,"key":"Darkstone Periapt"},{"floor":46.0,"key":"Old Coin"}],"event_choices":[{"damage_healed":0.0,"max_hp_gain":0.0,"max_hp_loss":0.0,"gold_gain":100.0,"event_name":"Golden Shrine","player_choice":"Pray","floor":3.0,"gold_loss":0.0,"damage_taken":0.0},{"cards_removed":["Defend_G"],"damage_healed":0.0,"max_hp_gain":0.0,"max_hp_loss":0.0,"gold_gain":0.0,"event_name":"Golden Wing","player_choice":"Card Removal","floor":5.0,"gold_loss":0.0,"damage_taken":7.0},{"damage_healed":0.0,"max_hp_gain":0.0,"max_hp_loss":0.0,"gold_gain":0.0,"event_name":"Living Wall","player_choice":"Grow","floor":11.0,"gold_loss":0.0,"damage_taken":0.0,"cards_upgraded":["Choke"]},{"damage_healed":0.0,"max_hp_gain":0.0,"max_hp_loss":0.0,"gold_gain":0.0,"event_name":"Drug Dealer","player_choice":"Inject Mutagens","floor":22.0,"gold_loss":0.0,"damage_taken":0.0,"relics_obtained":["MutagenicStrength"]},{"damage_healed":0.0,"max_hp_gain":0.0,"max_hp_loss":0.0,"gold_gain":0.0,"event_name":"Back to Basics","player_choice":"Simplicity","floor":30.0,"gold_loss":0.0,"damage_taken":0.0,"cards_upgraded":["Strike_G","Strike_G","Strike_G","Strike_G","Defend_G","Defend_G","Defend_G","Defend_G"]},{"damage_healed":0.0,"max_hp_gain":0.0,"max_hp_loss":35.0,"gold_gain":0.0,"event_name":"Ghosts","player_choice":"Became a Ghost","floor":31.0,"gold_loss":0.0,"damage_taken":0.0,"cards_obtained":["Ghostly","Ghostly","Ghostly","Ghostly","Ghostly"]},{"damage_healed":0.0,"max_hp_gain":0.0,"max_hp_loss":0.0,"gold_gain":0.0,"event_name":"Match and Keep!","player_choice":"1 cards matched","floor":36.0,"gold_loss":0.0,"damage_taken":0.0,"cards_obtained":["After Image"]},{"damage_healed":0.0,"max_hp_gain":0.0,"max_hp_loss":0.0,"gold_gain":0.0,"event_name":"MindBloom","player_choice":"Fight","floor":38.0,"gold_loss":0.0,"damage_taken":0.0},{"cards_removed":["Defend_G"],"damage_healed":0.0,"max_hp_gain":0.0,"max_hp_loss":0.0,"gold_gain":0.0,"event_name":"Falling","player_choice":"Removed Skill","floor":48.0,"gold_loss":0.0,"damage_taken":0.0}],"is_beta":false,"boss_relics":[{"not_picked":["WristBlade","Coffee Dripper"],"picked":"Snecko Eye"},{"not_picked":["Runic Dome","Empty Cage"],"picked":"HoveringKite"}],"items_purged_floors":[21],"is_endless":false,"potions_floor_spawned":[4,7,14,23,24,25,41,46,47],"killed_by":"Time Eater","ascension_level":5}}