{"host":"ecaj4hn004xnnrw9","time":1607540173,"event":{"gold_per_floor":[113,162,162,26,43,78,78,95,95,95,123,137,152,6,6,106,106,117,117,137,157,82,101,101,81,81,112,112,62,62,89,89,192,192,206,222,17,17,27,61,61,91,91,91,109,109,109,109],"floor_reached":47,"playtime":1570,"items_purged":["InnerPeace","Strike_P","Strike_P+1"],"score":726,"play_id":"992e689a-37d7-4785-a5d4-9102f45b51aa","local_time":"20201209185613","is_ascension_mode":true,"campfire_choices":[{"data":"Eruption","floor":7,"key":"SMITH"},{"data":"Vigilance","floor":10,"key":"SMITH"},{"floor":15,"key":"REST"},{"floor":24,"key":"REST"},{"floor":30,"key":"REST"},{"floor":32,"key":"REST"},{"floor":41,"key":"REST"}],"neow_cost":"TEN_PERCENT_HP_LOSS","seed_source_timestamp":11818176586500,"circlet_count":0,"master_deck":["Strike_P","Defend_P","Defend_P","Defend_P","Defend_P","Eruption+1","Vigilance+1","ConjureBlade+1","Swivel+1","Tantrum","Replay:BluntJabs+1","Protect+1","Ragnarok+1","Consecrate","LessonLearned+1","Omniscience+1","TalkToTheHand+1","ClearTheMind+1","Ragnarok","AbeCurse","EmptyFist","WaveOfTheHand","Wallop","Scrawl+1","Spreading Infection"],"relics":["PureWater","TungstenRod","Smiling Mask","Ornamental Fan","Regal Pillow","Whetstone","Fusion Hammer","Chameleon Ring","Nunchaku","Ancient Tea Set","Abe\u0027s Treasure","Strawberry","Matryoshka","PreservedInsect","Simple Rune","Replay:Bottled Steam","Ring of Peace","Ring of Fangs"],"potions_floor_usage":[6,11,11,16,21,27,27,33,33,33,39,39,40,45],"damage_taken":[{"damage":0,"enemies":"Small Slimes","floor":1,"turns":3},{"damage":1,"enemies":"2 Louse","floor":5,"turns":3},{"damage":30,"enemies":"3 Sentries","floor":6,"turns":4},{"damage":0,"enemies":"Cultist","floor":8,"turns":3},{"damage":0,"enemies":"Lagavulin","floor":11,"turns":3},{"damage":8,"enemies":"Red Slaver","floor":12,"turns":2},{"damage":0,"enemies":"3 Louse","floor":13,"turns":2},{"damage":35,"enemies":"The Guardian","floor":16,"turns":12},{"damage":0,"enemies":"Spheric Guardian","floor":18,"turns":3},{"damage":0,"enemies":"3 Byrds","floor":20,"turns":4},{"damage":25,"enemies":"Shelled Parasite and Fungi","floor":21,"turns":3},{"damage":0,"enemies":"Snake Plant","floor":23,"turns":3},{"damage":28,"enemies":"Slavers","floor":27,"turns":8},{"damage":33,"enemies":"Book of Stabbing","floor":31,"turns":4},{"damage":48,"enemies":"Collector","floor":33,"turns":6},{"damage":0,"enemies":"Orb Walker","floor":35,"turns":2},{"damage":25,"enemies":"3 Shapes","floor":36,"turns":3},{"damage":8,"enemies":"Jaw Worm Horde","floor":39,"turns":3},{"damage":51,"enemies":"Reptomancer","floor":40,"turns":6},{"damage":0,"enemies":"R_Hoarder","floor":42,"turns":6},{"damage":0,"enemies":"Spire Growth","floor":45,"turns":1},{"damage":15,"enemies":"Sphere and 2 Shapes","floor":47,"turns":2}],"seed_played":"-2716426378520120595","potions_obtained":[{"floor":1,"key":"Adrenaline Potion"},{"floor":2,"key":"SmokeBomb"},{"floor":6,"key":"DuplicationPotion"},{"floor":12,"key":"Weak Potion"},{"floor":16,"key":"FearPotion"},{"floor":19,"key":"PowerPotion"},{"floor":19,"key":"Languid Potion"},{"floor":21,"key":"Toxic Potion"},{"floor":28,"key":"Death Potion"},{"floor":28,"key":"Strength Potion"},{"floor":31,"key":"Block Potion"},{"floor":35,"key":"Energy Potion"},{"floor":36,"key":"Explosive Potion"},{"floor":39,"key":"ColorlessPotion"},{"floor":42,"key":"ColorlessPotion"},{"floor":44,"key":"Ancient Potion"},{"floor":44,"key":"BottledMiracle"}],"is_trial":false,"path_per_floor":["M","?","?","$","M","E","R","M","T","R","E","M","M","$","R","B",null,"M","?","M","M","?","M","R","?","T","E","R","$","R","E","R","B",null,"M","M","$","?","M","E","R","E","T","R","M","?","M"],"character_chosen":"WATCHER","items_purchased":["Death Potion","LessonLearned","Strawberry"],"campfire_rested":5,"item_purchase_floors":[4,14,37],"current_hp_per_floor":[65,65,65,65,64,34,34,34,34,34,34,26,26,26,60,25,55,55,55,55,30,30,30,64,64,64,36,36,36,65,32,65,17,53,53,28,35,72,64,13,49,49,49,49,49,49,34,34],"gold":109,"neow_bonus":"ONE_RARE_RELIC","is_prod":false,"is_daily":false,"chose_seed":false,"campfire_upgraded":2,"win_rate":0,"timestamp":1607540173,"path_taken":["M","?","?","$","M","E","R","M","T","R","E","M","M","$","R","BOSS","M","?","M","?","?","M","R","?","T","E","R","$","R","E","R","BOSS","M","M","$","?","?","E","R","E","T","R","M","?","M"],"build_version":"2020-11-30","purchased_purges":3,"victory":false,"max_hp_per_floor":[65,65,65,65,65,65,65,65,65,65,65,65,65,65,65,65,65,65,65,65,65,65,65,65,65,65,65,65,65,65,65,65,65,65,65,65,72,72,72,72,72,72,72,72,72,72,72,72],"card_choices":[{"not_picked":["Evaluate","Wireheading"],"picked":"InnerPeace","floor":1},{"not_picked":["EmptyFist","Prostrate"],"picked":"ConjureBlade","floor":2},{"not_picked":["FollowUp","Wireheading"],"picked":"Swivel","floor":2},{"not_picked":["Pray","Swivel"],"picked":"Tantrum","floor":5},{"not_picked":["ThirdEye","FlyingSleeves"],"picked":"Replay:BluntJabs","floor":6},{"not_picked":["FlyingSleeves","Replay:Cycle"],"picked":"Protect","floor":8},{"not_picked":["Crescendo","FlyingSleeves","CutThroughFate"],"picked":"SKIP","floor":11},{"not_picked":["ThirdEye","Replay:ManipulateFuture"],"picked":"Ragnarok","floor":12},{"not_picked":["Collect","JustLucky"],"picked":"Consecrate","floor":13},{"not_picked":["ConjureBlade","Scrawl"],"picked":"Omniscience","floor":16},{"not_picked":["Evaluate","Halt","Replay:ManipulateFuture"],"picked":"SKIP","floor":18},{"not_picked":["CrushJoints+1","CutThroughFate","Replay:AtTheReady"],"picked":"SKIP","floor":20},{"not_picked":["Vengeance+1","BowlingBash"],"picked":"TalkToTheHand","floor":21},{"not_picked":["Replay:BluntJabs","Replay:ManipulateFuture","Consecrate"],"picked":"SKIP","floor":23},{"not_picked":["FlurryOfBlows","Crescendo","Replay:AllIn"],"picked":"SKIP","floor":27},{"not_picked":["FollowUp","Consecrate"],"picked":"ClearTheMind+1","floor":31},{"not_picked":["Establishment","Brilliance"],"picked":"Ragnarok","floor":33},{"not_picked":["BowlingBash","LikeWater"],"picked":"EmptyFist","floor":35},{"not_picked":["MentalFortress+1","FlyingSleeves","ThirdEye+1"],"picked":"SKIP","floor":36},{"not_picked":["WheelKick","SashWhip+1"],"picked":"WaveOfTheHand","floor":39},{"not_picked":["Pray+1","Evaluate"],"picked":"Wallop","floor":40},{"not_picked":["BattleHymn+1","Replay:Anticipation+1"],"picked":"Scrawl","floor":42},{"not_picked":["PathToVictory","DeceiveReality","Adaptation+1"],"picked":"SKIP","floor":45}],"player_experience":135606,"relics_obtained":[{"floor":2,"key":"Smiling Mask"},{"floor":6,"key":"Ornamental Fan"},{"floor":9,"key":"Regal Pillow"},{"floor":11,"key":"Whetstone"},{"floor":26,"key":"Chameleon Ring"},{"floor":27,"key":"Nunchaku"},{"floor":31,"key":"Ancient Tea Set"},{"floor":40,"key":"Matryoshka"},{"floor":42,"key":"PreservedInsect"},{"floor":43,"key":"Simple Rune"},{"floor":43,"key":"Replay:Bottled Steam"},{"floor":46,"key":"Ring of Peace"},{"floor":46,"key":"Ring of Fangs"}],"event_choices":[{"damage_healed":0,"gold_gain":0,"player_choice":"Upgraded","damage_taken":0,"max_hp_gain":0,"max_hp_loss":0,"event_name":"Upgrade Shrine","floor":3,"gold_loss":0,"cards_upgraded":["ConjureBlade"]},{"damage_healed":0,"gold_gain":0,"player_choice":"Got Potions","damage_taken":0,"max_hp_gain":0,"max_hp_loss":0,"event_name":"Lab","floor":19,"gold_loss":0},{"cards_removed":["Strike_P"],"damage_healed":0,"gold_gain":0,"player_choice":"Gave Gold","damage_taken":0,"max_hp_gain":0,"max_hp_loss":0,"event_name":"Beggar","floor":22,"gold_loss":75},{"damage_healed":0,"gold_gain":0,"player_choice":"Bought 1 Potion","damage_taken":0,"max_hp_gain":0,"max_hp_loss":0,"event_name":"The Woman in Blue","floor":25,"gold_loss":0},{"damage_healed":37,"gold_gain":0,"player_choice":"Full Heal","damage_taken":0,"max_hp_gain":0,"max_hp_loss":0,"event_name":"Wheel of Change","floor":38,"gold_loss":0}],"is_beta":false,"boss_relics":[{"not_picked":["Velvet Choker","Busted Crown"],"picked":"Fusion Hammer"},{"not_picked":["Ring of Chaos","Replay:Ancient Bell"],"picked":"Abe\u0027s Treasure"}],"items_purged_floors":[4,29,37],"is_endless":false,"potions_floor_spawned":[1,6,8,12,16,20,21,31,35,36,39,42],"killed_by":"Sphere and 2 Shapes","ascension_level":5}}