{"host":"J","time":1607543552,"event":{"gold_per_floor":[109,109,34,34,48,76,76,76,76,103,103,115,142,28,28,28,28],"floor_reached":16,"playtime":1101,"items_purged":[],"score":282,"play_id":"65a6f7f9-ec4f-405a-a541-07dec1170350","local_time":"20201209205232","is_ascension_mode":true,"campfire_choices":[{"data":"Prepared","floor":7.0,"key":"SMITH"},{"floor":15,"key":"REST"}],"neow_cost":"NONE","seed_source_timestamp":0,"circlet_count":0,"master_deck":["AscendersBane","Strike_G+1","Strike_G","Strike_G","Defend_G","Defend_G","Defend_G","Defend_G","Defend_G","Survivor","Neutralize+1","Poisoned Stab","Crippling Poison","Prepared+1","Dagger Throw","Poisoned Stab","Skewer","Deadly Poison","Poisoned Stab","Footwork","PiercingWail"],"special_seed":0,"relics":["Ring of the Snake","NeowsBlessing","Boot","Ornamental Fan","Blue Candle","Pen Nib"],"potions_floor_usage":[16,16],"damage_taken":[{"damage":0.0,"enemies":"Jaw Worm","floor":1.0,"turns":1.0},{"damage":0.0,"enemies":"Small Slimes","floor":5.0,"turns":1.0},{"damage":0.0,"enemies":"3 Sentries","floor":6.0,"turns":2.0},{"damage":26.0,"enemies":"Gremlin Nob","floor":10.0,"turns":4.0},{"damage":0.0,"enemies":"Cultist","floor":12.0,"turns":3.0},{"damage":16,"enemies":"Lagavulin","floor":13,"turns":5},{"damage":28,"enemies":"Slime Boss","floor":16,"turns":6}],"seed_played":"-6724169317233146282","potions_obtained":[{"floor":6.0,"key":"AttackPotion"},{"floor":10.0,"key":"Fire Potion"}],"is_trial":false,"path_per_floor":["M","?","$","?","M","E","R","?","T","E","?","M","E","$","R","B"],"character_chosen":"THE_SILENT","items_purchased":["Crippling Poison","Footwork","PiercingWail"],"campfire_rested":1,"item_purchase_floors":[3,14,14],"current_hp_per_floor":[59,39,39,39,39,39,39,44,44,18,18,18,2,2,23,0,0],"gold":28,"neow_bonus":"THREE_ENEMY_KILL","is_prod":false,"is_daily":false,"chose_seed":false,"campfire_upgraded":1,"win_rate":0,"timestamp":1607543552,"path_taken":["M","?","$","?","?","E","R","?","T","E","?","M","E","$","R","BOSS"],"build_version":"2020-12-07","purchased_purges":0,"victory":false,"max_hp_per_floor":[66,66,66,66,66,66,66,71,71,71,71,71,71,71,71,71,71],"relic_stats":{"counters":[7,22],"Ornamental Fan":[36],"Blue Candle":[0],"Pen Nib":[1],"Boot":[9],"obtain_stats":[{"NeowsBlessing":0,"Ornamental Fan":9,"Blue Candle":10,"Pen Nib":13,"Boot":6,"Ring of the Snake":0},{"NeowsBlessing":0,"Ornamental Fan":3,"Blue Candle":4,"Pen Nib":6,"Boot":3,"Ring of the Snake":0},{"NeowsBlessing":0,"Ornamental Fan":4,"Blue Candle":8,"Pen Nib":16,"Boot":4,"Ring of the Snake":0}],"Ring of the Snake":[14]},"card_choices":[{"not_picked":["Backflip","Dagger Throw"],"picked":"Poisoned Stab","floor":1.0},{"not_picked":["Distraction","Predator"],"picked":"Prepared","floor":5.0},{"not_picked":["Slice","Sucker Punch"],"picked":"Dagger Throw","floor":6.0},{"not_picked":["Blade Dance","Reflex"],"picked":"Poisoned Stab","floor":10.0},{"not_picked":["Well Laid Plans","Backflip"],"picked":"Deadly Poison","floor":12.0},{"not_picked":["Dagger Throw","Acrobatics"],"picked":"Poisoned Stab","floor":13}],"player_experience":213258,"relics_obtained":[{"floor":6.0,"key":"Boot"},{"floor":9.0,"key":"Ornamental Fan"},{"floor":10.0,"key":"Blue Candle"},{"floor":13,"key":"Pen Nib"}],"event_choices":[{"damage_healed":0.0,"max_hp_gain":0.0,"max_hp_loss":0.0,"gold_gain":0.0,"event_name":"Shining Light","player_choice":"Entered Light","floor":2.0,"gold_loss":0.0,"damage_taken":20.0,"cards_upgraded":["Strike_G","Neutralize"]},{"cards_removed":["Strike_G"],"damage_healed":0.0,"max_hp_gain":0.0,"max_hp_loss":0.0,"gold_gain":0.0,"event_name":"Purifier","player_choice":"Purged","floor":4.0,"gold_loss":0.0,"damage_taken":0.0},{"damage_healed":0.0,"max_hp_gain":5.0,"max_hp_loss":0.0,"gold_gain":0.0,"event_name":"Big Fish","player_choice":"Donut","floor":8.0,"gold_loss":0.0,"damage_taken":0.0},{"damage_healed":0.0,"max_hp_gain":0.0,"max_hp_loss":0.0,"gold_gain":0.0,"cards_transformed":["Strike_G"],"event_name":"Living Wall","player_choice":"Change","floor":11.0,"gold_loss":0.0,"damage_taken":0.0,"cards_obtained":["Skewer"]}],"is_beta":true,"boss_relics":[],"items_purged_floors":[],"is_endless":false,"potions_floor_spawned":[6,10,12],"killed_by":"Slime Boss","ascension_level":20}}