{"host":"auv68s8i97pkmhwr","time":1607496799,"event":{"gold_per_floor":[114,114,133,145,145,145,176,176,176,25,38,67,81,112,112,217,217,230,230,140,151,251,279,291,291,291],"floor_reached":25,"playtime":846,"items_purged":["Strike_R","Strike_R"],"score":587,"play_id":"cfa382dc-d855-4d73-b88e-bb853e2a7de4","local_time":"20201209145319","is_ascension_mode":true,"campfire_choices":[{"data":"True Grit","floor":6,"key":"SMITH"},{"data":"Feel No Pain","floor":8,"key":"SMITH"},{"data":"Feel No Pain","floor":15,"key":"SMITH"}],"neow_cost":"","seed_source_timestamp":355863679489800,"circlet_count":0,"master_deck":["AscendersBane","Strike_R","Defend_R+1","Defend_R","Defend_R","Defend_R","Bash","Thunderclap","Dropkick","Feel No Pain+1","Shrug It Off","True Grit+1","Cleave+1","Feel No Pain+1","Shrug It Off","Headbutt+1"],"relics":["Burning Blood","Vajra","FossilizedHelix","HandDrill","Happy Flower","Magic Flower","WingedGreaves","Sling","Meat on the Bone","Mercury Hourglass","Membership Card","Bag of Preparation","Regal Pillow","Mark of Pain","Darkstone Periapt"],"potions_floor_usage":[12,16,23,23],"damage_taken":[{"damage":0,"enemies":"Small Slimes","floor":1,"turns":3},{"damage":0,"enemies":"Cultist","floor":3,"turns":3},{"damage":0,"enemies":"2 Louse","floor":4,"turns":3},{"damage":0,"enemies":"Lagavulin","floor":7,"turns":5},{"damage":0,"enemies":"2 Fungi Beasts","floor":11,"turns":3},{"damage":0,"enemies":"3 Sentries","floor":12,"turns":6},{"damage":0,"enemies":"Large Slime","floor":13,"turns":4},{"damage":11,"enemies":"Gremlin Nob","floor":14,"turns":4},{"damage":67,"enemies":"Hexaghost","floor":16,"turns":13},{"damage":6,"enemies":"Shell Parasite","floor":18,"turns":5},{"damage":13,"enemies":"Spheric Guardian","floor":21,"turns":6},{"damage":14,"enemies":"Gremlin Leader","floor":23,"turns":6},{"damage":7,"enemies":"3 Cultists","floor":24,"turns":5},{"damage":0,"enemies":"Slavers","floor":25,"turns":1}],"seed_played":"6784113845122437592","potions_obtained":[{"floor":4,"key":"Block Potion"},{"floor":7,"key":"SkillPotion"},{"floor":11,"key":"BlessingOfTheForge"},{"floor":18,"key":"SpeedPotion"}],"is_trial":false,"path_per_floor":["M","?","M","M","?","R","E","R","T","$","M","E","M","E","R","B",null,"M","?","?","M","?","E","M","E"],"character_chosen":"IRONCLAD","items_purchased":["Vajra","HandDrill","Thunderclap","Happy Flower","Dropkick","Feel No Pain","Shrug It Off","Sling","True Grit","Membership Card"],"campfire_rested":0,"item_purchase_floors":[0,0,0,0,0,0,0,0,0,10],"current_hp_per_floor":[80,80,80,80,80,80,80,80,80,80,80,80,80,78,78,38,70,73,73,73,69,69,64,66,66,66],"gold":291,"neow_bonus":"","is_prod":false,"is_daily":false,"chose_seed":false,"campfire_upgraded":3,"win_rate":0,"timestamp":1607496799,"path_taken":["M","?","M","M","?","R","E","R","T","$","M","E","M","E","R","BOSS","M","?","?","M","?","E","M","E"],"build_version":"2020-11-30","purchased_purges":2,"victory":false,"max_hp_per_floor":[80,80,80,80,80,80,80,80,80,80,80,80,80,80,80,80,80,80,80,80,80,80,80,80,80,80],"card_choices":[{"not_picked":["Ghostly Armor","Burning Pact"],"picked":"Cleave","floor":1},{"not_picked":["Whirlwind","Anger"],"picked":"Feel No Pain","floor":3},{"not_picked":["Perfected Strike","Heavy Blade","Thunderclap"],"picked":"SKIP","floor":4},{"not_picked":["Corruption","True Grit","Flex"],"picked":"SKIP","floor":7},{"not_picked":["Heavy Blade","Clothesline"],"picked":"Shrug It Off","floor":11},{"not_picked":["Seeing Red","Thunderclap","Pommel Strike"],"picked":"SKIP","floor":12},{"not_picked":["Shrug It Off","Anger","Entrench"],"picked":"SKIP","floor":13},{"not_picked":["Warcry","Evolve","Hemokinesis"],"picked":"SKIP","floor":14},{"not_picked":["Iron Wave","Havoc","Headbutt"],"picked":"SKIP","floor":18},{"not_picked":["Headbutt+1","Twin Strike","Cleave+1"],"picked":"SKIP","floor":21},{"not_picked":["Clash","Impervious"],"picked":"Headbutt+1","floor":23},{"not_picked":["Flex","Perfected Strike","Searing Blow"],"picked":"SKIP","floor":24}],"player_experience":1217606,"relics_obtained":[{"floor":7,"key":"Meat on the Bone"},{"floor":9,"key":"Mercury Hourglass"},{"floor":12,"key":"Bag of Preparation"},{"floor":14,"key":"Regal Pillow"},{"floor":23,"key":"Darkstone Periapt"}],"event_choices":[{"damage_healed":0,"gold_gain":0,"player_choice":"Ignored","damage_taken":114,"max_hp_gain":0,"max_hp_loss":0,"event_name":"betterThird:BetterSerpent","floor":2,"gold_loss":0},{"cards_removed":["Strike_R"],"damage_healed":0,"gold_gain":0,"player_choice":"Purged","damage_taken":0,"max_hp_gain":0,"max_hp_loss":0,"event_name":"Purifier","floor":5,"gold_loss":0},{"damage_healed":0,"gold_gain":0,"player_choice":"Upgraded","damage_taken":0,"max_hp_gain":0,"max_hp_loss":0,"event_name":"Upgrade Shrine","floor":19,"gold_loss":0,"cards_upgraded":["Cleave"]},{"cards_removed":["Strike_R"],"damage_healed":0,"gold_gain":0,"player_choice":"Upgrade and Remove","damage_taken":0,"max_hp_gain":0,"max_hp_loss":0,"event_name":"Designer","floor":20,"gold_loss":90,"cards_upgraded":["Defend_R"]},{"damage_healed":0,"gold_gain":100,"player_choice":"Pray","damage_taken":0,"max_hp_gain":0,"max_hp_loss":0,"event_name":"Golden Shrine","floor":22,"gold_loss":0}],"is_beta":false,"boss_relics":[{"not_picked":["Astrolabe","Black Blood"],"picked":"Mark of Pain"}],"items_purged_floors":[0,0],"is_endless":false,"potions_floor_spawned":[4,7,11,18],"killed_by":"Slavers","ascension_level":10}}