{"host":"ygefd14btj4nx1b7","time":1607554905,"event":{"gold_per_floor":[118,131,131,131,131,131,159,159,211,242,253,270,156,156,156,257,257,270,285,33,33,46,46,80,80,105,105,135,148,148,58,58,58,58],"floor_reached":33,"playtime":1901,"items_purged":["Strike_R","Strike_R"],"score":345,"play_id":"20536270-f21a-4ba2-a31e-ab99d7ee9752","local_time":"20201209170145","is_ascension_mode":true,"campfire_choices":[{"floor":6,"key":"REST"},{"floor":8,"key":"REST"},{"data":"Strike_R","floor":15,"key":"PURGE"},{"data":"Eclipse","floor":23,"key":"SMITH"},{"data":"Seeing Red","floor":25,"key":"SMITH"},{"data":"Rampage","floor":27,"key":"SMITH"},{"floor":32,"key":"REST"}],"neow_cost":"NONE","seed_source_timestamp":12746647994700,"circlet_count":0,"master_deck":["Defend_R","Defend_R+1","Defend_R","Bash+1","Pummel+1","Seeing Red+1","Eclipse+1","Dual Wield","Rampage","ReplayReversal+1","ReplayReversal","Double Tap","Blood for Blood","Anger","Sadistic Nature","Heavy Blade","Anger","Rampage+1","Impervious","Heavy Blade","Bite+1","Bite","Bite","Bite","Bite"],"relics":["Burning Blood","Ginger","ReplayTheSpireMod:TigerMarble","Sling","hubris:EvacipatedBox","Gremlin Food","MealTicket","Anchor","Busted Crown","Enchiridion","Regal Pillow","Blue Doll","Matryoshka"],"potions_floor_usage":[7,16,19,28,28,28],"damage_taken":[{"damage":15,"enemies":"Jaw Worm","floor":1,"turns":5},{"damage":1,"enemies":"Cultist","floor":2,"turns":3},{"damage":19,"enemies":"3 Sentries","floor":7,"turns":8},{"damage":8,"enemies":"Gremlin Nob","floor":10,"turns":3},{"damage":0,"enemies":"2 Louse","floor":11,"turns":3},{"damage":2,"enemies":"Lots of Slimes","floor":12,"turns":4},{"damage":82,"enemies":"Fading Forest","floor":16,"turns":11},{"damage":0,"enemies":"Chosen","floor":18,"turns":3},{"damage":0,"enemies":"Shell Parasite","floor":19,"turns":3},{"damage":6,"enemies":"Snecko","floor":22,"turns":4},{"damage":29,"enemies":"Slavers","floor":24,"turns":4},{"damage":21,"enemies":"Book of Stabbing","floor":28,"turns":4},{"damage":18,"enemies":"Snake Plant","floor":29,"turns":3},{"damage":64,"enemies":"Collector","floor":33,"turns":5}],"seed_played":"1104441578339583344","potions_obtained":[{"floor":2,"key":"Regen Potion"},{"floor":10,"key":"ElixirPotion"},{"floor":12,"key":"Strength Potion"},{"floor":16,"key":"BloodPotion"},{"floor":18,"key":"Swift Potion"},{"floor":22,"key":"FearPotion"},{"floor":24,"key":"Energy Potion"},{"floor":29,"key":"SteroidPotion"}],"is_trial":false,"path_per_floor":["M","M","?","$","?","R","E","R","T","E","M","M","$","?","R","B",null,"M","M","$","?","M","R","E","R","T","R","E","M","?","?","R","B"],"character_chosen":"IRONCLAD","items_purchased":["Ginger","ReplayTheSpireMod:TigerMarble","Sling","hubris:EvacipatedBox","ReplayReversal","Anger","Sadistic Nature","Heavy Blade"],"campfire_rested":3,"item_purchase_floors":[4,4,4,4,13,20,20,20],"current_hp_per_floor":[71,76,76,12,12,36,38,62,62,60,66,70,80,73,73,11,80,80,80,80,64,64,64,41,41,41,41,42,30,30,30,56,0,0],"gold":58,"neow_bonus":"RANDOM_EVENT","is_prod":false,"is_daily":false,"chose_seed":false,"campfire_upgraded":3,"win_rate":0,"timestamp":1607554905,"path_taken":["M","M","?","?","?","R","E","R","T","E","M","?","$","?","R","BOSS","M","M","$","?","M","R","E","R","T","R","E","M","?","?","R","BOSS"],"build_version":"2020-11-30","purchased_purges":2,"victory":false,"max_hp_per_floor":[80,80,80,80,80,80,80,80,80,80,80,80,80,80,80,80,80,80,80,80,80,80,80,80,80,80,80,80,80,56,56,56,56,56],"card_choices":[{"not_picked":["Clash","Anger"],"picked":"Pummel","floor":1},{"not_picked":["Armaments","hubris:SharpeningStone"],"picked":"Warcry","floor":2},{"not_picked":["Shrug It Off","Wild Strike"],"picked":"Eclipse","floor":7},{"not_picked":["Disarm","Shockwave"],"picked":"Dual Wield","floor":10},{"not_picked":["Wild Strike","Anger"],"picked":"Rampage","floor":11},{"not_picked":["Anger","Thunderclap"],"picked":"ReplayReversal","floor":12},{"not_picked":["Replay:Many Hands","Exhume"],"picked":"Double Tap","floor":16},{"not_picked":["Armaments"],"picked":"SKIP","floor":18},{"not_picked":[],"picked":"Blood for Blood","floor":19},{"not_picked":[],"picked":"Anger","floor":22},{"not_picked":[],"picked":"Rampage","floor":24},{"not_picked":[],"picked":"Impervious","floor":28},{"not_picked":[],"picked":"Heavy Blade","floor":29}],"player_experience":395560,"relics_obtained":[{"floor":7,"key":"Gremlin Food"},{"floor":9,"key":"MealTicket"},{"floor":10,"key":"Anchor"},{"floor":21,"key":"Enchiridion"},{"floor":24,"key":"Regal Pillow"},{"floor":26,"key":"Blue Doll"},{"floor":28,"key":"Matryoshka"}],"event_choices":[{"damage_healed":0,"gold_gain":0,"player_choice":"Forge","damage_taken":0,"max_hp_gain":0,"max_hp_loss":0,"event_name":"Accursed Blacksmith","floor":3,"gold_loss":0,"cards_upgraded":["Pummel"]},{"damage_healed":0,"gold_gain":0,"cards_transformed":["Warcry"],"player_choice":"Transformed","damage_taken":0,"max_hp_gain":0,"max_hp_loss":0,"event_name":"Transmorgrifier","floor":5,"gold_loss":0,"cards_obtained":["Seeing Red"]},{"cards_removed":["Strike_R"],"damage_healed":0,"gold_gain":0,"player_choice":"Card Removal","damage_taken":7,"max_hp_gain":0,"max_hp_loss":0,"event_name":"Golden Wing","floor":14,"gold_loss":0},{"damage_healed":0,"gold_gain":0,"player_choice":"Obtained Book","damage_taken":16,"max_hp_gain":0,"max_hp_loss":0,"event_name":"Cursed Tome","floor":21,"gold_loss":0},{"damage_healed":0,"gold_gain":0,"player_choice":"Became a vampire","damage_taken":0,"max_hp_gain":0,"max_hp_loss":24,"event_name":"Vampires","floor":30,"gold_loss":0,"cards_obtained":["Bite","Bite","Bite","Bite","Bite"]},{"cards_removed":["Defend_R"],"damage_healed":0,"gold_gain":0,"player_choice":"Upgrade and Remove","damage_taken":0,"max_hp_gain":0,"max_hp_loss":0,"event_name":"Designer","floor":31,"gold_loss":90,"cards_upgraded":["ReplayReversal"]}],"is_beta":false,"boss_relics":[{"not_picked":["hubris:BlackHole","Coffee Dripper","Calling Bell"],"picked":"Busted Crown"}],"items_purged_floors":[4,13],"is_endless":false,"potions_floor_spawned":[2,10,12,16,18,22,24,29],"killed_by":"Collector","ascension_level":2}}