{"host":"08ybifllvpb8gqpc","time":1607538845,"event":{"gold_per_floor":[119,119,135,14,29,29,63,63,111,186,186,204,224,247,247,352,352,366,366,114,97,109,109,129,146,146,146,162,162,162,84,84,188,188,198,213,229,248,259,259,275,275,275,328,347,347,347,357,357,357],"floor_reached":51,"playtime":3178,"items_purged":["Runesmith:Strike_RS","Runesmith:Defend_RS"],"score":678,"play_id":"d6970e91-0065-4af4-adc0-43072880cc18","local_time":"20201209153405","is_ascension_mode":false,"campfire_choices":[{"data":"Runesmith:HammerThrow","floor":6.0,"key":"SMITH"},{"data":"Runesmith:Fortify","floor":8.0,"key":"SMITH"},{"floor":15.0,"key":"REST"},{"data":"Runesmith:Permafrost","floor":23.0,"key":"SMITH"},{"data":"Runesmith:Firestorm","floor":27.0,"key":"SMITH"},{"floor":29.0,"key":"REST"},{"data":"Runesmith:LithiumIon","floor":32.0,"key":"SMITH"},{"floor":40.0,"key":"REST"},{"floor":42.0,"key":"REST"},{"data":"Runesmith:Reinforce","floor":47.0,"key":"SMITH"},{"floor":49,"key":"REST"}],"neow_cost":"NONE","seed_source_timestamp":0,"circlet_count":0,"master_deck":["Runesmith:Strike_RS","Runesmith:Strike_RS","Runesmith:Defend_RS","Runesmith:Defend_RS","Runesmith:Defend_RS","Runesmith:CraftFirestone","Runesmith:Fortify+1","Runesmith:HammerThrow+1","Runesmith:HeatedChisel","Runesmith:Grindstone+1","Runesmith:Permafrost+1","Runesmith:CraftVitae","Runesmith:CraftProtectio","Runesmith:CraftIncendium","Runesmith:ReplicatingBarrier","Runesmith:GoWithTheFlow+1","Runesmith:Firestorm+1","Runesmith:Reinforce+1","Runesmith:BackupBattery+1","Runesmith:HeatExchange+1","Runesmith:LithiumIon+1","Runesmith:FissionHammer","Runesmith:ChiselStab","Runesmith:EarthShield+1","Runesmith:FissionHammer","Runesmith:NanitesCloud+1"],"special_seed":0,"relics":["Runesmith:BrokenRuby","Vajra","Ancient Tea Set","Strawberry","Happy Flower","SlaversCollar","Runic Pyramid","Kunai","CatCart","Mummified Hand"],"potions_floor_usage":[50],"damage_taken":[{"damage":6.0,"enemies":"Jaw Worm","floor":1.0,"turns":3.0},{"damage":0.0,"enemies":"2 Louse","floor":3.0,"turns":3.0},{"damage":0.0,"enemies":"Cultist","floor":5.0,"turns":3.0},{"damage":27.0,"enemies":"Gremlin Nob","floor":7.0,"turns":4.0},{"damage":15.0,"enemies":"Exordium Thugs","floor":12.0,"turns":4.0},{"damage":0.0,"enemies":"3 Louse","floor":13.0,"turns":2.0},{"damage":0.0,"enemies":"Hexaghost","floor":16.0,"turns":10.0},{"damage":4.0,"enemies":"Shell Parasite","floor":18.0,"turns":8.0},{"damage":22.0,"enemies":"2 Thieves","floor":21.0,"turns":4.0},{"damage":17.0,"enemies":"Centurion and Healer","floor":22.0,"turns":8.0},{"damage":0.0,"enemies":"Snecko","floor":24.0,"turns":7.0},{"damage":12.0,"enemies":"Chosen and Byrds","floor":25.0,"turns":5.0},{"damage":0.0,"enemies":"Centurion and Healer","floor":28.0,"turns":6.0},{"damage":3.0,"enemies":"Champ","floor":33.0,"turns":9.0},{"damage":26.0,"enemies":"3 Darklings","floor":35.0,"turns":6.0},{"damage":7.0,"enemies":"Orb Walker","floor":36.0,"turns":3.0},{"damage":16.0,"enemies":"Maw","floor":37.0,"turns":6.0},{"damage":18.0,"enemies":"Spire Growth","floor":38.0,"turns":5.0},{"damage":11.0,"enemies":"4 Shapes","floor":39.0,"turns":7.0},{"damage":0.0,"enemies":"Maw","floor":41.0,"turns":7.0},{"damage":1.0,"enemies":"Orin","floor":44.0,"turns":10.0},{"damage":17.0,"enemies":"Sphere and 2 Shapes","floor":45.0,"turns":4.0},{"damage":14,"enemies":"4 Shapes","floor":48,"turns":8},{"damage":25,"enemies":"Awakened One","floor":50,"turns":12}],"seed_played":"-8389327037645248041","potions_obtained":[{"floor":7.0,"key":"ColorlessPotion"},{"floor":12.0,"key":"Fire Potion"},{"floor":13.0,"key":"Weak Potion"},{"floor":16.0,"key":"Regen Potion"},{"floor":21.0,"key":"EntropicBrew"},{"floor":25.0,"key":"Energy Potion"},{"floor":28.0,"key":"Fruit Juice"},{"floor":35.0,"key":"DistilledChaos"},{"floor":36.0,"key":"Block Potion"}],"is_trial":false,"path_per_floor":["M","$","M","$","M","R","E","R","T","?","?","M","M","T","R","B",null,"M","?","$","M","M","R","M","M","T","R","M","R","?","$","R","B",null,"M","M","M","M","M","R","M","R","T","?","M","T","R","M","R","B",null],"character_chosen":"RUNESMITH_CLASS","items_purchased":["Runesmith:Grindstone","Runesmith:Firestorm","Runesmith:Reinforce","Runesmith:LithiumIon"],"campfire_rested":5,"item_purchase_floors":[4,20,20,31],"current_hp_per_floor":[64,64,64,64,64,64,37,37,44,33,33,18,18,18,41,41,77,73,73,73,51,49,49,49,37,37,37,37,60,60,60,60,62,82,56,49,33,15,4,28,28,52,52,51,34,34,34,20,44,19],"gold":357,"neow_bonus":"RANDOM_COMMON_RELIC","is_prod":false,"is_daily":false,"chose_seed":false,"campfire_upgraded":6,"win_rate":0.0,"timestamp":1607538845,"path_taken":["M","$","M","$","M","R","E","R","T","?","?","?","M","?","R","BOSS","M","?","$","M","M","R","M","M","T","R","M","R","?","?","R","BOSS","M","M","M","M","M","R","M","R","T","?","M","?","R","M","R","BOSS"],"build_version":"2020-11-30","purchased_purges":2,"victory":true,"max_hp_per_floor":[70,70,70,70,70,70,70,70,77,77,77,77,77,77,77,77,77,77,77,77,77,77,77,77,77,77,77,77,77,77,77,77,82,82,82,82,82,82,82,82,82,82,82,82,82,82,82,82,82,82],"card_choices":[{"not_picked":["Runesmith:RuneHurl","Runesmith:EarthShield"],"picked":"Runesmith:HammerThrow","floor":1.0},{"not_picked":["Runesmith:ChiselStab","Runesmith:Refine"],"picked":"Runesmith:HeatedChisel","floor":3.0},{"not_picked":["Runesmith:ShiftingStrike","Runesmith:Repurpose"],"picked":"Runesmith:Permafrost","floor":5.0},{"not_picked":["Runesmith:HeatedChisel","Runesmith:Grindstone"],"picked":"Runesmith:CraftVitae","floor":7.0},{"not_picked":["Runesmith:Grindstone","Runesmith:EnergizedChisel"],"picked":"Runesmith:CraftProtectio","floor":12.0},{"not_picked":["Runesmith:HeatExchange","Runesmith:Refine"],"picked":"Runesmith:CraftIncendium","floor":13.0},{"not_picked":["Runesmith:CraftMedicinae","Runesmith:LastStand"],"picked":"Runesmith:ReplicatingBarrier","floor":16.0},{"not_picked":["Runesmith:CraftReservo","Runesmith:Malloc"],"picked":"Runesmith:GoWithTheFlow+1","floor":18.0},{"not_picked":["Runesmith:RunicBlueprint","Runesmith:ShiftingStrike"],"picked":"Runesmith:BackupBattery+1","floor":21.0},{"not_picked":["Runesmith:ShiftingStrike","Runesmith:HeatExchange","Runesmith:CraftVitae+1"],"picked":"SKIP","floor":22.0},{"not_picked":["Runesmith:CraftIncendium","Runesmith:Empowerment+1","Runesmith:Prism"],"picked":"SKIP","floor":24.0},{"not_picked":["Runesmith:Overpower","Runesmith:ChiselStab","Runesmith:CraftProtectio"],"picked":"SKIP","floor":25.0},{"not_picked":["Runesmith:CraftMagma","Runesmith:ChiselStab"],"picked":"Runesmith:HeatExchange+1","floor":28.0},{"not_picked":["Runesmith:CraftMedicinae","Runesmith:Duplicate"],"picked":"Runesmith:FissionHammer","floor":33.0},{"not_picked":["Runesmith:CraftMagma","Runesmith:ShiftingStrike+1"],"picked":"Runesmith:ChiselStab","floor":35.0},{"not_picked":["Runesmith:UnstableHammer+1","Runesmith:MakeshiftArmor","Runesmith:Grindstone"],"picked":"SKIP","floor":36.0},{"not_picked":["Runesmith:CraftReservo","Runesmith:StaticCage","Runesmith:Grindstone+1"],"picked":"SKIP","floor":37.0},{"not_picked":["Runesmith:HammerTime+1","Runesmith:Accelerate+1","Runesmith:CraftProtectio+1"],"picked":"SKIP","floor":38.0},{"not_picked":["Runesmith:UnstableHammer","Runesmith:Prism"],"picked":"Runesmith:EarthShield+1","floor":39.0},{"not_picked":["Runesmith:PerfectChisel+1","Runesmith:HammerThrow"],"picked":"Runesmith:FissionHammer","floor":41.0},{"not_picked":["Runesmith:StaticCage","Runesmith:BackupBattery+1"],"picked":"Runesmith:NanitesCloud+1","floor":44.0},{"not_picked":["Runesmith:Prism+1","Runesmith:ChaoticBlast","Runesmith:HeatedChisel"],"picked":"SKIP","floor":45.0},{"not_picked":["Runesmith:HeatedChisel","Runesmith:RunicBlueprint","Runesmith:BackupBattery+1"],"picked":"SKIP","floor":48}],"player_experience":1060378,"relics_obtained":[{"floor":7.0,"key":"Ancient Tea Set"},{"floor":9.0,"key":"Strawberry"},{"floor":14.0,"key":"Happy Flower"},{"floor":43.0,"key":"Kunai"},{"floor":44.0,"key":"CatCart"},{"floor":46.0,"key":"Mummified Hand"}],"event_choices":[{"damage_healed":0.0,"max_hp_gain":0.0,"max_hp_loss":0.0,"gold_gain":75.0,"event_name":"World of Goop","player_choice":"Gather Gold","floor":10.0,"gold_loss":0.0,"damage_taken":11.0},{"damage_healed":0.0,"max_hp_gain":0.0,"max_hp_loss":0.0,"gold_gain":0.0,"event_name":"Accursed Blacksmith","player_choice":"Forge","floor":11.0,"gold_loss":0.0,"damage_taken":0.0,"cards_upgraded":["Runesmith:Grindstone"]},{"cards_removed":["Runesmith:Strike_RS"],"damage_healed":0.0,"max_hp_gain":0.0,"max_hp_loss":0.0,"gold_gain":0.0,"event_name":"Back to Basics","player_choice":"Elegance","floor":19.0,"gold_loss":0.0,"damage_taken":0.0},{"damage_healed":0.0,"max_hp_gain":0.0,"max_hp_loss":0.0,"gold_gain":0.0,"event_name":"Ghosts","player_choice":"Ignored","floor":30.0,"gold_loss":0.0,"damage_taken":0.0},{"damage_healed":0.0,"max_hp_gain":0.0,"max_hp_loss":0.0,"gold_gain":0.0,"event_name":"OrinTheCat","player_choice":"Fight","floor":44.0,"gold_loss":0.0,"damage_taken":0.0}],"is_beta":false,"boss_relics":[{"not_picked":["Pandora\u0027s Box","Coffee Dripper"],"picked":"SlaversCollar"},{"not_picked":["Runic Dome","Philosopher\u0027s Stone"],"picked":"Runic Pyramid"}],"items_purged_floors":[4,20],"is_endless":false,"potions_floor_spawned":[7,12,13,16,21,25,28,35,36],"ascension_level":0}}