{"host":"u0xal07c9acliyus","time":1607498148,"event":{"gold_per_floor":[118,118,78,94,94,94,111,139,109,129,153,178,178,178,178,190,190,290,290,302,312,312,411,82,82,115,65,120,120,120],"floor_reached":29,"playtime":1913,"items_purged":[],"score":349,"play_id":"a4c9bd14-5310-45ba-8130-5f5a3c58e52c","local_time":"20201209001548","is_ascension_mode":false,"campfire_choices":[{"data":"BasicCrystalCard","floor":15.0,"key":"SMITH"},{"floor":17,"key":"REST"},{"floor":25,"key":"REST"}],"neow_cost":"","seed_source_timestamp":-3077562556756580590,"circlet_count":0,"master_deck":["Strike_B","Strike_B","Strike_B","Strike_B","Defend_B","Defend_B","Defend_B","Defend_B","Zap","Dualcast","Storm","BasicCrystalCard+1","Barrage","Capacitor","ReplayTheSpireMod:Calculation Training","Consume","Coolheaded","Turbo","ReplayTheSpireMod:Calculation Training","Machine Learning","Burn","Parasite","Conserve Battery","Creative AI","Cold Snap","Chill","Redo","Redo","infinitespire:Collect","Rainbow","BasicCrystalCard"],"special_seed":0,"relics":["Cracked Core","Ancient Tea Set","Replay:Accelerometer","Anchor","Replay:Wax Seal","Runic Pyramid","infinitespire:Freezer","Replay:Baseball","Happy Flower","Oddly Smooth Stone"],"potions_floor_usage":[16,20],"damage_taken":[{"damage":1.0,"enemies":"Cultist","floor":1.0,"turns":4.0},{"damage":6.0,"enemies":"Jaw Worm","floor":4.0,"turns":4.0},{"damage":5.0,"enemies":"Small Slimes","floor":7.0,"turns":3.0},{"damage":32.0,"enemies":"Gremlin Nob","floor":8.0,"turns":4.0},{"damage":6.0,"enemies":"Looter","floor":9.0,"turns":4.0},{"damage":6.0,"enemies":"3 Louse","floor":10.0,"turns":5.0},{"damage":40.0,"enemies":"3 Sentries","floor":12.0,"turns":6.0},{"damage":9,"enemies":"Lots of Slimes","floor":16,"turns":5},{"damage":27,"enemies":"Slime Boss","floor":18,"turns":9},{"damage":6,"enemies":"Shell Parasite","floor":20,"turns":7},{"damage":12,"enemies":"Spheric Guardian","floor":21,"turns":10},{"damage":44,"enemies":"Nightmare","floor":26,"turns":11},{"damage":31,"enemies":"3 Cultists","floor":29,"turns":6}],"seed_played":"-7755498883993580973","potions_obtained":[{"floor":3.0,"key":"Dexterity Potion"},{"floor":3.0,"key":"FearPotion"},{"floor":3.0,"key":"FairyPotion"},{"floor":12.0,"key":"SpeedPotion"},{"floor":16,"key":"Energy Potion"}],"is_trial":false,"path_per_floor":["M","T","?","M","PTL","PTL","M","E","M","M","T","E","?","?","R","M","R","B",null,"M","M","?","?","$","R","NM","$","T","M"],"character_chosen":"DEFECT","items_purchased":["Storm","BasicCrystalCard","Barrage","Redo","infinitespire:Freezer","Replay:Baseball","BasicCrystalCard"],"campfire_rested":2,"item_purchase_floors":[0,0,0,24,24,24,27],"current_hp_per_floor":[74,74,74,68,68,68,63,31,25,19,19,22,22,40,40,31,53,26,75,69,57,57,57,57,75,31,31,31,0,0],"gold":120,"neow_bonus":"","is_prod":false,"is_daily":false,"chose_seed":false,"campfire_upgraded":1,"win_rate":0.0,"timestamp":1607498148,"path_taken":["M","?","?","?","PTL","PTL","M","E","M","?","T","E","?","?","R","M","R","BOSS","M","M","?","?","$","R","NM","?","T","M"],"build_version":"2020-11-30","purchased_purges":0,"victory":false,"max_hp_per_floor":[75,75,75,75,75,75,75,75,75,75,75,75,75,75,75,75,75,75,75,75,75,75,75,75,75,75,75,75,75,75],"relic_stats":{"Happy Flower":[2],"counters":[25,133],"obtain_stats":[{"Replay:Accelerometer":8,"conspire:TreasureMap":0,"Calipers":23,"Gremlin Horn":23,"Happy Flower":26,"Golden Idol":3,"Vajra":7,"Oddly Smooth Stone":28,"infinitespire:CheckeredPen":0,"Replay:Mystery Machine":9,"Ancient Tea Set":2,"Anchor":11,"Replay:Baseball":24,"Black Star":17,"Replay:Wax Seal":12,"Cracked Core":0,"InkBottle":0,"Runic Pyramid":19,"infinitespire:Freezer":24},{"Replay:Accelerometer":16,"conspire:TreasureMap":0,"Calipers":11,"Gremlin Horn":11,"Happy Flower":24,"Golden Idol":2,"Vajra":5,"Oddly Smooth Stone":24,"infinitespire:CheckeredPen":0,"Replay:Mystery Machine":5,"Ancient Tea Set":13,"Anchor":18,"Replay:Baseball":23,"Black Star":9,"Replay:Wax Seal":19,"Cracked Core":0,"InkBottle":0,"Runic Pyramid":21,"infinitespire:Freezer":23},{"Replay:Accelerometer":70,"conspire:TreasureMap":0,"Calipers":52,"Gremlin Horn":52,"Happy Flower":127,"Golden Idol":7,"Vajra":21,"Oddly Smooth Stone":127,"infinitespire:CheckeredPen":0,"Replay:Mystery Machine":21,"Ancient Tea Set":59,"Anchor":79,"Replay:Baseball":116,"Black Star":38,"Replay:Wax Seal":85,"Cracked Core":0,"InkBottle":0,"Runic Pyramid":99,"infinitespire:Freezer":116}]},"card_choices":[{"not_picked":["Sweeping Beam","Barrage"],"picked":"Capacitor","floor":1.0},{"not_picked":["Rebound","Blizzard"],"picked":"ReplayTheSpireMod:Calculation Training","floor":4.0},{"not_picked":["Amplify","Fusion"],"picked":"Consume","floor":7.0},{"not_picked":["BasicCrystalCard","Heatsinks"],"picked":"Coolheaded","floor":8.0},{"not_picked":["Streamline","Reprogram"],"picked":"Turbo","floor":9.0},{"not_picked":["FIFO Queue","ReplaySolidLightProjector"],"picked":"ReplayTheSpireMod:Calculation Training","floor":10.0},{"not_picked":["Steam","Turbo"],"picked":"Machine Learning","floor":12.0},{"not_picked":["Barrage","Glacier"],"picked":"Conserve Battery","floor":16},{"not_picked":["ReplayTheSpireMod:Fabricate Wheel","Meteor Strike"],"picked":"Creative AI","floor":18},{"not_picked":["Steam+1","Gash"],"picked":"Cold Snap","floor":20},{"not_picked":["Stack","Turbo"],"picked":"Chill","floor":21},{"not_picked":["ReplayTheSpireMod:Echoes of Time","infinitespire:FinalStrike"],"picked":"infinitespire:Collect","floor":26},{"not_picked":["Force Field","Leap+1"],"picked":"Rainbow","floor":26}],"player_experience":68391,"relics_obtained":[{"floor":2.0,"key":"Ancient Tea Set"},{"floor":8.0,"key":"Replay:Accelerometer"},{"floor":11.0,"key":"Anchor"},{"floor":12.0,"key":"Replay:Wax Seal"},{"floor":26,"key":"Happy Flower"},{"floor":28,"key":"Oddly Smooth Stone"}],"event_choices":[{"damage_healed":0.0,"max_hp_gain":0.0,"max_hp_loss":0.0,"gold_gain":0.0,"event_name":"The Woman in Blue","player_choice":"Bought 3 Potions","floor":3.0,"gold_loss":0.0,"damage_taken":0.0},{"damage_healed":22.0,"max_hp_gain":0.0,"max_hp_loss":75.0,"gold_gain":0.0,"event_name":"betterThird:BetterShining","player_choice":"Embrace Burn","floor":13.0,"gold_loss":0.0,"damage_taken":0.0},{"damage_healed":18.0,"max_hp_gain":0.0,"max_hp_loss":0.0,"gold_gain":0.0,"event_name":"Mushrooms","player_choice":"Healed and dodged fight","floor":14.0,"gold_loss":0.0,"damage_taken":0.0,"cards_obtained":["Parasite"]},{"damage_healed":0,"gold_gain":0,"player_choice":"Ignored","damage_taken":0,"max_hp_gain":0,"max_hp_loss":0,"event_name":"betterNote:BetterNote","floor":22,"gold_loss":0,"cards_obtained":["Defend_B"]},{"damage_healed":0,"gold_gain":99,"player_choice":"Steal","damage_taken":0,"max_hp_gain":0,"max_hp_loss":0,"event_name":"betterThird:BetterNest","floor":23,"gold_loss":0}],"is_beta":false,"boss_relics":[{"not_picked":["Empty Cage","Coffee Dripper"],"picked":"Runic Pyramid"}],"items_purged_floors":[],"is_endless":true,"potions_floor_spawned":[4,12,16],"killed_by":"3 Cultists","ascension_level":0}}