{"host":"6o1vh5lr98s0jjq7","time":1607555888,"event":{"gold_per_floor":[99,99,131,22,38,57,57,57,57,92,25,41,41,141,158,158,158],"floor_reached":16,"playtime":845,"items_purged":[],"score":153,"play_id":"7ce5a116-b5f3-4087-b2dc-49081bd241c9","local_time":"20201209171808","is_ascension_mode":true,"campfire_choices":[{"floor":8,"key":"RECALL"}],"neow_cost":"NONE","seed_source_timestamp":784088260846600,"circlet_count":0,"master_deck":["Strike_MRS","Strike_MRS","Strike_MRS","Strike_MRS","Defend_MRS","Defend_MRS","Defend_MRS","Defend_MRS","MasterSpark","UpSweep","FairyDestructionRay","MeteoricShower","ShootingEcho","MilkyWay","SuperPerseids","WitchLeyline","ReplayTheSpireMod:Black Plague","CasketOfStar","PowerUp","ShootingEcho","Parasite","DC"],"relics":["MiniHakkero","downfall:HeartsMalice","infinitespire:Beetle Shell","Girya"],"potions_floor_usage":[4,4,10,10,11],"damage_taken":[{"damage":0,"enemies":"conspire:RoseBush","floor":2,"turns":1},{"damage":0,"enemies":"Replay:BlueRogue","floor":3,"turns":1},{"damage":10,"enemies":"downfall:FleeingMerchant","floor":4,"turns":4},{"damage":8,"enemies":"Small Slimes","floor":5,"turns":2},{"damage":9,"enemies":"2 Louse","floor":6,"turns":2},{"damage":20,"enemies":"3 Sentries","floor":10,"turns":4},{"damage":0,"enemies":"downfall:FleeingMerchant","floor":11,"turns":4},{"damage":6,"enemies":"Exordium Thugs","floor":12,"turns":3},{"damage":18,"enemies":"conspire:2 RoseBushes","floor":15,"turns":5},{"damage":15,"enemies":"downfall:CharBossSilent","floor":16,"turns":3}],"seed_played":"8726946306982748752","potions_obtained":[{"floor":1,"key":"Toxic Potion"},{"floor":1,"key":"Regen Potion"},{"floor":3,"key":"LiquidMemories"},{"floor":6,"key":"ColorlessPotion"},{"floor":10,"key":"BottledSpark"}],"is_trial":false,"path_per_floor":["R","M","E","$","M","M","T","R","?","E","$","M","?","?","M","B"],"character_chosen":"MARISA","items_purchased":["ShootingEcho","MilkyWay","PowerUp"],"campfire_rested":0,"item_purchase_floors":[4,4,11],"current_hp_per_floor":[75,75,75,72,64,55,55,55,37,17,17,11,29,29,11,0,0],"gold":158,"neow_bonus":"THREE_ENEMY_KILL","is_prod":false,"is_daily":false,"chose_seed":false,"campfire_upgraded":0,"win_rate":0,"timestamp":1607555888,"path_taken":["R","M","E","$","M","M","T","R","?","E","$","M","?","?","M","BOSS"],"build_version":"2020-11-30","purchased_purges":0,"victory":false,"max_hp_per_floor":[75,75,75,75,75,75,75,75,75,75,75,75,75,75,75,75,75],"card_choices":[{"not_picked":["ShootTheMoon","DeepEcoloBomb"],"picked":"FairyDestructionRay","floor":2},{"not_picked":["ShootTheMoon","ChargingUp"],"picked":"MeteoricShower","floor":3},{"not_picked":["LuminesStrike","WitchOfGreed"],"picked":"SuperPerseids","floor":5},{"not_picked":["GravityBeat","DarkSpark"],"picked":"WitchLeyline","floor":6},{"not_picked":["infinitespire:NeuralNetwork","ReplayTheSpireMod:??????????????????????"],"picked":"ReplayTheSpireMod:Black Plague","floor":9},{"not_picked":["SporeBomb","IllusionStar"],"picked":"CasketOfStar","floor":10},{"not_picked":["SporeBomb","MeteoricShower"],"picked":"ShootingEcho","floor":12},{"not_picked":["ChargingUp","WitchOfGreed"],"picked":"DC","floor":15}],"player_experience":173318,"relics_obtained":[{"floor":3,"key":"infinitespire:Beetle Shell"},{"floor":10,"key":"Girya"}],"event_choices":[{"damage_healed":18,"gold_gain":0,"player_choice":"Healed and dodged fight","damage_taken":0,"max_hp_gain":0,"max_hp_loss":0,"event_name":"Mushrooms_MRS","floor":13,"gold_loss":0,"cards_obtained":["Parasite"]},{"damage_healed":0,"gold_gain":100,"player_choice":"Gold","damage_taken":0,"max_hp_gain":0,"max_hp_loss":0,"event_name":"Wheel of Change","floor":14,"gold_loss":0}],"is_beta":false,"boss_relics":[],"items_purged_floors":[],"is_endless":false,"potions_floor_spawned":[3,6,10],"killed_by":"downfall:CharBossSilent","ascension_level":3}}