{"host":"nc3dlacrfhmj2qcx","time":1607518323,"event":{"gold_per_floor":[118,268,268,193,208,208,223,250,250,270,286,286,286],"floor_reached":12,"playtime":403,"items_purged":["Strike_G"],"score":160,"play_id":"55f663d8-b11c-45af-bf59-ee8a8042ba61","local_time":"20201209215203","is_ascension_mode":true,"campfire_choices":[{"data":"Underhanded Strike","floor":6.0,"key":"SMITH"}],"neow_cost":"NONE","seed_source_timestamp":2333242131292,"circlet_count":0,"master_deck":["AscendersBane","Strike_G","Strike_G","Strike_G","Strike_G","Defend_G","Defend_G","Defend_G","Defend_G","Defend_G","Survivor","Neutralize","Underhanded Strike+1","Dagger Throw","Dodge and Roll","Blade Dance"],"special_seed":0,"relics":["Snecko Eye","Gremlin Horn","Pear"],"potions_floor_usage":[12,12],"damage_taken":[{"damage":2.0,"enemies":"Jaw Worm","floor":1.0,"turns":7.0},{"damage":4.0,"enemies":"Small Slimes","floor":5.0,"turns":4.0},{"damage":0.0,"enemies":"2 Louse","floor":7.0,"turns":2.0},{"damage":24.0,"enemies":"Gremlin Nob","floor":8.0,"turns":4.0},{"damage":0.0,"enemies":"Gremlin Gang","floor":10.0,"turns":4.0},{"damage":5,"enemies":"Red Slaver","floor":11,"turns":3},{"damage":9,"enemies":"Lagavulin","floor":12,"turns":7}],"seed_played":"-1454251808222690328","potions_obtained":[{"floor":1.0,"key":"Energy Potion"},{"floor":10,"key":"Regen Potion"}],"is_trial":false,"path_per_floor":["M","?","?","$","M","R","M","E","T","M","M","E"],"character_chosen":"THE_SILENT","items_purchased":[],"campfire_rested":0,"item_purchase_floors":[],"current_hp_per_floor":[57,57,50,50,46,46,46,22,32,32,27,33,33],"gold":286,"neow_bonus":"BOSS_RELIC","is_prod":false,"is_daily":false,"chose_seed":false,"campfire_upgraded":1,"win_rate":0,"timestamp":1607518323,"path_taken":["M","?","?","$","M","R","M","E","T","M","M","E"],"build_version":"2020-11-30","purchased_purges":1,"victory":false,"max_hp_per_floor":[66,66,66,66,66,66,66,66,76,76,76,76,76],"card_choices":[{"not_picked":["Heel Hook","Deflect"],"picked":"Underhanded Strike","floor":1.0},{"not_picked":["Heel Hook","All Out Attack"],"picked":"Dagger Throw","floor":5.0},{"not_picked":["Dodge and Roll","Sucker Punch","Bane"],"picked":"SKIP","floor":7.0},{"not_picked":["Sucker Punch","Bane"],"picked":"Dodge and Roll","floor":7.0},{"not_picked":["Finisher","Flying Knee","Deflect"],"picked":"SKIP","floor":8.0},{"not_picked":["Dagger Throw","Prepared","Accuracy"],"picked":"SKIP","floor":10},{"not_picked":["Slice","Caltrops"],"picked":"Blade Dance","floor":11}],"player_experience":1000020,"relics_obtained":[{"floor":8.0,"key":"Gremlin Horn"},{"floor":9.0,"key":"Pear"}],"event_choices":[{"damage_healed":0.0,"max_hp_gain":0.0,"max_hp_loss":0.0,"gold_gain":150.0,"event_name":"Liars Game","player_choice":"AGREE","floor":2.0,"gold_loss":0.0,"damage_taken":0.0,"cards_obtained":["Doubt"]},{"cards_removed":["Doubt"],"damage_healed":0.0,"max_hp_gain":0.0,"max_hp_loss":0.0,"gold_gain":0.0,"event_name":"Golden Wing","player_choice":"Card Removal","floor":3.0,"gold_loss":0.0,"damage_taken":7.0}],"is_beta":false,"boss_relics":[],"items_purged_floors":[4],"is_endless":false,"potions_floor_spawned":[1,10],"killed_by":"Lagavulin","ascension_level":20}}