{"host":"wi1dz5t8299iil0b","time":1607529703,"event":{"gold_per_floor":[99,7,14,14,39,19,19,39,39,39,52,48,23,23,23,13,13],"floor_reached":16,"playtime":1489,"items_purged":[],"score":100,"play_id":"1f5275c7-a608-4734-9d0c-f1375988cc6b","local_time":"20201209110143","is_ascension_mode":false,"campfire_choices":[{"floor":1,"key":"DIG"},{"data":"hexamod:GhostOfSpirePast","floor":4,"key":"SMITH"},{"floor":10,"key":"RECALL"}],"neow_cost":"NONE","seed_source_timestamp":2078994936362500,"circlet_count":0,"master_deck":["hexamod:Strike","hexamod:Strike","hexamod:Strike","hexamod:Defend","hexamod:Defend","hexamod:Defend","hexamod:Defend","hexamod:Sear","hexamod:Float","hexamod:SpectersWail+1","hexamod:StepThrough","hexamod:GhostOfSpirePast+1","hexamod:ChargedBarrage","hexamod:GhostflameBarrier","ReplayTheSpireMod:Brewmster","hexamod:FirstSeal","hexamod:HauntingEcho","hexamod:AdvancingGuard"],"relics":["hexamod:SpiritBrand","CrustySpines"],"potions_floor_usage":[11,11,12,12,16,16],"damage_taken":[{"damage":0,"enemies":"downfall:FleeingMerchant","floor":2,"turns":4},{"damage":0,"enemies":"Cultist","floor":3,"turns":6},{"damage":18,"enemies":"Lagavulin","floor":5,"turns":7},{"damage":0,"enemies":"downfall:FleeingMerchant","floor":6,"turns":4},{"damage":0,"enemies":"Small Slimes","floor":8,"turns":3},{"damage":0,"enemies":"2 Louse","floor":11,"turns":3},{"damage":6,"enemies":"Lots of Slimes","floor":12,"turns":6},{"damage":8,"enemies":"downfall:FleeingMerchant","floor":13,"turns":4},{"damage":8,"enemies":"2 Fungi Beasts","floor":15,"turns":4},{"damage":43,"enemies":"downfall:CharBossSilent","floor":16,"turns":6}],"seed_played":"-4505721320087213562","potions_obtained":[{"floor":5,"key":"sneckomod:MuddlingPotion"},{"floor":8,"key":"DeathKnight:RimePotion"},{"floor":11,"key":"blueLaboratory:Moonshine"}],"is_trial":false,"path_per_floor":["R_BF","$","M","R","E","$","T","M","?","R","M","M","$","?","M","B"],"character_chosen":"THE_SPIRIT","items_purchased":["hexamod:StepThrough"],"campfire_rested":0,"item_purchase_floors":[2],"current_hp_per_floor":[70,70,70,70,52,52,52,52,52,52,52,46,45,45,37,0,0],"gold":13,"neow_bonus":"TRANSFORM_CARD","is_prod":false,"is_daily":false,"chose_seed":false,"campfire_upgraded":1,"win_rate":0.0,"timestamp":1607529703,"path_taken":["R_BF","?","M","R","E","$","T","M","?","R","M","M","$","?","M","BOSS"],"build_version":"2020-11-30","purchased_purges":0,"victory":false,"max_hp_per_floor":[70,70,70,70,70,70,70,70,70,70,70,70,70,70,70,70,70],"card_choices":[{"not_picked":["hexamod:ShieldOfDarkness","hexamod:Rewind"],"picked":"hexamod:GhostOfSpirePast","floor":3},{"not_picked":["hexamod:RainOfEmbers","hexamod:NightmareStrike"],"picked":"hexamod:ChargedBarrage","floor":5},{"not_picked":["hexamod:Firestarter","hexamod:AdvancingGuard"],"picked":"hexamod:GhostflameBarrier","floor":8},{"not_picked":["expansioncontent:DefensiveMode","Mayhem"],"picked":"ReplayTheSpireMod:Brewmster","floor":9},{"not_picked":["hexamod:SpectersWail","hexamod:PhantomFireball"],"picked":"hexamod:FirstSeal","floor":11},{"not_picked":["hexamod:NightmareStrike","hexamod:FastForward"],"picked":"hexamod:HauntingEcho","floor":12},{"not_picked":["hexamod:ChargedBarrage","hexamod:GhostShield"],"picked":"hexamod:AdvancingGuard","floor":15}],"player_experience":136497,"relics_obtained":[{"floor":5,"key":"CrustySpines"}],"event_choices":[{"damage_healed":0,"gold_gain":1,"player_choice":"1","damage_taken":0,"max_hp_gain":0,"max_hp_loss":0,"event_name":"betterStone:BetterStone","floor":9,"gold_loss":0}],"is_beta":false,"boss_relics":[],"items_purged_floors":[],"is_endless":false,"potions_floor_spawned":[5,8,11],"killed_by":"downfall:CharBossSilent","ascension_level":0}}