{"host":"csxyw8kq0by31otn","time":1607499087,"event":{"gold_per_floor":[113,113,113,188,200,229,229,229,253,428,444,458,458,475,475,475,475],"floor_reached":16,"playtime":348,"items_purged":[],"score":125,"play_id":"8f4df725-e0c2-4078-ac55-427bea30cc2d","local_time":"20201209163127","is_ascension_mode":false,"campfire_choices":[{"floor":8,"key":"REST"},{"floor":15,"key":"REST"}],"neow_cost":"NONE","seed_source_timestamp":19356137667300,"circlet_count":0,"master_deck":["Strike_R","Strike_R","Strike_R","Strike_R+1","Defend_R+1","Defend_R","Defend_R","Defend_R","Bash","Pommel Strike","Dropkick","Clothesline","Inflame","Doubt","Power Through","Pummel","Regret","Clash"],"relics":["Burning Blood","NeowsBlessing","Question Card","Potion Belt","Paper Frog"],"potions_floor_usage":[14,16,16,16],"damage_taken":[{"damage":0,"enemies":"2 Louse","floor":1,"turns":1},{"damage":0,"enemies":"Jaw Worm","floor":5,"turns":1},{"damage":0,"enemies":"Lagavulin","floor":6,"turns":1},{"damage":10,"enemies":"Small Slimes","floor":11,"turns":3},{"damage":21,"enemies":"2 Fungi Beasts","floor":12,"turns":5},{"damage":51,"enemies":"Exordium Thugs","floor":14,"turns":8},{"damage":42,"enemies":"The Guardian","floor":16,"turns":9}],"seed_played":"7179484932038220223","potions_obtained":[{"floor":1,"key":"ColorlessPotion"},{"floor":11,"key":"Strength Potion"},{"floor":12,"key":"LiquidBronze"},{"floor":14,"key":"FearPotion"}],"is_trial":false,"path_per_floor":["M","$","?","?","M","E","?","R","T","?","M","M","?","M","R","B"],"character_chosen":"IRONCLAD","items_purchased":[],"campfire_rested":2,"item_purchase_floors":[],"current_hp_per_floor":[80,80,80,69,75,80,64,80,80,80,76,61,61,16,40,0,0],"gold":475,"neow_bonus":"THREE_ENEMY_KILL","is_prod":false,"is_daily":false,"chose_seed":false,"campfire_upgraded":0,"win_rate":0,"timestamp":1607499087,"path_taken":["M","$","?","?","M","E","?","R","T","?","M","?","?","M","R","BOSS"],"build_version":"2020-11-30","purchased_purges":0,"victory":false,"max_hp_per_floor":[80,80,80,80,80,80,80,80,80,80,80,80,80,80,80,80,80],"card_choices":[{"not_picked":["Iron Wave","Sword Boomerang"],"picked":"Pommel Strike","floor":1},{"not_picked":["Wild Strike","Carnage"],"picked":"Clothesline","floor":5},{"not_picked":["Clash","Reckless Charge"],"picked":"Inflame","floor":6},{"not_picked":["Cleave","Searing Blow","Whirlwind"],"picked":"Power Through","floor":11},{"not_picked":["Body Slam","Bloodletting","Sword Boomerang"],"picked":"Pummel","floor":12},{"not_picked":["Body Slam","Havoc","Rage"],"picked":"Clash","floor":14}],"player_experience":167849,"relics_obtained":[{"floor":6,"key":"Question Card"},{"floor":9,"key":"Potion Belt"}],"event_choices":[{"damage_healed":0,"gold_gain":0,"cards_transformed":["Strike_R"],"player_choice":"Change","damage_taken":0,"max_hp_gain":0,"max_hp_loss":0,"event_name":"Living Wall","floor":3,"gold_loss":0,"cards_obtained":["Dropkick"]},{"damage_healed":0,"gold_gain":75,"player_choice":"Gather Gold","damage_taken":11,"max_hp_gain":0,"max_hp_loss":0,"event_name":"World of Goop","floor":4,"gold_loss":0},{"damage_healed":0,"gold_gain":0,"player_choice":"Entered Light","damage_taken":16,"max_hp_gain":0,"max_hp_loss":0,"event_name":"Shining Light","floor":7,"gold_loss":0,"cards_upgraded":["Defend_R","Strike_R"]},{"damage_healed":0,"gold_gain":175,"player_choice":"AGREE","damage_taken":0,"max_hp_gain":0,"max_hp_loss":0,"event_name":"Liars Game","floor":10,"gold_loss":0,"cards_obtained":["Doubt"]},{"damage_healed":0,"gold_gain":0,"player_choice":"Box","damage_taken":0,"relics_obtained":["Paper Frog"],"max_hp_gain":0,"max_hp_loss":0,"event_name":"Big Fish","floor":13,"gold_loss":0,"cards_obtained":["Regret"]}],"is_beta":false,"boss_relics":[],"items_purged_floors":[],"is_endless":false,"potions_floor_spawned":[1,11,12,14],"killed_by":"The Guardian","ascension_level":0}}