{"host":"3j2m8n0ywf988fwb","time":1607533171,"event":{"gold_per_floor":[116,116,130,150,150,180,197,197,224,238,238,238,238],"floor_reached":12,"playtime":630,"items_purged":[],"score":84,"play_id":"da3a332c-3c25-4cc4-bf5e-442ef6d3cbec","local_time":"20201209105931","is_ascension_mode":true,"campfire_choices":[{"data":"HollowMod:MawleksShell","floor":11,"key":"SMITH"}],"neow_cost":"NONE","seed_source_timestamp":213758599304500,"circlet_count":0,"master_deck":["HollowMod:NailStrikeStart","HollowMod:NailStrikeStart","HollowMod:NailStrikeStart","HollowMod:NailStrikeStart","HollowMod:QuickDashStart","HollowMod:QuickDashStart","HollowMod:QuickDashStart","HollowMod:QuickDashStart","HollowMod:FocusHealStart","HollowMod:PogoStrike","HollowMod:TaintedHusks","HollowMod:CycloneSlash","HollowMod:MawleksShell+1","HollowMod:TaintedHusks"],"relics":["HollowMod:VesselMask","aspiration:EmptySkull","NlothsMask","Chameleon Ring"],"potions_floor_usage":[12],"damage_taken":[{"damage":0,"enemies":"Small Slimes","floor":1,"turns":5},{"damage":9,"enemies":"2 Louse","floor":3,"turns":4},{"damage":4,"enemies":"Cultist","floor":4,"turns":4},{"damage":48,"enemies":"3 Sentries","floor":6,"turns":10},{"damage":8,"enemies":"Large Slime","floor":7,"turns":9},{"damage":11,"enemies":"Lots of Slimes","floor":10,"turns":4},{"damage":50,"enemies":"Lagavulin","floor":12,"turns":7}],"seed_played":"-1016374427370228775","potions_obtained":[{"floor":6,"key":"BlessingOfTheForge"},{"floor":7,"key":"ColorlessPotion"},{"floor":8,"key":"BlessingOfTheForge"}],"is_trial":false,"path_per_floor":["M","?","M","M","?","E","M","?","T","M","R","E"],"character_chosen":"THE_BUGKNIGHT","items_purchased":[],"campfire_rested":0,"item_purchase_floors":[],"current_hp_per_floor":[82,75,72,78,78,40,38,38,38,33,33,0,0],"gold":238,"neow_bonus":"TEN_PERCENT_HP_BONUS","is_prod":false,"is_daily":false,"chose_seed":false,"campfire_upgraded":1,"win_rate":0,"timestamp":1607533171,"path_taken":["M","?","M","M","?","E","?","?","T","M","R","E"],"build_version":"2020-11-30","purchased_purges":0,"victory":false,"max_hp_per_floor":[82,82,82,82,82,82,82,82,82,82,82,82,82],"relic_stats":{"counters":[7,43],"obtain_stats":[{"aspiration:EmptySkull":2,"Chameleon Ring":6,"HollowMod:VesselMask":0,"NlothsMask":5},{"aspiration:EmptySkull":1,"Chameleon Ring":4,"HollowMod:VesselMask":0,"NlothsMask":3},{"aspiration:EmptySkull":5,"Chameleon Ring":23,"HollowMod:VesselMask":0,"NlothsMask":13}]},"card_choices":[{"not_picked":["HollowMod:DescendingDark","HollowMod:DungDefenderAura"],"picked":"HollowMod:TaintedHusks","floor":1},{"not_picked":["HollowMod:ShapeofUnn","HollowMod:SiblingsShadow"],"picked":"HollowMod:CycloneSlash","floor":3},{"not_picked":["HollowMod:PureNailStrike","HollowMod:HowlingWraiths"],"picked":"HollowMod:MawleksShell","floor":4},{"not_picked":["HollowMod:SiblingsSouls","HollowMod:SharpenedNail","HollowMod:PureNailStrike"],"picked":"SKIP","floor":6},{"not_picked":["HollowMod:MantisMark","HollowMod:WraithStrike"],"picked":"HollowMod:TaintedHusks","floor":7},{"not_picked":["HollowMod:CoiledNail","HollowMod:SharpenedShadows","HollowMod:SoulStrike"],"picked":"SKIP","floor":10}],"player_experience":951158,"relics_obtained":[{"floor":6,"key":"Chameleon Ring"}],"event_choices":[{"damage_healed":0,"gold_gain":0,"player_choice":"Relic ","damage_taken":7,"max_hp_gain":0,"max_hp_loss":0,"event_name":"betterThird:BetterScrap","floor":2,"gold_loss":0,"cards_obtained":["Footwork"]},{"damage_healed":0,"gold_gain":0,"player_choice":"Trade","damage_taken":0,"relics_obtained":["NlothsMask"],"max_hp_gain":0,"max_hp_loss":0,"event_name":"FaceTrader","floor":5,"gold_loss":0},{"damage_healed":0,"gold_gain":0,"player_choice":"Got Potions","damage_taken":0,"max_hp_gain":0,"max_hp_loss":0,"event_name":"Lab","floor":8,"gold_loss":0}],"is_beta":false,"boss_relics":[],"items_purged_floors":[],"is_endless":false,"potions_floor_spawned":[6,7,10],"killed_by":"Lagavulin","ascension_level":1}}