{"host":"irtkyucquvte0m2t","time":1607553068,"event":{"gold_per_floor":[109,109,61,74,74,102,113,113,113,113,128,128,128,147,147,245,245,262,280,280,280,293,293,325,344,370,38,38,51,69,82,82,182,182,199,217,217,232,71,71,100,115,138,138,138,138,138],"floor_reached":46,"playtime":6184,"items_purged":["Defend_B","Strike_B","Defend_B"],"score":672,"play_id":"ce55b2ed-395f-4a19-9810-67c41d5e661d","local_time":"20201209173108","is_ascension_mode":false,"campfire_choices":[{"floor":10,"key":"REST"},{"floor":15,"key":"REST"},{"data":"Zap","floor":23,"key":"SMITH"},{"floor":28,"key":"REST"},{"floor":32,"key":"REST"},{"data":"Echo Form","floor":40,"key":"SMITH"}],"neow_cost":"","seed_source_timestamp":1989054148008100,"circlet_count":0,"master_deck":["Strike_B","Defend_B","Defend_B","Zap+1","Dualcast+1","FTL","Streamline","Capacitor","Hologram","Melter","Gash","Sunder","Gash","Go for the Eyes","Echo Form+1","BootSequence","Beam Cell+1","Conserve Battery","Defragment+1","Buffer+1","Reinforced Body+1","Loop+1","All For One","Leap+1","Loop+1","Glacier+1","Sadistic Nature+1"],"relics":["FrozenCore","StrikeDummy","Pear","Matryoshka","Frozen Egg 2","Bag of Marbles","Tiny Chest","Strawberry","Nuclear Battery","Bottled Tornado","Potion Belt","Centennial Puzzle"],"potions_floor_usage":[19,22,24,31,33,33],"damage_taken":[{"damage":0,"enemies":"2 Louse","floor":1,"turns":1},{"damage":7,"enemies":"Small Slimes","floor":4,"turns":2},{"damage":28,"enemies":"Lagavulin","floor":6,"turns":5},{"damage":0,"enemies":"Jaw Worm","floor":7,"turns":2},{"damage":11,"enemies":"Blue Slaver","floor":11,"turns":3},{"damage":6,"enemies":"2 Fungi Beasts","floor":14,"turns":2},{"damage":16,"enemies":"Slime Boss","floor":16,"turns":8},{"damage":9,"enemies":"Chosen","floor":18,"turns":5},{"damage":13,"enemies":"3 Byrds","floor":19,"turns":6},{"damage":6,"enemies":"Centurion and Healer","floor":22,"turns":5},{"damage":31,"enemies":"Slavers","floor":24,"turns":7},{"damage":0,"enemies":"Sentry and Sphere","floor":25,"turns":2},{"damage":10,"enemies":"Snake Plant","floor":29,"turns":6},{"damage":0,"enemies":"Centurion and Healer","floor":30,"turns":8},{"damage":16,"enemies":"3 Cultists","floor":31,"turns":6},{"damage":26,"enemies":"Automaton","floor":33,"turns":13},{"damage":0,"enemies":"3 Shapes","floor":35,"turns":6},{"damage":0,"enemies":"Orb Walker","floor":36,"turns":4},{"damage":0,"enemies":"Transient","floor":38,"turns":5},{"damage":0,"enemies":"Nemesis","floor":41,"turns":6},{"damage":0,"enemies":"3 Darklings","floor":42,"turns":7},{"damage":1,"enemies":"Giant Head","floor":46,"turns":5}],"seed_played":"4221677004832384438","potions_obtained":[{"floor":6,"key":"Energy Potion"},{"floor":16,"key":"BlessingOfTheForge"},{"floor":18,"key":"EssenceOfSteel"},{"floor":22,"key":"PotionOfCapacity"},{"floor":25,"key":"BlessingOfTheForge"},{"floor":29,"key":"Regen Potion"},{"floor":38,"key":"SneckoOil"},{"floor":41,"key":"LiquidBronze"},{"floor":42,"key":"GamblersBrew"}],"is_trial":false,"path_per_floor":["M","?","$","M","?","E","M","$","T","R","M","T","?","M","R","B",null,"M","M","?","?","M","R","E","M","T","$","R","M","M","M","R","B",null,"M","M","?","M","$","R","E","M","T","?","?","E"],"character_chosen":"DEFECT","items_purchased":["FTL","Streamline","Capacitor","Hologram","Gash","Loop+1","Strawberry","Loop+1"],"campfire_rested":4,"item_purchase_floors":[0,0,0,0,3,27,27,39],"current_hp_per_floor":[75,80,80,73,66,38,38,38,48,75,64,64,64,58,85,69,90,81,68,68,68,62,62,31,31,31,38,67,57,57,56,85,59,97,97,97,97,97,97,97,97,97,97,97,97,96,96],"gold":138,"neow_bonus":"","is_prod":false,"is_daily":false,"chose_seed":false,"campfire_upgraded":2,"win_rate":0,"timestamp":1607553068,"path_taken":["M","?","$","M","?","E","M","?","T","R","M","?","?","M","R","BOSS","M","M","?","?","?","R","E","M","T","$","R","M","M","M","R","BOSS","M","M","?","M","$","R","E","M","T","?","?","E"],"build_version":"2020-11-30","purchased_purges":3,"victory":false,"max_hp_per_floor":[75,80,80,80,80,80,80,80,90,90,90,90,90,90,90,90,90,90,90,90,90,90,90,90,90,90,97,97,97,97,97,97,97,97,97,97,97,97,97,97,97,97,97,97,97,97,97],"card_choices":[{"not_picked":["Compile Driver","BootSequence"],"picked":"Melter","floor":1},{"not_picked":["Rebound","Static Discharge","Recycle"],"picked":"SKIP","floor":4},{"not_picked":["Aggregate","BootSequence"],"picked":"Sunder","floor":6},{"not_picked":["FTL","Melter"],"picked":"Gash","floor":7},{"not_picked":["Conserve Battery","Sweeping Beam"],"picked":"Consume","floor":11},{"not_picked":["Force Field","Streamline"],"picked":"Go for the Eyes","floor":14},{"not_picked":["Buffer","Hyperbeam"],"picked":"Echo Form","floor":16},{"not_picked":["Tempest+1","Double Energy"],"picked":"BootSequence","floor":18},{"not_picked":["Redo+1","Stack"],"picked":"Beam Cell+1","floor":19},{"not_picked":["Sweeping Beam","Go for the Eyes+1"],"picked":"Defragment+1","floor":22},{"not_picked":["Force Field+1","Compile Driver+1"],"picked":"Buffer+1","floor":24},{"not_picked":["Tempest","Sweeping Beam+1"],"picked":"Reinforced Body+1","floor":25},{"not_picked":["Stack+1","Turbo","Hologram"],"picked":"SKIP","floor":29},{"not_picked":["Compile Driver","Melter","Rebound"],"picked":"SKIP","floor":30},{"not_picked":["Storm+1","Compile Driver","Barrage+1"],"picked":"SKIP","floor":31},{"not_picked":["Meteor Strike","Multi-Cast"],"picked":"All For One","floor":33},{"not_picked":["Defragment+1","Doom and Gloom+1"],"picked":"Leap+1","floor":35},{"not_picked":["Rebound","Fusion+1","Consume"],"picked":"SKIP","floor":36},{"not_picked":["Conserve Battery+1","Stack","Barrage"],"picked":"SKIP","floor":38},{"not_picked":["Self Repair+1","BootSequence+1"],"picked":"Glacier+1","floor":41},{"not_picked":["Undo+1","Barrage","Redo"],"picked":"SKIP","floor":42},{"not_picked":["Finesse","Apotheosis"],"picked":"Sadistic Nature+1","floor":45}],"player_experience":1243504,"relics_obtained":[{"floor":6,"key":"StrikeDummy"},{"floor":9,"key":"Pear"},{"floor":12,"key":"Matryoshka"},{"floor":24,"key":"Frozen Egg 2"},{"floor":26,"key":"Bag of Marbles"},{"floor":26,"key":"Tiny Chest"},{"floor":41,"key":"Bottled Tornado"},{"floor":43,"key":"Potion Belt"},{"floor":43,"key":"Centennial Puzzle"}],"event_choices":[{"damage_healed":0,"gold_gain":0,"player_choice":"Donut","damage_taken":0,"max_hp_gain":5,"max_hp_loss":0,"event_name":"Big Fish","floor":2,"gold_loss":0},{"cards_removed":["Strike_B"],"damage_healed":0,"gold_gain":0,"player_choice":"Card Removal","damage_taken":7,"max_hp_gain":0,"max_hp_loss":0,"event_name":"Golden Wing","floor":5,"gold_loss":0},{"damage_healed":0,"gold_gain":0,"cards_transformed":["Consume"],"player_choice":"Change","damage_taken":0,"max_hp_gain":0,"max_hp_loss":0,"event_name":"Living Wall","floor":13,"gold_loss":0,"cards_obtained":["Recycle"]},{"damage_healed":0,"gold_gain":0,"player_choice":"Upgraded","damage_taken":0,"max_hp_gain":0,"max_hp_loss":0,"event_name":"Upgrade Shrine","floor":20,"gold_loss":0,"cards_upgraded":["Dualcast"]},{"damage_healed":0,"gold_gain":0,"cards_transformed":["Recycle"],"player_choice":"Transformed","damage_taken":0,"max_hp_gain":0,"max_hp_loss":0,"event_name":"Transmorgrifier","floor":21,"gold_loss":0,"cards_obtained":["Conserve Battery"]},{"cards_removed":["Strike_B"],"damage_healed":0,"gold_gain":0,"player_choice":"Removed Attack","damage_taken":0,"max_hp_gain":0,"max_hp_loss":0,"event_name":"Falling","floor":37,"gold_loss":0},{"damage_healed":0,"gold_gain":0,"player_choice":"Ignored","damage_taken":0,"max_hp_gain":0,"max_hp_loss":0,"event_name":"Mysterious Sphere","floor":44,"gold_loss":0},{"damage_healed":0,"gold_gain":0,"player_choice":"Memory 1","damage_taken":0,"max_hp_gain":0,"max_hp_loss":0,"event_name":"SensoryStone","floor":45,"gold_loss":0}],"is_beta":false,"boss_relics":[{"not_picked":["Sozu","Ectoplasm"],"picked":"FrozenCore"},{"not_picked":["Fusion Hammer","Pandora\u0027s Box"],"picked":"Nuclear Battery"}],"items_purged_floors":[0,27,39],"is_endless":false,"potions_floor_spawned":[6,16,18,22,25,29,30,38,41,42],"killed_by":"Giant Head","ascension_level":0}}