{"host":"Berg","time":1607555408,"event":{"gold_per_floor":[115,40,40,14,14,42,54,129,129,158,174,13,13,33,33,107,107,125,10,35,47,97,97,97],"floor_reached":23,"playtime":643,"items_purged":["Strike_B"],"score":444,"play_id":"f90b4b1c-f571-4eed-8f9f-b5a94603e267","local_time":"20201209181008","is_ascension_mode":true,"campfire_choices":[{"floor":13,"key":"REST"},{"data":"Loop","floor":15,"key":"SMITH"}],"neow_cost":"NONE","seed_source_timestamp":91897335351000,"circlet_count":0,"master_deck":["AscendersBane","Strike_B","Strike_B+1","Defend_B","Defend_B+1","Defend_B","Defend_B","Zap","Dualcast","Beam Cell","Rebound","Go for the Eyes","Doom and Gloom","Genetic Algorithm","Rebound","Loop+1","Electrodynamics","Cold Snap","Capacitor","Chill","Defragment","Core Surge"],"special_seed":0,"relics":["Cracked Core","NeowsBlessing","Du-Vu Doll","InkBottle","Regal Pillow","Membership Card","Coffee Dripper","Red Mask"],"potions_floor_usage":[23],"damage_taken":[{"damage":0.0,"enemies":"Jaw Worm","floor":1.0,"turns":1.0},{"damage":0.0,"enemies":"Gremlin Nob","floor":6.0,"turns":1.0},{"damage":0.0,"enemies":"2 Louse","floor":7.0,"turns":1.0},{"damage":25.0,"enemies":"3 Sentries","floor":10.0,"turns":6.0},{"damage":0.0,"enemies":"Small Slimes","floor":11.0,"turns":3.0},{"damage":7,"enemies":"3 Louse","floor":14,"turns":2},{"damage":31,"enemies":"Hexaghost","floor":16,"turns":9},{"damage":17,"enemies":"Spheric Guardian","floor":18,"turns":4},{"damage":10,"enemies":"Masked Bandits","floor":20,"turns":3},{"damage":0,"enemies":"3 Byrds","floor":21,"turns":3},{"damage":38,"enemies":"Gremlin Leader","floor":23,"turns":4}],"seed_played":"-5505164451272073007","potions_obtained":[{"floor":1.0,"key":"SkillPotion"},{"floor":6.0,"key":"EssenceOfSteel"},{"floor":14,"key":"Strength Potion"},{"floor":20,"key":"Dexterity Potion"}],"is_trial":false,"path_per_floor":["M","?","?","$","?","E","M","?","T","E","M","$","R","M","R","B",null,"M","$","?","M","?","E"],"character_chosen":"DEFECT","items_purchased":["Rebound","Membership Card","Capacitor","Chill"],"campfire_rested":1,"item_purchase_floors":[4,12,19,19],"current_hp_per_floor":[64,64,69,69,46,46,46,35,35,10,10,10,47,40,40,9,59,42,42,32,32,32,0,0],"gold":97,"neow_bonus":"THREE_ENEMY_KILL","is_prod":false,"is_daily":false,"chose_seed":false,"campfire_upgraded":1,"win_rate":0,"timestamp":1607555408,"path_taken":["M","?","?","$","?","E","M","?","T","E","M","$","R","M","R","BOSS","M","$","?","M","?","E"],"build_version":"2020-12-07","purchased_purges":1,"victory":false,"max_hp_per_floor":[71,71,76,76,76,76,76,76,76,76,76,76,76,76,76,76,76,76,76,76,76,76,76,76],"relic_stats":{"Regal Pillow":15,"counters":[11,37],"obtain_stats":[{"Du-Vu Doll":6,"Regal Pillow":10,"NeowsBlessing":0,"Coffee Dripper":17,"Red Mask":20,"Membership Card":12,"Cracked Core":0,"InkBottle":9},{"Du-Vu Doll":2,"Regal Pillow":4,"NeowsBlessing":0,"Coffee Dripper":7,"Red Mask":9,"Membership Card":5,"Cracked Core":0,"InkBottle":3},{"Du-Vu Doll":2,"Regal Pillow":9,"NeowsBlessing":0,"Coffee Dripper":23,"Red Mask":30,"Membership Card":12,"Cracked Core":0,"InkBottle":3}],"InkBottle":[11]},"card_choices":[{"not_picked":["Skim","Steam"],"picked":"Beam Cell","floor":1.0},{"not_picked":["Coolheaded","Redo"],"picked":"Go for the Eyes","floor":6.0},{"not_picked":["Darkness","Ball Lightning"],"picked":"Doom and Gloom","floor":7.0},{"not_picked":["Gash","Stack"],"picked":"Genetic Algorithm","floor":10.0},{"not_picked":["Compile Driver","BootSequence"],"picked":"Rebound","floor":11},{"not_picked":["Go for the Eyes","Redo"],"picked":"Loop","floor":14},{"not_picked":["Reboot","Echo Form"],"picked":"Electrodynamics","floor":16},{"not_picked":["Conserve Battery","Streamline"],"picked":"Cold Snap","floor":18},{"not_picked":["Gash","Leap"],"picked":"Defragment","floor":20},{"not_picked":["Beam Cell","Loop"],"picked":"Core Surge","floor":21}],"player_experience":1317221,"relics_obtained":[{"floor":6.0,"key":"Du-Vu Doll"},{"floor":9.0,"key":"InkBottle"},{"floor":10.0,"key":"Regal Pillow"},{"floor":20,"key":"Red Mask"}],"event_choices":[{"cards_removed":["Strike_B"],"damage_healed":0.0,"max_hp_gain":0.0,"max_hp_loss":0.0,"gold_gain":0.0,"event_name":"The Cleric","player_choice":"Card Removal","floor":2.0,"gold_loss":75.0,"damage_taken":0.0},{"damage_healed":0.0,"max_hp_gain":5.0,"max_hp_loss":0.0,"gold_gain":0.0,"event_name":"Big Fish","player_choice":"Donut","floor":3.0,"gold_loss":0.0,"damage_taken":0.0},{"damage_healed":0.0,"max_hp_gain":0.0,"max_hp_loss":0.0,"gold_gain":0.0,"event_name":"Shining Light","player_choice":"Entered Light","floor":5.0,"gold_loss":0.0,"damage_taken":23.0,"cards_upgraded":["Defend_B","Strike_B"]},{"damage_healed":0.0,"max_hp_gain":0.0,"max_hp_loss":0.0,"gold_gain":75.0,"event_name":"World of Goop","player_choice":"Gather Gold","floor":8.0,"gold_loss":0.0,"damage_taken":11.0},{"damage_healed":0,"gold_gain":0,"player_choice":"Fought Bandits","damage_taken":0,"max_hp_gain":0,"max_hp_loss":0,"event_name":"Masked Bandits","floor":20,"gold_loss":0},{"damage_healed":0,"gold_gain":50,"player_choice":"Stole From Cult","damage_taken":0,"max_hp_gain":0,"max_hp_loss":0,"event_name":"Nest","floor":22,"gold_loss":0}],"is_beta":true,"boss_relics":[{"not_picked":["Inserter","Busted Crown"],"picked":"Coffee Dripper"}],"items_purged_floors":[19],"is_endless":false,"potions_floor_spawned":[1,6,14,20],"killed_by":"Gremlin Leader","ascension_level":20}}