{"host":"brlhu57vzmgrzvkq","time":1607496298,"event":{"gold_per_floor":[109,184,195,208,228,228,262,262,289,132,132,132],"floor_reached":11,"playtime":280,"items_purged":["Strike_R"],"score":80,"play_id":"72ac5947-3e30-410e-98c0-cc994ca92984","local_time":"20201208234458","is_ascension_mode":true,"campfire_choices":[{"data":"Rampage","floor":6,"key":"SMITH"},{"data":"Cleave","floor":8,"key":"SMITH"}],"neow_cost":"NONE","seed_source_timestamp":680080185788000,"circlet_count":0,"master_deck":["Strike_R","Strike_R","Strike_R","Strike_R","Defend_R","Defend_R","Defend_R","Defend_R","Bash","Sword Boomerang","Sword Boomerang","Flame Barrier","Rampage+1","Cleave+1","Ghostly Armor"],"relics":["Burning Blood","Oddly Smooth Stone"],"potions_floor_usage":[5,7],"damage_taken":[{"damage":13,"enemies":"Jaw Worm","floor":1,"turns":4},{"damage":0,"enemies":"Small Slimes","floor":3,"turns":3},{"damage":2,"enemies":"2 Louse","floor":4,"turns":2},{"damage":24,"enemies":"Exordium Thugs","floor":5,"turns":5},{"damage":31,"enemies":"Lagavulin","floor":7,"turns":9},{"damage":33,"enemies":"Gremlin Nob","floor":11,"turns":4}],"seed_played":"5095537277376562609","potions_obtained":[{"floor":3,"key":"Weak Potion"},{"floor":4,"key":"Block Potion"}],"is_trial":false,"path_per_floor":["M","?","M","M","M","R","E","R","T","$","E"],"character_chosen":"IRONCLAD","items_purchased":["Ghostly Armor"],"campfire_rested":0,"item_purchase_floors":[10],"current_hp_per_floor":[73,62,68,72,54,54,29,29,29,29,0,0],"gold":132,"neow_bonus":"THREE_CARDS","is_prod":false,"is_daily":false,"chose_seed":false,"campfire_upgraded":2,"win_rate":0,"timestamp":1607496298,"path_taken":["M","?","M","M","M","R","E","R","T","$","E"],"build_version":"2020-11-30","purchased_purges":1,"victory":false,"max_hp_per_floor":[80,80,80,80,80,80,80,80,80,80,80,80],"card_choices":[{"not_picked":["Flex","Iron Wave"],"picked":"Sword Boomerang","floor":0},{"not_picked":["Clash","Twin Strike"],"picked":"Sword Boomerang","floor":1},{"not_picked":["Perfected Strike","Armaments"],"picked":"Flame Barrier","floor":3},{"not_picked":["Pummel","Heavy Blade"],"picked":"Rampage","floor":4},{"not_picked":["Rampage","Second Wind","Headbutt"],"picked":"SKIP","floor":5},{"not_picked":["Barricade","Thunderclap"],"picked":"Cleave","floor":7}],"player_experience":46262,"relics_obtained":[{"floor":7,"key":"Oddly Smooth Stone"}],"event_choices":[{"damage_healed":0,"gold_gain":75,"player_choice":"Gather Gold","damage_taken":11,"max_hp_gain":0,"max_hp_loss":0,"event_name":"World of Goop","floor":2,"gold_loss":0}],"is_beta":false,"boss_relics":[],"items_purged_floors":[10],"is_endless":false,"potions_floor_spawned":[3,4],"killed_by":"Gremlin Nob","ascension_level":2}}