{"host":"cxvb37eaaiijvrl4","time":1607494443,"event":{"gold_per_floor":[121,121,147,147,159,171,240,275,311,357,369,406,458,245,245,345,345,374,404,448,498,204,204,204,274,274,4,4,4,71,130,130,265,265,301,367,207,224,224,272,272,310,310,110,110,510,552,564,564,564,588,588,588,151,197,258],"floor_reached":57,"playtime":2520,"items_purged":["Dualcast","Strike_B","Strike_B","Strike_B","Injury","Darkness+1","Capacitor","Defend_B","Defend_B","Redo"],"score":3166,"play_id":"d5257a31-3cc5-42a5-83d6-d34c53022a76","local_time":"20201208221403","is_ascension_mode":true,"campfire_choices":[{"data":"Darkness","floor":6.0,"key":"SMITH"},{"data":"Self Repair","floor":11.0,"key":"SMITH"},{"data":"Coolheaded","floor":15.0,"key":"SMITH"},{"data":"Coolheaded","floor":23.0,"key":"SMITH"},{"data":"Recycle","floor":28.0,"key":"SMITH"},{"data":"Zap","floor":32.0,"key":"SMITH"},{"data":"MostiFishMod:ReadyAimFire","floor":41.0,"key":"SMITH"},{"floor":49,"key":"RECALL"},{"data":"Double Energy","floor":53,"key":"SMITH"}],"neow_cost":"NONE","seed_source_timestamp":84739435945800,"circlet_count":0,"master_deck":["AscendersBane","Defend_B","Defend_B","Zap+1","Genetic Algorithm","Recycle+1","Clumsy","Self Repair+1","Coolheaded+1","Thunder Strike","Coolheaded+1","Defragment","Ghostly","Ghostly","Ghostly","Storm+1","MostiFishMod:ReadyAimFire+1","Double Energy+1"],"special_seed":0,"relics":["DaveBox","FeatherPendant","testmod-Acrobat","Cursed Key","CultistMask","ImportantClient","Busted Crown","MerchantsRug","CombinedTypeHook","Medical Kit","BirthdayGift-Icosahedron","Lizard Tail","Ancient Tea Set","Membership Card","Lantern"],"potions_floor_usage":[56,56],"damage_taken":[{"damage":0.0,"enemies":"Cultist","floor":1.0,"turns":3.0},{"damage":10.0,"enemies":"Jaw Worm","floor":3.0,"turns":4.0},{"damage":10.0,"enemies":"3 Sentries","floor":7.0,"turns":8.0},{"damage":10.0,"enemies":"Small Slimes","floor":8.0,"turns":2.0},{"damage":0.0,"enemies":"Gremlin Gang","floor":10.0,"turns":4.0},{"damage":13.0,"enemies":"Blue Slaver","floor":12.0,"turns":3.0},{"damage":14.0,"enemies":"Gremlin Nob","floor":13.0,"turns":3.0},{"damage":16.0,"enemies":"Hexaghost","floor":16.0,"turns":7.0},{"damage":23.0,"enemies":"Shell Parasite","floor":18.0,"turns":4.0},{"damage":15.0,"enemies":"Chosen","floor":19.0,"turns":6.0},{"damage":27.0,"enemies":"Snecko","floor":20.0,"turns":7.0},{"damage":8.0,"enemies":"Shelled Parasite and Fungi","floor":21.0,"turns":5.0},{"damage":9.0,"enemies":"Gremlin Leader","floor":25.0,"turns":5.0},{"damage":0.0,"enemies":"Book of Stabbing","floor":30.0,"turns":5.0},{"damage":0.0,"enemies":"Sentry and Sphere","floor":31.0,"turns":7.0},{"damage":2.0,"enemies":"Automaton","floor":33.0,"turns":5.0},{"damage":0.0,"enemies":"3 Shapes","floor":35.0,"turns":1.0},{"damage":0.0,"enemies":"Mind Bloom Boss Battle","floor":36.0,"turns":2.0},{"damage":0.0,"enemies":"3 Darklings","floor":38.0,"turns":1.0},{"damage":0.0,"enemies":"Giant Head","floor":40.0,"turns":2.0},{"damage":0.0,"enemies":"Maw","floor":42.0,"turns":2.0},{"damage":0,"enemies":"Reptomancer","floor":47,"turns":2},{"damage":0,"enemies":"Sphere and 2 Shapes","floor":48,"turns":1},{"damage":0,"enemies":"Donu and Deca","floor":50,"turns":1},{"damage":0,"enemies":"Awakened One","floor":51,"turns":3},{"damage":0,"enemies":"Shield and Spear","floor":55,"turns":1},{"damage":10,"enemies":"The Heart","floor":56,"turns":4}],"seed_played":"8323847922663525018","potions_obtained":[{"floor":3.0,"key":"PotionOfCapacity"},{"floor":7.0,"key":"SkillPotion"},{"floor":12.0,"key":"ColorlessPotion"},{"floor":13.0,"key":"Fruit Juice"},{"floor":20.0,"key":"testmod-EscapePotion"},{"floor":21.0,"key":"Block Potion"},{"floor":30.0,"key":"DistilledChaos"},{"floor":47,"key":"GamblersBrew"},{"floor":48,"key":"Dexterity Potion"}],"is_trial":false,"path_per_floor":["M","?","M","?","?","R","E","M","T","M","R","M","E","$","R","B",null,"M","M","M","M","$","R","?","E","T","$","R","?","E","M","R","B",null,"M","?","$","M","?","E","R","M","T","$","?","?","E","M","R","B","B",null,"R","$","E","B",null],"character_chosen":"DEFECT","items_purchased":["Coolheaded","Defragment","MerchantsRug","Medical Kit","Membership Card","GamblersBrew"],"campfire_rested":0,"item_purchase_floors":[14,22,22,27,54,54],"current_hp_per_floor":[64,64,54,36,36,36,26,16,16,16,16,23,34,34,34,38,67,64,69,62,74,74,74,74,76,76,76,76,38,38,38,38,38,38,38,38,38,38,38,38,38,38,38,38,38,38,38,38,38,38,38,38,38,38,38,38],"gold":258,"neow_bonus":"BOSS_RELIC","is_prod":false,"is_daily":false,"chose_seed":false,"campfire_upgraded":8,"win_rate":0,"timestamp":1607494443,"path_taken":["M","?","M","?","?","R","E","M","T","?","R","M","E","$","R","BOSS","M","?","M","M","$","R","?","E","T","$","R","?","E","M","R","BOSS","M","?","$","M","?","E","R","?","T","$","?","?","E","M","R","BOSS","BOSS","R","$","E","BOSS"],"build_version":"2020-11-30","purchased_purges":10,"victory":true,"max_hp_per_floor":[71,71,71,71,71,71,71,71,71,71,71,71,76,76,76,76,76,76,76,76,76,76,76,76,76,76,76,76,38,38,38,38,38,38,38,38,38,38,38,38,38,38,38,38,38,38,38,38,38,38,38,38,38,38,38,38],"card_choices":[{"not_picked":["Coolheaded","Gash"],"picked":"Genetic Algorithm","floor":1.0},{"not_picked":["Gash","Leap","Chaos"],"picked":"Darkness","floor":3.0},{"not_picked":["Capacitor","Reinforced Body","Streamline"],"picked":"Recycle","floor":7.0},{"not_picked":["Barrage","Conserve Battery","Cold Snap","Rebound"],"picked":"Redo","floor":8.0},{"not_picked":["Doom and Gloom","Reinforced Body","Coolheaded","Ball Lightning"],"picked":"Self Repair","floor":10.0},{"not_picked":["Chill","Cold Snap","Streamline","Double Energy","Compile Driver"],"picked":"SKIP","floor":12.0},{"not_picked":["Go for the Eyes","Stack","Loop","Barrage","MostiFishMod:FourSeasons"],"picked":"SKIP","floor":13.0},{"not_picked":["Reboot","MostiFishMod:Distribution","MostiFishMod:SeaWaves","All For One"],"picked":"Thunder Strike","floor":16.0},{"not_picked":["Hologram","Chaos"],"picked":"Coolheaded","floor":18.0},{"not_picked":["Beam Cell","Hyperbeam","Tempest"],"picked":"SKIP","floor":19.0},{"not_picked":["Hologram","Lockon","Rebound"],"picked":"SKIP","floor":20.0},{"not_picked":["Sunder","Conserve Battery","Hologram"],"picked":"SKIP","floor":21.0},{"not_picked":["Auto Shields","Sunder","Cold Snap"],"picked":"SKIP","floor":25.0},{"not_picked":["Scrape","Streamline","Rebound"],"picked":"SKIP","floor":30.0},{"not_picked":["Self Repair","Streamline","Doom and Gloom"],"picked":"SKIP","floor":31.0},{"not_picked":["Ball Lightning","Hello World"],"picked":"Storm","floor":35.0},{"not_picked":["Consume","Barrage","Cold Snap"],"picked":"SKIP","floor":38.0},{"not_picked":["Auto Shields+1","Go for the Eyes"],"picked":"MostiFishMod:ReadyAimFire","floor":40.0},{"not_picked":["Beam Cell","Auto Shields"],"picked":"Double Energy","floor":42.0},{"not_picked":["Melter+1"],"picked":"SKIP","floor":47},{"not_picked":["Conserve Battery"],"picked":"SKIP","floor":48},{"not_picked":["Rebound"],"picked":"SKIP","floor":55}],"player_experience":614025,"relics_obtained":[{"floor":1.0,"key":"Question Card"},{"floor":7.0,"key":"Question Card"},{"floor":9.0,"key":"Regal Pillow"},{"floor":13.0,"key":"StoneCalendar"},{"floor":16.0,"key":"ImportantClient"},{"floor":25.0,"key":"CombinedTypeHook"},{"floor":30.0,"key":"Art of War"},{"floor":36.0,"key":"Lizard Tail"},{"floor":40.0,"key":"Blue Candle"},{"floor":47,"key":"Ancient Tea Set"},{"floor":55,"key":"Lantern"}],"event_choices":[{"damage_healed":0.0,"max_hp_gain":0.0,"max_hp_loss":0.0,"gold_gain":0.0,"cards_transformed":["Strike_B"],"event_name":"Living Wall","player_choice":"Change","floor":2.0,"gold_loss":0.0,"damage_taken":0.0,"cards_obtained":["Capacitor"]},{"damage_healed":0.0,"max_hp_gain":0.0,"max_hp_loss":0.0,"gold_gain":0.0,"event_name":"betterThird:BetterScrap","player_choice":"Relic ","floor":4.0,"gold_loss":0.0,"damage_taken":18.0,"cards_obtained":["Riddle With Holes"]},{"damage_healed":0.0,"max_hp_gain":0.0,"max_hp_loss":0.0,"gold_gain":0.0,"event_name":"FaceTrader","player_choice":"Trade","floor":5.0,"gold_loss":0.0,"damage_taken":0.0,"relics_obtained":["CultistMask"]},{"damage_healed":0.0,"max_hp_gain":0.0,"max_hp_loss":0.0,"gold_gain":0.0,"event_name":"Vampires","player_choice":"Ignored","floor":24.0,"gold_loss":0.0,"damage_taken":0.0},{"damage_healed":0.0,"max_hp_gain":0.0,"max_hp_loss":38.0,"gold_gain":0.0,"event_name":"Ghosts","player_choice":"Became a Ghost","floor":29.0,"gold_loss":0.0,"damage_taken":0.0,"cards_obtained":["Ghostly","Ghostly","Ghostly"]},{"damage_healed":0.0,"max_hp_gain":0.0,"max_hp_loss":0.0,"gold_gain":0.0,"event_name":"MindBloom","player_choice":"Fight","floor":36.0,"gold_loss":0.0,"damage_taken":0.0},{"damage_healed":0.0,"max_hp_gain":0.0,"max_hp_loss":0.0,"gold_gain":0.0,"event_name":"Upgrade Shrine","player_choice":"Upgraded","floor":39.0,"gold_loss":0.0,"damage_taken":0.0,"cards_upgraded":["Storm"]},{"damage_healed":0,"gold_gain":0,"player_choice":"Memory 1","damage_taken":0,"max_hp_gain":0,"max_hp_loss":0,"event_name":"SensoryStone","floor":45,"gold_loss":0},{"damage_healed":0,"gold_gain":400,"player_choice":"Sell","damage_taken":0,"max_hp_gain":0,"max_hp_loss":0,"event_name":"Plate Of N\u0027loth","floor":46,"relics_lost":["testmod-TestBox"],"gold_loss":0}],"is_beta":false,"boss_relics":[{"not_picked":["OneHitWonderSystem","Inserter"],"picked":"Busted Crown"},{"not_picked":["Runic Pyramid","RhineCircuit"],"picked":"BirthdayGift-Icosahedron"}],"items_purged_floors":[14,14,22,22,27,37,44,44,54,54],"is_endless":false,"potions_floor_spawned":[3,7,12,13,20,21,30,31,38,47,48,55],"ascension_level":20}}