{"host":"xodzlm10r37577ou","time":1607473204,"event":{"gold_per_floor":[110,35,35,50,50,50,83,83,83,102,121,121,55,72,72,72,72],"floor_reached":16,"playtime":366,"items_purged":["Strike_G"],"score":244,"play_id":"e11a898f-0be0-4510-a0f1-a7fcab915bb2","local_time":"20201209082004","is_ascension_mode":true,"campfire_choices":[{"data":"Replay:Poison Smokescreen","floor":6,"key":"SMITH"},{"data":"Setup","floor":8,"key":"SMITH"},{"data":"Hidden Blade","floor":15,"key":"SMITH"}],"neow_cost":"NONE","seed_source_timestamp":319015859654800,"circlet_count":0,"master_deck":["AscendersBane","Strike_G","Strike_G","Strike_G","Strike_G","Defend_G","Defend_G","Defend_G","Defend_G","Defend_G","Survivor","Neutralize+1","Setup+1","Replay:Poison Smokescreen+1","Acrobatics","Reflex+1","Hidden Blade+1"],"special_seed":0,"relics":["NeowsBlessing","Incense Burner","HornCleat","Sizzling Blood"],"potions_floor_usage":[],"damage_taken":[{"damage":0.0,"enemies":"Small Slimes","floor":1.0,"turns":1.0},{"damage":0.0,"enemies":"2 Louse","floor":4.0,"turns":1.0},{"damage":0,"enemies":"Gremlin Nob","floor":7,"turns":1},{"damage":1,"enemies":"Jaw Worm","floor":10,"turns":4},{"damage":9,"enemies":"3 Louse","floor":11,"turns":5},{"damage":11,"enemies":"Large Slime","floor":14,"turns":11},{"damage":0,"enemies":"Hexaghost","floor":16,"turns":3}],"seed_played":"-693820615832788192","potions_obtained":[{"floor":1.0,"key":"SpeedPotion"},{"floor":11,"key":"Block Potion"}],"is_trial":false,"path_per_floor":["M","$","?","M","?","R","E","R","T","M","M","?","$","M","R","B"],"character_chosen":"THE_SILENT","items_purchased":["Reflex+1"],"campfire_rested":0,"item_purchase_floors":[13],"current_hp_per_floor":[59,59,59,59,59,59,59,59,59,58,49,53,53,46,46,46,46],"gold":72,"neow_bonus":"THREE_ENEMY_KILL","is_prod":false,"is_daily":false,"chose_seed":false,"campfire_upgraded":3,"win_rate":0,"timestamp":1607473204,"path_taken":["M","$","?","M","?","R","E","R","T","M","M","?","?","M","R","BOSS"],"build_version":"2020-11-30","purchased_purges":1,"victory":false,"max_hp_per_floor":[66,66,66,66,66,66,66,66,66,66,66,70,70,70,70,70,70],"card_choices":[{"not_picked":["Concentrate","Outmaneuver"],"picked":"Setup","floor":1.0},{"not_picked":["Poisoned Stab","Cloak And Dagger"],"picked":"Replay:Poison Smokescreen","floor":4.0},{"not_picked":["Caltrops","Flechettes"],"picked":"Acrobatics","floor":7},{"not_picked":["Sucker Punch","Dodge and Roll","Dagger Throw"],"picked":"SKIP","floor":10},{"not_picked":["A Thousand Cuts","Flying Knee","Bane"],"picked":"SKIP","floor":11},{"not_picked":["Dagger Spray","Accuracy"],"picked":"Hidden Blade","floor":14}],"player_experience":391874,"relics_obtained":[{"floor":7,"key":"Incense Burner"},{"floor":9,"key":"HornCleat"}],"event_choices":[{"damage_healed":0,"gold_gain":0,"player_choice":"Ignored","damage_taken":0,"max_hp_gain":0,"max_hp_loss":0,"event_name":"Shining Light","floor":5,"gold_loss":0}],"is_beta":false,"boss_relics":[],"items_purged_floors":[2],"is_endless":false,"potions_floor_spawned":[1,11],"killed_by":"Hexaghost","ascension_level":19}}