{"host":"ep8kbvo88bv3k2ot","time":1607548607,"event":{"gold_per_floor":[109,109,59,141,154,183,183,183,230,247,264,54,54,72,72,72,72],"floor_reached":16,"playtime":955,"items_purged":["Strike_B"],"score":130,"play_id":"79c82d16-ed8c-42da-81f6-5c31f07ba078","local_time":"20201209221647","is_ascension_mode":true,"campfire_choices":[{"floor":8,"key":"RECALL"},{"data":"Double Energy","floor":15,"key":"SMITH"}],"neow_cost":"NONE","seed_source_timestamp":52380455479950,"circlet_count":0,"master_deck":["Strike_B","Strike_B","Strike_B","Defend_B","Defend_B","Defend_B","Defend_B","Go for the Eyes","Self Repair","Steam","Double Energy+1","Go for the Eyes","Dramatic Entrance","Skim"],"relics":["Runic Pyramid","Bottled Tornado","Strawberry","Blue Candle"],"potions_floor_usage":[14,16],"damage_taken":[{"damage":7,"enemies":"Small Slimes","floor":1,"turns":3},{"damage":3,"enemies":"Jaw Worm","floor":5,"turns":4},{"damage":40,"enemies":"Gremlin Nob","floor":6,"turns":5},{"damage":1,"enemies":"2 Louse","floor":10,"turns":3},{"damage":14,"enemies":"Lots of Slimes","floor":11,"turns":6},{"damage":0,"enemies":"3 Louse","floor":14,"turns":2},{"damage":53,"enemies":"Slime Boss","floor":16,"turns":12}],"seed_played":"570650616650293836","potions_obtained":[{"floor":6,"key":"DistilledChaos"},{"floor":14,"key":"GamblersBrew"}],"is_trial":false,"path_per_floor":["M","?","?","T","M","E","?","R","T","M","M","$","T","M","R","B"],"character_chosen":"DEFECT","items_purchased":["Go for the Eyes","Dramatic Entrance"],"campfire_rested":0,"item_purchase_floors":[12,12],"current_hp_per_floor":[61,61,61,61,58,25,50,50,57,63,56,56,56,63,63,10,10],"gold":72,"neow_bonus":"BOSS_RELIC","is_prod":false,"is_daily":false,"chose_seed":false,"campfire_upgraded":1,"win_rate":0,"timestamp":1607548607,"path_taken":["M","?","?","?","M","E","?","R","T","M","M","$","?","M","R","BOSS"],"build_version":"2020-11-30","purchased_purges":1,"victory":false,"max_hp_per_floor":[75,75,75,75,75,75,75,75,82,82,82,82,82,82,82,82,82],"card_choices":[{"not_picked":["Stack","Rebound"],"picked":"Go for the Eyes","floor":1},{"not_picked":["Doom and Gloom","Cold Snap"],"picked":"Self Repair","floor":5},{"not_picked":["Redo","Undo"],"picked":"Steam","floor":6},{"not_picked":["Stack","Compile Driver"],"picked":"Double Energy","floor":10},{"not_picked":["Compile Driver","Chaos","Steam"],"picked":"SKIP","floor":11},{"not_picked":["Sweeping Beam","Hologram"],"picked":"Skim","floor":14}],"player_experience":441935,"relics_obtained":[{"floor":6,"key":"Bottled Tornado"},{"floor":9,"key":"Strawberry"},{"floor":13,"key":"Blue Candle"}],"event_choices":[{"cards_removed":["Dualcast"],"damage_healed":0,"gold_gain":0,"player_choice":"Forget","damage_taken":0,"max_hp_gain":0,"max_hp_loss":0,"event_name":"Living Wall","floor":2,"gold_loss":0},{"cards_removed":["Zap"],"damage_healed":0,"gold_gain":0,"player_choice":"Card Removal","damage_taken":0,"max_hp_gain":0,"max_hp_loss":0,"event_name":"The Cleric","floor":3,"gold_loss":50},{"damage_healed":25,"gold_gain":0,"player_choice":"Banana","damage_taken":0,"max_hp_gain":0,"max_hp_loss":0,"event_name":"Big Fish","floor":7,"gold_loss":0}],"is_beta":false,"boss_relics":[],"items_purged_floors":[12],"is_endless":false,"potions_floor_spawned":[6,14],"killed_by":"Slime Boss","ascension_level":6}}