{"host":"nuu0xlk1bpqu5s2n","time":1607490825,"event":{"gold_per_floor":[118,118,118,118,193,193,218,218,295,295,327,346,4,14,14,87,87,105,105,20,20,37,71,71,71,71],"floor_reached":25,"playtime":939,"items_purged":[],"score":585,"play_id":"41da2914-6535-4c5b-b5ee-0ea26fc0a537","local_time":"20201209071345","is_ascension_mode":true,"campfire_choices":[{"data":"Neutralize","floor":6,"key":"SMITH"},{"floor":10,"key":"REST"},{"data":"All Out Attack","floor":15,"key":"SMITH"},{"floor":24,"key":"REST"}],"neow_cost":"NONE","seed_source_timestamp":1794029710857800,"circlet_count":0,"master_deck":["AscendersBane","Strike_G","Strike_G","Strike_G","Strike_G","Defend_G","Defend_G","Defend_G","Defend_G","Defend_G","Survivor","Neutralize+1","Poisoned Stab+1","Dodge and Roll+1","All Out Attack+1","Acrobatics","Bane","Infinite Blades+1","Corpse Explosion","PiercingWail","Decay","Writhe","Backstab"],"relics":["Ring of the Snake","NeowsBlessing","Darkstone Periapt","Frozen Egg 2","Bronze Scales","Pen Nib","Akabeko","Snecko Eye","Vajra","Mercury Hourglass","Unceasing Top"],"potions_floor_usage":[16,23,25],"damage_taken":[{"damage":0,"enemies":"Small Slimes","floor":1,"turns":1},{"damage":0,"enemies":"3 Sentries","floor":7,"turns":2},{"damage":0,"enemies":"Gremlin Nob","floor":11,"turns":1},{"damage":0,"enemies":"2 Louse","floor":12,"turns":2},{"damage":0,"enemies":"Cultist","floor":14,"turns":2},{"damage":14,"enemies":"The Guardian","floor":16,"turns":9},{"damage":19,"enemies":"Shell Parasite","floor":18,"turns":5},{"damage":3,"enemies":"Chosen","floor":22,"turns":5},{"damage":10,"enemies":"Gremlin Leader","floor":23,"turns":6},{"damage":67,"enemies":"Book of Stabbing","floor":25,"turns":4}],"seed_played":"2101736479848161700","potions_obtained":[{"floor":7,"key":"ColorlessPotion"},{"floor":14,"key":"PowerPotion"},{"floor":23,"key":"SneckoOil"}],"is_trial":false,"path_per_floor":["M","?","$","?","?","R","E","?","T","R","E","M","$","M","R","B",null,"M","?","?","?","M","E","R","E"],"character_chosen":"THE_SILENT","items_purchased":["Pen Nib","Akabeko"],"campfire_rested":2,"item_purchase_floors":[13,13],"current_hp_per_floor":[59,59,59,64,53,53,53,32,32,53,53,53,53,53,53,39,63,44,50,50,56,53,43,67,0,0],"gold":71,"neow_bonus":"THREE_ENEMY_KILL","is_prod":false,"is_daily":false,"chose_seed":false,"campfire_upgraded":2,"win_rate":0,"timestamp":1607490825,"path_taken":["M","?","$","?","?","R","E","?","T","R","E","M","$","M","R","BOSS","M","?","?","?","M","E","R","E"],"build_version":"2020-11-30","purchased_purges":0,"victory":false,"max_hp_per_floor":[66,66,66,71,71,71,71,71,71,71,71,71,71,71,71,71,71,71,77,77,83,83,83,83,83,83],"card_choices":[{"not_picked":["Dagger Spray","Cloak And Dagger"],"picked":"Poisoned Stab","floor":1},{"not_picked":["Dodge and Roll","Accuracy"],"picked":"All Out Attack","floor":7},{"not_picked":["Deflect","Grand Finale"],"picked":"Acrobatics","floor":11},{"not_picked":["Deadly Poison","Prepared"],"picked":"Bane","floor":12},{"not_picked":["Bane","Blade Dance"],"picked":"Infinite Blades+1","floor":14},{"not_picked":["Glass Knife","Adrenaline"],"picked":"Corpse Explosion","floor":16},{"not_picked":["Deadly Poison","Blur"],"picked":"PiercingWail","floor":18},{"not_picked":["Outmaneuver","Distraction+1"],"picked":"Backstab","floor":22},{"not_picked":["Corpse Explosion","Burst","Grand Finale"],"picked":"SKIP","floor":23}],"player_experience":531697,"relics_obtained":[{"floor":7,"key":"Darkstone Periapt"},{"floor":9,"key":"Frozen Egg 2"},{"floor":11,"key":"Bronze Scales"},{"floor":23,"key":"Unceasing Top"}],"event_choices":[{"damage_healed":0,"gold_gain":0,"cards_transformed":["Strike_G"],"player_choice":"Change","damage_taken":0,"max_hp_gain":0,"max_hp_loss":0,"event_name":"Living Wall","floor":2,"gold_loss":0,"cards_obtained":["Dodge and Roll"]},{"damage_healed":0,"gold_gain":0,"player_choice":"Donut","damage_taken":0,"max_hp_gain":5,"max_hp_loss":0,"event_name":"Big Fish","floor":4,"gold_loss":0},{"damage_healed":0,"gold_gain":75,"player_choice":"Gather Gold","damage_taken":11,"max_hp_gain":0,"max_hp_loss":0,"event_name":"World of Goop","floor":5,"gold_loss":0},{"damage_healed":0,"gold_gain":0,"player_choice":"Entered Light","damage_taken":21,"max_hp_gain":0,"max_hp_loss":0,"event_name":"Shining Light","floor":8,"gold_loss":0,"cards_upgraded":["Poisoned Stab","Dodge and Roll"]},{"damage_healed":0,"gold_gain":0,"player_choice":"Smashed Altar","damage_taken":0,"max_hp_gain":0,"max_hp_loss":0,"event_name":"Forgotten Altar","floor":19,"gold_loss":0,"cards_obtained":["Decay"]},{"damage_healed":0,"gold_gain":0,"player_choice":"Obtained Relic","damage_taken":0,"relics_obtained":["Vajra"],"max_hp_gain":0,"max_hp_loss":0,"event_name":"Addict","floor":20,"gold_loss":85},{"damage_healed":0,"gold_gain":0,"player_choice":"Opened","damage_taken":0,"relics_obtained":["Mercury Hourglass"],"max_hp_gain":0,"max_hp_loss":0,"event_name":"The Mausoleum","floor":21,"gold_loss":0,"cards_obtained":["Writhe"]}],"is_beta":false,"boss_relics":[{"not_picked":["Runic Dome","Ectoplasm"],"picked":"Snecko Eye"}],"items_purged_floors":[],"is_endless":false,"potions_floor_spawned":[7,14,23],"killed_by":"Book of Stabbing","ascension_level":19}}