{"host":"brlhu57vzmgrzvkq","time":1607546339,"event":{"gold_per_floor":[113,125,125,140,160,160,198,198,198,273,223,261,261,301,301,421,421,439,439,460,484,139,183,183,133,133,133,148,172,206,222,222,345,345,363,386,402,402,402,402,435,454,479,479,169,169,0,0,0,0,0],"floor_reached":50,"playtime":1287,"items_purged":["Strike_P","Strike_P"],"score":554,"play_id":"1ff55398-1a67-445b-b6f2-af82a991a3e9","local_time":"20201209133859","is_ascension_mode":true,"campfire_choices":[{"data":"Judgement","floor":6.0,"key":"SMITH"},{"data":"BattleHymn","floor":8.0,"key":"SMITH"},{"data":"EmptyFist","floor":13.0,"key":"SMITH"},{"data":"BowlingBash","floor":15.0,"key":"SMITH"},{"data":"MasterReality","floor":24.0,"key":"SMITH"},{"data":"BattleHymn","floor":27.0,"key":"SMITH"},{"floor":32.0,"key":"REST"},{"floor":40.0,"key":"REST"},{"floor":44.0,"key":"REST"},{"floor":46.0,"key":"REST"},{"data":"Vault","floor":49.0,"key":"SMITH"}],"neow_cost":"NONE","seed_source_timestamp":728741752252100,"circlet_count":0,"master_deck":["Strike_P","Strike_P","Defend_P","Defend_P","Defend_P","Eruption+1","Vigilance+1","BattleHymn+1","EmptyFist+1","Conclude","Judgement+1","BowlingBash+1","MasterReality+1","CarveReality","BattleHymn+1","ThirdEye","EmptyBody","Blasphemy","TalkToTheHand+1","Protect+1","Vault+1"],"special_seed":0,"relics":["PureWater","Golden Idol","Bronze Scales","Strawberry","Letter Opener","Bottled Tornado","VioletLotus","War Paint","Nunchaku","Darkstone Periapt","Incense Burner","MealTicket","SacredBark","Shuriken","Damaru","Ancient Tea Set","Red Mask"],"potions_floor_usage":[],"damage_taken":[{"damage":2.0,"enemies":"Small Slimes","floor":1.0,"turns":3.0},{"damage":0.0,"enemies":"2 Louse","floor":2.0,"turns":2.0},{"damage":1.0,"enemies":"Jaw Worm","floor":4.0,"turns":3.0},{"damage":0.0,"enemies":"Large Slime","floor":5.0,"turns":3.0},{"damage":8.0,"enemies":"Gremlin Nob","floor":7.0,"turns":3.0},{"damage":1.0,"enemies":"3 Sentries","floor":12.0,"turns":3.0},{"damage":3.0,"enemies":"Gremlin Nob","floor":14.0,"turns":3.0},{"damage":7.0,"enemies":"The Guardian","floor":16.0,"turns":7.0},{"damage":0.0,"enemies":"Spheric Guardian","floor":18.0,"turns":3.0},{"damage":0.0,"enemies":"3 Byrds","floor":20.0,"turns":2.0},{"damage":7.0,"enemies":"3 Cultists","floor":21.0,"turns":3.0},{"damage":24.0,"enemies":"Slavers","floor":23.0,"turns":4.0},{"damage":15.0,"enemies":"Centurion and Healer","floor":28.0,"turns":4.0},{"damage":1.0,"enemies":"Snecko","floor":29.0,"turns":3.0},{"damage":9.0,"enemies":"Gremlin Leader","floor":30.0,"turns":3.0},{"damage":3.0,"enemies":"Chosen and Byrds","floor":31.0,"turns":3.0},{"damage":22.0,"enemies":"Collector","floor":33.0,"turns":6.0},{"damage":7.0,"enemies":"3 Shapes","floor":35.0,"turns":4.0},{"damage":27.0,"enemies":"3 Darklings","floor":36.0,"turns":5.0},{"damage":12.0,"enemies":"4 Shapes","floor":37.0,"turns":4.0},{"damage":50.0,"enemies":"Giant Head","floor":41.0,"turns":7.0},{"damage":0.0,"enemies":"Jaw Worm Horde","floor":42.0,"turns":2.0},{"damage":78,"enemies":"Donu and Deca","floor":50,"turns":8}],"seed_played":"-6252780329179335516","potions_obtained":[{"floor":1.0,"key":"SteroidPotion"},{"floor":2.0,"key":"Ancient Potion"},{"floor":12.0,"key":"PowerPotion"},{"floor":28.0,"key":"Swift Potion"},{"floor":29.0,"key":"LiquidBronze"}],"is_trial":false,"path_per_floor":["M","M","?","M","M","R","E","R","T","?","?","E","R","E","R","B",null,"M","?","M","M","$","E","R","?","T","R","M","M","E","M","R","B",null,"M","M","M","?","?","R","E","M","T","R","$","R","?","?","R","B"],"character_chosen":"WATCHER","items_purchased":["CarveReality","BattleHymn","Nunchaku","Vault","Ancient Tea Set"],"campfire_rested":4,"item_purchase_floors":[22,22,22,45,45],"current_hp_per_floor":[70,70,70,69,69,69,61,61,68,57,57,56,56,53,53,46,79,79,79,79,72,72,48,48,48,48,48,33,32,23,20,43,21,79,72,45,33,33,33,56,6,6,6,29,44,67,67,67,67,0,0],"gold":0,"neow_bonus":"UPGRADE_CARD","is_prod":false,"is_daily":false,"chose_seed":false,"campfire_upgraded":7,"win_rate":0,"timestamp":1607546339,"path_taken":["M","M","?","M","M","R","E","R","T","?","?","E","R","E","R","BOSS","M","?","M","M","$","E","R","?","T","R","M","?","E","M","R","BOSS","M","M","M","?","?","R","E","M","T","R","$","R","?","?","R","BOSS"],"build_version":"2020-11-30","purchased_purges":2,"victory":false,"max_hp_per_floor":[72,72,72,72,72,72,72,72,79,79,79,79,79,79,79,79,79,79,79,79,79,79,79,79,79,79,79,79,79,79,79,79,79,79,79,79,79,79,79,79,79,79,79,79,79,79,79,79,79,79,79],"card_choices":[{"not_picked":["EmptyBody","Evaluate"],"picked":"BattleHymn","floor":1.0},{"not_picked":["CrushJoints","JustLucky"],"picked":"EmptyFist","floor":2.0},{"not_picked":["FlurryOfBlows","JustLucky"],"picked":"Conclude","floor":4.0},{"not_picked":["ClearTheMind","DeceiveReality"],"picked":"Judgement","floor":5.0},{"not_picked":["SignatureMove","EmptyBody"],"picked":"BowlingBash","floor":7.0},{"not_picked":["SashWhip","Study","FlyingSleeves"],"picked":"SKIP","floor":12.0},{"not_picked":["MentalFortress","EmptyFist","FollowUp"],"picked":"SKIP","floor":14.0},{"not_picked":["Brilliance","Omniscience"],"picked":"MasterReality","floor":16.0},{"not_picked":["FollowUp","Indignation","Study"],"picked":"SKIP","floor":18.0},{"not_picked":["EmptyFist+1","FlyingSleeves+1","WreathOfFlame"],"picked":"SKIP","floor":20.0},{"not_picked":["CutThroughFate","FollowUp+1","JustLucky"],"picked":"SKIP","floor":21.0},{"not_picked":["Wallop+1","JustLucky+1","CrushJoints"],"picked":"SKIP","floor":23.0},{"not_picked":["PathToVictory","SignatureMove"],"picked":"ThirdEye","floor":28.0},{"not_picked":["LessonLearned","JustLucky","CutThroughFate"],"picked":"SKIP","floor":29.0},{"not_picked":["FlurryOfBlows","Pray","DeceiveReality"],"picked":"SKIP","floor":30.0},{"not_picked":["CrushJoints","FollowUp"],"picked":"EmptyBody","floor":31.0},{"not_picked":["LessonLearned","Alpha"],"picked":"Blasphemy","floor":33.0},{"not_picked":["FlyingSleeves+1","Collect","EmptyFist"],"picked":"SKIP","floor":35.0},{"not_picked":["Evaluate+1","BowlingBash"],"picked":"TalkToTheHand+1","floor":36.0},{"not_picked":["FlyingSleeves+1","EmptyFist","FollowUp"],"picked":"SKIP","floor":37.0},{"not_picked":["BowlingBash","Vengeance+1"],"picked":"Protect+1","floor":41.0},{"not_picked":["BowlingBash+1","Pray","Ragnarok"],"picked":"SKIP","floor":42.0}],"player_experience":51988,"relics_obtained":[{"floor":7.0,"key":"Bronze Scales"},{"floor":9.0,"key":"Strawberry"},{"floor":12.0,"key":"Letter Opener"},{"floor":14.0,"key":"Bottled Tornado"},{"floor":23.0,"key":"Darkstone Periapt"},{"floor":26.0,"key":"Incense Burner"},{"floor":30.0,"key":"MealTicket"},{"floor":41.0,"key":"Shuriken"},{"floor":43.0,"key":"Damaru"}],"event_choices":[{"damage_healed":0.0,"max_hp_gain":0.0,"max_hp_loss":0.0,"gold_gain":0.0,"event_name":"Golden Idol","player_choice":"Take Wound","floor":3.0,"gold_loss":0.0,"damage_taken":0.0,"relics_obtained":["Golden Idol"],"cards_obtained":["Injury"]},{"damage_healed":0.0,"max_hp_gain":0.0,"max_hp_loss":0.0,"gold_gain":75.0,"event_name":"World of Goop","player_choice":"Gather Gold","floor":10.0,"gold_loss":0.0,"damage_taken":11.0},{"cards_removed":["Injury"],"damage_healed":0.0,"max_hp_gain":0.0,"max_hp_loss":0.0,"gold_gain":0.0,"event_name":"The Cleric","player_choice":"Card Removal","floor":11.0,"gold_loss":50.0,"damage_taken":0.0},{"damage_healed":0.0,"max_hp_gain":0.0,"max_hp_loss":0.0,"gold_gain":0.0,"event_name":"The Mausoleum","player_choice":"Opened","floor":19.0,"gold_loss":0.0,"damage_taken":0.0,"relics_obtained":["War Paint"]},{"damage_healed":0.0,"max_hp_gain":0.0,"max_hp_loss":0.0,"gold_gain":0.0,"event_name":"The Joust","player_choice":"Bet on Murderer","floor":25.0,"gold_loss":50.0,"damage_taken":0.0},{"cards_removed":["Defend_P"],"damage_healed":0.0,"max_hp_gain":0.0,"max_hp_loss":0.0,"gold_gain":0.0,"event_name":"Falling","player_choice":"Removed Skill","floor":38.0,"gold_loss":0.0,"damage_taken":0.0},{"damage_healed":0.0,"max_hp_gain":0.0,"max_hp_loss":0.0,"gold_gain":0.0,"event_name":"SensoryStone","player_choice":"Memory 1","floor":39.0,"gold_loss":0.0,"damage_taken":0.0},{"damage_healed":0.0,"max_hp_gain":0.0,"max_hp_loss":0.0,"gold_gain":0.0,"event_name":"Tomb of Lord Red Mask","player_choice":"Paid","floor":47.0,"gold_loss":169.0,"damage_taken":0.0,"relics_obtained":["Red Mask"]},{"damage_healed":0.0,"max_hp_gain":0.0,"max_hp_loss":0.0,"gold_gain":0.0,"event_name":"The Moai Head","player_choice":"Ignored","floor":48.0,"gold_loss":0.0,"damage_taken":0.0}],"is_beta":false,"boss_relics":[{"not_picked":["Coffee Dripper","Velvet Choker"],"picked":"VioletLotus"},{"not_picked":["Philosopher\u0027s Stone","Runic Pyramid"],"picked":"SacredBark"}],"items_purged_floors":[22,45],"is_endless":false,"potions_floor_spawned":[1,2,12,16,18,28,29,30,31,33,35,36],"killed_by":"Donu and Deca","ascension_level":1}}