{"host":"ya062ahhhuj9au1o","time":1607479324,"event":{"gold_per_floor":[114,134,134,147,162,162,181,181,181,204,224,44,44,54,54,150,150,168,83,102,113,63,63,113,132,132,149,149,167,181,181,181,286,286,297,297,315,45,45,45,56,98,98,116,116,140,140,166,166,166],"floor_reached":51,"playtime":4427,"items_purged":["Defend_S","Defend_S","Strike_S"],"score":1185,"play_id":"4d70b92f-48b4-484d-b3c9-b2914f1721cf","local_time":"20201208210204","is_ascension_mode":true,"campfire_choices":[{"data":"Potential","floor":6.0,"key":"SMITH"},{"floor":8.0,"key":"REST"},{"data":"Potential","floor":15.0,"key":"SMITH"},{"data":"ShatteredReality","floor":23.0,"key":"SMITH"},{"floor":28.0,"key":"REST"},{"data":"Moondial","floor":32.0,"key":"SMITH"},{"data":"Starlight","floor":40.0,"key":"SMITH"},{"data":"WasteNot","floor":45,"key":"SMITH"},{"data":"ShiftingGears","floor":47,"key":"SMITH"},{"data":"SoulSculpture","floor":49,"key":"SMITH"}],"neow_cost":"PERCENT_DAMAGE","seed_source_timestamp":-587257801382064804,"circlet_count":0,"master_deck":["AscendersBane","KidneyShot","Exchange","SoulSculpture+1","Advance","Potential+1","Defy","Luminosity","Moondial+1","Potential+1","BottledTime","BottledTime","Flash of Steel","FastForward","Dilation","TimeWarp+1","ShatteredReality+1","FastForward","ShiftingGears+1","Starlight+1","GearUp","Dilation","BottledTime","Madness","Madness","Replace+1","Advance","WasteNot+1","BottledTime","Potential+1"],"special_seed":0,"relics":["Uniform","Bottled Lightning","Smiling Mask","Philosopher\u0027s Stone","Blood Vial","Blue Candle","Runic Pyramid","Pen Nib","HornCleat","CeramicFish","Ginger"],"potions_floor_usage":[42,50],"damage_taken":[{"damage":2.0,"enemies":"Cultist","floor":1.0,"turns":4.0},{"damage":4.0,"enemies":"Jaw Worm","floor":2.0,"turns":2.0},{"damage":0.0,"enemies":"2 Louse","floor":4.0,"turns":3.0},{"damage":12.0,"enemies":"Lots of Slimes","floor":5.0,"turns":4.0},{"damage":9.0,"enemies":"Blue Slaver","floor":7.0,"turns":4.0},{"damage":1.0,"enemies":"Exordium Thugs","floor":11.0,"turns":4.0},{"damage":1.0,"enemies":"Lots of Slimes","floor":14.0,"turns":3.0},{"damage":6.0,"enemies":"Hexaghost","floor":16.0,"turns":6.0},{"damage":13.0,"enemies":"3 Byrds","floor":18.0,"turns":3.0},{"damage":6.0,"enemies":"Spheric Guardian","floor":20.0,"turns":4.0},{"damage":10.0,"enemies":"Chosen and Byrds","floor":21.0,"turns":5.0},{"damage":8.0,"enemies":"Snake Plant","floor":25.0,"turns":4.0},{"damage":12.0,"enemies":"Shelled Parasite and Fungi","floor":27.0,"turns":3.0},{"damage":0.0,"enemies":"Centurion and Healer","floor":29.0,"turns":3.0},{"damage":0.0,"enemies":"Chosen and Byrds","floor":30.0,"turns":3.0},{"damage":0.0,"enemies":"Champ","floor":33.0,"turns":6.0},{"damage":0.0,"enemies":"3 Shapes","floor":35.0,"turns":3.0},{"damage":0.0,"enemies":"3 Darklings","floor":37.0,"turns":3.0},{"damage":0,"enemies":"Sphere and 2 Shapes","floor":41,"turns":4},{"damage":0,"enemies":"Reptomancer","floor":42,"turns":4},{"damage":3,"enemies":"4 Shapes","floor":44,"turns":4},{"damage":0,"enemies":"Writhing Mass","floor":46,"turns":4},{"damage":0,"enemies":"Sphere and 2 Shapes","floor":48,"turns":3},{"damage":18,"enemies":"Awakened One","floor":50,"turns":5}],"seed_played":"-7451658766803231803","potions_obtained":[{"floor":2.0,"key":"SkillPotion"},{"floor":4.0,"key":"Regen Potion"},{"floor":5.0,"key":"LiquidBronze"},{"floor":13.0,"key":"FearPotion"},{"floor":21.0,"key":"Weak Potion"},{"floor":25.0,"key":"LiquidMemories"},{"floor":29.0,"key":"Energy Potion"},{"floor":37.0,"key":"Swift Potion"},{"floor":42,"key":"AttackPotion"},{"floor":44,"key":"DistilledChaos"}],"is_trial":false,"path_per_floor":["M","M","?","M","M","R","M","R","T","T","M","$","?","M","R","B",null,"M","?","M","M","$","R","?","M","T","M","R","M","M","?","R","B",null,"M","?","M","$","?","R","M","E","T","M","R","M","R","M","R","B",null],"character_chosen":"THE_SERVANT","items_purchased":["BottledTime","Flash of Steel","Advance","Pen Nib"],"campfire_rested":2,"item_purchase_floors":[12,12,38,38],"current_hp_per_floor":[42,38,31,31,31,31,22,41,41,41,40,40,40,39,39,33,57,44,44,40,32,32,32,32,26,26,16,35,37,39,39,39,41,59,61,53,55,55,55,55,57,59,59,58,58,60,60,62,62,46],"gold":166,"neow_bonus":"TRANSFORM_TWO_CARDS","is_prod":false,"is_daily":false,"chose_seed":false,"campfire_upgraded":8,"win_rate":0,"timestamp":1607479324,"path_taken":["M","M","?","M","M","R","M","R","T","?","M","$","?","M","R","BOSS","M","?","M","M","$","R","?","?","T","M","R","M","M","?","R","BOSS","M","?","M","$","?","R","M","E","T","M","R","?","R","M","R","BOSS"],"build_version":"2020-11-30","purchased_purges":3,"victory":true,"max_hp_per_floor":[65,65,65,65,65,65,65,65,65,65,65,65,65,65,65,65,65,65,65,65,65,65,65,65,65,65,65,65,65,65,65,65,65,65,65,65,65,65,65,65,65,65,65,65,65,65,65,65,65,65],"card_choices":[{"not_picked":["TimeWarp","FastForward"],"picked":"Potential","floor":1.0},{"not_picked":["SilverBlades","Starlight"],"picked":"Defy","floor":2.0},{"not_picked":["Moonlight","Rearm"],"picked":"Luminosity","floor":4.0},{"not_picked":["ReturningBlade","Moonlight"],"picked":"Moondial","floor":5.0},{"not_picked":["ForgedInTime","WasteNot"],"picked":"Potential","floor":7.0},{"not_picked":["FastForward","Spin"],"picked":"BottledTime","floor":11.0},{"not_picked":["Ricochet","Unruled"],"picked":"FastForward","floor":14.0},{"not_picked":["SoulSculpture","Duplication"],"picked":"Dilation","floor":16.0},{"not_picked":["Rewind","Alleviate","Defy"],"picked":"SKIP","floor":18.0},{"not_picked":["Replace","Desolation"],"picked":"TimeWarp+1","floor":20.0},{"not_picked":["FastForward","WasteNot"],"picked":"ShatteredReality","floor":21.0},{"not_picked":["TimeWarp","Spin"],"picked":"FastForward","floor":25.0},{"not_picked":["SurpressingFire+1","Initiator"],"picked":"ShiftingGears","floor":27.0},{"not_picked":["Ricochet","TimeTheft","Rewind"],"picked":"SKIP","floor":29.0},{"not_picked":["Rearm","Ricochet","Revamp"],"picked":"SKIP","floor":30.0},{"not_picked":["KillingDoll","FlawlessForm"],"picked":"Dilation","floor":33.0},{"not_picked":["FastForward","Rearm"],"picked":"BottledTime","floor":35.0},{"not_picked":["Unruled","Revamp+1"],"picked":"Replace+1","floor":37.0},{"not_picked":["Contraction","GearUp+1","Rewind"],"picked":"SKIP","floor":41},{"not_picked":["Alleviate","LightFlow"],"picked":"WasteNot","floor":42},{"not_picked":["Ricochet+1","Revamp","TimeWarp"],"picked":"SKIP","floor":44},{"not_picked":["Starlight","ShatteredReality"],"picked":"BottledTime","floor":46},{"not_picked":["Luminosity","Starlight+1"],"picked":"Potential+1","floor":48}],"player_experience":1589816,"relics_obtained":[{"floor":9.0,"key":"Bottled Lightning"},{"floor":10.0,"key":"Smiling Mask"},{"floor":26.0,"key":"Blue Candle"},{"floor":42,"key":"CeramicFish"},{"floor":43,"key":"Ginger"}],"event_choices":[{"cards_removed":["Defend_S"],"damage_healed":0.0,"max_hp_gain":0.0,"max_hp_loss":0.0,"gold_gain":0.0,"event_name":"Golden Wing","player_choice":"Card Removal","floor":3.0,"gold_loss":0.0,"damage_taken":7.0},{"damage_healed":0.0,"max_hp_gain":0.0,"max_hp_loss":0.0,"gold_gain":0.0,"event_name":"Lab","player_choice":"Got Potions","floor":13.0,"gold_loss":0.0,"damage_taken":0.0},{"damage_healed":0.0,"max_hp_gain":0.0,"max_hp_loss":0.0,"gold_gain":0.0,"event_name":"Addict","player_choice":"Obtained Relic","floor":19.0,"gold_loss":85.0,"damage_taken":0.0,"relics_obtained":["Blood Vial"]},{"damage_healed":0.0,"max_hp_gain":0.0,"max_hp_loss":0.0,"gold_gain":100.0,"event_name":"The Joust","player_choice":"Bet on Murderer","floor":24.0,"gold_loss":50.0,"damage_taken":0.0},{"damage_healed":0.0,"max_hp_gain":0.0,"max_hp_loss":0.0,"gold_gain":0.0,"cards_transformed":["Strike_S","Strike_S"],"event_name":"Drug Dealer","player_choice":"Became Test Subject","floor":31.0,"gold_loss":0.0,"damage_taken":0.0,"cards_obtained":["Starlight","GearUp"]},{"damage_healed":0.0,"max_hp_gain":0.0,"max_hp_loss":0.0,"gold_gain":0.0,"event_name":"Winding Halls","player_choice":"Embrace Madness","floor":36.0,"gold_loss":0.0,"damage_taken":8.0,"cards_obtained":["Madness","Madness"]},{"damage_healed":0.0,"max_hp_gain":0.0,"max_hp_loss":0.0,"gold_gain":0.0,"event_name":"WeMeetAgain","player_choice":"Gave Potion","floor":39.0,"gold_loss":0.0,"damage_taken":0.0,"relics_obtained":["HornCleat"]}],"is_beta":false,"boss_relics":[{"not_picked":["Calling Bell","Busted Crown"],"picked":"Philosopher\u0027s Stone"},{"not_picked":["Runic Dome","SplendidAttire"],"picked":"Runic Pyramid"}],"items_purged_floors":[12,22,38],"is_endless":false,"potions_floor_spawned":[2,4,5,14,16,21,25,29,37,42,44],"ascension_level":12}}