{"host":"69rply1jf2d1wbmp","time":1607492769,"event":{"gold_per_floor":[12,27,127,137,150,183,196,196,196,211,67,87,122,42,42,141,141,152,172,72,87,186,218,229,104,104,1,1,21,36,36,36,132,132,147,166,166,180,111,111,125,125,125,138,148,162,12,58,58,58],"floor_reached":51,"playtime":1916,"items_purged":["Strike_G","Strike_G","Strike_G","Parasite"],"score":710,"play_id":"7e2b130a-6c8c-4fed-be98-402dcad1e85a","local_time":"20201209004609","is_ascension_mode":false,"campfire_choices":[{"data":"Accuracy","floor":8,"key":"SMITH"},{"floor":15,"key":"REST"},{"floor":28,"key":"REST"},{"floor":32,"key":"REST"},{"floor":42,"key":"REST"},{"floor":49,"key":"REST"}],"neow_cost":"NO_GOLD","seed_source_timestamp":948385254998800,"circlet_count":0,"master_deck":["Strike_G","Strike_G","Defend_G","Defend_G","Defend_G","Defend_G","Defend_G","Survivor","Neutralize","After Image","Blade Dance","Footwork","Terror","Slice","Accuracy+1","Infinite Blades","Dagger Spray","Backflip","Noxious Fumes+1","Corpse Explosion","Noxious Fumes+1","After Image+1","Endless Agony","Footwork+1","Backstab+1","Infinite Blades+1","Deflect","Envenom+1","Accuracy+1","Accuracy+1","Deflect+1"],"relics":["Ring of the Snake","Letter Opener","Question Card","Frozen Egg 2","WristBlade","InkBottle","Cursed Key","Meat on the Bone","Prayer Wheel"],"potions_floor_usage":[13,23,24,27,29,30,50],"damage_taken":[{"damage":0,"enemies":"Cultist","floor":1,"turns":5},{"damage":0,"enemies":"2 Louse","floor":2,"turns":2},{"damage":4,"enemies":"Jaw Worm","floor":4,"turns":5},{"damage":0,"enemies":"2 Fungi Beasts","floor":5,"turns":6},{"damage":16,"enemies":"Lagavulin","floor":6,"turns":7},{"damage":1,"enemies":"Blue Slaver","floor":7,"turns":4},{"damage":15,"enemies":"3 Louse","floor":10,"turns":4},{"damage":10,"enemies":"Lots of Slimes","floor":12,"turns":5},{"damage":10,"enemies":"3 Sentries","floor":13,"turns":5},{"damage":23,"enemies":"The Guardian","floor":16,"turns":9},{"damage":4,"enemies":"Chosen","floor":18,"turns":6},{"damage":9,"enemies":"Shell Parasite","floor":19,"turns":5},{"damage":17,"enemies":"Chosen and Byrds","floor":21,"turns":7},{"damage":19,"enemies":"Book of Stabbing","floor":23,"turns":8},{"damage":5,"enemies":"Centurion and Healer","floor":24,"turns":5},{"damage":12,"enemies":"Snake Plant","floor":29,"turns":5},{"damage":7,"enemies":"3 Cultists","floor":30,"turns":5},{"damage":12,"enemies":"Automaton","floor":33,"turns":9},{"damage":0,"enemies":"3 Shapes","floor":35,"turns":3},{"damage":9,"enemies":"3 Darklings","floor":36,"turns":4},{"damage":0,"enemies":"Transient","floor":38,"turns":5},{"damage":19,"enemies":"Maw","floor":41,"turns":5},{"damage":20,"enemies":"Writhing Mass","floor":44,"turns":5},{"damage":14,"enemies":"4 Shapes","floor":45,"turns":2},{"damage":18,"enemies":"3 Darklings","floor":46,"turns":4},{"damage":45,"enemies":"2 Orb Walkers","floor":48,"turns":4},{"damage":28,"enemies":"Donu and Deca","floor":50,"turns":6}],"seed_played":"6007380597763207256","potions_obtained":[{"floor":1,"key":"CultistPotion"},{"floor":5,"key":"Weak Potion"},{"floor":7,"key":"SteroidPotion"},{"floor":16,"key":"Block Potion"},{"floor":23,"key":"Weak Potion"},{"floor":29,"key":"SkillPotion"},{"floor":35,"key":"Strength Potion"},{"floor":36,"key":"FairyPotion"}],"is_trial":false,"path_per_floor":["M","M","?","M","M","E","M","R","T","M","$","M","E","$","R","B",null,"M","M","$","M","?","E","M","$","T","$","R","M","M","?","R","B",null,"M","M","$","M","$","?","M","R","T","M","M","M","$","?","R","B",null],"character_chosen":"THE_SILENT","items_purchased":["Infinite Blades","Noxious Fumes+1","Fruit Juice","Envenom+1"],"campfire_rested":5,"item_purchase_floors":[11,14,27,39],"current_hp_per_floor":[70,70,70,66,66,50,49,49,49,34,34,24,14,14,35,12,70,66,57,57,40,40,21,16,16,16,21,43,31,24,24,46,34,75,75,66,66,66,66,66,47,69,69,49,47,41,41,33,54,38],"gold":58,"neow_bonus":"THREE_RARE_CARDS","is_prod":false,"is_daily":false,"chose_seed":false,"campfire_upgraded":1,"win_rate":0,"timestamp":1607492769,"path_taken":["M","M","?","M","M","E","M","R","T","?","$","?","E","?","R","BOSS","M","M","?","M","?","E","M","$","T","?","R","M","M","?","R","BOSS","M","M","$","M","$","?","M","R","T","M","M","M","$","?","R","BOSS"],"build_version":"2020-11-30","purchased_purges":4,"victory":true,"max_hp_per_floor":[70,70,70,70,70,70,70,70,70,70,70,70,70,70,70,70,70,70,70,70,70,70,70,70,70,70,75,75,75,75,75,75,75,75,75,75,75,75,75,75,75,75,75,75,75,75,72,72,72,72],"card_choices":[{"not_picked":["Doppelganger","Bullet Time"],"picked":"After Image","floor":0},{"not_picked":["Masterful Stab","Acrobatics"],"picked":"Blade Dance","floor":1},{"not_picked":["Blade Dance","Riddle With Holes"],"picked":"Footwork","floor":2},{"not_picked":["All Out Attack","Expertise"],"picked":"Terror","floor":4},{"not_picked":["Expertise","Cloak And Dagger"],"picked":"Slice","floor":5},{"not_picked":["Dash","Bane"],"picked":"Accuracy","floor":6},{"not_picked":["Catalyst","PiercingWail","Distraction"],"picked":"SKIP","floor":7},{"not_picked":["Dagger Throw","Deadly Poison","Masterful Stab","Terror"],"picked":"SKIP","floor":10},{"not_picked":["Storm of Steel","Underhanded Strike","Backflip"],"picked":"Dagger Spray","floor":12},{"not_picked":["Grand Finale","Slice","Tactician"],"picked":"Backflip","floor":13},{"not_picked":["Unload","Night Terror","Malaise"],"picked":"Corpse Explosion","floor":16},{"not_picked":["Sucker Punch","Concentrate","Prepared"],"picked":"Noxious Fumes+1","floor":18},{"not_picked":["Bane","PiercingWail","Underhanded Strike","Dagger Throw"],"picked":"SKIP","floor":19},{"not_picked":["Deadly Poison+1","Reflex+1","Slice+1"],"picked":"After Image+1","floor":21},{"not_picked":["Endless Agony","Outmaneuver","Acrobatics","Poisoned Stab"],"picked":"SKIP","floor":23},{"not_picked":["Outmaneuver","Acrobatics","Poisoned Stab"],"picked":"Endless Agony","floor":23},{"not_picked":["Dagger Spray","Quick Slash+1","Flying Knee"],"picked":"Footwork+1","floor":24},{"not_picked":["Deadly Poison","Cloak And Dagger","Well Laid Plans+1","Bullet Time"],"picked":"SKIP","floor":29},{"not_picked":["Deflect+1","Underhanded Strike","Slice"],"picked":"Backstab+1","floor":30},{"not_picked":["Deadly Poison+1","Calculated Gamble+1","Noxious Fumes+1"],"picked":"Infinite Blades+1","floor":35},{"not_picked":["Cloak And Dagger+1","Dagger Spray","Riddle With Holes+1"],"picked":"Deflect","floor":36},{"not_picked":["Flechettes","Underhanded Strike","Crippling Poison+1","Poisoned Stab"],"picked":"SKIP","floor":38},{"not_picked":["Dash+1","Blur+1","Quick Slash+1","Predator+1"],"picked":"SKIP","floor":41},{"not_picked":["Eviscerate+1","Crippling Poison","Leg Sweep"],"picked":"Accuracy+1","floor":44},{"not_picked":["Leg Sweep","Prepared+1","Dagger Throw+1","Finisher"],"picked":"SKIP","floor":45},{"not_picked":["Poisoned Stab","Cloak And Dagger+1","PiercingWail+1"],"picked":"Accuracy+1","floor":46},{"not_picked":["Terror+1","Slice+1","Quick Slash+1"],"picked":"Deflect+1","floor":48}],"player_experience":312726,"relics_obtained":[{"floor":6,"key":"Letter Opener"},{"floor":9,"key":"Question Card"},{"floor":13,"key":"Frozen Egg 2"},{"floor":23,"key":"InkBottle"},{"floor":43,"key":"Meat on the Bone"},{"floor":48,"key":"Prayer Wheel"}],"event_choices":[{"damage_healed":0,"gold_gain":100,"player_choice":"Gold","damage_taken":0,"max_hp_gain":0,"max_hp_loss":0,"event_name":"Wheel of Change","floor":3,"gold_loss":0},{"damage_healed":0,"gold_gain":99,"player_choice":"Stole From Cult","damage_taken":0,"max_hp_gain":0,"max_hp_loss":0,"event_name":"Nest","floor":22,"gold_loss":0},{"damage_healed":0,"gold_gain":0,"player_choice":"Ignored","damage_taken":0,"max_hp_gain":0,"max_hp_loss":0,"event_name":"Vampires","floor":31,"gold_loss":0},{"damage_healed":0,"gold_gain":0,"player_choice":"Ignored","damage_taken":0,"max_hp_gain":0,"max_hp_loss":0,"event_name":"Tomb of Lord Red Mask","floor":40,"gold_loss":0},{"damage_healed":0,"gold_gain":0,"player_choice":"Fight","damage_taken":0,"max_hp_gain":0,"max_hp_loss":0,"event_name":"Mysterious Sphere","floor":48,"gold_loss":0}],"is_beta":false,"boss_relics":[{"not_picked":["HoveringKite","Sozu"],"picked":"WristBlade"},{"not_picked":["Ring of the Serpent","Empty Cage"],"picked":"Cursed Key"}],"items_purged_floors":[11,20,25,47],"is_endless":false,"potions_floor_spawned":[1,5,7,16,23,29,35,36,44],"ascension_level":0}}