{"host":"Berg","time":1607494860,"event":{"gold_per_floor":[112,61,21,38,10,45,45,78,123,151,163,88,88,107,107,107,107],"floor_reached":16,"playtime":393,"items_purged":[],"score":286,"play_id":"5454f22a-3f17-420e-9aa9-f3403f0e3633","local_time":"20201209012100","is_ascension_mode":true,"campfire_choices":[{"data":"Streamline","floor":7,"key":"SMITH"},{"floor":15,"key":"REST"}],"neow_cost":"NONE","seed_source_timestamp":31604905878900,"circlet_count":0,"master_deck":["AscendersBane","Strike_B","Strike_B","Strike_B","Defend_B","Defend_B","Defend_B","Defend_B","Zap","Dualcast","Go for the Eyes","Compile Driver","Undo","Streamline+1","White Noise","Rip and Tear","Glacier","Cold Snap","Barrage"],"relics":["Cracked Core","NeowsBlessing","Tiny Chest","WingedGreaves","MealTicket","Bottled Lightning","Pen Nib"],"potions_floor_usage":[10,14],"damage_taken":[{"damage":0,"enemies":"Cultist","floor":1,"turns":1},{"damage":0,"enemies":"Jaw Worm","floor":4,"turns":1},{"damage":0,"enemies":"3 Sentries","floor":6,"turns":1},{"damage":18,"enemies":"Lagavulin","floor":8,"turns":7},{"damage":6,"enemies":"Gremlin Nob","floor":10,"turns":3},{"damage":1,"enemies":"Small Slimes","floor":11,"turns":3},{"damage":45,"enemies":"Gremlin Gang","floor":14,"turns":6},{"damage":30,"enemies":"The Guardian","floor":16,"turns":8}],"seed_played":"8580050898382199231","potions_obtained":[{"floor":1,"key":"Regen Potion"},{"floor":4,"key":"Fire Potion"}],"is_trial":false,"path_per_floor":["M","$","$","M","$","E","R","E","T","E","M","?","?","M","R","B"],"character_chosen":"DEFECT","items_purchased":["Compile Driver","Undo","Gash"],"campfire_rested":1,"item_purchase_floors":[2,3,5],"current_hp_per_floor":[64,64,64,64,64,64,64,46,46,40,39,39,39,9,30,0,0],"gold":107,"neow_bonus":"THREE_ENEMY_KILL","is_prod":false,"is_daily":false,"chose_seed":false,"campfire_upgraded":1,"win_rate":0,"timestamp":1607494860,"path_taken":["M","?","$","?","?","E","R","E","T","E","?","?","?","M","R","BOSS"],"build_version":"2020-12-07","purchased_purges":0,"victory":false,"max_hp_per_floor":[71,71,71,71,71,71,71,71,71,71,71,71,71,71,71,71,71],"relic_stats":{"counters":[8,30],"Tiny Chest":0,"MealTicket":0,"Pen Nib":[2],"obtain_stats":[{"NeowsBlessing":0,"Tiny Chest":6,"MealTicket":9,"WingedGreaves":8,"Pen Nib":13,"Bottled Lightning":10,"Cracked Core":0},{"NeowsBlessing":0,"Tiny Chest":3,"MealTicket":4,"WingedGreaves":4,"Pen Nib":6,"Bottled Lightning":5,"Cracked Core":0},{"NeowsBlessing":0,"Tiny Chest":3,"MealTicket":10,"WingedGreaves":10,"Pen Nib":16,"Bottled Lightning":13,"Cracked Core":0}]},"card_choices":[{"not_picked":["Self Repair","Turbo"],"picked":"Go for the Eyes","floor":1},{"not_picked":["Coolheaded","Cold Snap"],"picked":"Streamline","floor":4},{"not_picked":["Stack","Conserve Battery"],"picked":"White Noise","floor":6},{"not_picked":["Capacitor","BootSequence"],"picked":"Rip and Tear","floor":8},{"not_picked":["Auto Shields","Beam Cell"],"picked":"Glacier","floor":10},{"not_picked":["Redo","Streamline"],"picked":"Cold Snap","floor":11},{"not_picked":["Double Energy","Chaos"],"picked":"Barrage","floor":14}],"player_experience":1313346,"relics_obtained":[{"floor":6,"key":"Tiny Chest"},{"floor":8,"key":"WingedGreaves"},{"floor":9,"key":"MealTicket"},{"floor":10,"key":"Bottled Lightning"}],"event_choices":[{"cards_removed":["Strike_B"],"damage_healed":0,"gold_gain":0,"player_choice":"Card Removal","damage_taken":0,"max_hp_gain":0,"max_hp_loss":0,"event_name":"The Cleric","floor":12,"gold_loss":75},{"cards_removed":["Gash"],"damage_healed":0,"gold_gain":0,"player_choice":"Gave Card","damage_taken":0,"relics_obtained":["Pen Nib"],"max_hp_gain":0,"max_hp_loss":0,"event_name":"WeMeetAgain","floor":13,"gold_loss":0}],"is_beta":true,"boss_relics":[],"items_purged_floors":[],"is_endless":false,"potions_floor_spawned":[1,4,6],"killed_by":"The Guardian","ascension_level":20}}