{"host":"jm9833yuloeli2yd","time":1607531944,"event":{"gold_per_floor":[13,23,36,1,19,19,46,58,94,106,118,145,172,214,226,310,322,345,86,99,79,98,98,125,144,144,144,144,162,174,174,174],"floor_reached":31,"playtime":863,"items_purged":["Storm"],"score":538,"play_id":"a8a015c6-a197-481c-97eb-11924b84bc16","local_time":"20201209113904","is_ascension_mode":true,"campfire_choices":[{"data":"Sweeping Beam","floor":6.0,"key":"SMITH"},{"data":"Defragment","floor":8.0,"key":"SMITH"},{"data":"Beam Cell","floor":11.0,"key":"SMITH"},{"floor":15.0,"key":"REST"},{"floor":23.0,"key":"REST"},{"floor":27.0,"key":"REST"}],"neow_cost":"NO_GOLD","seed_source_timestamp":757518535772900,"circlet_count":0,"master_deck":["AscendersBane","Zap","Dualcast","Core Surge","Sweeping Beam+1","Beam Cell+1","Conserve Battery","Defragment+1","Defragment","Loop","Ball Lightning","Echo Form","FTL","Turbo","Double Energy","Hyperbeam","Undo","Glacier","Capacitor","White Noise","Genetic Algorithm","Hologram","Redo"],"special_seed":0,"relics":["Cracked Core","MawBank","Bag of Preparation","Smiling Mask","Oddly Smooth Stone","Pandora\u0027s Box","Sling","Pen Nib","Regal Pillow"],"potions_floor_usage":[],"damage_taken":[{"damage":0.0,"enemies":"2 Louse","floor":1.0,"turns":2.0},{"damage":3.0,"enemies":"Small Slimes","floor":2.0,"turns":3.0},{"damage":1.0,"enemies":"Cultist","floor":3.0,"turns":3.0},{"damage":1.0,"enemies":"2 Fungi Beasts","floor":5.0,"turns":3.0},{"damage":25.0,"enemies":"Lagavulin","floor":7.0,"turns":7.0},{"damage":8.0,"enemies":"Blue Slaver","floor":12.0,"turns":3.0},{"damage":2.0,"enemies":"Exordium Thugs","floor":13.0,"turns":3.0},{"damage":14.0,"enemies":"Gremlin Nob","floor":14.0,"turns":4.0},{"damage":10.0,"enemies":"The Guardian","floor":16.0,"turns":8.0},{"damage":28.0,"enemies":"Shell Parasite","floor":18.0,"turns":4.0},{"damage":0.0,"enemies":"Chosen","floor":20.0,"turns":4.0},{"damage":20.0,"enemies":"Snake Plant","floor":22.0,"turns":6.0},{"damage":33.0,"enemies":"Gremlin Leader","floor":24.0,"turns":5.0},{"damage":5.0,"enemies":"Chosen and Byrds","floor":25.0,"turns":4.0},{"damage":6.0,"enemies":"3 Cultists","floor":29.0,"turns":3.0},{"damage":30.0,"enemies":"Sentry and Sphere","floor":30.0,"turns":6.0},{"damage":9,"enemies":"Slavers","floor":31,"turns":1}],"seed_played":"-5934727615729135371","potions_obtained":[{"floor":1.0,"key":"SkillPotion"},{"floor":3.0,"key":"SpeedPotion"},{"floor":12.0,"key":"EntropicBrew"},{"floor":14.0,"key":"BlessingOfTheForge"},{"floor":16.0,"key":"EssenceOfDarkness"},{"floor":20.0,"key":"Regen Potion"},{"floor":22.0,"key":"Dexterity Potion"},{"floor":24.0,"key":"Block Potion"}],"is_trial":false,"path_per_floor":["M","M","M","?","M","R","E","R","T","?","R","M","M","E","R","B",null,"M","$","M","?","M","R","E","M","T","R","?","M","M","E"],"character_chosen":"DEFECT","items_purchased":["PowerPotion","Sling"],"campfire_rested":3,"item_purchase_floors":[19,19],"current_hp_per_floor":[64,61,60,71,70,70,45,45,45,34,34,26,24,10,31,21,59,31,31,31,31,26,47,14,9,9,45,45,39,9,0,0],"gold":174,"neow_bonus":"THREE_RARE_CARDS","is_prod":false,"is_daily":false,"chose_seed":false,"campfire_upgraded":3,"win_rate":0,"timestamp":1607531944,"path_taken":["M","M","M","?","M","R","E","R","T","?","R","M","M","E","R","BOSS","M","$","M","?","?","R","E","M","T","R","?","M","M","E"],"build_version":"2020-11-30","purchased_purges":1,"victory":false,"max_hp_per_floor":[71,71,71,71,71,71,71,71,71,71,71,71,71,71,71,71,71,71,71,71,71,71,71,71,71,71,71,71,71,71,71,71],"card_choices":[{"not_picked":["Multi-Cast","Meteor Strike"],"picked":"Core Surge","floor":0.0},{"not_picked":["Hello World","Coolheaded","Storm"],"picked":"SKIP","floor":1.0},{"not_picked":["Force Field","Steam"],"picked":"Sweeping Beam","floor":2.0},{"not_picked":["Turbo","Gash"],"picked":"Beam Cell","floor":3.0},{"not_picked":["Hello World","Leap"],"picked":"Conserve Battery","floor":5.0},{"not_picked":["Genetic Algorithm","Creative AI"],"picked":"Defragment","floor":7.0},{"not_picked":["Gash","Undo"],"picked":"Defragment","floor":12.0},{"not_picked":["Ball Lightning","Turbo"],"picked":"Loop","floor":13.0},{"not_picked":["Reboot","BootSequence"],"picked":"Ball Lightning","floor":14.0},{"not_picked":["Seek","Amplify"],"picked":"Echo Form","floor":16.0},{"not_picked":["Redo","Consume"],"picked":"Glacier","floor":18.0},{"not_picked":["Stack","Redo","Coolheaded"],"picked":"SKIP","floor":20.0},{"not_picked":["Ball Lightning","Go for the Eyes+1"],"picked":"Capacitor","floor":22.0},{"not_picked":["Redo","Steam"],"picked":"White Noise","floor":24.0},{"not_picked":["Aggregate","Cold Snap"],"picked":"Genetic Algorithm","floor":25.0},{"not_picked":["Streamline","Turbo","Cold Snap"],"picked":"SKIP","floor":29.0},{"not_picked":["Hello World","Go for the Eyes","Cold Snap"],"picked":"SKIP","floor":30.0}],"player_experience":979067,"relics_obtained":[{"floor":7.0,"key":"MawBank"},{"floor":9.0,"key":"Bag of Preparation"},{"floor":14.0,"key":"Oddly Smooth Stone"},{"floor":24.0,"key":"Pen Nib"},{"floor":26.0,"key":"Regal Pillow"}],"event_choices":[{"damage_healed":17.0,"max_hp_gain":0.0,"max_hp_loss":0.0,"gold_gain":0.0,"event_name":"The Cleric","player_choice":"Healed","floor":4.0,"gold_loss":35.0,"damage_taken":0.0},{"damage_healed":0.0,"max_hp_gain":0.0,"max_hp_loss":0.0,"gold_gain":0.0,"event_name":"Scrap Ooze","player_choice":"Success","floor":10.0,"gold_loss":0.0,"damage_taken":11.0,"relics_obtained":["Smiling Mask"]},{"damage_healed":0.0,"max_hp_gain":0.0,"max_hp_loss":0.0,"gold_gain":0.0,"event_name":"The Woman in Blue","player_choice":"Bought 1 Potion","floor":21.0,"gold_loss":0.0,"damage_taken":0.0},{"damage_healed":0.0,"max_hp_gain":0.0,"max_hp_loss":0.0,"gold_gain":0.0,"cards_transformed":["Lockon","Chaos"],"event_name":"Drug Dealer","player_choice":"Became Test Subject","floor":28.0,"gold_loss":0.0,"damage_taken":0.0,"cards_obtained":["Hologram","Redo"]}],"is_beta":false,"boss_relics":[{"not_picked":["Cursed Key","SacredBark"],"picked":"Pandora\u0027s Box"}],"items_purged_floors":[19],"is_endless":false,"potions_floor_spawned":[1,3,12,14,16,20,22,24],"killed_by":"Slavers","ascension_level":20}}