{"host":"mj8akmyfd5lo602f","time":1607525821,"event":{"gold_per_floor":[99,125,125,225,150,150,150,150,184,184,202,222,0,78,91,196,196,121,151,151,151,151],"floor_reached":21,"playtime":956,"items_purged":["Regret"],"score":201,"play_id":"8c597537-ae22-4e46-9eff-a47118fc9449","local_time":"20201209145701","is_ascension_mode":false,"campfire_choices":[{"floor":1.0,"key":"RECALL"},{"floor":5.0,"key":"REST"},{"data":"Defy","floor":8.0,"key":"SMITH"},{"floor":10.0,"key":"REST"},{"floor":18.0,"key":"DIG"},{"floor":20,"key":"REST"}],"neow_cost":"NONE","seed_source_timestamp":0,"circlet_count":0,"master_deck":["Strike_S","Strike_S","Strike_S","Strike_S","Defend_S+1","Defend_S+1","Defend_S","Defend_S","KidneyShot","Exchange","Duplication+1","Defy+1","Spin","MurderousAura","Misdirection","SilverBlades","FastForward+1","GearUp+1","FlawlessForm"],"special_seed":0,"relics":["Uniform","Blood Vial","downfall:BrokenWingStatue","downfall:HeartBlessingRed","Tiny Chest","Shovel","Philosopher\u0027s Stone","downfall:HeartBlessingBlue","War Paint","Unceasing Top"],"potions_floor_usage":[21],"damage_taken":[{"damage":52.0,"enemies":"3 Sentries","floor":2.0,"turns":16.0},{"damage":30.0,"enemies":"Gremlin Nob","floor":9.0,"turns":6.0},{"damage":0.0,"enemies":"Small Slimes","floor":11.0,"turns":2.0},{"damage":0.0,"enemies":"2 Louse","floor":12.0,"turns":1.0},{"damage":0.0,"enemies":"downfall:FleeingMerchant","floor":13.0,"turns":4.0},{"damage":0.0,"enemies":"Jaw Worm","floor":15.0,"turns":4.0},{"damage":14.0,"enemies":"downfall:CharBossWatcher","floor":16.0,"turns":9.0},{"damage":71.0,"enemies":"Gremlin Leader","floor":19.0,"turns":11.0},{"damage":31,"enemies":"Book of Stabbing","floor":21,"turns":8}],"seed_played":"-2479402903053277006","potions_obtained":[{"floor":9.0,"key":"PowerPotion"},{"floor":19,"key":"Swift Potion"}],"is_trial":false,"path_per_floor":["R","E","?","?","R","?","T","R","E","R","M","M","$","T","M","B",null,"R","E","R","E"],"character_chosen":"THE_SERVANT","items_purchased":["SilverBlades","FastForward"],"campfire_rested":3,"item_purchase_floors":[13,13],"current_hp_per_floor":[65,13,13,13,32,32,32,32,4,23,25,27,29,29,31,19,65,75,4,26,0,0],"gold":151,"neow_bonus":"ONE_RANDOM_RARE_CARD","is_prod":false,"is_daily":false,"chose_seed":false,"campfire_upgraded":1,"win_rate":0,"timestamp":1607525821,"path_taken":["R","E","?","?","R","?","T","R","E","R","M","M","$","?","M","BOSS","R","E","R","E"],"build_version":"2020-11-30","purchased_purges":1,"victory":false,"max_hp_per_floor":[65,65,65,65,65,65,65,65,65,65,65,65,65,65,65,65,65,75,75,75,75,75],"relic_stats":{"Blood Vial":14,"Shovel":1,"counters":[9,61],"Tiny Chest":0,"War Paint":["FastForward","GearUp"],"obtain_stats":[{"Blood Vial":2,"downfall:BrokenWingStatue":3,"Shovel":9,"downfall:HeartBlessingRed":5,"downfall:HeartBlessingBlue":18,"Tiny Chest":7,"Philosopher\u0027s Stone":17,"Uniform":0,"War Paint":18,"Unceasing Top":19},{"Blood Vial":1,"downfall:BrokenWingStatue":1,"Shovel":2,"downfall:HeartBlessingRed":1,"downfall:HeartBlessingBlue":7,"Tiny Chest":1,"Philosopher\u0027s Stone":7,"Uniform":0,"War Paint":7,"Unceasing Top":8},{"Blood Vial":16,"downfall:BrokenWingStatue":16,"Shovel":22,"downfall:HeartBlessingRed":16,"downfall:HeartBlessingBlue":42,"Tiny Chest":16,"Philosopher\u0027s Stone":42,"Uniform":0,"War Paint":42,"Unceasing Top":53}],"Unceasing Top":[2]},"card_choices":[{"not_picked":["Spin","Starlight"],"picked":"Defy","floor":2.0},{"not_picked":["StarChef","Ricochet"],"picked":"Spin","floor":9.0},{"not_picked":["TimeWarp","Snipe"],"picked":"MurderousAura","floor":11.0},{"not_picked":["Rewind","FastForward"],"picked":"Misdirection","floor":12.0},{"not_picked":["ShiftingGears","Reset"],"picked":"GearUp","floor":15.0},{"not_picked":["ForgedInTime","TrueSight"],"picked":"FlawlessForm","floor":16.0},{"not_picked":["Moondial","Spin","Initiator"],"picked":"SKIP","floor":19}],"player_experience":422015,"relics_obtained":[{"floor":2.0,"key":"Blood Vial"},{"floor":7.0,"key":"Tiny Chest"},{"floor":9.0,"key":"Shovel"},{"floor":18.0,"key":"War Paint"},{"floor":19,"key":"Unceasing Top"}],"event_choices":[],"is_beta":false,"boss_relics":[{"not_picked":["Calling Bell","Runic Pyramid"],"picked":"Philosopher\u0027s Stone"}],"items_purged_floors":[13],"is_endless":false,"potions_floor_spawned":[9,19],"killed_by":"Book of Stabbing","ascension_level":0}}