{"host":"ankk85k3o1tjewxq","time":1607524408,"event":{"gold_per_floor":[119,133,133,150,150,181,247,16,16,16,29,49,49,82,82,203,203,223,173,83,83,83,83,45,45,97,97,97,97],"floor_reached":28,"playtime":1344,"items_purged":["Injury"],"score":222,"play_id":"ed0793fa-18a5-4075-914e-b5e75ea07681","local_time":"20201209153328","is_ascension_mode":false,"campfire_choices":[{"data":"Chill","floor":13,"key":"SMITH"},{"floor":15,"key":"REST"},{"data":"Blizzard","floor":23,"key":"SMITH"},{"data":"Zap","floor":27,"key":"SMITH"}],"neow_cost":"NONE","seed_source_timestamp":398673806200,"circlet_count":0,"master_deck":["Strike_B","Strike_B","Strike_B","Defend_B+1","Defend_B","Defend_B","Defend_B","Zap+1","Dualcast","Redo","Cold Snap","Capacitor","Cold Snap","Chill+1","Blizzard+1","Electrodynamics","Glacier","Capacitor"],"relics":["Cracked Core","Lantern","Golden Idol","Pear","Ancient Tea Set","DataDisk","Bag of Marbles","Centennial Puzzle","Runic Pyramid","Tiny Chest","betterThird:NestCultRelic","Omamori"],"potions_floor_usage":[7,16,16],"damage_taken":[{"damage":1,"enemies":"Cultist","floor":1,"turns":3},{"damage":0,"enemies":"Jaw Worm","floor":2,"turns":3},{"damage":0,"enemies":"Small Slimes","floor":4,"turns":3},{"damage":38,"enemies":"Gremlin Nob","floor":6,"turns":5},{"damage":13,"enemies":"3 Sentries","floor":7,"turns":7},{"damage":0,"enemies":"Blue Slaver","floor":11,"turns":2},{"damage":4,"enemies":"Exordium Wildlife","floor":12,"turns":4},{"damage":9,"enemies":"Lagavulin","floor":14,"turns":6},{"damage":24,"enemies":"Hexaghost","floor":16,"turns":10},{"damage":6,"enemies":"2 Thieves","floor":18,"turns":3},{"damage":10,"enemies":"Chosen","floor":28,"turns":1}],"seed_played":"62026542674743712","potions_obtained":[{"floor":6,"key":"FocusPotion"},{"floor":7,"key":"Strength Potion"},{"floor":11,"key":"Dexterity Potion"},{"floor":18,"key":"Block Potion"}],"is_trial":false,"path_per_floor":["M","M","?","M","?","E","?","$","T","$","M","M","R","E","R","B",null,"M","?","?","?","T","R","$","?","T","R","M"],"character_chosen":"DEFECT","items_purchased":["DataDisk","Capacitor"],"campfire_rested":1,"item_purchase_floors":[8,24],"current_hp_per_floor":[74,74,74,74,74,46,33,33,33,33,33,29,29,20,45,21,85,79,79,79,79,79,79,79,79,79,79,69,69],"gold":97,"neow_bonus":"RANDOM_COMMON_RELIC","is_prod":false,"is_daily":false,"chose_seed":false,"campfire_upgraded":3,"win_rate":0,"timestamp":1607524408,"path_taken":["M","?","?","?","?","E","?","$","T","?","?","M","R","E","R","BOSS","M","?","?","?","?","R","$","?","T","R","?"],"build_version":"2020-11-30","purchased_purges":1,"victory":false,"max_hp_per_floor":[75,75,75,75,75,85,85,85,85,85,85,85,85,85,85,85,85,85,85,85,85,85,85,85,85,85,85,85,85],"relic_stats":{"Centennial Puzzle":[9],"counters":[11,47],"Golden Idol":55,"Tiny Chest":0,"obtain_stats":[{"Lantern":0,"DataDisk":8,"Centennial Puzzle":14,"Pear":6,"Golden Idol":5,"Tiny Chest":22,"betterThird:NestCultRelic":25,"Bag of Marbles":9,"Omamori":26,"Cracked Core":0,"Ancient Tea Set":7,"Runic Pyramid":17},{"Lantern":0,"DataDisk":5,"Centennial Puzzle":8,"Pear":4,"Golden Idol":3,"Tiny Chest":10,"betterThird:NestCultRelic":10,"Bag of Marbles":5,"Omamori":10,"Cracked Core":0,"Ancient Tea Set":5,"Runic Pyramid":9},{"Lantern":0,"DataDisk":21,"Centennial Puzzle":33,"Pear":14,"Golden Idol":9,"Tiny Chest":46,"betterThird:NestCultRelic":46,"Bag of Marbles":21,"Omamori":46,"Cracked Core":0,"Ancient Tea Set":21,"Runic Pyramid":43}]},"card_choices":[{"not_picked":["Conserve Battery","Steam Power"],"picked":"Redo","floor":1},{"not_picked":["Stack","Beam Cell","Echo Form"],"picked":"SKIP","floor":2},{"not_picked":["Turbo","Skim"],"picked":"Cold Snap","floor":4},{"not_picked":["Streamline","Redo"],"picked":"Capacitor","floor":6},{"not_picked":["Hologram","Beam Cell"],"picked":"Cold Snap","floor":7},{"not_picked":["Leap","Go for the Eyes"],"picked":"Chill","floor":11},{"not_picked":["Fusion","Aggregate"],"picked":"Blizzard","floor":12},{"not_picked":["Leap","Stack","Fusion"],"picked":"SKIP","floor":14},{"not_picked":["Biased Cognition","Echo Form"],"picked":"Electrodynamics","floor":16},{"not_picked":["Auto Shields","Steam"],"picked":"Glacier","floor":18}],"player_experience":166032,"relics_obtained":[{"floor":6,"key":"Pear"},{"floor":7,"key":"Ancient Tea Set"},{"floor":9,"key":"Bag of Marbles"},{"floor":14,"key":"Centennial Puzzle"},{"floor":22,"key":"Tiny Chest"},{"floor":26,"key":"Omamori"}],"event_choices":[{"damage_healed":0,"gold_gain":0,"player_choice":"Ignored","damage_taken":0,"max_hp_gain":0,"max_hp_loss":0,"event_name":"WeMeetAgain","floor":3,"gold_loss":0},{"damage_healed":0,"gold_gain":0,"player_choice":"Take Wound","damage_taken":0,"relics_obtained":["Golden Idol"],"max_hp_gain":0,"max_hp_loss":0,"event_name":"Golden Idol","floor":5,"gold_loss":0,"cards_obtained":["Injury"]},{"damage_healed":0,"gold_gain":30,"player_choice":"Searched \u00272\u0027 times","damage_taken":0,"max_hp_gain":0,"max_hp_loss":0,"event_name":"Dead Adventurer","floor":7,"gold_loss":0},{"damage_healed":0,"gold_gain":0,"player_choice":"Bet on Owner","damage_taken":0,"max_hp_gain":0,"max_hp_loss":0,"event_name":"The Joust","floor":19,"gold_loss":50},{"cards_removed":["Strike_B"],"damage_healed":0,"gold_gain":0,"player_choice":"Upgrade and Remove","damage_taken":0,"max_hp_gain":0,"max_hp_loss":0,"event_name":"Designer","floor":20,"gold_loss":90,"cards_upgraded":["Defend_B"]},{"damage_healed":0,"gold_gain":0,"player_choice":"Bought 0 Potions","damage_taken":0,"max_hp_gain":0,"max_hp_loss":0,"event_name":"The Woman in Blue","floor":21,"gold_loss":0},{"damage_healed":0,"gold_gain":0,"player_choice":"Madness","damage_taken":0,"relics_obtained":["betterThird:NestCultRelic"],"max_hp_gain":0,"max_hp_loss":0,"event_name":"betterThird:BetterNest","floor":25,"gold_loss":0}],"is_beta":false,"boss_relics":[{"not_picked":["Empty Cage","Philosopher\u0027s Stone"],"picked":"Runic Pyramid"}],"items_purged_floors":[8],"is_endless":false,"potions_floor_spawned":[6,7,11,18],"killed_by":"Chosen","ascension_level":0}}