{"host":"6wux4armhsntp4yb","time":1607485114,"event":{"gold_per_floor":[119,138,157,45,45,45,71,71,121,134,134,150,161,186,186,263,263,282,149,149,166,183,183,198,198,243,293,326,326,326,343,343,343,343],"floor_reached":33,"playtime":1940,"items_purged":["Strike_G"],"score":604,"play_id":"aa3d6cba-5c31-408f-aa10-77f26eb9b391","local_time":"20201209123834","is_ascension_mode":true,"campfire_choices":[{"data":"Dash","floor":6.0,"key":"SMITH"},{"data":"Neutralize","floor":11.0,"key":"SMITH"},{"floor":15.0,"key":"REST"},{"data":"Calculated Gamble","floor":23.0,"key":"SMITH"},{"data":"Well Laid Plans","floor":25.0,"key":"SMITH"},{"data":"Catalyst","floor":32.0,"key":"SMITH"}],"neow_cost":"NONE","seed_source_timestamp":272201601454952,"circlet_count":0,"master_deck":["AscendersBane","Defend_G+1","Defend_G+1","Defend_G+1","Defend_G+1","Defend_G+1","Survivor","Neutralize+1","Leg Sweep","Dash+1","Dagger Spray","Bouncing Flask","All Out Attack","PiercingWail","Calculated Gamble+1","Prepared","Corpse Explosion","Heel Hook+1","Escape Plan+1","Flying Knee+1","Underhanded Strike+1","Catalyst+1","Eviscerate","Well Laid Plans+1","Reflex"],"special_seed":0,"relics":["HoveringKite","Omamori","Blood Vial","Juzu Bracelet","Astrolabe","Toy Ornithopter","Shuriken","Question Card"],"potions_floor_usage":[],"damage_taken":[{"damage":11.0,"enemies":"Cultist","floor":1.0,"turns":5.0},{"damage":0.0,"enemies":"2 Louse","floor":2.0,"turns":4.0},{"damage":0.0,"enemies":"Jaw Worm","floor":3.0,"turns":7.0},{"damage":5.0,"enemies":"3 Sentries","floor":7.0,"turns":9.0},{"damage":0.0,"enemies":"Exordium Wildlife","floor":10.0,"turns":6.0},{"damage":3.0,"enemies":"Blue Slaver","floor":12.0,"turns":4.0},{"damage":10.0,"enemies":"Large Slime","floor":13.0,"turns":7.0},{"damage":24.0,"enemies":"Gremlin Nob","floor":14.0,"turns":4.0},{"damage":7.0,"enemies":"Slime Boss","floor":16.0,"turns":10.0},{"damage":6.0,"enemies":"3 Byrds","floor":18.0,"turns":2.0},{"damage":3.0,"enemies":"Shell Parasite","floor":21.0,"turns":7.0},{"damage":12.0,"enemies":"Chosen and Byrds","floor":22.0,"turns":7.0},{"damage":22.0,"enemies":"Shelled Parasite and Fungi","floor":24.0,"turns":7.0},{"damage":0.0,"enemies":"Slavers","floor":28.0,"turns":3.0},{"damage":1.0,"enemies":"Cultist and Chosen","floor":31.0,"turns":6.0},{"damage":45,"enemies":"Champ","floor":33,"turns":15}],"seed_played":"-3943678889274137950","potions_obtained":[{"floor":2.0,"key":"BlessingOfTheForge"},{"floor":3.0,"key":"BlessingOfTheForge"},{"floor":10.0,"key":"LiquidBronze"},{"floor":12.0,"key":"AttackPotion"},{"floor":14.0,"key":"SkillPotion"},{"floor":21.0,"key":"GamblersBrew"},{"floor":31.0,"key":"FearPotion"}],"is_trial":false,"path_per_floor":["M","M","M","$","?","R","E","?","T","M","R","M","M","E","R","B",null,"M","$","?","M","M","R","M","R","T","?","E","T","?","M","R","B"],"character_chosen":"THE_SILENT","items_purchased":["Bouncing Flask","Catalyst","PowerPotion"],"campfire_rested":1,"item_purchase_floors":[4,19,19],"current_hp_per_floor":[48,48,48,48,37,37,32,32,32,34,34,33,25,3,22,17,54,50,50,50,49,39,39,19,19,19,19,26,26,26,27,27,0,0],"gold":343,"neow_bonus":"BOSS_RELIC","is_prod":false,"is_daily":false,"chose_seed":false,"campfire_upgraded":5,"win_rate":0,"timestamp":1607485114,"path_taken":["M","?","M","$","?","R","E","?","T","M","R","M","M","E","R","BOSS","M","$","?","M","M","R","M","R","T","?","E","?","?","M","R","BOSS"],"build_version":"2020-11-30","purchased_purges":1,"victory":false,"max_hp_per_floor":[66,66,66,66,66,66,66,66,66,66,66,66,66,66,66,66,66,66,66,66,66,66,66,66,66,66,66,66,66,66,66,66,66,66],"relic_stats":{"Blood Vial":24,"counters":[16,103],"Shuriken":[6],"Astrolabe":["Heel Hook","Escape Plan","Flying Knee"],"HoveringKite":[40],"Juzu Bracelet":1,"Question Card":1,"obtain_stats":[{"Blood Vial":7,"Shuriken":28,"Astrolabe":17,"HoveringKite":0,"Omamori":5,"Juzu Bracelet":14,"Question Card":29,"Toy Ornithopter":26,"Ring of the Snake":0},{"Blood Vial":4,"Shuriken":14,"Astrolabe":9,"HoveringKite":0,"Omamori":3,"Juzu Bracelet":8,"Question Card":14,"Toy Ornithopter":13,"Ring of the Snake":0},{"Blood Vial":25,"Shuriken":82,"Astrolabe":56,"HoveringKite":0,"Omamori":16,"Juzu Bracelet":46,"Question Card":82,"Toy Ornithopter":79,"Ring of the Snake":0}],"Toy Ornithopter":5},"card_choices":[{"not_picked":["Blade Dance","Quick Slash"],"picked":"Leg Sweep","floor":1.0},{"not_picked":["Flying Knee","Backflip"],"picked":"Dash","floor":2.0},{"not_picked":["Bane","Poisoned Stab"],"picked":"Dagger Spray","floor":3.0},{"not_picked":["Infinite Blades","Flying Knee","Finisher"],"picked":"SKIP","floor":7.0},{"not_picked":["Choke","Sucker Punch"],"picked":"All Out Attack","floor":10.0},{"not_picked":["Cloak And Dagger","Eviscerate"],"picked":"PiercingWail","floor":12.0},{"not_picked":["Eviscerate","Sucker Punch"],"picked":"Calculated Gamble","floor":13.0},{"not_picked":["Escape Plan","Dagger Spray"],"picked":"Prepared","floor":14.0},{"not_picked":["Wraith Form v2","Envenom"],"picked":"Corpse Explosion","floor":16.0},{"not_picked":["Dagger Spray","Poisoned Stab"],"picked":"Underhanded Strike+1","floor":18.0},{"not_picked":["Deflect","Deadly Poison","Choke"],"picked":"SKIP","floor":21.0},{"not_picked":["Deflect","Deadly Poison","Choke"],"picked":"SKIP","floor":21.0},{"not_picked":["Choke","Bane"],"picked":"Eviscerate","floor":22.0},{"not_picked":["Prepared","PiercingWail"],"picked":"Well Laid Plans","floor":24.0},{"not_picked":["Flechettes","Deflect","Sucker Punch+1"],"picked":"SKIP","floor":28.0},{"not_picked":["Dash","Backflip","Terror"],"picked":"Reflex","floor":31.0}],"player_experience":5592356,"relics_obtained":[{"floor":7.0,"key":"Blood Vial"},{"floor":14.0,"key":"Juzu Bracelet"},{"floor":26.0,"key":"Toy Ornithopter"},{"floor":28.0,"key":"Shuriken"},{"floor":29.0,"key":"Question Card"}],"event_choices":[{"damage_healed":0.0,"max_hp_gain":0.0,"max_hp_loss":0.0,"gold_gain":0.0,"event_name":"Scrap Ooze","player_choice":"Success","floor":5.0,"gold_loss":0.0,"damage_taken":11.0,"relics_obtained":["Omamori"]},{"cards_removed":["Strike_G"],"damage_healed":0.0,"max_hp_gain":0.0,"max_hp_loss":0.0,"gold_gain":0.0,"event_name":"Purifier","player_choice":"Purged","floor":8.0,"gold_loss":0.0,"damage_taken":0.0},{"damage_healed":0.0,"max_hp_gain":0.0,"max_hp_loss":0.0,"gold_gain":0.0,"event_name":"Back to Basics","player_choice":"Simplicity","floor":20.0,"gold_loss":0.0,"damage_taken":0.0,"cards_upgraded":["Defend_G","Defend_G","Defend_G","Defend_G","Defend_G"]},{"damage_healed":0.0,"max_hp_gain":0.0,"max_hp_loss":0.0,"gold_gain":50.0,"event_name":"Nest","player_choice":"Stole From Cult","floor":27.0,"gold_loss":0.0,"damage_taken":0.0},{"damage_healed":0.0,"max_hp_gain":0.0,"max_hp_loss":0.0,"gold_gain":0.0,"event_name":"Ghosts","player_choice":"Ignored","floor":30.0,"gold_loss":0.0,"damage_taken":0.0}],"is_beta":false,"boss_relics":[{"not_picked":["Fusion Hammer","Snecko Eye"],"picked":"Astrolabe"}],"items_purged_floors":[4],"is_endless":false,"potions_floor_spawned":[2,3,10,12,14,21,31],"killed_by":"Champ","ascension_level":20}}