{"host":"9h8npza6ronlejsv","time":1607482267,"event":{"gold_per_floor":[113,133,133,145,145,145,165,199,226,78,78,93,106,106,106],"floor_reached":14,"playtime":654,"items_purged":["Strike_G"],"score":156,"play_id":"5f193a2e-c9a4-4a15-8ff0-56aa405b47c8","local_time":"20201208215107","is_ascension_mode":true,"campfire_choices":[{"data":"Choke","floor":6,"key":"SMITH"},{"floor":11,"key":"REST"}],"neow_cost":"NONE","seed_source_timestamp":187087540281300,"circlet_count":0,"master_deck":["AscendersBane","Strike_G","Strike_G","Strike_G","Defend_G","Defend_G","Defend_G","Defend_G","Defend_G","Survivor","Neutralize","Blade Dance","Choke+1","Blade Dance","After Image","Backflip","Footwork","Escape Plan"],"relics":["Ring of the Snake","Omamori","Bronze Scales","Centennial Puzzle"],"potions_floor_usage":[8,8],"damage_taken":[{"damage":7,"enemies":"Small Slimes","floor":1,"turns":5},{"damage":5,"enemies":"Cultist","floor":2,"turns":4},{"damage":0,"enemies":"2 Louse","floor":4,"turns":2},{"damage":8,"enemies":"Blue Slaver","floor":7,"turns":2},{"damage":4,"enemies":"Gremlin Nob","floor":8,"turns":4},{"damage":1,"enemies":"Large Slime","floor":12,"turns":8},{"damage":22,"enemies":"Gremlin Gang","floor":13,"turns":4},{"damage":17,"enemies":"3 Sentries","floor":14,"turns":8}],"seed_played":"1972026622347908168","potions_obtained":[{"floor":1,"key":"Weak Potion"},{"floor":2,"key":"Poison Potion"},{"floor":4,"key":"SkillPotion"}],"is_trial":false,"path_per_floor":["M","M","?","M","?","R","M","E","T","$","R","M","M","E"],"character_chosen":"THE_SILENT","items_purchased":["Footwork"],"campfire_rested":1,"item_purchase_floors":[10],"current_hp_per_floor":[52,47,47,47,35,35,27,23,23,23,42,41,19,2,2],"gold":106,"neow_bonus":"THREE_CARDS","is_prod":false,"is_daily":false,"chose_seed":false,"campfire_upgraded":1,"win_rate":0,"timestamp":1607482267,"path_taken":["M","M","?","?","?","R","M","E","T","$","R","M","M","E"],"build_version":"2020-11-30","purchased_purges":1,"victory":false,"max_hp_per_floor":[66,66,66,66,66,66,66,66,66,66,66,66,66,66,66],"card_choices":[{"not_picked":["Prepared","Masterful Stab"],"picked":"Blade Dance","floor":0},{"not_picked":["Riddle With Holes","Dodge and Roll"],"picked":"Choke","floor":1},{"not_picked":["Masterful Stab","Cloak And Dagger"],"picked":"Blade Dance","floor":2},{"not_picked":["Prepared","Bane"],"picked":"After Image","floor":4},{"not_picked":["Outmaneuver","Deflect","Blade Dance"],"picked":"SKIP","floor":7},{"not_picked":["Poisoned Stab","Bane"],"picked":"Backflip","floor":8},{"not_picked":["Blade Dance","Setup","Outmaneuver"],"picked":"SKIP","floor":12},{"not_picked":["Blade Dance","Setup","Outmaneuver"],"picked":"SKIP","floor":12},{"not_picked":["PiercingWail","Dagger Spray"],"picked":"Escape Plan","floor":13}],"player_experience":226284,"relics_obtained":[{"floor":8,"key":"Bronze Scales"},{"floor":9,"key":"Centennial Puzzle"}],"event_choices":[{"cards_removed":["Strike_G"],"damage_healed":0,"gold_gain":0,"player_choice":"Card Removal","damage_taken":0,"max_hp_gain":0,"max_hp_loss":0,"event_name":"Wheel of Change","floor":3,"gold_loss":0},{"damage_healed":0,"gold_gain":0,"player_choice":"Success","damage_taken":12,"relics_obtained":["Omamori"],"max_hp_gain":0,"max_hp_loss":0,"event_name":"Scrap Ooze","floor":5,"gold_loss":0}],"is_beta":false,"boss_relics":[],"items_purged_floors":[10],"is_endless":false,"potions_floor_spawned":[1,2,4],"killed_by":"3 Sentries","ascension_level":14}}