{"host":"8ou27r2meafek1jk","time":1607528716,"event":{"gold_per_floor":[113,113,38,38,52,52,52,72,72,86,86,3,3,16,16,16,16],"floor_reached":16,"playtime":663,"items_purged":["Regret"],"score":113,"play_id":"d97bc9fb-4cda-44e1-b743-21e08869268f","local_time":"20201209234516","is_ascension_mode":true,"campfire_choices":[{"data":"Deflect","floor":6.0,"key":"SMITH"},{"data":"Neutralize","floor":11,"key":"SMITH"},{"data":"Deep Breath","floor":13,"key":"SMITH"},{"data":"Survivor","floor":15,"key":"SMITH"}],"neow_cost":"","seed_source_timestamp":423985554482700,"circlet_count":0,"master_deck":["Strike_G","Strike_G","Strike_G","Strike_G","Strike_G","Defend_G","Defend_G","Defend_G","Defend_G","Defend_G","Survivor+1","Neutralize+1","Dagger Throw","CrumblingArmor","Deflect+1","LongBird","Expertise","OldLady","Underhanded Strike","NakedNest","Deep Breath+1","Slice","Mercenary"],"special_seed":0,"relics":["Ring of the Snake","CogitoBucket","CaptainsWheel","Question Card"],"potions_floor_usage":[10,16],"damage_taken":[{"damage":0.0,"enemies":"2 Louse","floor":1.0,"turns":2.0},{"damage":0.0,"enemies":"Jaw Worm","floor":5.0,"turns":4.0},{"damage":0,"enemies":"Small Slimes","floor":8,"turns":3},{"damage":11,"enemies":"Looter","floor":10,"turns":3},{"damage":8,"enemies":"3 Louse","floor":14,"turns":7},{"damage":51,"enemies":"Slime Boss","floor":16,"turns":8}],"seed_played":"-1802974275061858399","potions_obtained":[{"floor":1.0,"key":"Dexterity Potion"},{"floor":8,"key":"BlessingOfTheForge"},{"floor":14,"key":"SteroidPotion"}],"is_trial":false,"path_per_floor":["M","?","$","?","M","R","?","M","T","M","R","$","R","M","R","B"],"character_chosen":"THE_SILENT","items_purchased":["Deep Breath"],"campfire_rested":0,"item_purchase_floors":[12],"current_hp_per_floor":[70,70,70,70,70,70,70,70,70,59,59,59,59,51,51,0,0],"gold":16,"neow_bonus":"","is_prod":false,"is_daily":false,"chose_seed":false,"campfire_upgraded":4,"win_rate":0,"timestamp":1607528716,"path_taken":["M","?","$","?","M","R","?","M","T","M","R","$","R","M","R","BOSS"],"build_version":"2020-11-30","purchased_purges":1,"victory":false,"max_hp_per_floor":[70,70,70,70,70,70,70,70,70,70,70,70,70,70,70,70,70],"card_choices":[{"not_picked":["Catalyst","Distraction"],"picked":"Dagger Throw","floor":1.0},{"not_picked":["Yin","Murderer"],"picked":"CrumblingArmor","floor":1.0},{"not_picked":["Sucker Punch","Cloak And Dagger"],"picked":"Deflect","floor":5.0},{"not_picked":["CherryBlossoms","BeautyBeast"],"picked":"LongBird","floor":5.0},{"not_picked":["Distraction","Outmaneuver"],"picked":"Expertise","floor":8},{"not_picked":["MeatLantern","BlackSwan"],"picked":"OldLady","floor":8},{"not_picked":["Noxious Fumes","Bane","Deadly Poison"],"picked":"Underhanded Strike","floor":10},{"not_picked":["ShyLook","CherryBlossoms"],"picked":"NakedNest","floor":10},{"not_picked":["PiercingWail","Underhanded Strike","Blade Dance"],"picked":"Slice","floor":14},{"not_picked":["UniverseFragment","Murderer"],"picked":"Mercenary","floor":14}],"player_experience":639377,"relics_obtained":[{"floor":9,"key":"Question Card"}],"event_choices":[{"damage_healed":0.0,"max_hp_gain":0.0,"max_hp_loss":0.0,"gold_gain":0.0,"event_name":"Big Fish","player_choice":"Box","floor":2.0,"gold_loss":0.0,"damage_taken":0.0,"relics_obtained":["CaptainsWheel"],"cards_obtained":["Regret"]},{"damage_healed":0.0,"max_hp_gain":0.0,"max_hp_loss":0.0,"gold_gain":0.0,"event_name":"The Cleric","player_choice":"Leave","floor":4.0,"gold_loss":0.0,"damage_taken":0.0},{"damage_healed":0,"gold_gain":0,"player_choice":"Searched \u00270\u0027 times","damage_taken":0,"max_hp_gain":0,"max_hp_loss":0,"event_name":"Dead Adventurer","floor":7,"gold_loss":0}],"is_beta":false,"boss_relics":[],"items_purged_floors":[3],"is_endless":false,"potions_floor_spawned":[1,8,14],"killed_by":"Slime Boss","ascension_level":5}}