{"host":"92108ef2q9tm8rod","time":1607522504,"event":{"gold_per_floor":[110,110,128,144,164,164,207,207,254,48,48,68,89,109,109,232,295,308,323,59,72,95,95,126,126,126,165,165,165,204,218,218,341,341,356,356,234,250,273,273,286,309,389,389,404,439,321,339,339,339],"floor_reached":51,"playtime":1987,"items_purged":["FlyingSleeves"],"score":1118,"play_id":"f67fed3b-5a46-40f4-b465-c1f0eafdc3b0","local_time":"20201209140144","daily_mods":["SealedDeck","Purple Cards","Heirloom","Flight"],"is_ascension_mode":false,"campfire_choices":[{"data":"Setup","floor":6,"key":"SMITH"},{"data":"Deflect","floor":8,"key":"SMITH"},{"data":"PathToVictory","floor":11,"key":"SMITH"},{"data":"Blur","floor":15,"key":"SMITH"},{"data":"Deflect","floor":23,"key":"SMITH"},{"data":"PathToVictory","floor":25,"key":"SMITH"},{"data":"Slice","floor":29,"key":"SMITH"},{"data":"Protect","floor":32,"key":"SMITH"},{"floor":40,"key":"REST"},{"floor":44,"key":"REST"},{"floor":49,"key":"REST"}],"neow_cost":"","seed_source_timestamp":0,"circlet_count":0,"master_deck":["Setup+1","Slice+1","Protect+1","Evaluate+1","Deflect+1","Deflect+1","PathToVictory+1","PathToVictory+1","Blur+1","PathToVictory+1","PathToVictory+1"],"relics":["Ring of the Snake","Calipers","Golden Idol","The Courier","MealTicket","Gremlin Horn","Tiny House","Letter Opener","PreservedInsect","Toxic Egg 2","Paper Crane","Sundial","Busted Crown","ClockworkSouvenir","Mercury Hourglass","Boot","Bag of Marbles"],"potions_floor_usage":[14,22,33,50,50,50],"damage_taken":[{"damage":0,"enemies":"2 Louse","floor":1,"turns":2},{"damage":0,"enemies":"Jaw Worm","floor":3,"turns":3},{"damage":0,"enemies":"Small Slimes","floor":4,"turns":2},{"damage":0,"enemies":"Red Slaver","floor":5,"turns":3},{"damage":0,"enemies":"Lagavulin","floor":7,"turns":4},{"damage":0,"enemies":"Lots of Slimes","floor":12,"turns":4},{"damage":0,"enemies":"2 Fungi Beasts","floor":13,"turns":2},{"damage":0,"enemies":"Large Slime","floor":14,"turns":5},{"damage":0,"enemies":"The Guardian","floor":16,"turns":6},{"damage":0,"enemies":"theJungle:MUSHROOMGANG","floor":18,"turns":4},{"damage":0,"enemies":"theJungle:5_Spyders","floor":19,"turns":7},{"damage":0,"enemies":"theJungle:SlimyTreeVines","floor":21,"turns":7},{"damage":0,"enemies":"Snake Plant","floor":22,"turns":2},{"damage":0,"enemies":"theJungle:2_Phrogs","floor":24,"turns":4},{"damage":0,"enemies":"theJungle:Cassacara","floor":27,"turns":2},{"damage":0,"enemies":"theJungle:MamaSnecko","floor":30,"turns":3},{"damage":0,"enemies":"theJungle:Lyon","floor":31,"turns":3},{"damage":0,"enemies":"theJungle:FunGuy","floor":33,"turns":5},{"damage":0,"enemies":"Orb Walker","floor":35,"turns":3},{"damage":0,"enemies":"3 Darklings","floor":38,"turns":3},{"damage":0,"enemies":"4 Shapes","floor":39,"turns":2},{"damage":0,"enemies":"Spire Growth","floor":41,"turns":3},{"damage":0,"enemies":"Sphere and 2 Shapes","floor":42,"turns":4},{"damage":0,"enemies":"3 Darklings","floor":45,"turns":3},{"damage":19,"enemies":"Nemesis","floor":46,"turns":6},{"damage":0,"enemies":"4 Shapes","floor":48,"turns":2},{"damage":0,"enemies":"Donu and Deca","floor":50,"turns":6}],"seed_played":"3845576967621814417","potions_obtained":[{"floor":4,"key":"SpeedPotion"},{"floor":7,"key":"SpeedPotion"},{"floor":13,"key":"DistilledChaos"},{"floor":16,"key":"EssenceOfSteel"},{"floor":17,"key":"GhostInAJar"},{"floor":19,"key":"Explosive Potion"},{"floor":22,"key":"FairyPotion"},{"floor":30,"key":"DistilledChaos"},{"floor":33,"key":"DistilledChaos"},{"floor":41,"key":"DuplicationPotion"},{"floor":42,"key":"EssenceOfSteel"},{"floor":46,"key":"Block Potion"}],"is_trial":true,"path_per_floor":["M","?","M","M","M","R","E","R","T","$","R","M","M","M","R","B",null,"M","M","$","M","M","R","E","R","T","E","?","R","E","M","R","B",null,"M","?","$","M","M","R","M","M","T","R","M","E","$","M","R","B",null],"character_chosen":"THE_SILENT","items_purchased":["Gremlin Horn","Letter Opener","ClockworkSouvenir","Bag of Marbles"],"campfire_rested":3,"item_purchase_floors":[10,20,37,47],"current_hp_per_floor":[70,53,53,53,53,53,53,53,53,68,68,68,68,68,68,68,75,75,75,75,75,75,75,75,75,75,75,75,75,75,75,75,75,75,75,75,75,75,75,75,75,75,75,75,75,56,71,71,75,75],"gold":339,"neow_bonus":"","is_prod":false,"is_daily":false,"chose_seed":false,"campfire_upgraded":8,"win_rate":0,"timestamp":1607522504,"path_taken":["M","?","M","M","M","R","E","R","T","$","R","M","M","M","R","BOSS","M","M","$","M","M","R","E","R","T","E","?","R","E","M","R","BOSS","M","?","$","M","M","R","M","M","T","R","M","E","$","M","R","BOSS"],"build_version":"2020-11-30","purchased_purges":1,"victory":true,"max_hp_per_floor":[70,70,70,70,70,70,70,70,70,70,70,70,70,70,70,70,75,75,75,75,75,75,75,75,75,75,75,75,75,75,75,75,75,75,75,75,75,75,75,75,75,75,75,75,75,75,75,75,75,75],"card_choices":[{"not_picked":["Prostrate","Setup","EmptyFist"],"picked":"SKIP","floor":1},{"not_picked":["Crippling Poison","CrushJoints","SignatureMove"],"picked":"SKIP","floor":3},{"not_picked":["Study","Caltrops","Dodge and Roll"],"picked":"SKIP","floor":4},{"not_picked":["CutThroughFate","Acrobatics","EmptyFist"],"picked":"SKIP","floor":5},{"not_picked":["Prepared","Scrawl","TalkToTheHand"],"picked":"SKIP","floor":7},{"not_picked":["Cloak And Dagger","Footwork","Prepared"],"picked":"SKIP","floor":12},{"not_picked":["Outmaneuver","Quick Slash"],"picked":"Blur","floor":13},{"not_picked":["EmptyMind","Evaluate","Quick Slash"],"picked":"SKIP","floor":14},{"not_picked":["Terror","FlurryOfBlows","Slice"],"picked":"SKIP","floor":18},{"not_picked":["Predator","Blur","Dagger Spray+1"],"picked":"SKIP","floor":19},{"not_picked":["Poisoned Stab+1","Bane+1","Halt"],"picked":"SKIP","floor":21},{"not_picked":["All Out Attack","Calculated Gamble+1","EmptyBody"],"picked":"SKIP","floor":22},{"not_picked":["Dash","Scrawl","Infinite Blades"],"picked":"SKIP","floor":24},{"not_picked":["Blade Dance+1","TalkToTheHand","Sucker Punch"],"picked":"SKIP","floor":27},{"not_picked":["Eviscerate+1","PiercingWail+1"],"picked":"PathToVictory+1","floor":30},{"not_picked":["Bane","Calculated Gamble+1","MentalFortress"],"picked":"SKIP","floor":31},{"not_picked":["Backflip+1"],"picked":"SKIP","floor":35},{"not_picked":["Backstab+1"],"picked":"SKIP","floor":38},{"not_picked":["Consecrate+1"],"picked":"SKIP","floor":39},{"not_picked":["Prepared+1"],"picked":"SKIP","floor":41},{"not_picked":["Flying Knee+1"],"picked":"SKIP","floor":42},{"not_picked":["MentalFortress"],"picked":"SKIP","floor":45},{"not_picked":[],"picked":"PathToVictory+1","floor":46},{"not_picked":["Dagger Spray"],"picked":"SKIP","floor":48}],"player_experience":3131037,"relics_obtained":[{"floor":7,"key":"The Courier"},{"floor":9,"key":"MealTicket"},{"floor":24,"key":"PreservedInsect"},{"floor":26,"key":"Toxic Egg 2"},{"floor":27,"key":"Paper Crane"},{"floor":30,"key":"Sundial"},{"floor":43,"key":"Mercury Hourglass"},{"floor":46,"key":"Boot"}],"event_choices":[{"damage_healed":0,"gold_gain":0,"player_choice":"Take Damage","damage_taken":17,"relics_obtained":["Golden Idol"],"max_hp_gain":0,"max_hp_loss":0,"event_name":"Golden Idol","floor":2,"gold_loss":0},{"cards_removed":["Protect"],"damage_healed":0,"gold_gain":0,"player_choice":"Purged","damage_taken":0,"max_hp_gain":0,"max_hp_loss":0,"event_name":"Purifier","floor":36,"gold_loss":0}],"is_beta":false,"boss_relics":[{"not_picked":["Runic Pyramid","Runic Dome"],"picked":"Tiny House"},{"not_picked":["Black Star","Snecko Eye"],"picked":"Busted Crown"}],"items_purged_floors":[20],"is_endless":false,"potions_floor_spawned":[4,7,13,16,19,22,30,33,41,42,46],"ascension_level":0}}