{"host":"pcbz64t4k17ey4z1","time":1607550320,"event":{"gold_per_floor":[114,114,114,129,94,94,119,119,119,149,149,50,67,92,92,170,170,185,185,185],"floor_reached":19,"playtime":884,"items_purged":[],"score":374,"play_id":"d61aa9ac-9cd8-49a1-9050-f7997818fccb","local_time":"20201209214520","is_ascension_mode":true,"campfire_choices":[{"data":"WindmillStrike","floor":6,"key":"SMITH"},{"data":"Well Laid Plans","floor":8,"key":"SMITH"},{"data":"Pot Of Greed","floor":11,"key":"SMITH"},{"data":"Conclude","floor":15,"key":"SMITH"}],"neow_cost":"NONE","seed_source_timestamp":1570228731100,"circlet_count":0,"master_deck":["AscendersBane","Strike_P+1","Strike_P+1","Strike_P+1","Defend_P+1","Defend_P+1","Defend_P+1","Defend_P+1","Eruption+1","Vigilance+1","WindmillStrike+1","Pray","Escape Plan","Pot Of Greed","Pot Of Greed+1","Well Laid Plans+1","Sanctity","hubris:Insight","Conclude+1","Replay:LoomingThreat","FlurryOfBlows"],"relics":["Hammer of Thor","Seething Fire","Anvil of the Gods","NeowsBlessing","Replay:M_StaffOfTheSnake","Grinning Jar","potionbrewer:ToyAutogyro","Onion Ring","aspiration:StickyExplosives_weak","SacredBark"],"potions_floor_usage":[18,18,18],"damage_taken":[{"damage":0,"enemies":"Small Slimes","floor":1,"turns":1},{"damage":0,"enemies":"Jaw Worm","floor":4,"turns":1},{"damage":0,"enemies":"Lagavulin","floor":7,"turns":1},{"damage":20,"enemies":"Gremlin Nob","floor":10,"turns":3},{"damage":0,"enemies":"Cultist","floor":13,"turns":3},{"damage":3,"enemies":"Lagavulin","floor":14,"turns":4},{"damage":9,"enemies":"Hexaghost","floor":16,"turns":9},{"damage":41,"enemies":"Chosen","floor":18,"turns":7},{"damage":54,"enemies":"conspire:FuzzyDice","floor":19,"turns":4}],"seed_played":"-4176995495431098327","potions_obtained":[{"floor":10,"key":"Venom Potion"},{"floor":16,"key":"EntropicBrew"},{"floor":18,"key":"LiquidBronze"}],"is_trial":false,"path_per_floor":["M","?","?","M","?","R","E","R","T","E","R","$","M","E","R","B",null,"M","M"],"character_chosen":"WATCHER","items_purchased":["hubris:Insight"],"campfire_rested":0,"item_purchase_floors":[12],"current_hp_per_floor":[61,61,61,61,68,68,68,68,68,48,48,48,48,45,45,36,60,19,0,0],"gold":185,"neow_bonus":"THREE_ENEMY_KILL","is_prod":false,"is_daily":false,"chose_seed":false,"campfire_upgraded":4,"win_rate":0,"timestamp":1607550320,"path_taken":["M","?","?","M","?","R","E","R","T","E","R","$","M","E","R","BOSS","M","M"],"build_version":"2020-11-30","purchased_purges":0,"victory":false,"max_hp_per_floor":[68,68,68,68,68,68,68,68,68,68,68,68,68,68,68,68,68,68,68,68],"card_choices":[{"not_picked":["Replay:Cycle","FollowUp"],"picked":"WindmillStrike","floor":1},{"not_picked":["BattleHymn","JustLucky"],"picked":"Escape Plan","floor":4},{"not_picked":["PathToVictory","SignatureMove"],"picked":"Well Laid Plans","floor":7},{"not_picked":["Crescendo","CutThroughFate"],"picked":"Sanctity","floor":10},{"not_picked":["Fasting2","Replay:Battleflow"],"picked":"Conclude","floor":13},{"not_picked":["FollowUp","ClearTheMind","Worship"],"picked":"SKIP","floor":14},{"not_picked":["Replay:AllIn","Doppelganger"],"picked":"Replay:LoomingThreat","floor":16},{"not_picked":["Indignation","Prostrate"],"picked":"FlurryOfBlows","floor":18}],"player_experience":3707228,"relics_obtained":[{"floor":7,"key":"Grinning Jar"},{"floor":9,"key":"potionbrewer:ToyAutogyro"},{"floor":10,"key":"Onion Ring"},{"floor":14,"key":"aspiration:StickyExplosives_weak"}],"event_choices":[{"damage_healed":0,"gold_gain":0,"cards_transformed":["Strike_P"],"player_choice":"Transformed","damage_taken":0,"max_hp_gain":0,"max_hp_loss":0,"event_name":"Transmorgrifier","floor":3,"gold_loss":0,"cards_obtained":["Pray"]},{"damage_healed":17,"gold_gain":0,"player_choice":"Healed","damage_taken":0,"max_hp_gain":0,"max_hp_loss":0,"event_name":"The Cleric","floor":5,"gold_loss":35}],"is_beta":false,"boss_relics":[{"not_picked":["StuffTheSpire:ModemDavis","Runic Dome"],"picked":"SacredBark"}],"items_purged_floors":[],"is_endless":false,"potions_floor_spawned":[10,16,18],"killed_by":"conspire:FuzzyDice","ascension_level":16}}