{"host":"6rdnl4tq8hwgrqdy","time":1607552303,"event":{"gold_per_floor":[114,114,129,129,144,174,174,204,204,204,30,30,60,75,75,175,175,220,220,135,135,135,165,165,195,195,45,75,90,120,120,120,220,220,265,280,288,333,333,363,363,378,378,408,423,438,138,168,168,168],"floor_reached":51,"playtime":3908,"items_purged":[],"score":1004,"play_id":"6fc85e6b-dcdd-484f-a072-dafd4a969fe9","local_time":"20201209221823","daily_mods":["SealedDeck","Purple Cards","Elite Swarm"],"is_ascension_mode":false,"campfire_choices":[{"data":"Wish","floor":7.0,"key":"SMITH"},{"data":"Sunder","floor":15.0,"key":"SMITH"},{"floor":24.0,"key":"REST"},{"floor":32.0,"key":"REST"},{"floor":41.0,"key":"REST"},{"data":"Wallop","floor":49,"key":"SMITH"}],"neow_cost":"","seed_source_timestamp":0,"circlet_count":0,"master_deck":["Wallop+1","ReachHeaven","Weave","Sunder+1","FlurryOfBlows","Rebound","JustLucky","Go for the Eyes","Protect","Redo","Echo Form+1","DeceiveReality","Wish+1","Seek","Conserve Battery","Seek","DevaForm","Necronomicurse","Alpha","CurseOfTheBell","FollowUp+1","Perseverance","Ball Lightning+1","Parasite"],"special_seed":18605,"relics":["Cracked Core","InkBottle","Dream Catcher","Meat on the Bone","Orichalcum","Medical Kit","Centennial Puzzle","SlaversCollar","Necronomicon","WingedGreaves","Pantograph","Ginger","Singing Bowl","Blood Vial","White Beast Statue","Darkstone Periapt","Calling Bell","Nunchaku","Molten Egg 2","Dead Branch","StoneCalendar","Boot","Unceasing Top","MealTicket","Lee\u0027s Waffle","Oddly Smooth Stone","HornCleat"],"potions_floor_usage":[45,45,46,50,50],"damage_taken":[{"damage":0.0,"enemies":"2 Louse","floor":1.0,"turns":1.0},{"damage":0.0,"enemies":"Cultist","floor":3.0,"turns":2.0},{"damage":0.0,"enemies":"Jaw Worm","floor":5.0,"turns":1.0},{"damage":2.0,"enemies":"Lagavulin","floor":6.0,"turns":5.0},{"damage":0.0,"enemies":"Gremlin Nob","floor":8.0,"turns":2.0},{"damage":1.0,"enemies":"Lagavulin","floor":13.0,"turns":5.0},{"damage":2.0,"enemies":"Lots of Slimes","floor":14.0,"turns":2.0},{"damage":26.0,"enemies":"Hexaghost","floor":16.0,"turns":6.0},{"damage":6.0,"enemies":"3 Byrds","floor":18.0,"turns":7.0},{"damage":10.0,"enemies":"Gremlin Leader","floor":23.0,"turns":5.0},{"damage":9.0,"enemies":"Slavers","floor":25.0,"turns":4.0},{"damage":20.0,"enemies":"Gremlin Leader","floor":28.0,"turns":4.0},{"damage":6.0,"enemies":"Spheric Guardian","floor":29.0,"turns":3.0},{"damage":6.0,"enemies":"Book of Stabbing","floor":30.0,"turns":3.0},{"damage":0.0,"enemies":"Automaton","floor":33.0,"turns":8.0},{"damage":8.0,"enemies":"Orb Walker","floor":35.0,"turns":2.0},{"damage":4.0,"enemies":"3 Darklings","floor":36.0,"turns":2.0},{"damage":3.0,"enemies":"2 Orb Walkers","floor":37.0,"turns":4.0},{"damage":26.0,"enemies":"Spire Growth","floor":38.0,"turns":5.0},{"damage":52.0,"enemies":"Reptomancer","floor":40.0,"turns":7.0},{"damage":15.0,"enemies":"Writhing Mass","floor":42.0,"turns":6.0},{"damage":52.0,"enemies":"Nemesis","floor":44.0,"turns":5.0},{"damage":2,"enemies":"4 Shapes","floor":45,"turns":5},{"damage":33,"enemies":"Transient","floor":46,"turns":5},{"damage":5,"enemies":"Giant Head","floor":48,"turns":6},{"damage":54,"enemies":"Awakened One","floor":50,"turns":10}],"seed_played":"4494449258677458329","potions_obtained":[{"floor":1.0,"key":"Energy Potion"},{"floor":5.0,"key":"EssenceOfSteel"},{"floor":6.0,"key":"FearPotion"},{"floor":16.0,"key":"Block Potion"},{"floor":23.0,"key":"FairyPotion"},{"floor":29.0,"key":"LiquidBronze"},{"floor":30.0,"key":"SteroidPotion"},{"floor":33.0,"key":"SteroidPotion"},{"floor":35.0,"key":"PowerPotion"},{"floor":36.0,"key":"DistilledChaos"},{"floor":37.0,"key":"EssenceOfDarkness"},{"floor":40.0,"key":"BlessingOfTheForge"},{"floor":44.0,"key":"FocusPotion"},{"floor":45,"key":"Strength Potion"},{"floor":46,"key":"BlessingOfTheForge"},{"floor":48,"key":"LiquidBronze"}],"is_trial":false,"path_per_floor":["M","?","M","?","M","E","R","E","T","$","$","?","E","M","R","B",null,"M","?","?","$","?","E","R","E","T","$","E","M","E","?","R","B",null,"M","M","?","M","?","E","R","M","T","E","M","M","$","E","R","B",null],"character_chosen":"DEFECT","items_purchased":["Medical Kit","Conserve Battery","Blood Vial","Lee\u0027s Waffle","Oddly Smooth Stone"],"campfire_rested":3,"item_purchase_floors":[11,11,27,47,47],"current_hp_per_floor":[75,75,75,75,75,73,73,73,73,73,73,73,72,70,70,44,75,69,53,53,53,53,43,65,56,56,56,40,50,48,48,74,85,91,83,81,80,58,58,22,52,59,59,23,37,20,118,115,115,66],"gold":168,"neow_bonus":"","is_prod":false,"is_daily":true,"chose_seed":false,"campfire_upgraded":3,"win_rate":0,"timestamp":1607552303,"path_taken":["M","?","?","?","?","E","R","E","T","?","$","?","E","M","R","BOSS","M","?","?","?","?","E","R","E","T","$","E","?","E","?","R","BOSS","M","M","?","M","?","E","R","M","T","E","M","?","$","E","R","BOSS"],"build_version":"2020-11-30","purchased_purges":0,"victory":true,"max_hp_per_floor":[75,75,75,75,75,75,75,75,75,75,75,75,75,75,75,75,75,75,75,75,75,75,75,75,75,75,75,77,79,81,81,83,85,91,91,91,91,93,93,95,97,105,105,107,109,111,118,120,120,120],"card_choices":[{"not_picked":["CrushJoints","Evaluate"],"picked":"ThirdEye","floor":1.0},{"not_picked":["Auto Shields","Consume"],"picked":"DeceiveReality","floor":3.0},{"not_picked":["FlyingSleeves","Scrape","Doom and Gloom"],"picked":"SKIP","floor":5.0},{"not_picked":["Thunder Strike","Scrawl"],"picked":"Wish","floor":6.0},{"not_picked":["All For One","Meteor Strike"],"picked":"Seek","floor":8.0},{"not_picked":["SpiritShield","Hyperbeam"],"picked":"Seek","floor":13.0},{"not_picked":["Recycle","Meditate","Consume"],"picked":"SKIP","floor":14.0},{"not_picked":["Wish","SpiritShield"],"picked":"DevaForm","floor":16.0},{"not_picked":["BattleHymn","Turbo","Sanctity"],"picked":"SKIP","floor":18.0},{"not_picked":["Blasphemy","Core Surge"],"picked":"Alpha","floor":23.0},{"not_picked":["Rainbow","Creative AI","Multi-Cast"],"picked":"SKIP","floor":25.0},{"not_picked":["Blasphemy","Scrawl","Wish"],"picked":"Singing Bowl","floor":28.0},{"not_picked":["Vengeance","MentalFortress","CutThroughFate"],"picked":"Singing Bowl","floor":29.0},{"not_picked":["Vault","ConjureBlade","Core Surge"],"picked":"Singing Bowl","floor":30.0},{"not_picked":["ThirdEye","Scrape","Conserve Battery"],"picked":"Singing Bowl","floor":32.0},{"not_picked":["Machine Learning","Seek","Buffer"],"picked":"Singing Bowl","floor":33.0},{"not_picked":["Stack","Streamline+1"],"picked":"FollowUp+1","floor":35.0},{"not_picked":["ClearTheMind","Genetic Algorithm+1"],"picked":"Perseverance","floor":36.0},{"not_picked":["Halt+1","Barrage+1"],"picked":"Ball Lightning+1","floor":37.0},{"not_picked":["CarveReality+1","Steam Power","Sweeping Beam+1"],"picked":"Singing Bowl","floor":38.0},{"not_picked":["Buffer","Ragnarok+1","ConjureBlade"],"picked":"Singing Bowl","floor":40.0},{"not_picked":["ThirdEye+1","Streamline+1","ClearTheMind+1"],"picked":"Singing Bowl","floor":41.0},{"not_picked":["Study+1","Heatsinks","Reprogram"],"picked":"Singing Bowl","floor":42.0},{"not_picked":["Core Surge+1","Multi-Cast","Ragnarok+1"],"picked":"Singing Bowl","floor":44.0},{"not_picked":["FlyingSleeves+1","SashWhip+1","Compile Driver+1"],"picked":"Singing Bowl","floor":45},{"not_picked":["Compile Driver+1","Go for the Eyes+1","Consecrate+1"],"picked":"Singing Bowl","floor":46},{"not_picked":["All For One+1","Buffer","ConjureBlade"],"picked":"Singing Bowl","floor":48}],"player_experience":671701,"relics_obtained":[{"floor":4.0,"key":"InkBottle"},{"floor":6.0,"key":"Dream Catcher"},{"floor":8.0,"key":"Meat on the Bone"},{"floor":9.0,"key":"Orichalcum"},{"floor":13.0,"key":"Centennial Puzzle"},{"floor":19.0,"key":"Necronomicon"},{"floor":23.0,"key":"Pantograph"},{"floor":25.0,"key":"Ginger"},{"floor":26.0,"key":"Singing Bowl"},{"floor":28.0,"key":"White Beast Statue"},{"floor":30.0,"key":"Darkstone Periapt"},{"floor":34.0,"key":"Nunchaku"},{"floor":34.0,"key":"Molten Egg 2"},{"floor":34.0,"key":"Dead Branch"},{"floor":37.0,"key":"StoneCalendar"},{"floor":40.0,"key":"Boot"},{"floor":43.0,"key":"Unceasing Top"},{"floor":44.0,"key":"MealTicket"},{"floor":48,"key":"HornCleat"}],"event_choices":[{"damage_healed":0.0,"max_hp_gain":0.0,"max_hp_loss":0.0,"gold_gain":0.0,"event_name":"Match and Keep!","player_choice":"1 cards matched","floor":2.0,"gold_loss":0.0,"damage_taken":0.0,"cards_obtained":["Echo Form"]},{"damage_healed":0.0,"max_hp_gain":0.0,"max_hp_loss":0.0,"gold_gain":0.0,"event_name":"Wheel of Change","player_choice":"Relic","floor":4.0,"gold_loss":0.0,"damage_taken":0.0},{"damage_healed":0.0,"max_hp_gain":0.0,"max_hp_loss":0.0,"gold_gain":0.0,"event_name":"Living Wall","player_choice":"Grow","floor":12.0,"gold_loss":0.0,"damage_taken":0.0,"cards_upgraded":["Echo Form"]},{"damage_healed":0.0,"max_hp_gain":0.0,"max_hp_loss":0.0,"gold_gain":0.0,"event_name":"Cursed Tome","player_choice":"Obtained Book","floor":19.0,"gold_loss":0.0,"damage_taken":16.0},{"damage_healed":0.0,"max_hp_gain":0.0,"max_hp_loss":0.0,"gold_gain":0.0,"event_name":"Addict","player_choice":"Obtained Relic","floor":20.0,"gold_loss":85.0,"damage_taken":0.0,"relics_obtained":["WingedGreaves"]},{"damage_healed":0.0,"max_hp_gain":0.0,"max_hp_loss":0.0,"gold_gain":0.0,"event_name":"Vampires","player_choice":"Ignored","floor":22.0,"gold_loss":0.0,"damage_taken":0.0},{"damage_healed":0.0,"max_hp_gain":0.0,"max_hp_loss":0.0,"gold_gain":0.0,"event_name":"Beggar","player_choice":"Ignored","floor":31.0,"gold_loss":0.0,"damage_taken":0.0},{"damage_healed":0.0,"max_hp_gain":0.0,"max_hp_loss":0.0,"gold_gain":0.0,"event_name":"Mysterious Sphere","player_choice":"Fight","floor":37.0,"gold_loss":0.0,"damage_taken":0.0},{"cards_removed":["ThirdEye"],"damage_healed":0.0,"max_hp_gain":0.0,"max_hp_loss":0.0,"gold_gain":0.0,"event_name":"Falling","player_choice":"Removed Skill","floor":39.0,"gold_loss":0.0,"damage_taken":0.0}],"is_beta":false,"boss_relics":[{"not_picked":["FrozenCore","Empty Cage"],"picked":"SlaversCollar"},{"not_picked":["Runic Dome","Coffee Dripper"],"picked":"Calling Bell"}],"items_purged_floors":[],"is_endless":false,"potions_floor_spawned":[1,5,6,16,23,29,30,33,35,36,37,38,40,42,44,45,46,48],"ascension_level":0}}