{"host":"cijwx898anu8dehj","time":1607479877,"event":{"gold_per_floor":[111,125,135,147,159,159,192,192,218,218,252,252,252,262,262,339,339,353,364,279,279,279,279,310,328,328,196,210,135,135,148,148,222,222,233,233,246,246,260,260,260,260],"floor_reached":41,"playtime":4445,"items_purged":["Writhe"],"score":804,"play_id":"9c506d9c-4543-4c94-a056-989e0ea073bf","local_time":"20201209001117","is_ascension_mode":true,"campfire_choices":[{"data":"True Grit","floor":6.0,"key":"SMITH"},{"floor":8,"key":"REST"},{"floor":15,"key":"REST"},{"floor":23,"key":"REST"},{"floor":30,"key":"REST"},{"floor":32,"key":"REST"},{"floor":40,"key":"REST"}],"neow_cost":"NONE","seed_source_timestamp":139115717796743,"circlet_count":0,"master_deck":["AscendersBane","Bash","Twin Strike","Twin Strike","True Grit+1","Anger","Shrug It Off","Pommel Strike","Clothesline","Exhume","Feel No Pain","Sword Boomerang+1","Armaments+1","Shrug It Off+1","Bloodletting+1","True Grit+1","Reaper","Pummel","Exhume+1","Dropkick","Rupture","Bludgeon","Sever Soul","Sentinel+1","Disarm+1","Uppercut","Writhe","Warcry+1"],"special_seed":0,"relics":["Runic Pyramid","Bag of Marbles","Nunchaku","Happy Flower","Vajra","Runic Cube","Blue Candle","Ancient Tea Set","Toxic Egg 2","HornCleat","Pandora\u0027s Box","Calipers"],"potions_floor_usage":[7,19,24,24,28,33],"damage_taken":[{"damage":1.0,"enemies":"2 Louse","floor":1.0,"turns":3.0},{"damage":1.0,"enemies":"Small Slimes","floor":2.0,"turns":3.0},{"damage":1.0,"enemies":"Cultist","floor":3.0,"turns":3.0},{"damage":1.0,"enemies":"2 Fungi Beasts","floor":4.0,"turns":5.0},{"damage":10.0,"enemies":"3 Louse","floor":5.0,"turns":6.0},{"damage":12,"enemies":"3 Sentries","floor":7,"turns":11},{"damage":21,"enemies":"Lagavulin","floor":11,"turns":5},{"damage":0,"enemies":"Large Slime","floor":14,"turns":3},{"damage":3,"enemies":"Hexaghost","floor":16,"turns":9},{"damage":14,"enemies":"Chosen","floor":18,"turns":6},{"damage":10,"enemies":"3 Byrds","floor":19,"turns":6},{"damage":40,"enemies":"Book of Stabbing","floor":24,"turns":5},{"damage":25,"enemies":"Snake Plant","floor":25,"turns":6},{"damage":0,"enemies":"Cultist and Chosen","floor":28,"turns":9},{"damage":8,"enemies":"Sentry and Sphere","floor":31,"turns":7},{"damage":35,"enemies":"Collector","floor":33,"turns":14},{"damage":73,"enemies":"3 Darklings","floor":35,"turns":7},{"damage":0,"enemies":"3 Shapes","floor":37,"turns":4},{"damage":21,"enemies":"Spire Growth","floor":39,"turns":5},{"damage":40,"enemies":"Sphere and 2 Shapes","floor":41,"turns":3}],"seed_played":"3198364906048913823","potions_obtained":[{"floor":2.0,"key":"SkillPotion"},{"floor":4.0,"key":"Dexterity Potion"},{"floor":5.0,"key":"LiquidMemories"},{"floor":11,"key":"LiquidMemories"},{"floor":16,"key":"Dexterity Potion"},{"floor":19,"key":"Energy Potion"},{"floor":28,"key":"ElixirPotion"},{"floor":31,"key":"SteroidPotion"}],"is_trial":false,"path_per_floor":["M","M","M","M","M","R","E","R","T","?","E","?","?","M","R","B",null,"M","M","?","?","?","R","E","M","T","$","M","?","R","M","R","B",null,"M","?","M","?","M","R","M"],"character_chosen":"IRONCLAD","items_purchased":["BloodPotion"],"campfire_rested":6,"item_purchase_floors":[27],"current_hp_per_floor":[67,66,65,64,54,54,42,64,64,69,48,3,3,3,27,24,66,52,42,42,42,42,66,26,1,1,1,17,17,41,33,57,22,66,10,10,10,26,12,36,0,0],"gold":260,"neow_bonus":"BOSS_RELIC","is_prod":false,"is_daily":false,"chose_seed":false,"campfire_upgraded":1,"win_rate":0,"timestamp":1607479877,"path_taken":["M","M","M","M","M","R","E","R","T","?","E","?","?","M","R","BOSS","M","?","?","?","?","R","E","M","T","?","M","?","R","M","R","BOSS","M","?","?","?","M","R","M"],"build_version":"2020-11-30","purchased_purges":1,"victory":false,"max_hp_per_floor":[75,75,75,75,75,75,75,75,75,80,80,80,80,80,80,80,80,80,80,80,80,80,80,80,80,80,80,80,80,80,80,80,80,80,80,80,80,80,80,80,80,80],"relic_stats":{"Nunchaku":[20],"Happy Flower":[28],"counters":[20,120],"Blue Candle":[0],"Pandora\u0027s Box":["Pummel","Exhume","Dropkick","Rupture","Bludgeon","Sever Soul","Sentinel"],"obtain_stats":[{"Calipers":36,"Happy Flower":11,"Blue Candle":20,"Vajra":12,"Ancient Tea Set":21,"Burning Blood":0,"Nunchaku":9,"HornCleat":26,"Pandora\u0027s Box":34,"Bag of Marbles":7,"Toxic Egg 2":24,"Runic Pyramid":0,"Runic Cube":17},{"Calipers":17,"Happy Flower":7,"Blue Candle":11,"Vajra":7,"Ancient Tea Set":11,"Burning Blood":0,"Nunchaku":6,"HornCleat":13,"Pandora\u0027s Box":16,"Bag of Marbles":6,"Toxic Egg 2":12,"Runic Pyramid":0,"Runic Cube":9},{"Calipers":108,"Happy Flower":36,"Blue Candle":60,"Vajra":36,"Ancient Tea Set":60,"Burning Blood":0,"Nunchaku":31,"HornCleat":71,"Pandora\u0027s Box":101,"Bag of Marbles":31,"Toxic Egg 2":65,"Runic Pyramid":0,"Runic Cube":48}],"Runic Cube":[43]},"card_choices":[{"not_picked":["Perfected Strike","Wild Strike"],"picked":"Twin Strike","floor":1.0},{"not_picked":["True Grit","Combust"],"picked":"Twin Strike","floor":2.0},{"not_picked":["Rampage","Cleave"],"picked":"True Grit","floor":3.0},{"not_picked":["Spot Weakness","Fiend Fire"],"picked":"Anger","floor":4.0},{"not_picked":["Perfected Strike","Anger"],"picked":"Shrug It Off","floor":5.0},{"not_picked":["Havoc","Body Slam"],"picked":"Pommel Strike","floor":7},{"not_picked":["Dark Embrace","Shrug It Off"],"picked":"Clothesline","floor":11},{"not_picked":["Pommel Strike","Sentinel","Seeing Red"],"picked":"SKIP","floor":14},{"not_picked":["Entrench","Thunderclap"],"picked":"Feel No Pain","floor":18},{"not_picked":["Cleave","Body Slam"],"picked":"Sword Boomerang+1","floor":19},{"not_picked":["Shockwave+1","Bloodletting+1"],"picked":"Armaments+1","floor":24},{"not_picked":["Entrench+1","Wild Strike"],"picked":"Shrug It Off+1","floor":25},{"not_picked":["Sword Boomerang","Twin Strike"],"picked":"Bloodletting+1","floor":28},{"not_picked":["Heavy Blade","Entrench+1"],"picked":"True Grit+1","floor":31},{"not_picked":["Offering+1","Juggernaut"],"picked":"Reaper","floor":33},{"not_picked":["Clothesline","Armaments+1"],"picked":"Disarm+1","floor":35},{"not_picked":["Warcry+1","Limit Break+1"],"picked":"Uppercut","floor":37},{"not_picked":["Thunderclap","Pommel Strike"],"picked":"Warcry+1","floor":39}],"player_experience":889629,"relics_obtained":[{"floor":7,"key":"Bag of Marbles"},{"floor":9,"key":"Nunchaku"},{"floor":11,"key":"Happy Flower"},{"floor":24,"key":"Toxic Egg 2"},{"floor":26,"key":"HornCleat"},{"floor":36,"key":"Calipers"}],"event_choices":[{"damage_healed":0,"gold_gain":0,"player_choice":"Donut","damage_taken":0,"max_hp_gain":5,"max_hp_loss":0,"event_name":"Big Fish","floor":10,"gold_loss":0},{"damage_healed":0,"gold_gain":0,"player_choice":"Success","damage_taken":45,"relics_obtained":["Vajra"],"max_hp_gain":0,"max_hp_loss":0,"event_name":"Scrap Ooze","floor":12,"gold_loss":0},{"damage_healed":0,"gold_gain":0,"cards_transformed":["Strike_R"],"player_choice":"Transformed","damage_taken":0,"max_hp_gain":0,"max_hp_loss":0,"event_name":"Transmorgrifier","floor":13,"gold_loss":0,"cards_obtained":["Exhume"]},{"damage_healed":0,"gold_gain":0,"player_choice":"Obtained Relic","damage_taken":0,"relics_obtained":["Blue Candle"],"max_hp_gain":0,"max_hp_loss":0,"event_name":"Addict","floor":20,"gold_loss":85},{"damage_healed":0,"gold_gain":0,"player_choice":"Opened","damage_taken":0,"relics_obtained":["Ancient Tea Set"],"max_hp_gain":0,"max_hp_loss":0,"event_name":"The Mausoleum","floor":21,"gold_loss":0,"cards_obtained":["Writhe"]},{"damage_healed":0,"gold_gain":0,"player_choice":"Ignored","damage_taken":0,"max_hp_gain":0,"max_hp_loss":0,"event_name":"Ghosts","floor":22,"gold_loss":0},{"cards_removed":["Strike_R"],"damage_healed":0,"gold_gain":0,"player_choice":"Gave Gold","damage_taken":0,"max_hp_gain":0,"max_hp_loss":0,"event_name":"Beggar","floor":29,"gold_loss":75},{"damage_healed":0,"gold_gain":0,"player_choice":"Relic","damage_taken":0,"max_hp_gain":0,"max_hp_loss":0,"event_name":"Wheel of Change","floor":36,"gold_loss":0},{"damage_healed":16,"gold_gain":0,"player_choice":"Writhe","damage_taken":0,"max_hp_gain":0,"max_hp_loss":0,"event_name":"Winding Halls","floor":38,"gold_loss":0,"cards_obtained":["Writhe"]}],"is_beta":false,"boss_relics":[{"not_picked":["Busted Crown","Coffee Dripper"],"picked":"Runic Cube"},{"not_picked":["Tiny House","SlaversCollar"],"picked":"Pandora\u0027s Box"}],"items_purged_floors":[27],"is_endless":false,"potions_floor_spawned":[2,4,5,11,16,19,28,31],"killed_by":"Sphere and 2 Shapes","ascension_level":18}}