{"host":"p245q48pmopyklqs","time":1607491792,"event":{"gold_per_floor":[110,110,124,134,144,144,172,172,172,191,205,215,229,244,244,244,244],"floor_reached":16,"playtime":1332,"items_purged":[],"score":216,"play_id":"a5a42b34-77ed-4206-8f65-97b01cde67af","local_time":"20201209142952","is_ascension_mode":true,"campfire_choices":[{"data":"Cloak And Dagger","floor":6.0,"key":"SMITH"},{"data":"Corpse Explosion","floor":8.0,"key":"SMITH"},{"floor":15.0,"key":"REST"}],"neow_cost":"NONE","seed_source_timestamp":8631290600500,"circlet_count":0,"master_deck":["AscendersBane","Strike_G","Strike_G","Strike_G","Strike_G","Strike_G","Defend_G","Defend_G","Defend_G","Defend_G","Defend_G","Survivor","Neutralize","Dagger Spray+1","Well Laid Plans","Cloak And Dagger+1","Corpse Explosion+1","Endless Agony","Noxious Fumes","Footwork","Backflip"],"special_seed":0,"relics":["Ring of the Snake","Gremlin Horn","Matryoshka"],"potions_floor_usage":[16],"damage_taken":[{"damage":10.0,"enemies":"Jaw Worm","floor":1.0,"turns":7.0},{"damage":1.0,"enemies":"Cultist","floor":3.0,"turns":4.0},{"damage":0.0,"enemies":"Small Slimes","floor":4.0,"turns":3.0},{"damage":6.0,"enemies":"Blue Slaver","floor":5.0,"turns":5.0},{"damage":12.0,"enemies":"3 Sentries","floor":7.0,"turns":4.0},{"damage":0.0,"enemies":"Red Slaver","floor":10.0,"turns":5.0},{"damage":16.0,"enemies":"Exordium Thugs","floor":11.0,"turns":3.0},{"damage":6.0,"enemies":"Blue Slaver","floor":12.0,"turns":3.0},{"damage":1.0,"enemies":"2 Fungi Beasts","floor":13.0,"turns":2.0},{"damage":8.0,"enemies":"Looter","floor":14.0,"turns":3.0},{"damage":52,"enemies":"Slime Boss","floor":16,"turns":6}],"seed_played":"5618328748464264847","potions_obtained":[{"floor":3.0,"key":"DistilledChaos"},{"floor":10.0,"key":"Regen Potion"},{"floor":12.0,"key":"ColorlessPotion"}],"is_trial":false,"path_per_floor":["M","?","M","M","M","R","E","R","T","M","M","M","M","M","R","B"],"character_chosen":"THE_SILENT","items_purchased":[],"campfire_rested":1,"item_purchase_floors":[],"current_hp_per_floor":[55,55,54,54,48,48,36,36,36,36,20,14,13,5,26,0,0],"gold":244,"neow_bonus":"TEN_PERCENT_HP_BONUS","is_prod":false,"is_daily":false,"chose_seed":false,"campfire_upgraded":2,"win_rate":0,"timestamp":1607491792,"path_taken":["M","?","M","M","M","R","E","R","T","M","M","M","?","M","R","BOSS"],"build_version":"2020-11-30","purchased_purges":0,"victory":false,"max_hp_per_floor":[72,72,72,72,72,72,72,72,72,72,72,72,72,72,72,72,72],"relic_stats":{"Gremlin Horn":[0,0],"counters":[11,45],"obtain_stats":[{"Matryoshka":9,"Gremlin Horn":7,"Ring of the Snake":0},{"Matryoshka":5,"Gremlin Horn":5,"Ring of the Snake":0},{"Matryoshka":23,"Gremlin Horn":23,"Ring of the Snake":0}],"Ring of the Snake":[22]},"card_choices":[{"not_picked":["Prepared","Concentrate"],"picked":"Dagger Spray","floor":1.0},{"not_picked":["PiercingWail","Choke"],"picked":"Well Laid Plans","floor":3.0},{"not_picked":["PiercingWail","Underhanded Strike"],"picked":"Cloak And Dagger","floor":4.0},{"not_picked":["Dodge and Roll","Prepared"],"picked":"Corpse Explosion","floor":5.0},{"not_picked":["Sucker Punch","Reflex"],"picked":"Endless Agony","floor":7.0},{"not_picked":["Poisoned Stab","Flying Knee"],"picked":"Noxious Fumes","floor":10.0},{"not_picked":["Backflip","All Out Attack"],"picked":"Footwork","floor":11.0},{"not_picked":["Outmaneuver","Dagger Spray","All Out Attack"],"picked":"SKIP","floor":12.0},{"not_picked":["Acrobatics","PiercingWail","Setup"],"picked":"SKIP","floor":13.0},{"not_picked":["Deadly Poison","Choke"],"picked":"Backflip","floor":14.0}],"player_experience":2240227,"relics_obtained":[{"floor":7.0,"key":"Gremlin Horn"},{"floor":9.0,"key":"Matryoshka"}],"event_choices":[{"damage_healed":0.0,"max_hp_gain":0.0,"max_hp_loss":0.0,"gold_gain":0.0,"event_name":"Upgrade Shrine","player_choice":"Upgraded","floor":2.0,"gold_loss":0.0,"damage_taken":0.0,"cards_upgraded":["Dagger Spray"]}],"is_beta":false,"boss_relics":[],"items_purged_floors":[],"is_endless":false,"potions_floor_spawned":[3,10,12],"killed_by":"Slime Boss","ascension_level":20}}