{"host":"72lt20yb89m1ezcj","time":1607531369,"event":{"gold_per_floor":[118,187,197,197,216,249,266,266,266,266,282,282,29,56,56,157,157,175,175,193,204,214,214,247,258,285,285,385,345,35,55,55,157,157,173,187,187,116,128,153,165,193,205,230,261,273,312,337,349,361,361],"floor_reached":50,"playtime":4671,"items_purged":[],"score":736,"play_id":"c20071de-645f-4ef1-8b8c-00dbf13bae45","local_time":"20201209102929","is_ascension_mode":false,"campfire_choices":[{"floor":8.0,"key":"REST"},{"floor":10.0,"key":"RECALL"},{"data":"Anger","floor":15.0,"key":"SMITH"},{"floor":23.0,"key":"REST"},{"floor":27.0,"key":"REST"},{"floor":32.0,"key":"REST"},{"floor":41.0,"key":"REST"},{"floor":46,"key":"REST"},{"floor":49,"key":"REST"}],"neow_cost":"","seed_source_timestamp":0,"circlet_count":0,"master_deck":["Strike_R","Strike_R","Strike_R","Strike_R","Defend_R","Defend_R","Defend_R","Defend_R","Bash","Flame Barrier","Inflame","Hemokinesis","Heavy Blade","Battle Trance","Rampage","Shrug It Off","Warcry","Thunderclap","Infernal Blade+1","Cleave","Anger+1","Immolate","Iron Wave","Flex","Rage","Blood for Blood","Barricade+1","Apotheosis","Pummel","Demon Form+1","Uppercut+1","Iron Wave+1","Flex","Shrug It Off","Seeing Red+1","Shrug It Off","Metallicize+1","Dropkick","Fire Breathing+1"],"special_seed":0,"relics":["Burning Blood","Red Skull","TungstenRod","Question Card","HandDrill","Letter Opener","Black Star","Orichalcum","Frozen Egg 2","Strawberry","ClockworkSouvenir","SlaversCollar","PreservedInsect","MawBank","Bottled Tornado","Unceasing Top","Champion Belt"],"potions_floor_usage":[],"damage_taken":[{"damage":8.0,"enemies":"Small Slimes","floor":1.0,"turns":4.0},{"damage":2.0,"enemies":"2 Louse","floor":3.0,"turns":2.0},{"damage":8.0,"enemies":"Jaw Worm","floor":5.0,"turns":4.0},{"damage":29.0,"enemies":"Gremlin Nob","floor":6.0,"turns":4.0},{"damage":9.0,"enemies":"Blue Slaver","floor":7.0,"turns":4.0},{"damage":2.0,"enemies":"Red Slaver","floor":11.0,"turns":4.0},{"damage":14.0,"enemies":"3 Sentries","floor":14.0,"turns":7.0},{"damage":48.0,"enemies":"The Guardian","floor":16.0,"turns":9.0},{"damage":8.0,"enemies":"Chosen","floor":18.0,"turns":3.0},{"damage":31.0,"enemies":"3 Byrds","floor":20.0,"turns":6.0},{"damage":18.0,"enemies":"Snake Plant","floor":21.0,"turns":3.0},{"damage":21.0,"enemies":"Sentry and Sphere","floor":22.0,"turns":4.0},{"damage":46.0,"enemies":"Slavers","floor":24.0,"turns":5.0},{"damage":12.0,"enemies":"Cultist and Chosen","floor":25.0,"turns":5.0},{"damage":13.0,"enemies":"Chosen and Byrds","floor":31.0,"turns":4.0},{"damage":66.0,"enemies":"Automaton","floor":33.0,"turns":8.0},{"damage":23.0,"enemies":"3 Shapes","floor":35.0,"turns":3.0},{"damage":19.0,"enemies":"Orb Walker","floor":36.0,"turns":4.0},{"damage":58.0,"enemies":"Sphere and 2 Shapes","floor":39.0,"turns":6.0},{"damage":14.0,"enemies":"Reptomancer","floor":40.0,"turns":4.0},{"damage":31.0,"enemies":"Transient","floor":42.0,"turns":5.0},{"damage":12.0,"enemies":"Spire Growth","floor":44.0,"turns":5.0},{"damage":35,"enemies":"3 Darklings","floor":45,"turns":5},{"damage":19,"enemies":"Giant Head","floor":47,"turns":6},{"damage":0,"enemies":"Jaw Worm Horde","floor":48,"turns":3},{"damage":68,"enemies":"Donu and Deca","floor":50,"turns":6}],"seed_played":"8107102993322502607","potions_obtained":[{"floor":3.0,"key":"Swift Potion"},{"floor":7.0,"key":"Fruit Juice"},{"floor":11.0,"key":"Fruit Juice"},{"floor":16.0,"key":"SteroidPotion"},{"floor":40.0,"key":"AttackPotion"},{"floor":42.0,"key":"Regen Potion"},{"floor":44,"key":"DistilledChaos"},{"floor":48,"key":"SteroidPotion"}],"is_trial":false,"path_per_floor":["M","?","M","?","M","E","M","R","T","R","M","?","$","E","R","B",null,"M","?","M","M","M","R","E","M","T","R","?","?","$","M","R","B",null,"M","M","?","$","M","E","R","M","T","M","M","R","E","M","R","B"],"character_chosen":"IRONCLAD","items_purchased":["Red Skull","Flame Barrier","Inflame","HandDrill","Cleave","BloodPotion","Apotheosis","ClockworkSouvenir","Flex","Shrug It Off"],"campfire_rested":7,"item_purchase_floors":[0,0,0,13,13,13,30,30,38,38],"current_hp_per_floor":[62,62,66,66,64,41,43,68,68,68,77,82,82,74,74,32,95,93,93,68,56,41,69,29,23,30,60,60,60,60,53,83,23,102,85,72,72,72,40,32,62,37,37,43,14,44,31,37,67,0,0],"gold":361,"neow_bonus":"","is_prod":false,"is_daily":false,"chose_seed":false,"campfire_upgraded":1,"win_rate":0,"timestamp":1607531369,"path_taken":["M","?","M","?","M","E","M","R","T","R","M","?","$","E","R","BOSS","M","?","M","?","M","R","E","M","T","R","?","?","$","M","R","BOSS","M","?","?","$","M","E","R","M","T","M","M","R","E","?","R","BOSS"],"build_version":"2020-11-30","purchased_purges":0,"victory":false,"max_hp_per_floor":[80,80,80,80,80,80,85,85,85,85,90,95,95,95,95,95,95,95,95,95,95,95,95,95,95,102,102,102,102,102,102,102,102,102,102,102,102,102,102,102,102,102,102,102,102,102,102,102,102,102,102],"card_choices":[{"not_picked":["Perfected Strike","Iron Wave"],"picked":"Battle Trance","floor":1.0},{"not_picked":["Whirlwind","Seeing Red"],"picked":"Rampage","floor":3.0},{"not_picked":["Thunderclap","Sentinel"],"picked":"Shrug It Off","floor":5.0},{"not_picked":["Offering","Wild Strike"],"picked":"Warcry","floor":6.0},{"not_picked":["Warcry","Fire Breathing"],"picked":"Thunderclap","floor":7.0},{"not_picked":["Anger","Searing Blow","Rampage"],"picked":"Infernal Blade","floor":11.0},{"not_picked":["Evolve","Thunderclap","Havoc"],"picked":"Anger","floor":14.0},{"not_picked":["Berserk","Corruption","Reaper"],"picked":"Immolate","floor":16.0},{"not_picked":["Thunderclap","Infernal Blade","Heavy Blade+1"],"picked":"Iron Wave","floor":18.0},{"not_picked":["True Grit","Perfected Strike","Sword Boomerang","Battle Trance"],"picked":"SKIP","floor":20.0},{"not_picked":["Heavy Blade+1","Havoc+1","Thunderclap","True Grit"],"picked":"SKIP","floor":21.0},{"not_picked":["Clothesline","Pommel Strike","Fiend Fire"],"picked":"Rage","floor":22.0},{"not_picked":["Twin Strike","Clash+1","Armaments"],"picked":"Blood for Blood","floor":24.0},{"not_picked":["Cleave","Anger+1","True Grit"],"picked":"Barricade+1","floor":25.0},{"not_picked":["True Grit","Exhume","Sword Boomerang"],"picked":"Pummel","floor":31.0},{"not_picked":["Corruption+1","Double Tap","Brutality+1"],"picked":"Demon Form+1","floor":33.0},{"not_picked":["Intimidate","Cleave","Clash"],"picked":"Uppercut+1","floor":35.0},{"not_picked":["Bloodletting+1","Clash","Power Through"],"picked":"Iron Wave+1","floor":36.0},{"not_picked":["Perfected Strike","Heavy Blade+1","True Grit"],"picked":"Seeing Red+1","floor":39.0},{"not_picked":["Wild Strike+1","Sword Boomerang","Dark Embrace+1","Thunderclap"],"picked":"SKIP","floor":40.0},{"not_picked":["Dual Wield","Anger+1","Pommel Strike"],"picked":"Shrug It Off","floor":42.0},{"not_picked":["Shrug It Off+1","Sentinel","Cleave"],"picked":"Metallicize+1","floor":44},{"not_picked":["Demon Form+1","Thunderclap","Perfected Strike"],"picked":"Dropkick","floor":45},{"not_picked":["Fiend Fire","True Grit","Iron Wave"],"picked":"Fire Breathing+1","floor":47},{"not_picked":["Clash","Wild Strike","Combust+1","Whirlwind"],"picked":"SKIP","floor":48}],"player_experience":718545,"relics_obtained":[{"floor":6.0,"key":"TungstenRod"},{"floor":9.0,"key":"Question Card"},{"floor":14.0,"key":"Letter Opener"},{"floor":24.0,"key":"Orichalcum"},{"floor":24.0,"key":"Frozen Egg 2"},{"floor":26.0,"key":"Strawberry"},{"floor":40.0,"key":"PreservedInsect"},{"floor":40.0,"key":"MawBank"},{"floor":43.0,"key":"Bottled Tornado"},{"floor":47,"key":"Unceasing Top"},{"floor":47,"key":"Champion Belt"}],"event_choices":[{"damage_healed":0.0,"max_hp_gain":0.0,"max_hp_loss":0.0,"gold_gain":69.0,"event_name":"Golden Wing","player_choice":"Gained Gold","floor":2.0,"gold_loss":0.0,"damage_taken":0.0},{"damage_healed":0.0,"max_hp_gain":0.0,"max_hp_loss":0.0,"gold_gain":0.0,"event_name":"Liars Game","player_choice":"Ignored","floor":4.0,"gold_loss":0.0,"damage_taken":0.0},{"damage_healed":0.0,"max_hp_gain":5.0,"max_hp_loss":0.0,"gold_gain":0.0,"event_name":"Big Fish","player_choice":"Donut","floor":12.0,"gold_loss":0.0,"damage_taken":0.0},{"damage_healed":0.0,"max_hp_gain":0.0,"max_hp_loss":0.0,"gold_gain":0.0,"event_name":"Match and Keep!","player_choice":"1 cards matched","floor":19.0,"gold_loss":0.0,"damage_taken":0.0,"cards_obtained":["Flex"]},{"damage_healed":0.0,"max_hp_gain":0.0,"max_hp_loss":0.0,"gold_gain":100.0,"event_name":"Golden Shrine","player_choice":"Pray","floor":28.0,"gold_loss":0.0,"damage_taken":0.0},{"damage_healed":0.0,"max_hp_gain":0.0,"max_hp_loss":0.0,"gold_gain":0.0,"event_name":"Designer","player_choice":"Upgrade","floor":29.0,"gold_loss":40.0,"damage_taken":0.0,"cards_upgraded":["Infernal Blade"]},{"cards_removed":["Strike_R"],"damage_healed":0.0,"max_hp_gain":0.0,"max_hp_loss":0.0,"gold_gain":0.0,"event_name":"Bonfire Elementals","player_choice":"Offered Basic","floor":37.0,"gold_loss":0.0,"damage_taken":0.0}],"is_beta":false,"boss_relics":[{"not_picked":["Coffee Dripper","Ectoplasm"],"picked":"Black Star"},{"not_picked":["Astrolabe","Cursed Key"],"picked":"SlaversCollar"}],"items_purged_floors":[],"is_endless":false,"potions_floor_spawned":[3,7,11,16,21,22,24,40,42,44,48],"killed_by":"Donu and Deca","ascension_level":0}}