{"host":"ea1gz0s8chhg5p89","time":1607508424,"event":{"gold_per_floor":[110,120,7,7,7,7,36,36,36,61,61,71,21,96,96,197,197,207,106,106,120,147,147,193,248,275,275,291,340,374,400,400,515,515,531,597,627,232,297,297,337,380,380,71,35,35,70,84,84,84,130,172,172,172,172,222,222,28,28,28],"floor_reached":61,"playtime":14425,"items_purged":["Strike_MRS","Defend_MRS","Clumsy"],"score":1426,"play_id":"2fac1cc5-4615-478b-90e2-2c9ac08ea955","local_time":"20201209180704","is_ascension_mode":false,"campfire_choices":[{"data":"CasketOfStar","floor":6.0,"key":"SMITH"},{"data":"Acceleration","floor":11.0,"key":"SMITH"},{"data":"DeepEcoloBomb","floor":15.0,"key":"SMITH"},{"data":"MillisecondPulsars","floor":23,"key":"SMITH"},{"data":"Acceleration","floor":32,"key":"SMITH"},{"data":"Acceleration","floor":40,"key":"SMITH"},{"data":"PulseMagic","floor":46,"key":"SMITH"},{"data":"OortCloud","floor":49,"key":"SMITH"},{"data":"EventHorizon","floor":55,"key":"SMITH"},{"data":"ManaConvection","floor":57,"key":"SMITH"}],"neow_cost":"TEN_PERCENT_HP_LOSS","seed_source_timestamp":676009301836400,"circlet_count":0,"master_deck":["Defend_MRS","Defend_MRS","Defend_MRS","MasterSpark","UpSweep","Acceleration+1","PowerUp","DeepEcoloBomb+1","EventHorizon+1","CasketOfStar+1","TreasureHunter","FairyDestructionRay","Acceleration+1","MillisecondPulsars+1","DoubleSpark","WitchOfGreed","OortCloud+1","MachineGunSpark+1","ManaConvection","PowerUp","J.A.X.","GravityBeat","EnergyFlow","SprinkleStarSeal+1","SporeBomb","SatelliteIllusion","PowerUp+1","WitchOfGreed","OortCloud+1","RefractionSpark","Acceleration+1","EventHorizon","DarkMatter+1","PowerUp+1","Acceleration+1","OortCloud","PulseMagic+1","UnstableBomb","Singularity","EarthLightRay+1","EnergyRecoil+1","GravityBeat","Singularity","Gensokyo:ImpossibleRequest","ManaConvection+1","MilkyWay"],"special_seed":0,"relics":["MiniHakkero","Gambling Chip","Dream Catcher","Bag of Marbles","Bottled Lightning","Vajra","Bird Faced Urn","Cursed Key","Toy Ornithopter","Lantern","Bag of Preparation","Coffee Dripper","CatCart","Strawberry","TungstenRod","Eternal Feather","Pocketwatch","paleoftheancients:Timepiece","Gremlin Horn","CultistMask","paleoftheancients:SoulOfTheBard","StoneCalendar","TheAbacus"],"potions_floor_usage":[24,25,28,28,28,29,29,29,31,33,36,36,36,47,48,50,50,56,56,56,60,60],"damage_taken":[{"damage":0.0,"enemies":"Cultist","floor":1.0,"turns":3.0},{"damage":12.0,"enemies":"Small Slimes","floor":2.0,"turns":3.0},{"damage":20.0,"enemies":"3 Sentries","floor":7.0,"turns":7.0},{"damage":8.0,"enemies":"Gremlin Nob","floor":10.0,"turns":3.0},{"damage":0.0,"enemies":"2 Louse","floor":12.0,"turns":1.0},{"damage":11.0,"enemies":"Hexaghost","floor":16.0,"turns":9.0},{"damage":5,"enemies":"Spheric Guardian","floor":18,"turns":3},{"damage":5,"enemies":"3 Byrds","floor":21,"turns":3},{"damage":0,"enemies":"3 Cultists","floor":22,"turns":4},{"damage":36,"enemies":"Book of Stabbing","floor":24,"turns":5},{"damage":3,"enemies":"Centurion and Healer","floor":25,"turns":4},{"damage":3,"enemies":"Cultist and Chosen","floor":28,"turns":2},{"damage":14,"enemies":"Slavers","floor":29,"turns":2},{"damage":3,"enemies":"Chosen and Byrds","floor":30,"turns":3},{"damage":13,"enemies":"Shelled Parasite and Fungi","floor":31,"turns":2},{"damage":25,"enemies":"Collector","floor":33,"turns":4},{"damage":3,"enemies":"3 Darklings","floor":35,"turns":2},{"damage":25,"enemies":"Orin","floor":36,"turns":5},{"damage":0,"enemies":"Orb Walker","floor":37,"turns":1},{"damage":3,"enemies":"Mind Bloom Boss Battle","floor":39,"turns":2},{"damage":2,"enemies":"Giant Head","floor":41,"turns":3},{"damage":0,"enemies":"Sphere and 2 Shapes","floor":42,"turns":3},{"damage":2,"enemies":"Transient","floor":47,"turns":4},{"damage":2,"enemies":"4 Shapes","floor":48,"turns":1},{"damage":17,"enemies":"Donu and Deca","floor":50,"turns":7},{"damage":27,"enemies":"Donu and Deca","floor":51,"turns":4},{"damage":25,"enemies":"Donu and Deca","floor":52,"turns":8},{"damage":86,"enemies":"Donu and Deca","floor":56,"turns":6},{"damage":157,"enemies":"paleoftheancients:N","floor":60,"turns":8}],"seed_played":"-1674300726285794834","potions_obtained":[{"floor":1.0,"key":"BlessingOfTheForge"},{"floor":7.0,"key":"Dexterity Potion"},{"floor":10.0,"key":"SkillPotion"},{"floor":16.0,"key":"ColorlessPotion"},{"floor":24,"key":"DistilledChaos"},{"floor":25,"key":"SneckoOil"},{"floor":25,"key":"EntropicBrew"},{"floor":29,"key":"Weak Potion"},{"floor":29,"key":"BlessingOfTheForge"},{"floor":30,"key":"SteroidPotion"},{"floor":31,"key":"SkillPotion"},{"floor":31,"key":"PowerPotion"},{"floor":33,"key":"DistilledChaos"},{"floor":36,"key":"Block Potion"},{"floor":37,"key":"ShroomBrew"},{"floor":39,"key":"Dexterity Potion"},{"floor":42,"key":"LiquidMemories"},{"floor":47,"key":"Energy Potion"},{"floor":51,"key":"DuplicationPotion"},{"floor":51,"key":"SteroidPotion"},{"floor":52,"key":"AttackPotion"},{"floor":56,"key":"BlessingOfTheForge"},{"floor":56,"key":"DistilledChaos"}],"is_trial":false,"path_per_floor":["M","M","$","?","?","R","E","$","T","E","R","M","?","?","R","B",null,"M","$","?","M","M","R","E","M","T","?","M","E","M","M","R","B",null,"M","?","M","$","?","R","E","M","T","$","$","R","M","M","R","B","M","M","?","T","R","M","R","$","?","B",null],"character_chosen":"MARISA","items_purchased":["DeepEcoloBomb","EventHorizon","WitchOfGreed","Strawberry","RefractionSpark","Acceleration","EventHorizon","OortCloud","PulseMagic","UnstableBomb","Singularity","TheAbacus","MilkyWay"],"campfire_rested":0,"item_purchase_floors":[3,3,19,38,38,38,38,44,44,44,45,58,58],"current_hp_per_floor":[68,56,56,56,56,56,36,36,36,28,28,28,28,22,22,11,68,63,63,51,50,58,58,32,44,44,44,62,61,68,70,70,53,73,73,65,71,78,77,77,80,80,80,80,80,80,80,80,80,80,71,72,72,72,80,54,80,80,80,80],"gold":28,"neow_bonus":"ONE_RARE_RELIC","is_prod":false,"is_daily":false,"chose_seed":false,"campfire_upgraded":10,"win_rate":0,"timestamp":1607508424,"path_taken":["M","?","$","?","?","R","E","$","T","E","R","?","?","?","R","BOSS","M","$","?","M","M","R","E","M","T","?","M","E","M","?","R","BOSS","M","?","M","$","?","R","E","M","T","?","$","R","M","M","R","BOSS","M","M","?","T","R","M","R","$","?","BOSS"],"build_version":"2020-11-30","purchased_purges":3,"victory":true,"max_hp_per_floor":[68,68,68,68,68,68,68,68,68,68,68,68,68,68,68,68,68,68,68,73,73,73,73,73,73,73,73,73,73,73,73,73,73,73,73,73,73,80,80,80,80,80,80,80,80,80,80,80,80,80,80,80,80,80,80,80,80,80,80,80],"card_choices":[{"not_picked":["ShootingEcho","IllusionStar"],"picked":"Acceleration","floor":1.0},{"not_picked":["GravityBeat","OrrerysSun"],"picked":"PowerUp","floor":2.0},{"not_picked":["IllusionStar","Robbery"],"picked":"FairyDestructionRay","floor":7.0},{"not_picked":["NonDirectionalLaser","BigCrunch"],"picked":"Acceleration","floor":10.0},{"not_picked":["DC","GalacticHalo","GasGiant"],"picked":"SKIP","floor":12.0},{"not_picked":["MaximisePower","TreasureHunter"],"picked":"MillisecondPulsars","floor":16.0},{"not_picked":["UnstableBomb","NonDirectionalLaser"],"picked":"DoubleSpark","floor":18},{"not_picked":["DC","MysteriousBeam"],"picked":"OortCloud","floor":21},{"not_picked":["IllusionStar","ShootingEcho"],"picked":"MachineGunSpark+1","floor":22},{"not_picked":["WitchOfGreed","MillisecondPulsars"],"picked":"ManaConvection","floor":24},{"not_picked":["Acceleration","DoubleSpark"],"picked":"PowerUp","floor":25},{"not_picked":["IllusionStar+1","DoubleSpark+1"],"picked":"GravityBeat","floor":28},{"not_picked":["Acceleration","ShootingEcho+1"],"picked":"EnergyFlow","floor":29},{"not_picked":["6A","MysteriousBeam"],"picked":"SprinkleStarSeal+1","floor":30},{"not_picked":["IllusionStar","DC+1"],"picked":"SporeBomb","floor":31},{"not_picked":["AbsoluteMagnitude","CasketOfStar"],"picked":"SatelliteIllusion","floor":33},{"not_picked":["GrandCross","ChargingUp+1"],"picked":"PowerUp+1","floor":35},{"not_picked":["GravityBeat","MeteoricShower+1"],"picked":"WitchOfGreed","floor":36},{"not_picked":["LuminesStrike","WitchOfGreed"],"picked":"OortCloud+1","floor":37},{"not_picked":["WitchOfGreed+1","EscapeVelocity"],"picked":"DarkMatter+1","floor":39},{"not_picked":["IllusionStar+1","Robbery"],"picked":"PowerUp+1","floor":41},{"not_picked":["SporeBomb","DragonMeteor"],"picked":"Acceleration+1","floor":42},{"not_picked":["LuminesStrike+1","MysteriousBeam+1"],"picked":"EarthLightRay+1","floor":47},{"not_picked":["NonDirectionalLaser","DC"],"picked":"EnergyRecoil+1","floor":48},{"not_picked":["SprinkleStarSeal","LuminesStrike"],"picked":"GravityBeat","floor":51},{"not_picked":["GravityBeat","SuperPerseids"],"picked":"Singularity","floor":52},{"not_picked":["GravityBeat+1","ManaRampage"],"picked":"ManaConvection","floor":56}],"player_experience":390117,"relics_obtained":[{"floor":7.0,"key":"Dream Catcher"},{"floor":7.0,"key":"Bag of Marbles"},{"floor":9.0,"key":"Bottled Lightning"},{"floor":10.0,"key":"Vajra"},{"floor":16.0,"key":"Bird Faced Urn"},{"floor":24,"key":"Toy Ornithopter"},{"floor":26,"key":"Lantern"},{"floor":29,"key":"Bag of Preparation"},{"floor":36,"key":"CatCart"},{"floor":39,"key":"TungstenRod"},{"floor":41,"key":"Eternal Feather"},{"floor":43,"key":"Pocketwatch"},{"floor":52,"key":"paleoftheancients:SoulOfTheBard"},{"floor":54,"key":"StoneCalendar"},{"floor":56,"key":"paleoftheancients:SoulOfTheShrineMaiden"}],"event_choices":[{"damage_healed":0.0,"max_hp_gain":0.0,"max_hp_loss":0.0,"gold_gain":0.0,"cards_transformed":["Strike_MRS"],"event_name":"Living Wall","player_choice":"Change","floor":4.0,"gold_loss":0.0,"damage_taken":0.0,"cards_obtained":["CasketOfStar"]},{"damage_healed":0.0,"max_hp_gain":0.0,"max_hp_loss":0.0,"gold_gain":0.0,"cards_transformed":["Strike_MRS"],"event_name":"Transmorgrifier","player_choice":"Transformed","floor":5.0,"gold_loss":0.0,"damage_taken":0.0,"cards_obtained":["TreasureHunter"]},{"cards_removed":["Strike_MRS"],"damage_healed":0.0,"max_hp_gain":0.0,"max_hp_loss":0.0,"gold_gain":0.0,"event_name":"The Cleric","player_choice":"Card Removal","floor":13.0,"gold_loss":50.0,"damage_taken":0.0},{"damage_healed":0.0,"max_hp_gain":0.0,"max_hp_loss":0.0,"gold_gain":75.0,"event_name":"FaceTrader","player_choice":"Touch","floor":14.0,"gold_loss":0.0,"damage_taken":6.0},{"damage_healed":0,"gold_gain":0,"player_choice":"Shed Blood","damage_taken":17,"max_hp_gain":5,"max_hp_loss":0,"event_name":"Forgotten Altar","floor":20,"gold_loss":0},{"damage_healed":0,"gold_gain":0,"player_choice":"Obtain J.A.X.","damage_taken":0,"max_hp_gain":0,"max_hp_loss":0,"event_name":"Drug Dealer","floor":27,"gold_loss":0,"cards_obtained":["J.A.X."]},{"damage_healed":0,"gold_gain":0,"player_choice":"Fight","damage_taken":0,"max_hp_gain":0,"max_hp_loss":0,"event_name":"OrinTheCat","floor":36,"gold_loss":0},{"damage_healed":0,"gold_gain":0,"player_choice":"Fight","damage_taken":0,"max_hp_gain":0,"max_hp_loss":0,"event_name":"MindBloom","floor":39,"gold_loss":0},{"cards_removed":["Shame"],"damage_healed":0,"gold_gain":0,"player_choice":"Purged","damage_taken":0,"max_hp_gain":0,"max_hp_loss":0,"event_name":"Purifier","floor":53,"gold_loss":0}],"is_beta":false,"boss_relics":[{"not_picked":["Velvet Choker","Snecko Eye"],"picked":"Cursed Key"},{"not_picked":["Tiny House","Fusion Hammer"],"picked":"Coffee Dripper"}],"items_purged_floors":[19,38,44],"is_endless":false,"potions_floor_spawned":[1,7,10,16,18,25,29,31,33,35,39,42,60],"ascension_level":0}}