{"host":"w01zow3jg16g8jdh","time":1607513354,"event":{"gold_per_floor":[135,169,228,228,259,313,313,313,313],"floor_reached":8,"playtime":128,"items_purged":[],"score":116,"play_id":"299a7b23-531c-4d46-a7d0-c9e75f79c5c6","local_time":"20201209202914","is_ascension_mode":true,"campfire_choices":[{"data":"HandOfGreed","floor":7.0,"key":"SMITH"}],"neow_cost":"PERCENT_DAMAGE","seed_source_timestamp":1412681515393800,"circlet_count":0,"master_deck":["AscendersBane","Strike_R","Strike_R","Strike_R","Strike_R","Defend_R","Defend_R","Defend_R","Defend_R","Bash","HandOfGreed+1","Flame Barrier","Fiend Fire"],"special_seed":0,"relics":["Burning Blood","Gambling Chip"],"potions_floor_usage":[],"damage_taken":[{"damage":23.0,"enemies":"Jaw Worm","floor":1.0,"turns":6.0},{"damage":0.0,"enemies":"Cultist","floor":2.0,"turns":2.0},{"damage":7.0,"enemies":"Small Slimes","floor":3.0,"turns":4.0},{"damage":14.0,"enemies":"Exordium Thugs","floor":5.0,"turns":4.0},{"damage":18.0,"enemies":"Lagavulin","floor":6.0,"turns":4.0},{"damage":25,"enemies":"3 Sentries","floor":8,"turns":4}],"seed_played":"7360263182532420919","potions_obtained":[{"floor":2.0,"key":"SneckoOil"},{"floor":5.0,"key":"FearPotion"}],"is_trial":false,"path_per_floor":["M","M","M","?","M","E","R","E"],"character_chosen":"IRONCLAD","items_purchased":[],"campfire_rested":0,"item_purchase_floors":[],"current_hp_per_floor":[33,39,38,38,30,18,18,0,0],"gold":313,"neow_bonus":"RANDOM_COLORLESS_2","is_prod":false,"is_daily":false,"chose_seed":false,"campfire_upgraded":1,"win_rate":0,"timestamp":1607513354,"path_taken":["M","M","M","?","?","E","R","E"],"build_version":"2020-11-30","purchased_purges":0,"victory":false,"max_hp_per_floor":[75,75,75,75,75,75,75,75,75],"card_choices":[{"not_picked":["Master of Strategy","Metamorphosis"],"picked":"HandOfGreed","floor":0.0},{"not_picked":["Anger","Sword Boomerang"],"picked":"Flame Barrier","floor":1.0},{"not_picked":["Perfected Strike","Entrench","Anger"],"picked":"SKIP","floor":2.0},{"not_picked":["Cleave","Sword Boomerang","Clash"],"picked":"SKIP","floor":3.0},{"not_picked":["True Grit","Entrench","Searing Blow"],"picked":"SKIP","floor":5.0},{"not_picked":["Warcry","Clash"],"picked":"Fiend Fire","floor":6.0}],"player_experience":277709,"relics_obtained":[{"floor":6.0,"key":"Gambling Chip"}],"event_choices":[{"cards_removed":["Strike_R"],"damage_healed":0.0,"max_hp_gain":0.0,"max_hp_loss":0.0,"gold_gain":0.0,"event_name":"Purifier","player_choice":"Purged","floor":4.0,"gold_loss":0.0,"damage_taken":0.0}],"is_beta":false,"boss_relics":[],"items_purged_floors":[],"is_endless":false,"potions_floor_spawned":[2,5],"killed_by":"3 Sentries","ascension_level":20}}