{"host":"n4f6h2mlrt4e12he","time":1607537844,"event":{"gold_per_floor":[109,36,49,49,64,94,110,136,136,148,148,163,163,263,263,366,366,381,391,403,54,69,69,69,69,146,2,101,101,124,143,143,239,239,249,249,249,25,42,74,74,74,74,94,106,26,26,54,54,54,54,54,54,81,81,81],"floor_reached":55,"playtime":6550,"items_purged":["Dualcast","Injury"],"score":821,"play_id":"f944d2b1-4b47-4420-b392-2cf638971ed5","local_time":"20201209131724","is_ascension_mode":true,"campfire_choices":[{"data":"Conserve Battery","floor":11,"key":"SMITH"},{"data":"Scrape","floor":13,"key":"SMITH"},{"floor":15,"key":"REST"},{"data":"Echo Form","floor":23,"key":"SMITH"},{"data":"Hologram","floor":29,"key":"SMITH"},{"floor":32,"key":"REST"},{"floor":41,"key":"RECALL"},{"data":"Glacier","floor":49,"key":"SMITH"},{"data":"Compile Driver","floor":52,"key":"SMITH"}],"neow_cost":"NONE","seed_source_timestamp":2370916313296700,"circlet_count":0,"master_deck":["Strike_B","Defend_B","Defend_B","Defend_B","Defend_B","Zap","Reinforced Body+1","Streamline+1","Steam Power+1","Hologram+1","Conserve Battery+1","Glacier+1","Scrape+1","Compile Driver+1","Echo Form+1","Reprogram+1","Beam Cell","Seek+1","CurseOfTheBell","Leap+1","Coolheaded+1","Hologram+1","Gash","Go for the Eyes","Steam+1","Seek+1","Self Repair+1","Apotheosis+1","Flash of Steel","Madness+1","Gash+1","Barrage+1","Madness+1","Madness+1","Gash+1"],"relics":["Astrolabe","Gremlin Horn","Bottled Flame","Anchor","Toxic Egg 2","Calling Bell","Regal Pillow","Blue Candle","Bird Faced Urn","Lantern","Lee\u0027s Waffle","Enchiridion","Oddly Smooth Stone","Nunchaku","Cursed Key","OrangePellets","The Courier","Pear","DataDisk","Pen Nib"],"potions_floor_usage":[8,8,8,20,33,40,50,55],"damage_taken":[{"damage":0,"enemies":"2 Louse","floor":1,"turns":3},{"damage":0,"enemies":"Cultist","floor":3,"turns":3},{"damage":2,"enemies":"Jaw Worm","floor":5,"turns":2},{"damage":46,"enemies":"Gremlin Nob","floor":6,"turns":6},{"damage":0,"enemies":"Gremlin Gang","floor":7,"turns":4},{"damage":6,"enemies":"3 Sentries","floor":8,"turns":4},{"damage":0,"enemies":"3 Louse","floor":10,"turns":2},{"damage":0,"enemies":"Looter","floor":12,"turns":3},{"damage":25,"enemies":"Slime Boss","floor":16,"turns":7},{"damage":11,"enemies":"Chosen","floor":18,"turns":6},{"damage":5,"enemies":"Shell Parasite","floor":19,"turns":7},{"damage":6,"enemies":"Snecko","floor":20,"turns":8},{"damage":26,"enemies":"Snake Plant","floor":22,"turns":5},{"damage":10,"enemies":"Sentry and Sphere","floor":31,"turns":4},{"damage":7,"enemies":"Automaton","floor":33,"turns":9},{"damage":25,"enemies":"3 Shapes","floor":35,"turns":5},{"damage":9,"enemies":"3 Darklings","floor":39,"turns":4},{"damage":0,"enemies":"Giant Head","floor":40,"turns":7},{"damage":10,"enemies":"Spire Growth","floor":44,"turns":6},{"damage":14,"enemies":"Maw","floor":45,"turns":8},{"damage":10,"enemies":"Nemesis","floor":48,"turns":9},{"damage":6,"enemies":"Donu and Deca","floor":50,"turns":9},{"damage":13,"enemies":"Shield and Spear","floor":54,"turns":9},{"damage":98,"enemies":"The Heart","floor":55,"turns":9}],"seed_played":"-6452048733793091425","potions_obtained":[{"floor":5,"key":"SpeedPotion"},{"floor":6,"key":"AttackPotion"},{"floor":7,"key":"BlessingOfTheForge"},{"floor":16,"key":"EssenceOfDarkness"},{"floor":18,"key":"SpeedPotion"},{"floor":19,"key":"ColorlessPotion"},{"floor":22,"key":"Weak Potion"},{"floor":35,"key":"BlessingOfTheForge"},{"floor":37,"key":"Swift Potion"},{"floor":37,"key":"Swift Potion"}],"is_trial":false,"path_per_floor":["M","?","M","$","M","E","M","E","T","M","R","M","R","?","R","B",null,"M","M","M","$","M","R","?","?","T","$","?","R","T","M","R","B",null,"M","?","?","$","M","E","R","?","T","M","M","$","$","E","R","B",null,"R","$","E","B"],"character_chosen":"DEFECT","items_purchased":["Lantern","Lee\u0027s Waffle","Gash","Oddly Smooth Stone","OrangePellets"],"campfire_rested":2,"item_purchase_floors":[21,21,21,27,38],"current_hp_per_floor":[75,75,75,75,73,27,27,21,21,21,21,21,21,21,43,18,75,64,61,57,82,58,58,42,42,42,42,42,42,42,34,73,70,82,59,49,49,49,68,82,82,72,82,88,88,88,88,92,92,92,92,92,92,92,0,0],"gold":81,"neow_bonus":"BOSS_RELIC","is_prod":false,"is_daily":false,"chose_seed":false,"campfire_upgraded":6,"win_rate":0,"timestamp":1607537844,"path_taken":["M","?","?","?","M","E","M","E","T","M","R","?","R","?","R","BOSS","M","?","M","$","M","R","?","?","T","$","?","R","?","M","R","BOSS","M","?","?","$","?","E","R","?","T","M","M","?","$","E","R","BOSS","R","$","E","BOSS"],"build_version":"2020-11-30","purchased_purges":2,"victory":false,"max_hp_per_floor":[75,75,75,75,75,75,75,75,75,75,75,75,75,75,75,75,75,75,75,75,82,82,82,82,82,82,82,82,82,82,82,82,82,82,82,82,82,82,82,82,82,82,92,92,92,92,92,92,92,92,92,92,92,92,92,92],"card_choices":[{"not_picked":["Redo","Rebound"],"picked":"Hologram","floor":1},{"not_picked":["Stack","Streamline"],"picked":"Conserve Battery","floor":3},{"not_picked":["Sunder","Chaos"],"picked":"Glacier","floor":5},{"not_picked":["Tempest","Stack"],"picked":"Scrape","floor":6},{"not_picked":["Chill","Conserve Battery"],"picked":"Compile Driver","floor":7},{"not_picked":["Redo","Hyperbeam"],"picked":"Echo Form","floor":8},{"not_picked":["Go for the Eyes","Hologram+1"],"picked":"Reprogram+1","floor":10},{"not_picked":["Steam+1","Leap+1"],"picked":"Beam Cell","floor":12},{"not_picked":["Creative AI","Biased Cognition"],"picked":"Seek+1","floor":16},{"not_picked":["Redo+1","Storm"],"picked":"Leap+1","floor":18},{"not_picked":["Redo+1","Lockon+1"],"picked":"Coolheaded+1","floor":19},{"not_picked":["Beam Cell","Coolheaded+1"],"picked":"Hologram+1","floor":20},{"not_picked":["Blizzard","Steam Power+1"],"picked":"Go for the Eyes","floor":22},{"not_picked":["Redo+1","Coolheaded+1"],"picked":"Steam+1","floor":31},{"not_picked":["Creative AI","Thunder Strike"],"picked":"Seek+1","floor":33},{"not_picked":["Recycle+1","Ball Lightning+1"],"picked":"Self Repair+1","floor":35},{"not_picked":["PanicButton+1","Discovery+1"],"picked":"Apotheosis+1","floor":36},{"not_picked":["Chrysalis+1","Dramatic Entrance"],"picked":"Flash of Steel","floor":36},{"not_picked":["Bandage Up+1","Forethought+1"],"picked":"Madness+1","floor":36},{"not_picked":["Auto Shields+1","Sweeping Beam"],"picked":"Gash+1","floor":39},{"not_picked":["Self Repair","Streamline"],"picked":"Barrage+1","floor":40},{"not_picked":["Self Repair+1","Reprogram+1"],"picked":"Gash+1","floor":44},{"not_picked":["Streamline","Stack+1","Rebound"],"picked":"SKIP","floor":45},{"not_picked":["Stack+1","Streamline+1","Leap+1"],"picked":"SKIP","floor":48},{"not_picked":["Blizzard+1","Self Repair+1","Streamline+1"],"picked":"SKIP","floor":54}],"player_experience":1304430,"relics_obtained":[{"floor":6,"key":"Bottled Flame"},{"floor":8,"key":"Anchor"},{"floor":9,"key":"Toxic Egg 2"},{"floor":17,"key":"Regal Pillow"},{"floor":17,"key":"Blue Candle"},{"floor":17,"key":"Bird Faced Urn"},{"floor":24,"key":"Enchiridion"},{"floor":30,"key":"Nunchaku"},{"floor":40,"key":"The Courier"},{"floor":43,"key":"Pear"},{"floor":48,"key":"DataDisk"},{"floor":54,"key":"Pen Nib"}],"event_choices":[{"damage_healed":0,"gold_gain":0,"player_choice":"Paid Gold","damage_taken":0,"relics_obtained":["Gremlin Horn"],"max_hp_gain":0,"max_hp_loss":0,"event_name":"WeMeetAgain","floor":2,"gold_loss":73},{"damage_healed":0,"gold_gain":100,"player_choice":"Pray","damage_taken":0,"max_hp_gain":0,"max_hp_loss":0,"event_name":"Golden Shrine","floor":14,"gold_loss":0},{"damage_healed":0,"gold_gain":0,"player_choice":"Obtained Book","damage_taken":16,"max_hp_gain":0,"max_hp_loss":0,"event_name":"Cursed Tome","floor":24,"gold_loss":0},{"damage_healed":0,"gold_gain":0,"player_choice":"Ignored","damage_taken":0,"max_hp_gain":0,"max_hp_loss":0,"event_name":"Vampires","floor":25,"gold_loss":0},{"damage_healed":0,"gold_gain":99,"player_choice":"Stole From Cult","damage_taken":0,"max_hp_gain":0,"max_hp_loss":0,"event_name":"Nest","floor":28,"gold_loss":0},{"damage_healed":0,"gold_gain":0,"player_choice":"Memory 3","damage_taken":10,"max_hp_gain":0,"max_hp_loss":0,"event_name":"SensoryStone","floor":36,"gold_loss":0},{"damage_healed":0,"gold_gain":0,"player_choice":"Got Potions","damage_taken":0,"max_hp_gain":0,"max_hp_loss":0,"event_name":"Lab","floor":37,"gold_loss":0},{"damage_healed":0,"gold_gain":0,"player_choice":"Embrace Madness","damage_taken":10,"max_hp_gain":0,"max_hp_loss":0,"event_name":"Winding Halls","floor":42,"gold_loss":0,"cards_obtained":["Madness","Madness"]}],"is_beta":false,"boss_relics":[{"not_picked":["Runic Pyramid","Coffee Dripper"],"picked":"Calling Bell"},{"not_picked":["Pandora\u0027s Box","Philosopher\u0027s Stone"],"picked":"Cursed Key"}],"items_purged_floors":[38,46],"is_endless":false,"potions_floor_spawned":[5,6,7,16,18,19,22,31,35],"killed_by":"The Heart","ascension_level":1}}