{"host":"jmj81tjjbuqnwhnf","time":1607551413,"event":{"gold_per_floor":[112,127,1,20,33,62,62,77,77,24,55,71,71,102,102,198,198,198,106,106,58,58,58,58,58,58,58,58,58,58,58,58,58,58,58,0,0,0,0,0,0,0,0,0,0,0,0,0,0,0],"floor_reached":51,"playtime":3411,"items_purged":["Strike_B"],"score":915,"play_id":"aa92a2c6-2b7e-45a7-95f0-25496b644b0e","local_time":"20201209230333","is_ascension_mode":false,"campfire_choices":[{"data":"Zap","floor":7,"key":"SMITH"},{"floor":13,"key":"REST"},{"floor":15,"key":"REST"},{"floor":24,"key":"REST"},{"data":"Blizzard","floor":28,"key":"SMITH"},{"data":"Redo","floor":32,"key":"SMITH"},{"data":"Defragment","floor":41,"key":"SMITH"},{"floor":49,"key":"REST"}],"neow_cost":"NONE","seed_source_timestamp":289023132720600,"circlet_count":0,"master_deck":["Strike_B","Strike_B","Defend_B","Defend_B","Defend_B","Zap+1","Dualcast","Rebound","Cold Snap","Leap","Cold Snap","Sweeping Beam","FTL","Blizzard+1","Cold Snap","Sweeping Beam","Chill","Defragment+1","Machine Learning","Coolheaded","Aggregate","Loop","Cold Snap","Redo+1","Stack","Cold Snap+1","Rebound+1","Capacitor+1","Stack","Creative AI","Glacier+1","Leap+1","Conserve Battery","Sweeping Beam+1","Machine Learning","Cold Snap+1"],"relics":["Cracked Core","Strawberry","Gremlin Horn","Juzu Bracelet","Mummified Hand","Ectoplasm","Vajra","MutagenicStrength","MawBank","Molten Egg 2","Lantern","Velvet Choker","Red Mask","Bird Faced Urn","Boot","Old Coin","Pen Nib"],"potions_floor_usage":[6,16,33,44,44,50],"damage_taken":[{"damage":0,"enemies":"Cultist","floor":1,"turns":3},{"damage":5,"enemies":"Small Slimes","floor":2,"turns":3},{"damage":2,"enemies":"2 Louse","floor":4,"turns":2},{"damage":8,"enemies":"Large Slime","floor":5,"turns":5},{"damage":5,"enemies":"Lagavulin","floor":6,"turns":8},{"damage":3,"enemies":"3 Louse","floor":8,"turns":2},{"damage":17,"enemies":"3 Sentries","floor":11,"turns":6},{"damage":4,"enemies":"Gremlin Gang","floor":12,"turns":3},{"damage":11,"enemies":"Lagavulin","floor":14,"turns":6},{"damage":21,"enemies":"Hexaghost","floor":16,"turns":10},{"damage":5,"enemies":"Shell Parasite","floor":18,"turns":6},{"damage":4,"enemies":"Spheric Guardian","floor":20,"turns":4},{"damage":2,"enemies":"3 Cultists","floor":22,"turns":5},{"damage":36,"enemies":"Slavers","floor":23,"turns":5},{"damage":2,"enemies":"Gremlin Leader","floor":27,"turns":7},{"damage":6,"enemies":"Centurion and Healer","floor":29,"turns":7},{"damage":16,"enemies":"Book of Stabbing","floor":30,"turns":5},{"damage":2,"enemies":"Shelled Parasite and Fungi","floor":31,"turns":5},{"damage":34,"enemies":"Collector","floor":33,"turns":10},{"damage":16,"enemies":"Orb Walker","floor":35,"turns":3},{"damage":38,"enemies":"Nemesis","floor":40,"turns":9},{"damage":7,"enemies":"3 Shapes","floor":42,"turns":7},{"damage":0,"enemies":"Giant Head","floor":44,"turns":13},{"damage":10,"enemies":"Jaw Worm Horde","floor":45,"turns":4},{"damage":0,"enemies":"Reptomancer","floor":46,"turns":9},{"damage":59,"enemies":"Transient","floor":47,"turns":5},{"damage":18,"enemies":"Time Eater","floor":50,"turns":18}],"seed_played":"4676373388921369282","potions_obtained":[{"floor":2,"key":"Block Potion"},{"floor":8,"key":"FairyPotion"},{"floor":12,"key":"BlessingOfTheForge"},{"floor":14,"key":"DistilledChaos"},{"floor":16,"key":"BlessingOfTheForge"},{"floor":33,"key":"FearPotion"},{"floor":40,"key":"FocusPotion"},{"floor":47,"key":"Dexterity Potion"}],"is_trial":false,"path_per_floor":["M","M","$","M","M","E","R","M","T","$","E","M","R","E","R","B",null,"M","$","M","$","M","E","R","?","T","E","R","M","E","M","R","B",null,"M","?","?","$","?","E","R","M","T","E","M","E","M","?","R","B",null],"character_chosen":"DEFECT","items_purchased":["Leap","Cold Snap","Coolheaded","Aggregate","Cold Snap"],"campfire_rested":4,"item_purchase_floors":[3,10,19,19,21],"current_hp_per_floor":[75,70,70,68,60,62,62,59,59,59,42,38,62,51,75,54,82,77,77,73,73,71,35,59,59,59,57,57,51,35,33,33,24,82,66,66,66,66,66,28,28,39,39,65,59,67,14,14,38,64],"gold":0,"neow_bonus":"REMOVE_CARD","is_prod":false,"is_daily":false,"chose_seed":false,"campfire_upgraded":4,"win_rate":0.0,"timestamp":1607551413,"path_taken":["M","M","$","M","M","E","R","M","T","$","E","M","R","E","R","BOSS","M","?","M","$","M","E","R","?","T","E","R","M","E","M","R","BOSS","M","?","?","$","?","E","R","M","T","E","M","E","M","?","R","BOSS"],"build_version":"2020-11-30","purchased_purges":1,"victory":true,"max_hp_per_floor":[75,75,75,75,75,82,82,82,82,82,82,82,82,82,82,82,82,82,82,82,82,82,82,82,82,82,82,82,82,82,82,82,82,82,82,82,82,82,82,82,82,82,82,82,82,82,82,82,82,82],"relic_stats":{"Gremlin Horn":[29,29],"counters":[27,170],"Mummified Hand":[94],"Bird Faced Urn":[106],"Ectoplasm":1069,"Pen Nib":[4],"Juzu Bracelet":1,"MawBank":0,"Boot":[9],"obtain_stats":[{"Lantern":30,"Gremlin Horn":9,"Vajra":23,"Velvet Choker":34,"Pen Nib":46,"Juzu Bracelet":11,"MawBank":26,"Boot":43,"Old Coin":44,"Mummified Hand":14,"Strawberry":6,"MutagenicStrength":25,"Bird Faced Urn":40,"Molten Egg 2":27,"Ectoplasm":17,"Red Mask":36,"Cracked Core":0},{"Lantern":17,"Gremlin Horn":6,"Vajra":14,"Velvet Choker":19,"Pen Nib":25,"Juzu Bracelet":7,"MawBank":14,"Boot":22,"Old Coin":23,"Mummified Hand":9,"Strawberry":5,"MutagenicStrength":14,"Bird Faced Urn":21,"Molten Egg 2":15,"Ectoplasm":10,"Red Mask":20,"Cracked Core":0},{"Lantern":87,"Gremlin Horn":23,"Vajra":68,"Velvet Choker":102,"Pen Nib":147,"Juzu Bracelet":29,"MawBank":68,"Boot":121,"Old Coin":134,"Mummified Hand":38,"Strawberry":21,"MutagenicStrength":68,"Bird Faced Urn":114,"Molten Egg 2":75,"Ectoplasm":48,"Red Mask":105,"Cracked Core":0}]},"card_choices":[{"not_picked":["Gash","Auto Shields"],"picked":"Rebound","floor":1},{"not_picked":["Steam","Rebound"],"picked":"Cold Snap","floor":2},{"not_picked":["Barrage","Gash"],"picked":"Cold Snap","floor":4},{"not_picked":["Auto Shields","Double Energy"],"picked":"Sweeping Beam","floor":5},{"not_picked":["Turbo","Loop"],"picked":"FTL","floor":6},{"not_picked":["Loop","Hologram"],"picked":"Blizzard","floor":8},{"not_picked":["Amplify","Tempest"],"picked":"Sweeping Beam","floor":11},{"not_picked":["Go for the Eyes","Consume"],"picked":"Chill","floor":12},{"not_picked":["Hello World","Scrape"],"picked":"Defragment","floor":14},{"not_picked":["Amplify","Reboot"],"picked":"Machine Learning","floor":16},{"not_picked":["Reinforced Body","Compile Driver","Go for the Eyes"],"picked":"SKIP","floor":18},{"not_picked":["Aggregate","Scrape+1"],"picked":"Loop","floor":20},{"not_picked":["Rebound","Fusion"],"picked":"Redo","floor":22},{"not_picked":["Scrape","Aggregate"],"picked":"Stack","floor":23},{"not_picked":["Reboot","Lockon+1"],"picked":"Cold Snap+1","floor":27},{"not_picked":["Streamline+1","Compile Driver+1"],"picked":"Rebound+1","floor":29},{"not_picked":["Skim","Tempest"],"picked":"Capacitor+1","floor":30},{"not_picked":["Hologram","Gash+1"],"picked":"Stack","floor":31},{"not_picked":["Seek","Meteor Strike+1"],"picked":"Creative AI","floor":33},{"not_picked":["Ball Lightning+1","Darkness"],"picked":"Glacier+1","floor":35},{"not_picked":["Barrage+1","Turbo"],"picked":"Leap+1","floor":40},{"not_picked":["Skim","Double Energy+1"],"picked":"Conserve Battery","floor":42},{"not_picked":["Chaos","White Noise"],"picked":"Sweeping Beam+1","floor":44},{"not_picked":["Go for the Eyes+1","Steam","Hologram"],"picked":"SKIP","floor":45},{"not_picked":["Darkness","Leap"],"picked":"Machine Learning","floor":46},{"not_picked":["Tempest+1","Static Discharge+1"],"picked":"Cold Snap+1","floor":47}],"player_experience":45132,"relics_obtained":[{"floor":6,"key":"Strawberry"},{"floor":9,"key":"Gremlin Horn"},{"floor":11,"key":"Juzu Bracelet"},{"floor":14,"key":"Mummified Hand"},{"floor":23,"key":"Vajra"},{"floor":26,"key":"MawBank"},{"floor":27,"key":"Molten Egg 2"},{"floor":30,"key":"Lantern"},{"floor":40,"key":"Bird Faced Urn"},{"floor":43,"key":"Boot"},{"floor":44,"key":"Old Coin"},{"floor":46,"key":"Pen Nib"}],"event_choices":[{"damage_healed":0,"gold_gain":0,"player_choice":"Inject Mutagens","damage_taken":0,"relics_obtained":["MutagenicStrength"],"max_hp_gain":0,"max_hp_loss":0,"event_name":"Drug Dealer","floor":25,"gold_loss":0},{"damage_healed":0,"gold_gain":0,"player_choice":"Paid","damage_taken":0,"relics_obtained":["Red Mask"],"max_hp_gain":0,"max_hp_loss":0,"event_name":"Tomb of Lord Red Mask","floor":36,"gold_loss":58},{"cards_removed":["Defend_B"],"damage_healed":0,"gold_gain":0,"player_choice":"Removed Skill","damage_taken":0,"max_hp_gain":0,"max_hp_loss":0,"event_name":"Falling","floor":37,"gold_loss":0},{"damage_healed":0,"gold_gain":0,"player_choice":"Ignored","damage_taken":0,"max_hp_gain":0,"max_hp_loss":0,"event_name":"NoteForYourself","floor":39,"gold_loss":0},{"damage_healed":0,"gold_gain":0,"player_choice":"Ignored","damage_taken":0,"max_hp_gain":0,"max_hp_loss":0,"event_name":"Golden Shrine","floor":48,"gold_loss":0}],"is_beta":false,"boss_relics":[{"not_picked":["SlaversCollar","Tiny House"],"picked":"Ectoplasm"},{"not_picked":["Runic Dome","Runic Pyramid"],"picked":"Velvet Choker"}],"items_purged_floors":[3],"is_endless":false,"potions_floor_spawned":[2,8,12,14,16,27,29,31,33,40,42,47],"ascension_level":0}}