{"host":"k7ydf81uzdnp7fmx","time":1607543094,"event":{"gold_per_floor":[116,46,63,81,81,81,115,126,126,143,222,222,35,45,45,147,147,161,175,175,275,287,313,313,328,396,412,441,461,561,561,561,657,757,768,514,526,543,558,558,586,586,586,620,639,639,657,675,675,675],"floor_reached":51,"playtime":3887,"items_purged":["Slimebound:Tackle+1"],"score":1253,"play_id":"00a71548-83a4-4de4-8f5b-9f6339046a4f","local_time":"20201209164454","is_ascension_mode":false,"campfire_choices":[{"data":"Wireheading","floor":6,"key":"SMITH"},{"data":"Study","floor":12,"key":"SMITH"},{"data":"Fasting2","floor":15,"key":"SMITH"},{"floor":24,"key":"REST"},{"floor":32,"key":"DIG"},{"data":"Wish","floor":46,"key":"SMITH"}],"neow_cost":"NONE","seed_source_timestamp":27471858181100,"circlet_count":0,"master_deck":["Defend_P+1","Defend_P+1","Defend_P+1","Eruption","Vigilance","DeceiveReality","FollowUp","CarveReality+1","Wireheading+1","Study+1","Fasting2+1","Slimebound:Tackle+1","ConjureBlade","Wish+1","CommonCold","Replay:AtTheReady","Feed"],"relics":["PureWater","Centennial Puzzle","Gremlin Food","Replay:Ringing Soul","Membership Card","Empty Cage","Replay:Bottled Eggs","Matryoshka","Letter Opener","Chameleon Ring","Replay:Multitool","WingedGreaves","Replay:Grab Bag","Cursed Key","Replay:Wanted Poster","Black Star","Runic Pyramid","BargainBundle","Calipers","Strawberry","Boot","The Courier","Akabeko","Shuriken","Replay:Baseball"],"potions_floor_usage":[],"damage_taken":[{"damage":0,"enemies":"Cultist","floor":1,"turns":2},{"damage":0,"enemies":"Small Slimes","floor":3,"turns":2},{"damage":0,"enemies":"Jaw Worm","floor":4,"turns":4},{"damage":0,"enemies":"3 Sentries","floor":7,"turns":4},{"damage":0,"enemies":"Exordium Thugs","floor":8,"turns":2},{"damage":0,"enemies":"3 Louse","floor":10,"turns":5},{"damage":0,"enemies":"Lots of Slimes","floor":14,"turns":6},{"damage":0,"enemies":"Hexaghost","floor":16,"turns":5},{"damage":0,"enemies":"Chosen","floor":18,"turns":2},{"damage":20,"enemies":"Spheric Guardian","floor":19,"turns":4},{"damage":6,"enemies":"Centurion and Healer","floor":22,"turns":5},{"damage":5,"enemies":"Book of Stabbing","floor":23,"turns":5},{"damage":0,"enemies":"Snecko","floor":25,"turns":2},{"damage":0,"enemies":"Snake Plant","floor":27,"turns":4},{"damage":11,"enemies":"Slavers","floor":28,"turns":4},{"damage":3,"enemies":"Sentry and Sphere","floor":29,"turns":3},{"damage":0,"enemies":"Colosseum Slavers","floor":30,"turns":3},{"damage":0,"enemies":"Colosseum Nobs","floor":30,"turns":3},{"damage":0,"enemies":"Automaton","floor":33,"turns":6},{"damage":0,"enemies":"Orb Walker","floor":35,"turns":2},{"damage":0,"enemies":"3 Darklings","floor":37,"turns":4},{"damage":5,"enemies":"Sphere and 2 Shapes","floor":38,"turns":3},{"damage":0,"enemies":"Jaw Worm Horde","floor":39,"turns":4},{"damage":0,"enemies":"Reptomancer","floor":41,"turns":3},{"damage":0,"enemies":"Giant Head","floor":44,"turns":3},{"damage":0,"enemies":"4 Shapes","floor":45,"turns":1},{"damage":0,"enemies":"3 Darklings","floor":47,"turns":2},{"damage":0,"enemies":"Maw","floor":48,"turns":3},{"damage":0,"enemies":"Donu and Deca","floor":50,"turns":7}],"seed_played":"7744560829980718077","potions_obtained":[{"floor":7,"key":"Swift Potion"},{"floor":8,"key":"CultistPotion"},{"floor":10,"key":"EntropicBrew"}],"is_trial":false,"path_per_floor":["M","$","M","M","?","R","E","M","T","M","T","R","$","M","R","B",null,"M","M","?","?","M","E","R","M","T","M","E","M","?","?","R","B",null,"M","$","M","M","M","R","E","?","T","E","M","R","M","M","R","B",null],"character_chosen":"WATCHER","items_purchased":["CarveReality","Membership Card","Fasting2","BargainBundle","Calipers"],"campfire_rested":1,"item_purchase_floors":[2,13,13,36,36],"current_hp_per_floor":[72,72,72,72,72,72,72,72,72,72,72,72,75,75,75,75,75,75,55,58,58,52,47,70,70,70,70,62,59,59,81,81,84,84,84,84,84,79,79,79,86,86,89,89,89,89,89,89,92,99],"gold":675,"neow_bonus":"THREE_CARDS","is_prod":false,"is_daily":false,"chose_seed":false,"campfire_upgraded":4,"win_rate":0,"timestamp":1607543094,"path_taken":["M","?","M","?","?","R","E","M","T","M","?","R","$","M","R","BOSS","M","M","?","?","M","E","R","M","T","M","E","?","?","?","R","BOSS","M","$","M","M","M","R","E","?","T","E","M","R","?","M","R","BOSS"],"build_version":"2020-11-30","purchased_purges":1,"victory":true,"max_hp_per_floor":[72,72,72,72,72,72,72,72,72,72,72,72,75,75,75,75,75,75,75,78,78,78,78,78,78,78,78,81,81,81,81,81,84,84,84,84,84,84,84,84,91,91,94,94,94,94,94,94,97,104],"relic_stats":{"Centennial Puzzle":[18],"counters":[29,103],"Shuriken":[7],"Black Star":2,"Letter Opener":[166],"Cursed Key":1,"Boot":[8],"obtain_stats":[{"Calipers":36,"Replay:Multitool":30,"Empty Cage":17,"Cursed Key":34,"Boot":41,"Replay:Wanted Poster":34,"Replay:Ringing Soul":11,"Centennial Puzzle":7,"Matryoshka":26,"Chameleon Ring":30,"Strawberry":41,"WingedGreaves":32,"Replay:Bottled Eggs":23,"Runic Pyramid":34,"Gremlin Food":9,"BargainBundle":36,"Replay:Grab Bag":34,"The Courier":43,"Letter Opener":28,"Akabeko":43,"Replay:Baseball":44,"Shuriken":44,"Black Star":34,"Membership Card":13,"PureWater":0},{"Calipers":20,"Replay:Multitool":18,"Empty Cage":8,"Cursed Key":19,"Boot":24,"Replay:Wanted Poster":19,"Replay:Ringing Soul":6,"Centennial Puzzle":4,"Matryoshka":13,"Chameleon Ring":18,"Strawberry":24,"WingedGreaves":18,"Replay:Bottled Eggs":12,"Runic Pyramid":19,"Gremlin Food":5,"BargainBundle":20,"Replay:Grab Bag":19,"The Courier":24,"Letter Opener":15,"Akabeko":24,"Replay:Baseball":25,"Shuriken":25,"Black Star":19,"Membership Card":6,"PureWater":0},{"Calipers":73,"Replay:Multitool":65,"Empty Cage":30,"Cursed Key":71,"Boot":87,"Replay:Wanted Poster":71,"Replay:Ringing Soul":19,"Centennial Puzzle":12,"Matryoshka":48,"Chameleon Ring":65,"Strawberry":87,"WingedGreaves":65,"Replay:Bottled Eggs":46,"Runic Pyramid":71,"Gremlin Food":14,"BargainBundle":73,"Replay:Grab Bag":71,"The Courier":87,"Letter Opener":56,"Akabeko":87,"Replay:Baseball":90,"Shuriken":90,"Black Star":71,"Membership Card":19,"PureWater":0}]},"card_choices":[{"not_picked":["ThirdEye","Protect"],"picked":"DeceiveReality","floor":0},{"not_picked":["ThirdEye","ClearTheMind"],"picked":"FollowUp","floor":1},{"not_picked":["ReachHeaven","Evaluate"],"picked":"Wireheading","floor":3},{"not_picked":["Pray","Halt","CrushJoints"],"picked":"SKIP","floor":4},{"not_picked":["Wireheading","WindmillStrike"],"picked":"Study","floor":7},{"not_picked":["Adaptation","FearNoEvil","EmptyBody"],"picked":"SKIP","floor":8},{"not_picked":["CrushJoints","EmptyFist","Replay:DivineShield"],"picked":"SKIP","floor":10},{"not_picked":["WheelKick","FlurryOfBlows","JustLucky"],"picked":"SKIP","floor":14},{"not_picked":["Replay:ManipulateFuture","Vengeance","Swivel"],"picked":"SKIP","floor":18},{"not_picked":["Prostrate+1","Consecrate","ClearTheMind"],"picked":"SKIP","floor":19},{"not_picked":["BowlingBash","Vengeance","Pray+1"],"picked":"SKIP","floor":22},{"not_picked":["Wireheading","Crescendo+1","Worship+1"],"picked":"SKIP","floor":23},{"not_picked":["ClearTheMind+1","CutThroughFate","Collect"],"picked":"SKIP","floor":25},{"not_picked":["CutThroughFate","FlurryOfBlows+1","ThirdEye"],"picked":"SKIP","floor":27},{"not_picked":["Replay:BluntJabs","TalkToTheHand"],"picked":"ConjureBlade","floor":28},{"not_picked":["Evaluate","WaveOfTheHand+1","ThirdEye"],"picked":"SKIP","floor":29},{"not_picked":["DevaForm","ConjureBlade"],"picked":"Wish","floor":33},{"not_picked":["CutThroughFate","SignatureMove+1","EmptyFist+1"],"picked":"SKIP","floor":35},{"not_picked":["FollowUp+1","Crescendo+1","CutThroughFate+1"],"picked":"SKIP","floor":37},{"not_picked":["Evaluate","ForeignInfluence","SashWhip"],"picked":"SKIP","floor":38},{"not_picked":["Replay:ManipulateFuture","WheelKick+1","Replay:Hum"],"picked":"SKIP","floor":39},{"not_picked":["Judgement","BowlingBash","ConjureBlade"],"picked":"SKIP","floor":41},{"not_picked":["DeceiveReality","CutThroughFate","ClearTheMind+1"],"picked":"SKIP","floor":44},{"not_picked":["EmptyFist+1","Evaluate","Replay:Hum+1"],"picked":"SKIP","floor":45},{"not_picked":["Consecrate","BowlingBash","Crescendo+1"],"picked":"SKIP","floor":47},{"not_picked":["ClearTheMind","Study+1","Swivel"],"picked":"SKIP","floor":48}],"player_experience":123075,"relics_obtained":[{"floor":7,"key":"Centennial Puzzle"},{"floor":9,"key":"Gremlin Food"},{"floor":11,"key":"Replay:Ringing Soul"},{"floor":23,"key":"Replay:Bottled Eggs"},{"floor":26,"key":"Matryoshka"},{"floor":28,"key":"Letter Opener"},{"floor":30,"key":"Chameleon Ring"},{"floor":30,"key":"Replay:Multitool"},{"floor":32,"key":"WingedGreaves"},{"floor":41,"key":"Strawberry"},{"floor":41,"key":"Boot"},{"floor":43,"key":"The Courier"},{"floor":43,"key":"Akabeko"},{"floor":44,"key":"Shuriken"},{"floor":44,"key":"Replay:Baseball"}],"event_choices":[{"damage_healed":0,"gold_gain":0,"player_choice":"Ignored","damage_taken":81,"max_hp_gain":0,"max_hp_loss":0,"event_name":"betterThird:BetterSerpent","floor":5,"gold_loss":0},{"damage_healed":0,"gold_gain":100,"player_choice":"Pray","damage_taken":0,"max_hp_gain":0,"max_hp_loss":0,"event_name":"Golden Shrine","floor":21,"gold_loss":0},{"damage_healed":0,"gold_gain":0,"player_choice":"Fight","damage_taken":0,"max_hp_gain":0,"max_hp_loss":0,"event_name":"Colosseum","floor":30,"gold_loss":0},{"damage_healed":0,"gold_gain":0,"player_choice":"Fought Nobs","damage_taken":0,"max_hp_gain":0,"max_hp_loss":0,"event_name":"Colosseum","floor":30,"gold_loss":0},{"damage_healed":27,"gold_gain":0,"player_choice":"Heal","damage_taken":0,"max_hp_gain":0,"max_hp_loss":0,"event_name":"The Library","floor":31,"gold_loss":0},{"damage_healed":0,"gold_gain":0,"player_choice":"Bought 0 Potions","damage_taken":0,"max_hp_gain":0,"max_hp_loss":0,"event_name":"The Woman in Blue","floor":42,"gold_loss":0}],"is_beta":false,"boss_relics":[{"not_picked":["SlaversCollar","Busted Crown"],"picked":"Empty Cage"},{"not_picked":["ReplayTheSpireMod:DimensionalGlitch","Pandora\u0027s Box"],"picked":"Replay:Grab Bag"},{"not_picked":["Velvet Choker","Painkiller Herb"],"picked":"Cursed Key"},{"not_picked":["Sozu","ChewingGum"],"picked":"Replay:Wanted Poster"},{"not_picked":["VioletLotus","SacredBark"],"picked":"Black Star"},{"not_picked":["Astrolabe","Ring of Chaos"],"picked":"Runic Pyramid"}],"items_purged_floors":[36],"is_endless":false,"potions_floor_spawned":[7,8,10,14,16,22,28,29,30,30,33,38,39,45,48],"ascension_level":0}}