{"host":"xrdu44lqyrrw1kvr","time":1607554486,"event":{"gold_per_floor":[111,111,111,111,60,93,104,104,152,185,196,196,196,121,121,222,222,237,247,260,260,7,42,67,67,67,67,93,120,160,160,160,263,263,276,288,305,317,335,369,369,369,369,385,385,385,385,395,395,395,395,395,5,33,33],"floor_reached":56,"playtime":4927,"items_purged":["potionbrewer:PotionbrewerStrike","potionbrewer:PotionbrewerStrike"],"score":1486,"play_id":"58f1f69a-4b55-48df-9a67-3e48f5855184","local_time":"20201210015446","is_ascension_mode":false,"campfire_choices":[{"data":"potionbrewer:Toxicity","floor":8,"key":"SMITH"},{"data":"potionbrewer:PortableLab","floor":13,"key":"SMITH"},{"floor":25,"key":"REST"},{"floor":32,"key":"REST"},{"floor":41,"key":"RECALL"},{"floor":46,"key":"REST"},{"data":"potionbrewer:Refill","floor":49,"key":"SMITH"},{"data":"potionbrewer:ChemicalSpill","floor":52,"key":"SMITH"}],"neow_cost":"NONE","seed_source_timestamp":2008471509203700,"circlet_count":0,"master_deck":["potionbrewer:PotionbrewerStrike","potionbrewer:PotionbrewerStrike","potionbrewer:PotionbrewerDefend","potionbrewer:PotionbrewerDefend","potionbrewer:PotionbrewerDefend","potionbrewer:PotionbrewerDefend","potionbrewer:Collect","potionbrewer:ChemicalSpill+1","potionbrewer:ChokingPowder+1","potionbrewer:Biohazard+1","potionbrewer:Toxicity+1","potionbrewer:PortableLab+1","potionbrewer:IronFlesh+1","potionbrewer:Prototype","potionbrewer:Refill+1","potionbrewer:ChainReaction","potionbrewer:ChemicalRage+1","potionbrewer:Prototype","potionbrewer:ChemicalRage+1","potionbrewer:Prototype","potionbrewer:Prototype","potionbrewer:Prototype","potionbrewer:PrivateReserves+1","potionbrewer:Prototype","potionbrewer:Prototype","potionbrewer:Shovel","ReplayTheSpireMod:Necrogeddon","potionbrewer:Prototype","potionbrewer:Prototype"],"relics":["potionbrewer:PotionKit","NeowsBlessing","WingedGreaves","Vajra","Onion Ring","relicPack:OneForAll","jedi:paperlyon","aspiration:RitualStick","jedi:crownofsimplicity","jedi:HeartOfTheCards","Quantum Egg","aspiration:StickyExplosives_weak","Turnip","conspire:DeflatedDodgeball","potionbrewer:ElricsMonocle","SlaversCollar","aspiration:Lifesprig","Gremlin Food","Lizard Tail","Bottled Flame"],"potions_floor_usage":[10,10,11,16,16,16,16,16,18,19,19,20,20,20,23,23,24,24,28,29,29,30,30,36,38,39,40,40,44,48,50,50,50,54,54,55,55,55,55,55,55,55,55,55,55,55],"damage_taken":[{"damage":0,"enemies":"Cultist","floor":1,"turns":4},{"damage":8,"enemies":"Lagavulin","floor":6,"turns":5},{"damage":0,"enemies":"conspire:RoseBush","floor":7,"turns":1},{"damage":13,"enemies":"Gremlin Nob","floor":10,"turns":4},{"damage":2,"enemies":"Small Slimes","floor":11,"turns":4},{"damage":0,"enemies":"The Guardian","floor":16,"turns":9},{"damage":2,"enemies":"conspire:FuzzyDice","floor":18,"turns":11},{"damage":0,"enemies":"3 Byrds","floor":19,"turns":6},{"damage":18,"enemies":"Cultist and Chosen","floor":20,"turns":6},{"damage":5,"enemies":"conspire:SneckoGhost","floor":23,"turns":7},{"damage":11,"enemies":"Slavers","floor":24,"turns":7},{"damage":12,"enemies":"conspire:Head Lice","floor":28,"turns":7},{"damage":0,"enemies":"Gremlin Leader","floor":29,"turns":6},{"damage":16,"enemies":"conspire:MimicChest","floor":30,"turns":6},{"damage":0,"enemies":"Champ","floor":33,"turns":8},{"damage":1,"enemies":"3 Shapes","floor":35,"turns":5},{"damage":6,"enemies":"Orb Walker","floor":36,"turns":4},{"damage":19,"enemies":"3 Darklings","floor":37,"turns":5},{"damage":0,"enemies":"Jaw Worm Horde","floor":38,"turns":4},{"damage":0,"enemies":"Transient","floor":39,"turns":5},{"damage":5,"enemies":"Nemesis","floor":40,"turns":5},{"damage":0,"enemies":"Maw","floor":44,"turns":7},{"damage":0,"enemies":"4 Shapes","floor":48,"turns":8},{"damage":0,"enemies":"Awakened One","floor":50,"turns":7},{"damage":0,"enemies":"Shield and Spear","floor":54,"turns":6},{"damage":102,"enemies":"The Heart","floor":55,"turns":5}],"seed_played":"6124733132527282259","potions_obtained":[{"floor":11,"key":"jedi:StrikingPotion"},{"floor":16,"key":"Adrenaline Potion"},{"floor":20,"key":"Adrenaline Potion"},{"floor":24,"key":"SteroidPotion"},{"floor":28,"key":"FearPotion"},{"floor":30,"key":"Adrenaline Potion"},{"floor":35,"key":"Explosive Potion"},{"floor":37,"key":"Toxic Potion"},{"floor":38,"key":"Doom Potion"},{"floor":44,"key":"Regen Potion"},{"floor":48,"key":"jedi:StrikingPotion"}],"is_trial":false,"path_per_floor":["M","?","?","?","$","E","M","R","T","E","M","?","R","$","R","B",null,"M","M","M","?","$","E","E","R","T","R","E","E","?","?","R","B",null,"M","M","M","M","M","E","R","?","T","M","?","R","?","M","R","B",null,"R","$","E","B",null],"character_chosen":"POTIONBREWER","items_purchased":["potionbrewer:Biohazard","jedi:crownofsimplicity","potionbrewer:CausticBarrier","Adrenaline Potion","Lizard Tail"],"campfire_rested":3,"item_purchase_floors":[5,22,22,22,53],"current_hp_per_floor":[75,75,75,75,75,67,67,67,67,54,52,52,52,52,74,74,75,73,73,55,40,40,35,24,46,46,46,34,34,18,18,40,40,75,74,68,49,49,49,44,44,44,44,44,44,66,66,75,75,75,75,75,75,75,37],"gold":33,"neow_bonus":"THREE_ENEMY_KILL","is_prod":false,"is_daily":false,"chose_seed":false,"campfire_upgraded":4,"win_rate":0.0,"timestamp":1607554486,"path_taken":["M","?","?","?","$","E","M","R","T","E","?","?","R","?","R","BOSS","M","M","M","?","$","E","E","R","T","R","E","E","?","?","R","BOSS","M","M","M","M","M","E","R","?","T","?","?","R","?","M","R","BOSS","R","$","E","BOSS"],"build_version":"2020-11-30","purchased_purges":2,"victory":true,"max_hp_per_floor":[75,75,75,75,75,75,75,75,75,75,75,75,75,75,75,75,75,75,75,75,75,75,75,75,75,75,75,75,75,75,75,75,75,75,75,75,75,75,75,75,75,75,75,75,75,75,75,75,75,75,75,75,75,75,75],"relic_stats":{"Lizard Tail":37,"counters":[26,152],"Turnip":[5],"obtain_stats":[{"Gremlin Food":43,"aspiration:Lifesprig":40,"NeowsBlessing":0,"Quantum Egg":24,"Vajra":9,"jedi:crownofsimplicity":22,"jedi:HeartOfTheCards":23,"aspiration:RitualStick":21,"potionbrewer:PotionKit":0,"aspiration:StickyExplosives_weak":28,"relicPack:OneForAll":12,"SlaversCollar":34,"Lizard Tail":53,"Bottled Flame":54,"jedi:paperlyon":17,"potionbrewer:ElricsMonocle":31,"Onion Ring":10,"WingedGreaves":6,"Turnip":29,"conspire:DeflatedDodgeball":30},{"Gremlin Food":21,"aspiration:Lifesprig":21,"NeowsBlessing":0,"Quantum Egg":11,"Vajra":3,"jedi:crownofsimplicity":9,"jedi:HeartOfTheCards":10,"aspiration:RitualStick":9,"potionbrewer:PotionKit":0,"aspiration:StickyExplosives_weak":12,"relicPack:OneForAll":5,"SlaversCollar":15,"Lizard Tail":24,"Bottled Flame":25,"jedi:paperlyon":6,"potionbrewer:ElricsMonocle":14,"Onion Ring":4,"WingedGreaves":2,"Turnip":13,"conspire:DeflatedDodgeball":14},{"Gremlin Food":119,"aspiration:Lifesprig":119,"NeowsBlessing":0,"Quantum Egg":64,"Vajra":10,"jedi:crownofsimplicity":50,"jedi:HeartOfTheCards":57,"aspiration:RitualStick":50,"potionbrewer:PotionKit":0,"aspiration:StickyExplosives_weak":71,"relicPack:OneForAll":18,"SlaversCollar":91,"Lizard Tail":141,"Bottled Flame":147,"jedi:paperlyon":27,"potionbrewer:ElricsMonocle":83,"Onion Ring":14,"WingedGreaves":9,"Turnip":77,"conspire:DeflatedDodgeball":83}],"aspiration:RitualStick":[0]},"card_choices":[{"not_picked":["potionbrewer:BlindingSpray","potionbrewer:LabAccident"],"picked":"potionbrewer:ChokingPowder","floor":1},{"not_picked":["potionbrewer:EquivalentExchange","potionbrewer:EmptyBottle","potionbrewer:Smack"],"picked":"SKIP","floor":6},{"not_picked":["potionbrewer:Smack","potionbrewer:ExothermicReaction"],"picked":"potionbrewer:Toxicity","floor":7},{"not_picked":["potionbrewer:ResearchResults","potionbrewer:Contingency"],"picked":"potionbrewer:PortableLab","floor":10},{"not_picked":["potionbrewer:TestFormula","potionbrewer:CausticBarrier","potionbrewer:Contingency","potionbrewer:Prototype"],"picked":"SKIP","floor":11},{"not_picked":["potionbrewer:HazardousWaste","potionbrewer:AlchemistForm"],"picked":"potionbrewer:IronFlesh","floor":16},{"not_picked":["potionbrewer:Smack","potionbrewer:LeftoverSpecimen+1","potionbrewer:Shovel"],"picked":"potionbrewer:Prototype","floor":18},{"not_picked":["potionbrewer:Smack","potionbrewer:FlashPowder"],"picked":"potionbrewer:Refill","floor":19},{"not_picked":["potionbrewer:Biohazard","potionbrewer:AnotherRound"],"picked":"potionbrewer:ChainReaction","floor":20},{"not_picked":["potionbrewer:AlchemistForm","potionbrewer:ChokingPowder"],"picked":"potionbrewer:ChemicalRage","floor":23},{"not_picked":["potionbrewer:PortableLab+1","potionbrewer:ChemicalShroud","potionbrewer:TimeBomb"],"picked":"potionbrewer:Prototype","floor":24},{"not_picked":["potionbrewer:AnotherRound","potionbrewer:ChainReaction+1"],"picked":"potionbrewer:ChemicalRage+1","floor":28},{"not_picked":["potionbrewer:TimeBomb","potionbrewer:TestFormula","potionbrewer:Experimentation"],"picked":"potionbrewer:Prototype","floor":29},{"not_picked":["potionbrewer:AlchemistForm","potionbrewer:BeatDown","potionbrewer:BottomlessFlask"],"picked":"potionbrewer:Prototype","floor":33},{"not_picked":["potionbrewer:BlindingSpray+1","potionbrewer:AcidCloud","potionbrewer:Toxicity"],"picked":"SKIP","floor":35},{"not_picked":["potionbrewer:Smack","potionbrewer:CausticBarrier+1","potionbrewer:Biohazard"],"picked":"potionbrewer:Prototype","floor":36},{"not_picked":["potionbrewer:TimeBomb+1","potionbrewer:VolatileSolution+1","potionbrewer:TestFormula"],"picked":"SKIP","floor":37},{"not_picked":["potionbrewer:LabAccident","potionbrewer:ChemicalWeapons"],"picked":"potionbrewer:PrivateReserves+1","floor":38},{"not_picked":["potionbrewer:TimeBomb","potionbrewer:VolatileSolution+1","potionbrewer:Refill+1"],"picked":"potionbrewer:Prototype","floor":39},{"not_picked":["potionbrewer:BlindingSpray","potionbrewer:Refill","potionbrewer:IronFlesh"],"picked":"potionbrewer:Prototype","floor":40},{"not_picked":["potionbrewer:CausticBarrier","potionbrewer:Biohazard+1"],"picked":"potionbrewer:Shovel","floor":44},{"not_picked":["jedi:cleanse","Replay:BasicMightCard"],"picked":"ReplayTheSpireMod:Necrogeddon","floor":45},{"not_picked":["potionbrewer:MicrobeSpray+1","potionbrewer:TestSubject","potionbrewer:FlashPowder+1"],"picked":"potionbrewer:Prototype","floor":48},{"not_picked":["potionbrewer:Biohazard","potionbrewer:CausticBarrier","potionbrewer:Spark+1"],"picked":"potionbrewer:Prototype","floor":54}],"player_experience":2036368,"relics_obtained":[{"floor":6,"key":"WingedGreaves"},{"floor":9,"key":"Vajra"},{"floor":10,"key":"Onion Ring"},{"floor":23,"key":"jedi:HeartOfTheCards"},{"floor":24,"key":"Quantum Egg"},{"floor":28,"key":"aspiration:StickyExplosives_weak"},{"floor":29,"key":"Turnip"},{"floor":30,"key":"conspire:DeflatedDodgeball"},{"floor":31,"key":"potionbrewer:ElricsMonocle"},{"floor":40,"key":"aspiration:Lifesprig"},{"floor":43,"key":"Gremlin Food"},{"floor":54,"key":"Bottled Flame"}],"event_choices":[{"damage_healed":0,"gold_gain":0,"player_choice":"Grow","damage_taken":0,"max_hp_gain":0,"max_hp_loss":0,"event_name":"Living Wall","floor":3,"gold_loss":0,"cards_upgraded":["potionbrewer:ChokingPowder"]},{"damage_healed":0,"gold_gain":0,"player_choice":"Ignored","damage_taken":0,"max_hp_gain":0,"max_hp_loss":0,"event_name":"NoteForYourself","floor":4,"gold_loss":0},{"damage_healed":0,"gold_gain":0,"player_choice":"Got Potions","damage_taken":0,"max_hp_gain":0,"max_hp_loss":0,"event_name":"Lab","floor":31,"gold_loss":0},{"damage_healed":0,"gold_gain":0,"player_choice":"Upgraded","damage_taken":0,"max_hp_gain":0,"max_hp_loss":0,"event_name":"Upgrade Shrine","floor":42,"gold_loss":0,"cards_upgraded":["potionbrewer:IronFlesh"]},{"damage_healed":0,"gold_gain":0,"player_choice":"Memory 1","damage_taken":0,"max_hp_gain":0,"max_hp_loss":0,"event_name":"SensoryStone","floor":45,"gold_loss":0},{"cards_removed":["potionbrewer:CausticBarrier"],"damage_healed":0,"gold_gain":0,"player_choice":"Removed Skill","damage_taken":0,"max_hp_gain":0,"max_hp_loss":0,"event_name":"Falling","floor":47,"gold_loss":0}],"is_beta":false,"boss_relics":[{"not_picked":["conspire:SeveredTorchhead","conspire:RunicOctahedron"],"picked":"jedi:paperlyon"},{"not_picked":["Velvet Choker","Kintsugi"],"picked":"SlaversCollar"}],"items_purged_floors":[14,53],"is_endless":false,"potions_floor_spawned":[11,16,20,24,28,30,35,37,38,44,48],"ascension_level":0}}