{"host":"16pupetwkpt1jfy9","time":1607489042,"event":{"gold_per_floor":[218,143,318,318,335,335,335,335,382,382,398,398,410,430,430,526,526,544,544,526,128,141,141,56,56,56,56,69,69,69],"floor_reached":29,"playtime":1442,"items_purged":["Bash","Evolve"],"score":213,"play_id":"4af922fa-52a5-4f37-b7d7-9a1c3367616d","local_time":"20201208234402","is_ascension_mode":false,"campfire_choices":[{"data":"Anger","floor":6,"key":"SMITH"},{"data":"Pommel Strike","floor":8,"key":"SMITH"},{"data":"Demon Form","floor":10,"key":"SMITH"},{"floor":12,"key":"REST"},{"floor":15,"key":"REST"},{"floor":23,"key":"REST"},{"data":"Infernal Blade","floor":25,"key":"SMITH"}],"neow_cost":"NONE","seed_source_timestamp":618818309336900,"circlet_count":0,"master_deck":["Strike_R+1","Strike_R","Strike_R+1","Strike_R","Strike_R","Defend_R","Defend_R","Defend_R","Defend_R","Pommel Strike+1","Doubt","Demon Form+1","Anger+1","Writhe","Infernal Blade+1"],"relics":["Black Blood","Whetstone","Pen Nib","Membership Card","Thread and Needle","Strawberry","Singing Bowl"],"potions_floor_usage":[13,16,20,28],"damage_taken":[{"damage":3,"enemies":"Small Slimes","floor":1,"turns":3},{"damage":26,"enemies":"Jaw Worm","floor":5,"turns":8},{"damage":15,"enemies":"Cultist","floor":11,"turns":4},{"damage":20,"enemies":"Looter","floor":13,"turns":3},{"damage":24,"enemies":"Exordium Thugs","floor":14,"turns":5},{"damage":28,"enemies":"Hexaghost","floor":16,"turns":8},{"damage":19,"enemies":"Spheric Guardian","floor":18,"turns":4},{"damage":30,"enemies":"2 Thieves","floor":20,"turns":4},{"damage":43,"enemies":"Snake Plant","floor":22,"turns":5},{"damage":32,"enemies":"Shelled Parasite and Fungi","floor":28,"turns":4},{"damage":30,"enemies":"Sentry and Sphere","floor":29,"turns":5}],"seed_played":"667412114155808985","potions_obtained":[{"floor":5,"key":"ColorlessPotion"},{"floor":14,"key":"AttackPotion"},{"floor":18,"key":"DuplicationPotion"},{"floor":22,"key":"AttackPotion"}],"is_trial":false,"path_per_floor":["M","$","?","?","M","R","?","R","T","R","M","R","M","M","R","B",null,"M","?","M","$","M","R","?","R","T","?","M","M"],"character_chosen":"IRONCLAD","items_purchased":["Membership Card","Thread and Needle"],"campfire_rested":3,"item_purchase_floors":[21,21],"current_hp_per_floor":[80,80,80,80,60,60,60,60,60,60,51,75,61,43,67,45,80,73,73,55,55,24,48,55,55,55,55,37,7,7],"gold":69,"neow_bonus":"HUNDRED_GOLD","is_prod":false,"is_daily":false,"chose_seed":false,"campfire_upgraded":4,"win_rate":0.0,"timestamp":1607489042,"path_taken":["M","$","?","?","?","R","?","R","T","R","M","R","M","M","R","BOSS","M","?","M","$","M","R","?","R","T","?","M","?"],"build_version":"2020-11-30","purchased_purges":2,"victory":false,"max_hp_per_floor":[80,80,80,80,80,80,80,80,80,80,80,80,80,80,80,80,80,80,80,80,80,80,80,87,87,87,87,89,89,89],"card_choices":[{"not_picked":["Clash","Clothesline"],"picked":"Pommel Strike","floor":1},{"not_picked":["Disarm","Perfected Strike"],"picked":"Anger","floor":5},{"not_picked":["Combust","Body Slam","Fire Breathing"],"picked":"SKIP","floor":11},{"not_picked":["Clash","Twin Strike","Feel No Pain"],"picked":"SKIP","floor":13},{"not_picked":["Perfected Strike","Reaper","Twin Strike"],"picked":"SKIP","floor":14},{"not_picked":["Shrug It Off","Wild Strike","Cleave"],"picked":"SKIP","floor":18},{"not_picked":["Clothesline","Wild Strike","Armaments+1"],"picked":"SKIP","floor":20},{"not_picked":["True Grit+1","Wild Strike"],"picked":"Infernal Blade","floor":22},{"not_picked":["Shockwave","Perfected Strike","Pommel Strike"],"picked":"Singing Bowl","floor":28}],"player_experience":63757,"relics_obtained":[{"floor":9,"key":"Whetstone"},{"floor":26,"key":"Singing Bowl"}],"event_choices":[{"damage_healed":0,"gold_gain":175,"player_choice":"AGREE","damage_taken":0,"max_hp_gain":0,"max_hp_loss":0,"event_name":"Liars Game","floor":3,"gold_loss":0,"cards_obtained":["Doubt"]},{"damage_healed":0,"gold_gain":0,"player_choice":"2 cards matched","damage_taken":0,"max_hp_gain":0,"max_hp_loss":0,"event_name":"Match and Keep!","floor":4,"gold_loss":0,"cards_obtained":["Demon Form","Evolve"]},{"damage_healed":0,"gold_gain":0,"player_choice":"Ignored","damage_taken":0,"max_hp_gain":0,"max_hp_loss":0,"event_name":"Transmorgrifier","floor":7,"gold_loss":0},{"damage_healed":0,"gold_gain":0,"player_choice":"Opened","damage_taken":0,"relics_obtained":["Pen Nib"],"max_hp_gain":0,"max_hp_loss":0,"event_name":"The Mausoleum","floor":19,"gold_loss":0,"cards_obtained":["Writhe"]},{"damage_healed":0,"gold_gain":0,"player_choice":"Obtained Relic","damage_taken":0,"relics_obtained":["Strawberry"],"max_hp_gain":0,"max_hp_loss":0,"event_name":"Addict","floor":24,"gold_loss":85},{"damage_healed":0,"gold_gain":0,"player_choice":"Bought 0 Potions","damage_taken":0,"max_hp_gain":0,"max_hp_loss":0,"event_name":"The Woman in Blue","floor":27,"gold_loss":0}],"is_beta":false,"boss_relics":[{"not_picked":["Fusion Hammer","Astrolabe"],"picked":"Black Blood"}],"items_purged_floors":[2,21],"is_endless":false,"potions_floor_spawned":[5,14,18,22],"killed_by":"Sentry and Sphere","ascension_level":0}}