{"host":"yvb207ks1sg3cxef","time":1607491304,"event":{"gold_per_floor":[115,190,200,219,219,251,251,216,241,269,269,285,285,285],"floor_reached":13,"playtime":507,"items_purged":[],"score":153,"play_id":"cbe8c8b3-66f7-47f6-bf20-17869ffd5d9c","local_time":"20201209105144","is_ascension_mode":true,"campfire_choices":[{"floor":7,"key":"REST"}],"neow_cost":"NONE","seed_source_timestamp":0,"circlet_count":0,"master_deck":["AscendersBane","Strike_G+1","Strike_G","Strike_G","Strike_G","Strike_G","Defend_G+1","Defend_G","Defend_G+1","Defend_G","Defend_G+1","Survivor","Neutralize","Crippling Poison","Leg Sweep","Skewer","Footwork","Deflect"],"special_seed":0,"relics":["SlaversCollar","War Paint","Snake Skull","Darkstone Periapt"],"potions_floor_usage":[6,6],"damage_taken":[{"damage":11.0,"enemies":"Jaw Worm","floor":1.0,"turns":6.0},{"damage":0.0,"enemies":"2 Louse","floor":3.0,"turns":4.0},{"damage":1,"enemies":"Small Slimes","floor":4,"turns":5},{"damage":10,"enemies":"Lagavulin","floor":6,"turns":5},{"damage":24,"enemies":"3 Sentries","floor":10,"turns":9},{"damage":3,"enemies":"3 Louse","floor":12,"turns":6},{"damage":48,"enemies":"Gremlin Nob","floor":13,"turns":6}],"seed_played":"-402402959665401813","potions_obtained":[{"floor":1.0,"key":"CunningPotion"},{"floor":3.0,"key":"SteroidPotion"}],"is_trial":false,"path_per_floor":["M","?","M","M","?","E","R","?","T","E","?","M","E"],"character_chosen":"THE_SILENT","items_purchased":[],"campfire_rested":1,"item_purchase_floors":[],"current_hp_per_floor":[52,41,41,40,26,16,37,54,54,30,30,27,0,0],"gold":285,"neow_bonus":"BOSS_RELIC","is_prod":false,"is_daily":false,"chose_seed":false,"campfire_upgraded":0,"win_rate":0,"timestamp":1607491304,"path_taken":["M","?","M","M","?","E","R","?","T","E","?","M","E"],"build_version":"2020-11-30","purchased_purges":0,"victory":false,"max_hp_per_floor":[70,70,70,70,70,70,70,70,70,70,70,70,70,70],"relic_stats":{"Darkstone Periapt":0,"counters":[7,41],"Snake Skull":[4],"War Paint":["Defend_G","Defend_G"],"obtain_stats":[{"Darkstone Periapt":10,"SlaversCollar":0,"Snake Skull":9,"War Paint":6,"Ring of the Snake":0},{"Darkstone Periapt":5,"SlaversCollar":0,"Snake Skull":4,"War Paint":4,"Ring of the Snake":0},{"Darkstone Periapt":29,"SlaversCollar":0,"Snake Skull":20,"War Paint":20,"Ring of the Snake":0}]},"card_choices":[{"not_picked":["Flying Knee","All Out Attack"],"picked":"Crippling Poison","floor":1.0},{"not_picked":["Finisher","Dagger Spray"],"picked":"Leg Sweep","floor":3.0},{"not_picked":["Underhanded Strike","Accuracy"],"picked":"Skewer","floor":4},{"not_picked":["Slice","Prepared"],"picked":"Footwork","floor":6},{"not_picked":["Eviscerate","Bane"],"picked":"Deflect","floor":10},{"not_picked":["Slice","Accuracy","Cloak And Dagger"],"picked":"SKIP","floor":12}],"player_experience":161844,"relics_obtained":[{"floor":6,"key":"War Paint"},{"floor":9,"key":"Snake Skull"},{"floor":10,"key":"Darkstone Periapt"}],"event_choices":[{"damage_healed":0.0,"max_hp_gain":0.0,"max_hp_loss":0.0,"gold_gain":75.0,"event_name":"World of Goop","player_choice":"Gather Gold","floor":2.0,"gold_loss":0.0,"damage_taken":11.0},{"damage_healed":0,"gold_gain":0,"player_choice":"Entered Light","damage_taken":14,"max_hp_gain":0,"max_hp_loss":0,"event_name":"Shining Light","floor":5,"gold_loss":0,"cards_upgraded":["Defend_G","Strike_G"]},{"damage_healed":17,"gold_gain":0,"player_choice":"Healed","damage_taken":0,"max_hp_gain":0,"max_hp_loss":0,"event_name":"The Cleric","floor":8,"gold_loss":35},{"damage_healed":0,"gold_gain":0,"player_choice":"Ignored","damage_taken":0,"max_hp_gain":0,"max_hp_loss":0,"event_name":"Liars Game","floor":11,"gold_loss":0}],"is_beta":false,"boss_relics":[],"items_purged_floors":[],"is_endless":false,"potions_floor_spawned":[1,3],"killed_by":"Gremlin Nob","ascension_level":13}}