{"host":"gtqrdztqw7rfw3yh","time":1607552065,"event":{"gold_per_floor":[114,130,85,160,173,193,193,193,193,209,209,224,234,116,116,220,220,230,230,145,164,107,132,132,132,132,132],"floor_reached":25,"playtime":2093,"items_purged":[],"score":213,"play_id":"e95b0dd3-53a3-4ad3-b98b-3d50849b2fca","local_time":"20201209231425","is_ascension_mode":false,"metric_token":1106,"campfire_choices":[{"data":"PokerPlayerMod:BadJoker","floor":7.0,"key":"SMITH"},{"floor":15,"key":"DIG"},{"floor":24,"key":"REST"}],"neow_cost":"NONE","seed_source_timestamp":0,"circlet_count":0,"master_deck":["PokerPlayerMod:Diamond1","PokerPlayerMod:Diamond2","PokerPlayerMod:Diamond3","PokerPlayerMod:Diamond4","PokerPlayerMod:Diamond5","PokerPlayerMod:Spade1","PokerPlayerMod:Spade2","PokerPlayerMod:Spade3","PokerPlayerMod:Spade4","PokerPlayerMod:Club1","PokerPlayerMod:Club2","PokerPlayerMod:Heart2","PokerPlayerMod:TrumpStrike","PokerPlayerMod:BadJoker+1","PokerPlayerMod:Mulligan","PokerPlayerMod:Heart7","PokerPlayerMod:MagicTrick","PokerPlayerMod:Club3","PokerPlayerMod:DartThrow","PokerPlayerMod:Diamond10+","PokerPlayerMod:Heart4","PokerPlayerMod:ClubsClub","PokerPlayerMod:Club3","PokerPlayerMod:Duplicate+1","PokerPlayerMod:Promotion","PokerPlayerMod:HiddenCard+1","PokerPlayerMod:ClubStrike","PokerPlayerMod:ClubStrike","PokerPlayerMod:Spade5"],"special_seed":0,"relics":["PokerPlayerMod:DeckCase","Tiny Chest","construct:WeddingRing","hubris:Icosahedron","Pen Nib","Oddly Smooth Stone"],"potions_floor_usage":[],"damage_taken":[{"damage":4.0,"enemies":"infinitespire:Voidling","floor":1.0,"turns":3.0},{"damage":17.0,"enemies":"Jaw Worm","floor":2.0,"turns":4.0},{"damage":0.0,"enemies":"Cultist","floor":5.0,"turns":2.0},{"damage":18.0,"enemies":"Gremlin Gang","floor":6.0,"turns":3.0},{"damage":6.0,"enemies":"Looter","floor":10.0,"turns":3.0},{"damage":10.0,"enemies":"Lots of Slimes","floor":12.0,"turns":2.0},{"damage":0,"enemies":"Large Slime","floor":13,"turns":3},{"damage":37,"enemies":"Hexaghost","floor":16,"turns":8},{"damage":7,"enemies":"3 Byrds","floor":18,"turns":4},{"damage":18,"enemies":"Shell Parasite","floor":21,"turns":5},{"damage":49,"enemies":"Slavers","floor":23,"turns":5},{"damage":31,"enemies":"Centurion and Healer","floor":25,"turns":2}],"seed_played":"-6098493817399170696","potions_obtained":[{"floor":1.0,"key":"Milkshake"},{"floor":4.0,"key":"Elixir"},{"floor":4.0,"key":"Cursed Concoction"},{"floor":6.0,"key":"Flashbang"},{"floor":16,"key":"AttackPotion"}],"is_trial":false,"path_per_floor":["M","M","$","?","M","M","R","?","T","M","?","M","M","$","R","B",null,"M","?","?","M","$","E","R","M"],"character_chosen":"THE_POKER_PLAYER","items_purchased":["PokerPlayerMod:Club3","PokerPlayerMod:Duplicate+1","PokerPlayerMod:ClubStrike"],"campfire_rested":1,"item_purchase_floors":[3,14,22],"current_hp_per_floor":[57,43,43,21,32,25,25,25,25,29,29,32,49,49,49,20,57,57,57,57,42,42,3,20,0,0,0],"gold":132,"neow_bonus":"TEN_PERCENT_HP_BONUS","is_prod":false,"is_daily":false,"chose_seed":false,"campfire_upgraded":1,"win_rate":0.0,"timestamp":1607552065,"path_taken":["M","?","$","?","?","M","R","?","T","?","?","M","?","$","R","BOSS","M","?","?","M","$","E","R","M"],"build_version":"2020-11-30","purchased_purges":0,"victory":false,"max_hp_per_floor":[57,57,57,57,57,57,57,57,57,57,57,57,57,57,57,57,57,57,57,57,57,57,57,57,57,57,57],"card_choices":[{"not_picked":["PokerPlayerMod:Diamond2","PokerPlayerMod:Club2"],"picked":"PokerPlayerMod:Heart7","floor":1.0},{"not_picked":["PokerPlayerMod:Diamond1","PokerPlayerMod:Spade5"],"picked":"PokerPlayerMod:MagicTrick","floor":2.0},{"not_picked":["PokerPlayerMod:Diamond1","PokerPlayerMod:Spade4"],"picked":"PokerPlayerMod:DartThrow","floor":4.0},{"not_picked":["PokerPlayerMod:Fold","PokerPlayerMod:MagicTrick"],"picked":"PokerPlayerMod:Extraction","floor":5.0},{"not_picked":["PokerPlayerMod:Spade2","PokerPlayerMod:Heart1","PokerPlayerMod:DamnStraight"],"picked":"SKIP","floor":6.0},{"not_picked":["PokerPlayerMod:Spade4","PokerPlayerMod:Spade1"],"picked":"PokerPlayerMod:Diamond10+","floor":10.0},{"not_picked":["PokerPlayerMod:Diamond5","PokerPlayerMod:Heart3"],"picked":"PokerPlayerMod:ClubsClub","floor":12.0},{"not_picked":["PokerPlayerMod:HeartStrike","PokerPlayerMod:ClubsClub"],"picked":"PokerPlayerMod:Club3","floor":13},{"not_picked":["PokerPlayerMod:StackedDeck","PokerPlayerMod:Diamond7"],"picked":"PokerPlayerMod:Promotion","floor":16},{"not_picked":["PokerPlayerMod:Diamond8","PokerPlayerMod:Diamond3"],"picked":"PokerPlayerMod:HiddenCard+1","floor":18},{"not_picked":["PokerPlayerMod:CloakAndDiamond","PokerPlayerMod:Diamond3","PokerPlayerMod:CardBurn"],"picked":"SKIP","floor":21},{"not_picked":["PokerPlayerMod:Configure","PokerPlayerMod:Diamond3"],"picked":"PokerPlayerMod:Spade5","floor":23}],"player_experience":239815,"relics_obtained":[{"floor":15,"key":"Tiny Chest"},{"floor":23,"key":"Oddly Smooth Stone"}],"event_choices":[{"damage_healed":0.0,"max_hp_gain":0.0,"max_hp_loss":0.0,"gold_gain":0.0,"event_name":"NoteForYourself","player_choice":"Ignored","floor":8.0,"gold_loss":0.0,"damage_taken":0.0},{"damage_healed":0.0,"max_hp_gain":0.0,"max_hp_loss":0.0,"gold_gain":0.0,"cards_transformed":["PokerPlayerMod:Extraction"],"event_name":"Transmorgrifier","player_choice":"Transformed","floor":11.0,"gold_loss":0.0,"damage_taken":0.0,"cards_obtained":["PokerPlayerMod:Heart4"]},{"damage_healed":0,"gold_gain":0,"player_choice":"Obtained Relic","damage_taken":0,"relics_obtained":["Pen Nib"],"max_hp_gain":0,"max_hp_loss":0,"event_name":"Addict","floor":20,"gold_loss":85}],"is_beta":false,"boss_relics":[{"not_picked":["Philosopher\u0027s Stone","vexMod:BigBerry"],"picked":"construct:WeddingRing"}],"items_purged_floors":[],"is_endless":false,"potions_floor_spawned":[1,6,16,23],"killed_by":"Centurion and Healer","ascension_level":0}}