{"host":"3a1ypf1irl30q4k8","time":1607552793,"event":{"gold_per_floor":[119,24,24,40,40,40,69,86,111,144,156,184,209,250,262,376,388,412,444,456,207,207,207,237,237,262,262,291,325,30,60,60,155,155,171,221,221,221,241,273,273,292,316,316,9,9,9,26,26,26,26],"floor_reached":50,"playtime":2759,"items_purged":["Strike_P","Strike_P"],"score":738,"play_id":"2edb9cf5-2210-45aa-b642-a17eb3f87ca3","local_time":"20201209222633","is_ascension_mode":true,"campfire_choices":[{"data":"Consecrate","floor":6,"key":"SMITH"},{"floor":11,"key":"REST"},{"data":"WaveOfTheHand","floor":15,"key":"SMITH"},{"data":"BowlingBash","floor":23,"key":"SMITH"},{"data":"Vengeance","floor":25,"key":"SMITH"},{"data":"ThirdEye","floor":27,"key":"SMITH"},{"data":"BowlingBash","floor":32,"key":"SMITH"},{"floor":41,"key":"REST"},{"floor":44,"key":"RECALL"},{"data":"Apotheosis","floor":46,"key":"SMITH"},{"floor":49,"key":"REST"}],"neow_cost":"NONE","seed_source_timestamp":2385910868138200,"circlet_count":0,"master_deck":["Strike_P","Defend_P","Defend_P","Defend_P","Defend_P","Eruption","Vigilance","Scrawl+1","Consecrate+1","FollowUp","ThirdEye+1","Tantrum","FearNoEvil+1","WaveOfTheHand+1","Vengeance+1","InnerPeace","EmptyBody","FollowUp","Brilliance+1","BowlingBash+1","Wallop","SignatureMove","Swift Strike","BowlingBash+1","EmptyFist+1","Apotheosis+1","Ragnarok","Halt+1","ClearTheMind+1","Panache","Chrysalis","InnerPeace","ClearTheMind+1"],"relics":["HolyWater","Smiling Mask","Toy Ornithopter","MawBank","Lantern","Dream Catcher","Du-Vu Doll","Ancient Tea Set","Red Mask","Whetstone","MealTicket","VioletLotus","Torii","Letter Opener","Membership Card","Meat on the Bone"],"potions_floor_usage":[10,10,10,24,24,24,33,39,40,40,50],"damage_taken":[{"damage":14,"enemies":"2 Louse","floor":1,"turns":2},{"damage":0,"enemies":"Cultist","floor":4,"turns":3},{"damage":0,"enemies":"Gremlin Nob","floor":7,"turns":2},{"damage":0,"enemies":"Small Slimes","floor":8,"turns":1},{"damage":33,"enemies":"Lagavulin","floor":10,"turns":3},{"damage":0,"enemies":"Blue Slaver","floor":12,"turns":1},{"damage":9,"enemies":"3 Louse","floor":13,"turns":4},{"damage":14,"enemies":"Gremlin Nob","floor":14,"turns":3},{"damage":0,"enemies":"Slime Boss","floor":16,"turns":4},{"damage":0,"enemies":"Chosen","floor":18,"turns":3},{"damage":0,"enemies":"Spheric Guardian","floor":19,"turns":3},{"damage":3,"enemies":"Slavers","floor":24,"turns":4},{"damage":0,"enemies":"Masked Bandits","floor":28,"turns":1},{"damage":14,"enemies":"Book of Stabbing","floor":29,"turns":3},{"damage":0,"enemies":"Gremlin Leader","floor":31,"turns":3},{"damage":39,"enemies":"Collector","floor":33,"turns":5},{"damage":0,"enemies":"Orb Walker","floor":35,"turns":2},{"damage":0,"enemies":"Mind Bloom Boss Battle","floor":36,"turns":2},{"damage":16,"enemies":"3 Darklings","floor":39,"turns":5},{"damage":38,"enemies":"Giant Head","floor":40,"turns":6},{"damage":14,"enemies":"4 Shapes","floor":42,"turns":4},{"damage":0,"enemies":"Jaw Worm Horde","floor":48,"turns":3},{"damage":80,"enemies":"Time Eater","floor":50,"turns":5}],"seed_played":"-7276621297750319997","potions_obtained":[{"floor":4,"key":"ColorlessPotion"},{"floor":7,"key":"Swift Potion"},{"floor":8,"key":"PowerPotion"},{"floor":14,"key":"Block Potion"},{"floor":19,"key":"DuplicationPotion"},{"floor":29,"key":"PowerPotion"},{"floor":35,"key":"DuplicationPotion"},{"floor":36,"key":"SkillPotion"},{"floor":40,"key":"SneckoOil"}],"is_trial":false,"path_per_floor":["M","$","?","M","?","R","E","M","T","E","R","M","M","E","R","B",null,"M","M","?","$","?","R","E","R","T","R","?","E","$","E","R","B",null,"M","?","?","?","M","E","R","M","T","R","$","R","?","M","R","B"],"character_chosen":"WATCHER","items_purchased":["FollowUp","ThirdEye","SignatureMove","PowerPotion","Swift Strike","Apotheosis","Block Potion","Membership Card","Meat on the Bone","InnerPeace"],"campfire_rested":3,"item_purchase_floors":[2,2,21,21,21,30,30,45,45,45],"current_hp_per_floor":[58,58,58,58,58,58,58,58,58,39,60,60,51,37,37,37,72,72,72,72,72,72,72,69,69,69,69,69,55,55,55,55,21,72,72,72,67,67,56,28,49,35,35,35,50,50,50,50,71,0,0],"gold":26,"neow_bonus":"ONE_RANDOM_RARE_CARD","is_prod":false,"is_daily":false,"chose_seed":false,"campfire_upgraded":7,"win_rate":0,"timestamp":1607552793,"path_taken":["M","$","?","M","?","R","E","M","T","E","R","?","M","E","R","BOSS","M","M","?","$","?","R","E","R","T","R","?","E","?","E","R","BOSS","M","?","?","?","M","E","R","M","T","R","$","R","?","M","R","BOSS"],"build_version":"2020-11-30","purchased_purges":2,"victory":false,"max_hp_per_floor":[72,72,72,72,72,72,72,72,72,72,72,72,72,72,72,72,72,72,72,72,72,72,72,72,72,72,72,72,72,72,72,72,72,72,72,72,72,72,72,72,72,72,72,72,72,72,72,72,72,72,72],"relic_stats":{"Dream Catcher":2,"Torii":4,"counters":[23,72],"MealTicket":15,"VioletLotus":[9],"Whetstone":["FearNoEvil","Brilliance"],"Letter Opener":[35],"Smiling Mask":75,"MawBank":132,"obtain_stats":[{"Lantern":14,"Torii":36,"Whetstone":29,"Letter Opener":40,"Smiling Mask":7,"MawBank":10,"Ancient Tea Set":26,"Du-Vu Doll":24,"Dream Catcher":20,"HolyWater":17,"MealTicket":31,"VioletLotus":34,"Red Mask":28,"Membership Card":45,"PureWater":0,"Toy Ornithopter":9,"Meat on the Bone":45},{"Lantern":8,"Torii":18,"Whetstone":14,"Letter Opener":20,"Smiling Mask":3,"MawBank":5,"Ancient Tea Set":12,"Du-Vu Doll":12,"Dream Catcher":11,"HolyWater":9,"MealTicket":15,"VioletLotus":16,"Red Mask":13,"Membership Card":21,"PureWater":0,"Toy Ornithopter":4,"Meat on the Bone":21},{"Lantern":19,"Torii":49,"Whetstone":37,"Letter Opener":60,"Smiling Mask":7,"MawBank":11,"Ancient Tea Set":33,"Du-Vu Doll":33,"Dream Catcher":29,"HolyWater":23,"MealTicket":40,"VioletLotus":45,"Red Mask":34,"Membership Card":64,"PureWater":0,"Toy Ornithopter":8,"Meat on the Bone":64}],"Toy Ornithopter":39,"Meat on the Bone":0},"card_choices":[{"not_picked":["FlyingSleeves","FearNoEvil"],"picked":"Consecrate","floor":1},{"not_picked":["EmptyFist","Collect"],"picked":"Tantrum","floor":4},{"not_picked":["CutThroughFate","EmptyBody"],"picked":"FearNoEvil","floor":7},{"not_picked":["Crescendo","Protect"],"picked":"WaveOfTheHand","floor":8},{"not_picked":["BowlingBash","ReachHeaven"],"picked":"Vengeance","floor":10},{"not_picked":["FearNoEvil","Perseverance"],"picked":"InnerPeace","floor":12},{"not_picked":["ConjureBlade","FearNoEvil"],"picked":"EmptyBody","floor":13},{"not_picked":["ClearTheMind","FlyingSleeves"],"picked":"FollowUp","floor":14},{"not_picked":["ConjureBlade","Omniscience"],"picked":"Brilliance","floor":16},{"not_picked":["BattleHymn+1","PathToVictory"],"picked":"BowlingBash","floor":18},{"not_picked":["ThirdEye","Prostrate"],"picked":"Wallop","floor":19},{"not_picked":["Crescendo","Prostrate"],"picked":"EmptyFist+1","floor":24},{"not_picked":["SpiritShield","SashWhip","CutThroughFate"],"picked":"SKIP","floor":29},{"not_picked":["JustLucky","Conclude","Prostrate"],"picked":"SKIP","floor":31},{"not_picked":["DeusExMachina","Vault"],"picked":"Ragnarok","floor":33},{"not_picked":["Evaluate","ForeignInfluence"],"picked":"Halt+1","floor":35},{"not_picked":["SignatureMove+1","FlyingSleeves"],"picked":"ClearTheMind+1","floor":36},{"not_picked":["Flash of Steel","Sadistic Nature"],"picked":"Panache","floor":37},{"not_picked":["Secret Weapon","Transmutation"],"picked":"Chrysalis","floor":37},{"not_picked":["Prostrate","Collect+1","EmptyMind+1"],"picked":"SKIP","floor":39},{"not_picked":["Meditate","Sanctity+1","JustLucky+1"],"picked":"SKIP","floor":40},{"not_picked":["JustLucky+1","Prostrate"],"picked":"MentalFortress","floor":42},{"not_picked":["Indignation","FlurryOfBlows+1"],"picked":"ClearTheMind+1","floor":48}],"player_experience":802383,"relics_obtained":[{"floor":7,"key":"Smiling Mask"},{"floor":9,"key":"Toy Ornithopter"},{"floor":10,"key":"MawBank"},{"floor":14,"key":"Lantern"},{"floor":24,"key":"Du-Vu Doll"},{"floor":26,"key":"Ancient Tea Set"},{"floor":28,"key":"Red Mask"},{"floor":29,"key":"Whetstone"},{"floor":31,"key":"MealTicket"},{"floor":36,"key":"Torii"},{"floor":40,"key":"Letter Opener"}],"event_choices":[{"damage_healed":0,"gold_gain":0,"player_choice":"Grow","damage_taken":0,"max_hp_gain":0,"max_hp_loss":0,"event_name":"Living Wall","floor":3,"gold_loss":0,"cards_upgraded":["Scrawl"]},{"cards_removed":["Strike_P"],"damage_healed":0,"gold_gain":0,"player_choice":"Offered Basic","damage_taken":0,"max_hp_gain":0,"max_hp_loss":0,"event_name":"Bonfire Elementals","floor":5,"gold_loss":0},{"damage_healed":0,"gold_gain":0,"player_choice":"Opened","damage_taken":0,"relics_obtained":["Dream Catcher"],"max_hp_gain":0,"max_hp_loss":0,"event_name":"The Mausoleum","floor":20,"gold_loss":0},{"damage_healed":0,"gold_gain":0,"player_choice":"Read","damage_taken":0,"max_hp_gain":0,"max_hp_loss":0,"event_name":"The Library","floor":22,"gold_loss":0,"cards_obtained":["BowlingBash"]},{"damage_healed":0,"gold_gain":0,"player_choice":"Fought Bandits","damage_taken":0,"max_hp_gain":0,"max_hp_loss":0,"event_name":"Masked Bandits","floor":28,"gold_loss":0},{"damage_healed":0,"gold_gain":0,"player_choice":"Fight","damage_taken":0,"max_hp_gain":0,"max_hp_loss":0,"event_name":"MindBloom","floor":36,"gold_loss":0},{"damage_healed":0,"gold_gain":0,"player_choice":"Memory 2","damage_taken":5,"max_hp_gain":0,"max_hp_loss":0,"event_name":"SensoryStone","floor":37,"gold_loss":0},{"damage_healed":0,"gold_gain":0,"player_choice":"Ignored","damage_taken":0,"max_hp_gain":0,"max_hp_loss":0,"event_name":"Mysterious Sphere","floor":38,"gold_loss":0},{"cards_removed":["MentalFortress"],"damage_healed":0,"gold_gain":0,"player_choice":"Removed Power","damage_taken":0,"max_hp_gain":0,"max_hp_loss":0,"event_name":"Falling","floor":47,"gold_loss":0}],"is_beta":false,"boss_relics":[{"not_picked":["Ectoplasm","Fusion Hammer"],"picked":"HolyWater"},{"not_picked":["Cursed Key","Philosopher\u0027s Stone"],"picked":"VioletLotus"}],"items_purged_floors":[21,30],"is_endless":false,"potions_floor_spawned":[4,7,8,14,19,29,35,36,40],"killed_by":"Time Eater","ascension_level":3}}