{"host":"4be9rrw6luv8jrir","time":1607533348,"event":{"gold_per_floor":[119,119,185,204,129,129,155,165,165,185,214,214,214,232,232,232,232,327,327,339,16,33,52,63,89,89,39,63,73,107,107,206,223,223,223,223],"floor_reached":35,"playtime":1703,"items_purged":["Looming Evil","Strike_R"],"score":349,"play_id":"96fe9106-3ac7-468f-b769-616c07bbf469","local_time":"20201210010228","is_ascension_mode":true,"campfire_choices":[{"data":"Flex","floor":6,"key":"SMITH"},{"floor":15,"key":"RECALL"},{"floor":17,"key":"REST"},{"floor":34,"key":"REST"}],"neow_cost":"NONE","seed_source_timestamp":170357002484600,"circlet_count":0,"master_deck":["Strike_R+1","Strike_R+1","Strike_R","Strike_R+1","Defend_R+1","Defend_R+1","Defend_R","Defend_R+1","Bash+1","Flex+1","animator:Gillette+1","animator:Guy+1","DeceiveReality+1","ReplayTheSpireMod:Speed Training","ReplayUltimateDefense+1","animator:Illya+1","animator:Illya+1","Mayhem+1","Shrug It Off","Shrug It Off+1","Burst","animator:Kuroyukihime","animator:Zero","hubris:ReadiedAction","animator:Sloth+1","animator:Witch"],"relics":["Burning Blood","DaveBox","NeowsBlessing","DSteel32","Question Card","PrismaticShard","ReplayTheSpireMod:Ring of Addiction","Potion Belt","Toy Ornithopter","Bronze Scales","Ice Cream","Dream Catcher","Mark of Pain","hubris:PeanutButter","Art of War","FossilizedHelix"],"potions_floor_usage":[11,14,18,24,25,29,33],"damage_taken":[{"damage":0,"enemies":"2 Louse","floor":1,"turns":1},{"damage":0,"enemies":"Small Slimes","floor":4,"turns":1},{"damage":0,"enemies":"Gremlin Nob","floor":7,"turns":1},{"damage":0,"enemies":"Cultist","floor":8,"turns":3},{"damage":10,"enemies":"Large Slime","floor":10,"turns":6},{"damage":2,"enemies":"3 Sentries","floor":11,"turns":7},{"damage":0,"enemies":"3 Louse","floor":14,"turns":3},{"damage":14,"enemies":"The Guardian","floor":18,"turns":11},{"damage":2,"enemies":"Shell Parasite","floor":20,"turns":7},{"damage":0,"enemies":"3 Byrds","floor":22,"turns":5},{"damage":6,"enemies":"3 Cultists","floor":23,"turns":6},{"damage":39,"enemies":"Centurion and Healer","floor":24,"turns":5},{"damage":18,"enemies":"Replay:Snechameleon","floor":25,"turns":7},{"damage":0,"enemies":"Snake Plant","floor":29,"turns":5},{"damage":14,"enemies":"Slavers","floor":30,"turns":8},{"damage":0,"enemies":"Chosen and Byrds","floor":33,"turns":9},{"damage":0,"enemies":"Collector","floor":35,"turns":2}],"seed_played":"7400628833804245399","potions_obtained":[{"floor":2,"key":"Strength Potion"},{"floor":2,"key":"BloodPotion"},{"floor":2,"key":"Swift Potion"},{"floor":3,"key":"LiquidBronze"},{"floor":7,"key":"Strength Potion"},{"floor":8,"key":"Strength Potion"},{"floor":10,"key":"Dexterity Potion"},{"floor":14,"key":"BloodPotion"},{"floor":23,"key":"Reflective Coating"},{"floor":24,"key":"Block Potion"},{"floor":30,"key":"CultistPotion"}],"is_trial":false,"path_per_floor":["M","?","?","M","$","R","E","M","T","M","E","PTL","PTL","M","R","?","R","B",null,"M","$","M","M","M","E","?","$","T","M","E","$","?","M","R","B"],"character_chosen":"IRONCLAD","items_purchased":["Mayhem","Shrug It Off","hubris:ReadiedAction"],"campfire_rested":2,"item_purchase_floors":[21,21,27],"current_hp_per_floor":[80,80,60,66,66,66,72,78,76,72,76,76,76,76,76,76,76,71,74,74,74,72,72,58,65,65,65,65,70,62,62,62,68,68,68,68],"gold":223,"neow_bonus":"THREE_ENEMY_KILL","is_prod":false,"is_daily":false,"chose_seed":false,"campfire_upgraded":1,"win_rate":0,"timestamp":1607533348,"path_taken":["M","?","?","M","$","R","E","M","T","M","E","PTL","PTL","M","R","?","R","BOSS","M","$","M","M","M","E","?","$","T","M","E","$","?","M","R","BOSS"],"build_version":"2020-11-30","purchased_purges":2,"victory":false,"max_hp_per_floor":[80,80,80,80,80,78,78,78,76,76,76,76,76,76,76,76,76,74,74,74,74,72,72,72,72,72,72,72,70,70,70,70,68,68,68,68],"card_choices":[{"not_picked":["Havoc","Perfected Strike"],"picked":"Flex","floor":1},{"not_picked":["True Grit","animator:Layla","Force Field"],"picked":"animator:Gillette","floor":3},{"not_picked":["Run Through","animator:MadokaKaname","Beam Cell"],"picked":"animator:Guy","floor":4},{"not_picked":["Iron Wave","Cloak And Dagger","animator:UneriGinkaku"],"picked":"DeceiveReality","floor":7},{"not_picked":["Adaptation","Aggregate","Clothesline"],"picked":"ReplayTheSpireMod:Speed Training","floor":8},{"not_picked":["Dark Embrace","ReplayGash","Anger"],"picked":"ReplayUltimateDefense","floor":10},{"not_picked":["Sword Boomerang","Sever Soul","animator:FielNirvalen"],"picked":"animator:Illya","floor":11},{"not_picked":["EmptyFist","FlurryOfBlows","animator:Melzalgald","animator:SuzuneAmano"],"picked":"SKIP","floor":14},{"not_picked":["Ghostly Armor","animator:Ciel","Infernal Blade"],"picked":"animator:Illya","floor":20},{"not_picked":["Crescendo+1","animator:ZankiKiguchi","hubris:SlightOfHand","animator:UneriGinkaku"],"picked":"SKIP","floor":22},{"not_picked":["Blade Dance","Dagger Spray+1","animator:MumenRider+1"],"picked":"Burst","floor":23},{"not_picked":["ReplayTheSpireMod:Limb From Limb","animator:DolaSchwi","animator:Vanir+1"],"picked":"animator:Kuroyukihime","floor":24},{"not_picked":["Dagger Throw+1","Worship+1","Replay:ManipulateFuture+1"],"picked":"animator:Zero","floor":25},{"not_picked":["PanicButton+1","animator:KrulTepes","Dagger Spray"],"picked":"animator:Sloth","floor":29},{"not_picked":["animator:Benimaru","FlyingSleeves","animator:RinTohsaka"],"picked":"animator:Witch","floor":30},{"not_picked":["animator:YachiyoNanami","animator:Emonzaemon","Gash+1","FollowUp"],"picked":"SKIP","floor":33}],"player_experience":469081,"relics_obtained":[{"floor":1,"key":"Question Card"},{"floor":1,"key":"PrismaticShard"},{"floor":2,"key":"ReplayTheSpireMod:Ring of Addiction"},{"floor":2,"key":"Potion Belt"},{"floor":2,"key":"Toy Ornithopter"},{"floor":3,"key":"Bronze Scales"},{"floor":7,"key":"Ice Cream"},{"floor":11,"key":"Dream Catcher"},{"floor":25,"key":"hubris:PeanutButter"},{"floor":28,"key":"Art of War"},{"floor":30,"key":"FossilizedHelix"}],"event_choices":[{"damage_healed":0,"gold_gain":0,"player_choice":"Got Potions","damage_taken":0,"max_hp_gain":0,"max_hp_loss":0,"event_name":"Lab","floor":16,"gold_loss":0},{"damage_healed":0,"gold_gain":99,"player_choice":"Stole From Cult","damage_taken":0,"max_hp_gain":0,"max_hp_loss":0,"event_name":"Nest","floor":32,"gold_loss":0}],"is_beta":false,"boss_relics":[{"not_picked":["Runic Pyramid","hubris:TerracottaHorce"],"picked":"Mark of Pain"}],"items_purged_floors":[5,21],"is_endless":false,"potions_floor_spawned":[7,8,10,14,23,24,30],"killed_by":"Collector","ascension_level":1}}