{"host":"2461dio7vetlq1z3","time":1607512837,"event":{"gold_per_floor":[112,126,126,145,162,162,189,201,227,227,252,252,252,265,265,265,265],"floor_reached":16,"playtime":916,"items_purged":[],"score":123,"play_id":"65ad578d-587d-42b4-9a05-f7aa44883850","local_time":"20201209122037","is_ascension_mode":true,"campfire_choices":[{"data":"Eruption","floor":6,"key":"SMITH"},{"floor":10,"key":"REST"},{"data":"ClearTheMind","floor":12,"key":"SMITH"},{"data":"TalkToTheHand","floor":15,"key":"SMITH"}],"neow_cost":"","seed_source_timestamp":352807141844000,"circlet_count":0,"master_deck":["Strike_P","Strike_P","Defend_P","Defend_P","Defend_P","Defend_P","Eruption+1","Vigilance","Variant","Protect","BlackSwan","DeceiveReality","OldLady","Evaluate","SnowQueen","DeceiveReality","QueenOfHatred","ClearTheMind+1","UniverseFragment","TalkToTheHand+1","SpiderBud","BattleHymn","HeroicMonk"],"relics":["PureWater","CogitoBucket","LetterFromLob","Ancient Tea Set","AdjustmentMirror","Boot","Omamori"],"potions_floor_usage":[11],"damage_taken":[{"damage":0,"enemies":"Jaw Worm","floor":1,"turns":3},{"damage":29,"enemies":"Cultist","floor":2,"turns":6},{"damage":0,"enemies":"2 Louse","floor":4,"turns":3},{"damage":0,"enemies":"Blue Slaver","floor":5,"turns":4},{"damage":17,"enemies":"Lagavulin","floor":7,"turns":11},{"damage":11,"enemies":"Exordium Thugs","floor":8,"turns":3},{"damage":18,"enemies":"Gremlin Nob","floor":11,"turns":5},{"damage":2,"enemies":"2 Fungi Beasts","floor":14,"turns":4},{"damage":45,"enemies":"Hexaghost","floor":16,"turns":7}],"seed_played":"622670351317788147","potions_obtained":[{"floor":1,"key":"SmokeBomb"},{"floor":5,"key":"Strength Potion"},{"floor":11,"key":"Energy Potion"},{"floor":14,"key":"Dexterity Potion"}],"is_trial":false,"path_per_floor":["M","M","?","M","M","R","E","M","T","R","E","R","?","M","R","B"],"character_chosen":"WATCHER","items_purchased":[],"campfire_rested":1,"item_purchase_floors":[],"current_hp_per_floor":[72,43,43,43,43,43,26,21,21,42,30,30,23,27,27,0,0],"gold":265,"neow_bonus":"","is_prod":false,"is_daily":false,"chose_seed":false,"campfire_upgraded":3,"win_rate":0,"timestamp":1607512837,"path_taken":["M","M","?","M","?","R","E","M","T","R","E","R","?","M","R","BOSS"],"build_version":"2020-11-30","purchased_purges":0,"victory":false,"max_hp_per_floor":[72,72,72,72,72,72,72,72,72,72,72,72,72,72,72,72,72],"relic_stats":{"counters":[10,47],"Boot":[0],"obtain_stats":[{"CogitoBucket":0,"LetterFromLob":1,"Omamori":11,"PureWater":0,"AdjustmentMirror":8,"Ancient Tea Set":7,"Boot":9},{"CogitoBucket":0,"LetterFromLob":1,"Omamori":8,"PureWater":0,"AdjustmentMirror":7,"Ancient Tea Set":5,"Boot":7},{"CogitoBucket":0,"LetterFromLob":3,"Omamori":36,"PureWater":0,"AdjustmentMirror":31,"Ancient Tea Set":27,"Boot":31}]},"card_choices":[{"not_picked":["WallGazer","BigBadWolf"],"picked":"Variant","floor":1},{"not_picked":["PathToVictory","Adaptation"],"picked":"Protect","floor":1},{"not_picked":["MHz","BeautyBeast"],"picked":"BlackSwan","floor":2},{"not_picked":["Consecrate","CarveReality"],"picked":"DeceiveReality","floor":2},{"not_picked":["MHz","OSAHOGD"],"picked":"OldLady","floor":4},{"not_picked":["EmptyMind","SashWhip"],"picked":"Evaluate","floor":4},{"not_picked":["WallGazer","Murderer"],"picked":"SnowQueen","floor":5},{"not_picked":["WreathOfFlame","Protect"],"picked":"DeceiveReality","floor":5},{"not_picked":["FairyFestival","CrumblingArmor"],"picked":"QueenOfHatred","floor":7},{"not_picked":["FlyingSleeves","JustLucky"],"picked":"ClearTheMind","floor":7},{"not_picked":["Scorched","Murderer"],"picked":"UniverseFragment","floor":8},{"not_picked":["Crescendo","Adaptation"],"picked":"TalkToTheHand","floor":8},{"not_picked":["Rudolta","WallGazer"],"picked":"SpiderBud","floor":11},{"not_picked":["ClearTheMind","Swivel"],"picked":"BattleHymn","floor":11},{"not_picked":["Bloodbath","BeautyBeast"],"picked":"HeroicMonk","floor":14},{"not_picked":["FollowUp","Protect","Nirvana"],"picked":"SKIP","floor":14}],"player_experience":587643,"relics_obtained":[{"floor":1,"key":"LetterFromLob"},{"floor":7,"key":"Ancient Tea Set"},{"floor":9,"key":"Boot"},{"floor":11,"key":"Omamori"}],"event_choices":[{"cards_removed":["Strike_P"],"damage_healed":0,"gold_gain":0,"player_choice":"Offered Basic","damage_taken":0,"max_hp_gain":0,"max_hp_loss":0,"event_name":"Bonfire Elementals","floor":3,"gold_loss":0},{"cards_removed":["Strike_P"],"damage_healed":0,"gold_gain":0,"player_choice":"Card Removal","damage_taken":7,"max_hp_gain":0,"max_hp_loss":0,"event_name":"Golden Wing","floor":13,"gold_loss":0}],"is_beta":false,"boss_relics":[],"items_purged_floors":[],"is_endless":false,"potions_floor_spawned":[1,5,11,14],"killed_by":"Hexaghost","ascension_level":2}}