{"host":"svdrdpvpxtppvaze","time":1607529522,"event":{"gold_per_floor":[111,126,74,174,192,222,35,53,77,77,94,94,21,33,33,128,128,141,141,155,80,80,80,100,100,100,100,117,129,153,178,178,277,277,291,291,291,302,302,334,334,334,334,354,369,369,369,369,369,369,369],"floor_reached":50,"playtime":1397,"items_purged":["Strike_B","Strike_B","Strike_B","Self Repair+1"],"score":415,"play_id":"e6c2ddf6-c6a0-4def-a1c1-073c6425f055","local_time":"20201209215842","is_ascension_mode":false,"campfire_choices":[{"data":"Self Repair","floor":12,"key":"SMITH"},{"data":"Dualcast","floor":15,"key":"SMITH"},{"data":"infinitespire:TheBestDefense","floor":23,"key":"SMITH"},{"data":"Hologram","floor":25,"key":"SMITH"},{"floor":32,"key":"REST"},{"floor":49,"key":"REST"}],"neow_cost":"","seed_source_timestamp":8610386355136,"circlet_count":0,"master_deck":["Defend_B+1","Defend_B+1","Defend_B+1","Defend_B+1","Zap+1","Dualcast+1","Conserve Battery+1","BootSequence+1","Scrape+1","ReplayTheSpireMod:Private Reserves+1","Rip and Tear+1","Conserve Battery+1","Go for the Eyes+1","Scrape+1","ReplayTheSpireMod:System Scan+1","Cold Snap+1","Cold Snap+1","Ball Lightning+1","Stack+1","FIFO Queue+1","ReplayTheSpireMod:Omega Cannon+1","infinitespire:TheBestDefense+1","Hologram+1","Reinforced Body+1","ReplayTheSpireMod:Omega Cannon+1","Seek+1"],"relics":["Cracked Core","Unceasing Top","HandDrill","hubris:SoftwareUpdate","infinitespire:PuzzleCube","Black Star","Replay:Bottled Snecko","Juzu Bracelet","Replay:Blank Codex","Centennial Puzzle","MealTicket","Pet Ghost","hubris:ScarierMask","hubris:Towel","Orichalcum","Oddly Smooth Stone","Mark of the Bloom","TungstenRod","Sozu","Toy Ornithopter"],"potions_floor_usage":[20,31,50,50],"damage_taken":[{"damage":0,"enemies":"Cultist","floor":1,"turns":3},{"damage":0,"enemies":"2 Louse","floor":2,"turns":2},{"damage":1,"enemies":"Small Slimes","floor":5,"turns":2},{"damage":21,"enemies":"Gremlin Nob","floor":6,"turns":4},{"damage":0,"enemies":"Red Slaver","floor":8,"turns":2},{"damage":2,"enemies":"3 Louse","floor":11,"turns":3},{"damage":0,"enemies":"Exordium Wildlife","floor":14,"turns":4},{"damage":53,"enemies":"Slime Boss","floor":16,"turns":12},{"damage":0,"enemies":"Chosen","floor":18,"turns":4},{"damage":0,"enemies":"Shell Parasite","floor":20,"turns":2},{"damage":0,"enemies":"Shelled Parasite and Fungi","floor":24,"turns":1},{"damage":5,"enemies":"Centurion and Healer","floor":28,"turns":6},{"damage":3,"enemies":"Snecko","floor":29,"turns":6},{"damage":39,"enemies":"Slavers","floor":31,"turns":6},{"damage":46,"enemies":"Collector","floor":33,"turns":7},{"damage":0,"enemies":"3 Shapes","floor":35,"turns":6},{"damage":6,"enemies":"Orb Walker","floor":38,"turns":6},{"damage":1,"enemies":"Giant Head","floor":40,"turns":5},{"damage":0,"enemies":"Jaw Worm Horde","floor":44,"turns":3},{"damage":0,"enemies":"3 Darklings","floor":45,"turns":4},{"damage":77,"enemies":"Time Eater","floor":50,"turns":9}],"seed_played":"8466694477481755467","potions_obtained":[{"floor":5,"key":"SpeedPotion"},{"floor":6,"key":"FocusPotion"},{"floor":18,"key":"FairyPotion"},{"floor":28,"key":"Fire Potion"},{"floor":33,"key":"EssenceOfDarkness"}],"is_trial":false,"path_per_floor":["M","M","$","?","M","E","$","M","T","?","M","R","$","M","R","B",null,"M","AVR","M","?","$","R","M","R","T","?","M","M","T","E","R","B",null,"M","?","?","M","?","E","?","?","T","M","M","?","AVR","?","R","B"],"character_chosen":"DEFECT","items_purchased":["Conserve Battery","BootSequence","HandDrill","Scrape","Fire Potion","ReplayTheSpireMod:Private Reserves","Go for the Eyes","Cold Snap","Ball Lightning","FIFO Queue"],"campfire_rested":2,"item_purchase_floors":[0,0,0,0,0,0,3,7,7,13],"current_hp_per_floor":[51,51,51,51,50,29,29,29,29,51,56,56,56,66,66,23,75,75,75,75,75,75,75,75,75,75,59,64,71,71,42,64,28,75,75,75,75,75,75,75,75,75,75,75,75,75,75,75,75,0,0],"gold":369,"neow_bonus":"","is_prod":false,"is_daily":false,"chose_seed":false,"campfire_upgraded":4,"win_rate":0.0,"timestamp":1607529522,"path_taken":["M","M","?","?","M","E","$","?","T","?","M","R","?","M","R","BOSS","M","AVR","M","?","$","R","M","R","T","?","M","M","?","E","R","BOSS","M","?","?","M","?","E","?","?","T","M","M","?","AVR","?","R","BOSS"],"build_version":"2020-11-30","purchased_purges":4,"victory":false,"max_hp_per_floor":[75,75,75,75,75,75,75,75,75,75,75,75,75,75,75,75,75,75,75,75,75,75,75,75,75,75,75,75,75,75,75,75,75,75,75,75,75,75,75,75,75,75,75,75,75,78,78,78,78,78,78],"card_choices":[{"not_picked":["Steam","Hologram"],"picked":"Rip and Tear","floor":1},{"not_picked":["Compile Driver","Barrage"],"picked":"Conserve Battery","floor":2},{"not_picked":["Lockon","BasicCrystalCard"],"picked":"Scrape","floor":5},{"not_picked":["Go for the Eyes","Compile Driver"],"picked":"ReplayTheSpireMod:System Scan","floor":6},{"not_picked":["BasicCrystalCard","Sweeping Beam"],"picked":"Self Repair","floor":8},{"not_picked":["Go for the Eyes","Time Bomb"],"picked":"Stack","floor":11},{"not_picked":["Hello World","Thunder Strike","Streamline"],"picked":"SKIP","floor":14},{"not_picked":["Fission","hubris:SpecializedCircuitry"],"picked":"ReplayTheSpireMod:Omega Cannon","floor":16},{"not_picked":["Steam","Go for the Eyes","ReplayTheSpireMod:Repulse"],"picked":"SKIP","floor":18},{"not_picked":["Coolheaded","Ball Lightning"],"picked":"Hologram","floor":20},{"not_picked":["ReplaySort+1","ReplayRNGCard"],"picked":"Reinforced Body+1","floor":24},{"not_picked":["Beam Cell","Streamline","Go for the Eyes"],"picked":"SKIP","floor":28},{"not_picked":["Time Bomb","Redo","ReplayTheSpireMod:Reroute Power"],"picked":"SKIP","floor":29},{"not_picked":["Self Repair","Gash"],"picked":"ReplayTheSpireMod:Omega Cannon","floor":31},{"not_picked":["Mirror Shield","Reboot"],"picked":"Seek","floor":33},{"not_picked":["Leap","Hologram","Sweeping Beam+1"],"picked":"SKIP","floor":35},{"not_picked":["Streamline","Genetic Algorithm+1","Amplify"],"picked":"SKIP","floor":38},{"not_picked":["Mirror Shield","Panic Button","BasicCrystalCard+1"],"picked":"SKIP","floor":40},{"not_picked":["Machine Learning","Cold Snap+1","Sweeping Beam"],"picked":"SKIP","floor":44},{"not_picked":["Sweeping Beam","Go for the Eyes+1","Streamline"],"picked":"SKIP","floor":45}],"player_experience":3193,"relics_obtained":[{"floor":6,"key":"hubris:SoftwareUpdate"},{"floor":9,"key":"infinitespire:PuzzleCube"},{"floor":26,"key":"Juzu Bracelet"},{"floor":27,"key":"Replay:Blank Codex"},{"floor":30,"key":"Centennial Puzzle"},{"floor":31,"key":"MealTicket"},{"floor":31,"key":"Pet Ghost"},{"floor":40,"key":"Orichalcum"},{"floor":40,"key":"Oddly Smooth Stone"},{"floor":43,"key":"TungstenRod"}],"event_choices":[{"damage_healed":0,"gold_gain":100,"player_choice":"Pray","damage_taken":0,"max_hp_gain":0,"max_hp_loss":0,"event_name":"Golden Shrine","floor":4,"gold_loss":0},{"cards_removed":["Strike_B"],"damage_healed":0,"gold_gain":0,"player_choice":"Gave Gold","damage_taken":0,"max_hp_gain":0,"max_hp_loss":0,"event_name":"Beggar","floor":21,"gold_loss":75},{"damage_healed":0,"gold_gain":0,"player_choice":"Obtained Book","damage_taken":16,"max_hp_gain":0,"max_hp_loss":0,"event_name":"Cursed Tome","floor":27,"gold_loss":0},{"damage_healed":0,"gold_gain":0,"player_choice":"Upgraded","damage_taken":0,"max_hp_gain":0,"max_hp_loss":0,"event_name":"Upgrade Shrine","floor":37,"gold_loss":0,"cards_upgraded":["ReplayTheSpireMod:Omega Cannon"]},{"damage_healed":0,"gold_gain":0,"player_choice":"Upgrade","damage_taken":0,"relics_obtained":["Mark of the Bloom"],"max_hp_gain":0,"max_hp_loss":0,"event_name":"MindBloom","floor":42,"gold_loss":0,"cards_upgraded":["Defend_B","Defend_B","Defend_B","Defend_B","Zap","Conserve Battery","BootSequence","Scrape","ReplayTheSpireMod:Private Reserves","Rip and Tear","Conserve Battery","Go for the Eyes","Scrape","ReplayTheSpireMod:System Scan","Cold Snap","Cold Snap","Ball Lightning","Stack","FIFO Queue","ReplayTheSpireMod:Omega Cannon","Seek"]},{"damage_healed":0,"gold_gain":0,"player_choice":"Memory 1","damage_taken":0,"max_hp_gain":0,"max_hp_loss":0,"event_name":"SensoryStone","floor":48,"gold_loss":0}],"is_beta":false,"boss_relics":[{"not_picked":["Replay:Drink Me","Tiny House"],"picked":"Black Star"},{"not_picked":["hubris:Backtick","Fusion Hammer"],"picked":"hubris:ScarierMask"}],"items_purged_floors":[0,7,19,47],"is_endless":false,"potions_floor_spawned":[5,6,11,16,18,28,29,33,40,45],"killed_by":"Time Eater","ascension_level":0}}