{"host":"f0gpob8hq9vgebej","time":1607492139,"event":{"gold_per_floor":[19,32,49,63,76,76,93,93,118,133,168,168,168,168,168,239,239,258,183,196,212,26,51,51,69,69,69,98,109,119,131,131,205,255,273,287,287,287,66,66,66,85,109,125,140,140,6,18,18,18,18],"floor_reached":50,"playtime":2544,"items_purged":["Bullet Time+1","Strike_G","Strike_G+1","Parasite"],"score":1045,"play_id":"bac180fd-2742-45c1-a677-937244f8322f","local_time":"20201209143539","is_ascension_mode":true,"campfire_choices":[{"data":"Apotheosis","floor":6.0,"key":"SMITH"},{"floor":8.0,"key":"REST"},{"floor":15.0,"key":"REST"},{"floor":24.0,"key":"REST"},{"floor":32.0,"key":"REST"},{"floor":40.0,"key":"REST"},{"floor":49.0,"key":"REST"}],"neow_cost":"NO_GOLD","seed_source_timestamp":0,"circlet_count":0,"master_deck":["AscendersBane","Defend_G+1","Defend_G","Defend_G+1","Survivor","Neutralize","Apotheosis+1","Tactician","Reflex","Acrobatics","Accuracy","Blade Dance","PiercingWail","Bouncing Flask+1","Tactician+1","Backflip+1","Blade Dance","Backflip","Envenom","Purity","Phantasmal Killer","Accuracy+1","PiercingWail"],"special_seed":0,"relics":["Ring of the Snake","Juzu Bracelet","Kunai","Astrolabe","Ancient Tea Set","Smiling Mask","War Paint","Tiny House","Toy Ornithopter"],"potions_floor_usage":[],"damage_taken":[{"damage":0.0,"enemies":"Small Slimes","floor":1.0,"turns":4.0},{"damage":0.0,"enemies":"2 Louse","floor":2.0,"turns":4.0},{"damage":7.0,"enemies":"Jaw Worm","floor":3.0,"turns":5.0},{"damage":8.0,"enemies":"Looter","floor":4.0,"turns":3.0},{"damage":3.0,"enemies":"Exordium Wildlife","floor":5.0,"turns":5.0},{"damage":2.0,"enemies":"Blue Slaver","floor":7.0,"turns":5.0},{"damage":6.0,"enemies":"Looter","floor":10.0,"turns":4.0},{"damage":32.0,"enemies":"3 Sentries","floor":11.0,"turns":9.0},{"damage":3.0,"enemies":"The Guardian","floor":16.0,"turns":10.0},{"damage":0.0,"enemies":"Spheric Guardian","floor":18.0,"turns":4.0},{"damage":1.0,"enemies":"Chosen","floor":20.0,"turns":5.0},{"damage":10.0,"enemies":"Snecko","floor":21.0,"turns":5.0},{"damage":24.0,"enemies":"Gremlin Leader","floor":23.0,"turns":8.0},{"damage":3.0,"enemies":"Shelled Parasite and Fungi","floor":25.0,"turns":6.0},{"damage":0.0,"enemies":"Book of Stabbing","floor":28.0,"turns":6.0},{"damage":0.0,"enemies":"3 Cultists","floor":29.0,"turns":7.0},{"damage":10.0,"enemies":"Centurion and Healer","floor":30.0,"turns":4.0},{"damage":13.0,"enemies":"Snake Plant","floor":31.0,"turns":4.0},{"damage":0.0,"enemies":"Champ","floor":33.0,"turns":8.0},{"damage":39.0,"enemies":"3 Shapes","floor":35.0,"turns":8.0},{"damage":12.0,"enemies":"3 Darklings","floor":36.0,"turns":5.0},{"damage":22.0,"enemies":"Maw","floor":42.0,"turns":6.0},{"damage":16.0,"enemies":"Jaw Worm Horde","floor":44.0,"turns":6.0},{"damage":6.0,"enemies":"Writhing Mass","floor":45.0,"turns":7.0},{"damage":39.0,"enemies":"Sphere and 2 Shapes","floor":48.0,"turns":6.0},{"damage":25,"enemies":"Donu and Deca","floor":50,"turns":3}],"seed_played":"-6039119019874273849","potions_obtained":[{"floor":3.0,"key":"Block Potion"},{"floor":5.0,"key":"PowerPotion"},{"floor":11.0,"key":"AttackPotion"},{"floor":18.0,"key":"LiquidMemories"},{"floor":21.0,"key":"Poison Potion"},{"floor":23.0,"key":"Dexterity Potion"},{"floor":28.0,"key":"Energy Potion"},{"floor":34.0,"key":"EssenceOfSteel"},{"floor":36.0,"key":"SpeedPotion"},{"floor":44.0,"key":"FearPotion"}],"is_trial":false,"path_per_floor":["M","M","M","M","M","R","M","R","T","M","E","?","?","?","R","B",null,"M","$","M","M","$","E","R","M","T","?","E","M","M","M","R","B",null,"M","M","?","?","$","R","?","M","T","M","M","?","$","M","R","B"],"character_chosen":"THE_SILENT","items_purchased":["Regen Potion","Phantasmal Killer","Dexterity Potion","PiercingWail"],"campfire_rested":6,"item_purchase_floors":[22,39,47,47],"current_hp_per_floor":[59,59,52,44,41,41,39,58,58,52,20,20,13,13,32,29,57,57,57,56,46,46,37,56,53,53,53,53,53,43,30,49,49,67,28,16,16,16,16,37,37,15,15,4,3,55,52,13,28,3,3],"gold":18,"neow_bonus":"RANDOM_COLORLESS_2","is_prod":false,"is_daily":false,"chose_seed":false,"campfire_upgraded":1,"win_rate":0,"timestamp":1607492139,"path_taken":["M","M","M","M","M","R","M","R","T","M","E","?","?","?","R","BOSS","M","$","M","M","$","E","R","M","T","?","E","M","M","M","R","BOSS","M","M","?","?","$","R","?","M","T","M","M","?","$","M","R","BOSS"],"build_version":"2020-11-30","purchased_purges":4,"victory":false,"max_hp_per_floor":[66,66,66,66,66,66,66,66,66,66,66,66,66,66,66,66,66,66,66,66,66,66,66,66,66,66,66,66,66,66,66,66,66,71,71,71,71,71,71,71,67,67,67,67,67,55,52,52,52,52,52],"card_choices":[{"not_picked":["Thinking Ahead","Violence"],"picked":"Apotheosis","floor":0.0},{"not_picked":["Cloak And Dagger","All Out Attack"],"picked":"Tactician","floor":1.0},{"not_picked":["Caltrops","Flying Knee"],"picked":"Reflex","floor":2.0},{"not_picked":["Setup","Slice"],"picked":"Acrobatics","floor":3.0},{"not_picked":["Calculated Gamble","Outmaneuver"],"picked":"Accuracy","floor":4.0},{"not_picked":["Acrobatics","Blur","Skewer"],"picked":"SKIP","floor":5.0},{"not_picked":["Choke","Outmaneuver"],"picked":"Blade Dance","floor":7.0},{"not_picked":["Cloak And Dagger","Caltrops"],"picked":"PiercingWail","floor":10.0},{"not_picked":["Masterful Stab","Flying Knee","Bullet Time"],"picked":"SKIP","floor":11.0},{"not_picked":["Poisoned Stab","Dagger Spray","Underhanded Strike+1"],"picked":"SKIP","floor":18.0},{"not_picked":["Flying Knee","Dagger Throw","Terror"],"picked":"SKIP","floor":20.0},{"not_picked":["Calculated Gamble","Flying Knee","PiercingWail"],"picked":"SKIP","floor":21.0},{"not_picked":["Blur","All Out Attack"],"picked":"Backflip+1","floor":23.0},{"not_picked":["Deadly Poison+1","Reflex","Dodge and Roll"],"picked":"SKIP","floor":25.0},{"not_picked":["Heel Hook","Distraction","Bullet Time"],"picked":"SKIP","floor":28.0},{"not_picked":["Deadly Poison","Riddle With Holes"],"picked":"Blade Dance","floor":29.0},{"not_picked":["Noxious Fumes","Flechettes"],"picked":"Backflip","floor":30.0},{"not_picked":["Dagger Spray","Heel Hook","Caltrops"],"picked":"SKIP","floor":31.0},{"not_picked":["Die Die Die","Malaise"],"picked":"Envenom","floor":33.0},{"not_picked":["Deadly Poison","Flechettes","PiercingWail+1"],"picked":"SKIP","floor":35.0},{"not_picked":["Cloak And Dagger","Backstab","Dagger Throw"],"picked":"SKIP","floor":36.0},{"not_picked":["The Bomb","Jack Of All Trades"],"picked":"Purity","floor":37.0},{"not_picked":["Tactician","Dagger Spray+1","Bouncing Flask+1"],"picked":"SKIP","floor":42.0},{"not_picked":["Crippling Poison","Caltrops","Blade Dance+1"],"picked":"SKIP","floor":44.0},{"not_picked":["Concentrate","Caltrops+1"],"picked":"Accuracy+1","floor":45.0},{"not_picked":["Backflip","Endless Agony","Sucker Punch"],"picked":"SKIP","floor":48.0}],"player_experience":269160,"relics_obtained":[{"floor":9.0,"key":"Juzu Bracelet"},{"floor":11.0,"key":"Kunai"},{"floor":23.0,"key":"Ancient Tea Set"},{"floor":26.0,"key":"Smiling Mask"},{"floor":28.0,"key":"War Paint"},{"floor":43.0,"key":"Toy Ornithopter"}],"event_choices":[{"cards_removed":["Strike_G"],"damage_healed":0.0,"max_hp_gain":0.0,"max_hp_loss":0.0,"gold_gain":0.0,"event_name":"Living Wall","player_choice":"Forget","floor":12.0,"gold_loss":0.0,"damage_taken":0.0},{"cards_removed":["Defend_G"],"damage_healed":0.0,"max_hp_gain":0.0,"max_hp_loss":0.0,"gold_gain":0.0,"event_name":"Golden Wing","player_choice":"Card Removal","floor":13.0,"gold_loss":0.0,"damage_taken":7.0},{"damage_healed":0.0,"max_hp_gain":0.0,"max_hp_loss":0.0,"gold_gain":0.0,"event_name":"Golden Idol","player_choice":"Ignored","floor":14.0,"gold_loss":0.0,"damage_taken":0.0},{"damage_healed":0.0,"max_hp_gain":0.0,"max_hp_loss":0.0,"gold_gain":0.0,"event_name":"The Mausoleum","player_choice":"Ignored","floor":27.0,"gold_loss":0.0,"damage_taken":0.0},{"damage_healed":0.0,"max_hp_gain":0.0,"max_hp_loss":0.0,"gold_gain":0.0,"event_name":"SensoryStone","player_choice":"Memory 1","floor":37.0,"gold_loss":0.0,"damage_taken":0.0},{"damage_healed":0.0,"max_hp_gain":0.0,"max_hp_loss":0.0,"gold_gain":0.0,"event_name":"Tomb of Lord Red Mask","player_choice":"Ignored","floor":38.0,"gold_loss":0.0,"damage_taken":0.0},{"damage_healed":0.0,"max_hp_gain":0.0,"max_hp_loss":4.0,"gold_gain":0.0,"event_name":"Winding Halls","player_choice":"Max HP","floor":41.0,"gold_loss":0.0,"damage_taken":0.0},{"damage_healed":55.0,"max_hp_gain":0.0,"max_hp_loss":12.0,"gold_gain":0.0,"event_name":"The Moai Head","player_choice":"Heal","floor":46.0,"gold_loss":0.0,"damage_taken":0.0}],"is_beta":false,"boss_relics":[{"not_picked":["Black Star","Coffee Dripper"],"picked":"Astrolabe"},{"not_picked":["Velvet Choker","Sozu"],"picked":"Tiny House"}],"items_purged_floors":[19,22,39,47],"is_endless":false,"potions_floor_spawned":[3,5,11,18,21,23,28,36,44],"killed_by":"Donu and Deca","ascension_level":17}}