{"host":"jgyoyy5iuhtvyvtg","time":1607505958,"event":{"gold_per_floor":[276,286,360,360,379,379,329,329,354,354,366,383,383,414,414,516,516,516,516,161,161,173,173,183,208,208,226,226,150,166,179,179,277,277,296,312,194,205,205,205,218,218,267,279,309,309,57,73,73,80,80],"floor_reached":52,"playtime":3350,"items_purged":["hermit:Strike_Hermit","Woodsman"],"score":852,"play_id":"8f366630-942b-43b5-937f-79b68404d49d","local_time":"20201209012558","is_ascension_mode":false,"campfire_choices":[{"data":"hermit:Desperado","floor":6.0,"key":"SMITH"},{"data":"hermit:Snapshot","floor":8.0,"key":"SMITH"},{"data":"hermit:Covet","floor":10.0,"key":"SMITH"},{"floor":13.0,"key":"REST"},{"data":"hermit:Manifest","floor":15.0,"key":"SMITH"},{"data":"hermit:FatalDesire","floor":23.0,"key":"SMITH"},{"data":"hermit:Determination","floor":32,"key":"SMITH"},{"data":"hermit:Quickdraw","floor":40,"key":"SMITH"},{"data":"hermit:Spite","floor":42,"key":"SMITH"},{"data":"hermit:Brawl","floor":49,"key":"SMITH"},{"data":"hermit:Spite","floor":49,"key":"SMITH"}],"neow_cost":"","seed_source_timestamp":462979483176500,"circlet_count":0,"master_deck":["WhiteNight","hermit:Strike_Hermit","hermit:Defend_Hermit+1","hermit:Defend_Hermit","hermit:Defend_Hermit+1","hermit:Defend_Hermit","hermit:Snapshot+1","hermit:Covet+1","hermit:Desperado+1","hermit:ShadowCloak+1","hermit:Manifest+1","hermit:Spite+1","hermit:FatalDesire+1","Replay:SS_fish_3+1","hermit:Brawl+1","OSAHOGD","hermit:Quickdraw+1","HereticApostle","hermit:SprayPray","hermit:Misfire","hermit:Feint","hermit:Adapt+1","hermit:Determination+1","hermit:Manifest+1","hermit:SprayPray+1","hermit:ShadowCloak","hermit:ShadowCloak","hermit:Misfire+1","hermit:Scavenge+1","hermit:Spite+1","CENSORED","hermit:Malice+1"],"special_seed":0,"relics":["hermit:Momento","CogitoBucket","RabbitCall","LetterFromLob","Bag of Preparation","RollingBoulder","SolemnVow_r","War Paint","Coffee Dripper","LaetitiaHeart","Membership Card","The Courier","BlackRope","BackwardClock","hermit:Momento","CogitoBucket","RabbitCall","LetterFromLob","Bag of Preparation","RollingBoulder","SolemnVow_r","War Paint","Coffee Dripper","LaetitiaHeart","Membership Card","The Courier","BlackRope","BackwardClock","conspire:RoyalGoblet","hermit:Momento","CogitoBucket","RabbitCall","LetterFromLob","Bag of Preparation","RollingBoulder","SolemnVow_r","War Paint","Coffee Dripper","LaetitiaHeart","Membership Card","The Courier","BlackRope","conspire:RoyalGoblet","Oddly Smooth Stone","AtMidnight","Strawberry","Counterbalance","DeathAngel","Replay:Arrowhead","Guide Book"],"potions_floor_usage":[31,41,41,41,41,41,41,41,46,46,46,46,46,48,48,50,50,50,50,50,50,50,50,50,50,50,50,50,50,50,50,50,50,50,50,50,50,50,50,50,50,50,50,50,50,50,50,50],"damage_taken":[{"damage":2.0,"enemies":"2 Louse","floor":1.0,"turns":3.0},{"damage":1.0,"enemies":"Jaw Worm","floor":2.0,"turns":3.0},{"damage":2.0,"enemies":"Small Slimes","floor":5.0,"turns":2.0},{"damage":19.0,"enemies":"Exordium Wildlife","floor":11.0,"turns":4.0},{"damage":11.0,"enemies":"Blue Slaver","floor":12.0,"turns":4.0},{"damage":9.0,"enemies":"Lagavulin","floor":14.0,"turns":5.0},{"damage":12.0,"enemies":"Fading Forest","floor":16.0,"turns":11.0},{"damage":14.0,"enemies":"theJungle:5_Spyders","floor":22.0,"turns":3.0},{"damage":2,"enemies":"theJungle:Flameango_and_Byrd","floor":24,"turns":7},{"damage":3,"enemies":"theJungle:Cassacara","floor":25,"turns":7},{"damage":15,"enemies":"theJungle:JungleHuntersEncounter","floor":27,"turns":4},{"damage":5,"enemies":"theJungle:2_Snecko_Cultists","floor":30,"turns":5},{"damage":32,"enemies":"theJungle:Lyon","floor":31,"turns":6},{"damage":0,"enemies":"theJungle:QueenSpyder","floor":33,"turns":8},{"damage":2,"enemies":"3 Shapes","floor":35,"turns":6},{"damage":1,"enemies":"Orb Walker","floor":36,"turns":3},{"damage":29,"enemies":"Jaw Worm Horde","floor":38,"turns":5},{"damage":113,"enemies":"Sphere and 2 Shapes","floor":41,"turns":7},{"damage":6,"enemies":"Spire Growth","floor":44,"turns":4},{"damage":0,"enemies":"Nemesis","floor":45,"turns":5},{"damage":44,"enemies":"Maw","floor":46,"turns":19},{"damage":0,"enemies":"Maw","floor":48,"turns":6},{"damage":0,"enemies":"Time Eater","floor":50,"turns":9}],"seed_played":"-1272152128251083410","potions_obtained":[{"floor":11.0,"key":"Swift Potion"},{"floor":16.0,"key":"FairyPotion"},{"floor":25,"key":"Reflective Coating"},{"floor":33,"key":"Explosive Potion"}],"is_trial":false,"path_per_floor":["M","M","?","?","M","R","?","R","T","R","M","M","R","E","R","B",null,"M","?","$","?","M","R","M","E","T","M","?","$","M","M","R","B",null,"M","M","$","M","?","R","M","R","T","M","E","M","$","M","R","B",null,null],"character_chosen":"HERMIT","items_purchased":["Replay:SS_fish_3","hermit:Brawl","Membership Card","hermit:Adapt+1","hermit:Determination","hermit:ShadowCloak","hermit:ShadowCloak","Oddly Smooth Stone","Replay:Arrowhead","Guide Book","hermit:Spite"],"campfire_rested":1,"item_purchase_floors":[20,20,20,29,29,37,37,37,47,47,47],"current_hp_per_floor":[73,72,72,69,67,67,67,67,67,67,48,38,60,52,52,43,75,75,75,75,75,62,62,60,57,57,58,58,58,75,63,63,75,75,75,75,75,69,75,75,75,75,75,82,82,38,38,82,82,82,82],"gold":80,"neow_bonus":"","is_prod":false,"is_daily":false,"chose_seed":false,"campfire_upgraded":10,"win_rate":0,"timestamp":1607505958,"path_taken":["M","M","?","?","M","R","?","R","T","R","M","M","R","E","R","BOSS","M","?","$","?","M","R","M","E","T","M","?","$","M","M","R","BOSS","M","M","$","M","?","R","?","R","T","M","E","M","$","M","R","BOSS"],"build_version":"2020-11-30","purchased_purges":2,"victory":true,"max_hp_per_floor":[75,75,75,75,75,75,75,75,75,75,75,75,75,75,75,75,75,75,75,75,75,75,75,75,75,75,75,75,75,75,75,75,75,75,75,75,75,75,75,75,75,75,82,82,82,82,82,82,82,82,82],"card_choices":[{"not_picked":["Murderer","PunishingBird","OSAHOGD"],"picked":"Singing Bowl","floor":1.0},{"not_picked":["hermit:CalledShot","hermit:ItchyTrigger","hermit:Vantage"],"picked":"SKIP","floor":1.0},{"not_picked":["OSAHOGD","BeautyBeast","Mercenary"],"picked":"Singing Bowl","floor":2.0},{"not_picked":["hermit:Dive","hermit:BodyArmor"],"picked":"hermit:Desperado","floor":2.0},{"not_picked":["BeautyBeast","BodiesMountain","PunishingBird"],"picked":"Singing Bowl","floor":5.0},{"not_picked":["hermit:TrackingShot","hermit:GhostlyPresence","hermit:Misfire"],"picked":"SKIP","floor":5.0},{"not_picked":["MeatLantern","SpiderBud","BlackSwan"],"picked":"Singing Bowl","floor":11.0},{"not_picked":["Alriune","OldLady"],"picked":"Funeral","floor":11.0},{"not_picked":["hermit:HighNoon","hermit:LowProfile"],"picked":"hermit:ShadowCloak","floor":11.0},{"not_picked":["QueenBee","PunishingBird","WhitesApple"],"picked":"Singing Bowl","floor":12.0},{"not_picked":["hermit:TrackingShot","hermit:CalledShot"],"picked":"hermit:Manifest","floor":12.0},{"not_picked":["BeautyBeast","SpiderBud","Alriune"],"picked":"Singing Bowl","floor":14.0},{"not_picked":["hermit:Scavenge","hermit:Magnum"],"picked":"hermit:Spite","floor":14.0},{"not_picked":["NothingThere","VoidDream","LittleHelper"],"picked":"Singing Bowl","floor":16.0},{"not_picked":["hermit:BlackWind","hermit:FromBeyond"],"picked":"hermit:FatalDesire","floor":16.0},{"not_picked":["FleshIdolRelic","HellTrainRelic","ResearcherNoteRelic"],"picked":"Singing Bowl","floor":22.0},{"not_picked":["WhitesApple","Scorched"],"picked":"OSAHOGD","floor":22.0},{"not_picked":["LongBird","Wellcheers"],"picked":"WhiteNight","floor":22.0},{"not_picked":["hermit:LowProfile","hermit:TakeCover","hermit:Ricochet"],"picked":"SKIP","floor":22.0},{"not_picked":["PunishingBird","BlueStar","Wellcheers"],"picked":"Singing Bowl","floor":24},{"not_picked":["hermit:Headshot","hermit:ShadowCloak"],"picked":"hermit:Quickdraw","floor":24},{"not_picked":["SpiderBud","Wellcheers","MHz"],"picked":"Singing Bowl","floor":25},{"not_picked":["SpiderBud","Bloodbath"],"picked":"CENSORED","floor":25},{"not_picked":["hermit:FinalCanter","hermit:Coalescence"],"picked":"hermit:SprayPray","floor":25},{"not_picked":["FieryBird","NakedNest","CherryBlossoms"],"picked":"Singing Bowl","floor":27},{"not_picked":["hermit:Headshot","hermit:Manifest"],"picked":"hermit:Misfire","floor":27},{"not_picked":["Laetitia","BigBadWolf","VoidDream"],"picked":"Singing Bowl","floor":30},{"not_picked":["Rudolta","UniverseFragment"],"picked":"Woodsman","floor":30},{"not_picked":["hermit:ItchyTrigger+1","hermit:Roulette","hermit:NoHoldsBarred"],"picked":"SKIP","floor":30},{"not_picked":["BeautyBeast","Wellcheers","OldLady"],"picked":"Singing Bowl","floor":31},{"not_picked":["hermit:TakeAim","hermit:Virtue","hermit:Headshot"],"picked":"SKIP","floor":31},{"not_picked":["SilentOrchestra","Laetitia","LongBird"],"picked":"Singing Bowl","floor":33},{"not_picked":["hermit:OverwhelmingPower","hermit:Purgatory"],"picked":"hermit:HeroicBravado","floor":33},{"not_picked":["FairyFestival","DespairKnight","ShyLook"],"picked":"Singing Bowl","floor":35},{"not_picked":["hermit:HighCaliber+1","hermit:ItchyTrigger+1"],"picked":"hermit:Manifest+1","floor":35},{"not_picked":["FieryBird","DespairKnight","SnowQueen"],"picked":"Singing Bowl","floor":36},{"not_picked":["hermit:Gambit","hermit:Manifest+1"],"picked":"hermit:SprayPray+1","floor":36},{"not_picked":["Rudolta","NothingThere","BodiesMountain"],"picked":"Singing Bowl","floor":38},{"not_picked":["hermit:Coalescence+1","hermit:Feint"],"picked":"hermit:Misfire+1","floor":38},{"not_picked":["BeautyBeast","BlackArmy"],"picked":"WhiteNight","floor":41},{"not_picked":["BodiesMountain","CrumblingArmor","MHz"],"picked":"Singing Bowl","floor":41},{"not_picked":["hermit:Feint+1","hermit:Enervate","hermit:LoneWolf"],"picked":"SKIP","floor":41},{"not_picked":["MeatLantern","Scorched","GreedKing"],"picked":"Singing Bowl","floor":44},{"not_picked":["hermit:Ricochet+1","hermit:LowProfile+1","hermit:Quickdraw"],"picked":"SKIP","floor":44},{"not_picked":["Wellcheers","Laetitia","Murderer"],"picked":"Singing Bowl","floor":45},{"not_picked":["hermit:Quickdraw","hermit:LuckOfTheDraw","hermit:LoneWolf+1"],"picked":"SKIP","floor":45},{"not_picked":["Porccubus","Funeral","Scarecrow"],"picked":"Singing Bowl","floor":46},{"not_picked":["hermit:NoHoldsBarred+1","hermit:Midnight+1"],"picked":"hermit:Scavenge+1","floor":46},{"not_picked":["NothingThere","DreamingCurrent","HappyTeddy"],"picked":"Singing Bowl","floor":48},{"not_picked":["QueenOfHatred","LaLuna"],"picked":"CENSORED","floor":48},{"not_picked":["hermit:BodyArmor","hermit:TrackingShot"],"picked":"hermit:Malice+1","floor":48}],"player_experience":3045903,"relics_obtained":[{"floor":1.0,"key":"LetterFromLob"},{"floor":9.0,"key":"RollingBoulder"},{"floor":14.0,"key":"War Paint"},{"floor":25,"key":"The Courier"},{"floor":26,"key":"BlackRope"},{"floor":41,"key":"AtMidnight"},{"floor":43,"key":"Strawberry"},{"floor":45,"key":"Counterbalance"},{"floor":46,"key":"DeathAngel"}],"event_choices":[{"damage_healed":0.0,"max_hp_gain":0.0,"max_hp_loss":0.0,"gold_gain":74.0,"event_name":"Golden Wing","player_choice":"Gained Gold","floor":3.0,"gold_loss":0.0,"damage_taken":0.0},{"damage_healed":0.0,"max_hp_gain":0.0,"max_hp_loss":0.0,"gold_gain":0.0,"event_name":"Scrap Ooze","player_choice":"Success","floor":4.0,"gold_loss":0.0,"damage_taken":3.0,"relics_obtained":["Bag of Preparation"]},{"cards_removed":["hermit:Strike_Hermit"],"damage_healed":0.0,"max_hp_gain":0.0,"max_hp_loss":0.0,"gold_gain":0.0,"event_name":"The Cleric","player_choice":"Card Removal","floor":7.0,"gold_loss":50.0,"damage_taken":0.0},{"damage_healed":0,"gold_gain":0,"cards_transformed":["hermit:Strike_Hermit"],"player_choice":"Transformed","damage_taken":0,"max_hp_gain":0,"max_hp_loss":0,"event_name":"Transmorgrifier","floor":28,"gold_loss":0,"cards_obtained":["hermit:Feint"]},{"damage_healed":6,"gold_gain":0,"player_choice":"Full Heal","damage_taken":0,"max_hp_gain":0,"max_hp_loss":0,"event_name":"Wheel of Change","floor":39,"gold_loss":0}],"is_beta":false,"boss_relics":[{"not_picked":["Fusion Hammer","Replay:Fungal Core"],"picked":"Coffee Dripper"},{"not_picked":["Honey Jar","Tiny House"],"picked":"conspire:RoyalGoblet"}],"items_purged_floors":[20,47],"is_endless":false,"potions_floor_spawned":[11,16,25,30,33,35,36],"ascension_level":0}}