{"host":"o3so5oxo9aakc7d5","time":1607550209,"event":{"gold_per_floor":[110,110,35,52,65,65,96,120,143,160,160,178,206,224,224,321,321,335,335,346,346,365,365,382,417,417,10,10,29,61,61,61,162,162,177,177,52,72,72,72,72,72],"floor_reached":41,"playtime":1533,"items_purged":["Strike_R","Defend_R","Bandage Up"],"score":488,"play_id":"e5037f0a-ad58-485e-8261-dbb63f1f85b3","local_time":"20201209144329","is_ascension_mode":true,"campfire_choices":[{"data":"Pommel Strike","floor":6,"key":"SMITH"},{"data":"Cleave","floor":15,"key":"SMITH"},{"data":"Double Tap","floor":23,"key":"SMITH"},{"floor":28,"key":"REST"},{"floor":32,"key":"REST"},{"data":"Inflame","floor":40,"key":"SMITH"}],"neow_cost":"NONE","seed_source_timestamp":1738550378162400,"circlet_count":0,"master_deck":["Defend_R","Defend_R","Defend_R","Bash","Flex","Pommel Strike+1","Shrug It Off","Cleave+1","Rampage","Double Tap+1","Bite+1","Bite","Bite","Bite","Bite+1","Rampage","Inflame+1"],"relics":["Burning Blood","NeowsBlessing","Regal Pillow","Strawberry","Question Card","SlaversCollar","Ancient Tea Set","Bottled Flame","Whetstone","MealTicket","Toy Ornithopter","Busted Crown"],"potions_floor_usage":[7,7,7,13,14,14,25,25,25,33,41,41],"damage_taken":[{"damage":0,"enemies":"Jaw Worm","floor":1,"turns":1},{"damage":0,"enemies":"Cultist","floor":4,"turns":1},{"damage":0,"enemies":"2 Louse","floor":5,"turns":1},{"damage":24,"enemies":"Gremlin Nob","floor":7,"turns":4},{"damage":22,"enemies":"Exordium Wildlife","floor":10,"turns":4},{"damage":10,"enemies":"Looter","floor":12,"turns":2},{"damage":14,"enemies":"3 Sentries","floor":13,"turns":6},{"damage":7,"enemies":"Exordium Thugs","floor":14,"turns":4},{"damage":50,"enemies":"Slime Boss","floor":16,"turns":11},{"damage":13,"enemies":"3 Byrds","floor":18,"turns":4},{"damage":26,"enemies":"Chosen","floor":20,"turns":6},{"damage":69,"enemies":"Snecko","floor":22,"turns":7},{"damage":42,"enemies":"3 Cultists","floor":24,"turns":5},{"damage":51,"enemies":"Slavers","floor":25,"turns":5},{"damage":42,"enemies":"Chosen and Byrds","floor":29,"turns":5},{"damage":54,"enemies":"Gremlin Leader","floor":30,"turns":7},{"damage":105,"enemies":"Collector","floor":33,"turns":10},{"damage":64,"enemies":"3 Darklings","floor":35,"turns":5},{"damage":23,"enemies":"Orb Walker","floor":38,"turns":3},{"damage":112,"enemies":"Nemesis","floor":41,"turns":8}],"seed_played":"-5230319857441322053","potions_obtained":[{"floor":2,"key":"SneckoOil"},{"floor":2,"key":"Fruit Juice"},{"floor":2,"key":"LiquidBronze"},{"floor":5,"key":"EntropicBrew"},{"floor":10,"key":"Energy Potion"},{"floor":13,"key":"Swift Potion"},{"floor":14,"key":"BloodPotion"},{"floor":20,"key":"PowerPotion"},{"floor":30,"key":"DistilledChaos"},{"floor":33,"key":"SkillPotion"},{"floor":38,"key":"SkillPotion"}],"is_trial":false,"path_per_floor":["M","?","$","M","M","R","E","T","T","M","?","M","E","M","R","B",null,"M","?","M","?","M","R","M","E","T","$","R","M","E","$","R","B",null,"M","?","$","M","?","R","E"],"character_chosen":"IRONCLAD","items_purchased":["Whetstone","MealTicket"],"campfire_rested":2,"item_purchase_floors":[27,27],"current_hp_per_floor":[80,80,80,80,80,80,67,74,74,60,60,62,60,65,65,27,92,85,85,81,81,38,38,20,13,13,13,55,39,22,37,79,17,92,46,46,61,57,57,57,0,0],"gold":72,"neow_bonus":"THREE_ENEMY_KILL","is_prod":false,"is_daily":false,"chose_seed":false,"campfire_upgraded":4,"win_rate":0,"timestamp":1607550209,"path_taken":["M","?","$","?","M","R","E","?","T","M","?","?","E","M","R","BOSS","M","?","M","?","?","R","M","E","T","$","R","M","E","$","R","BOSS","M","?","$","M","?","R","E"],"build_version":"2020-11-30","purchased_purges":3,"victory":false,"max_hp_per_floor":[80,80,80,80,80,80,85,92,92,92,92,92,92,92,92,92,92,92,92,92,92,92,92,92,92,92,92,92,92,92,92,92,92,92,92,92,92,92,87,87,87,87],"card_choices":[{"not_picked":["Sword Boomerang","Metallicize"],"picked":"Flex","floor":1},{"not_picked":["Warcry","Rupture"],"picked":"Pommel Strike","floor":4},{"not_picked":["Searing Blow","Wild Strike","Flame Barrier"],"picked":"SKIP","floor":5},{"not_picked":["Flame Barrier","Heavy Blade"],"picked":"Shrug It Off","floor":7},{"not_picked":["Shrug It Off","Sword Boomerang"],"picked":"Cleave","floor":10},{"not_picked":["Panache","Dark Shackles"],"picked":"Bandage Up","floor":11},{"not_picked":["Combust","Havoc","Sword Boomerang"],"picked":"SKIP","floor":12},{"not_picked":["Headbutt","Power Through","Dropkick"],"picked":"SKIP","floor":13},{"not_picked":["Sentinel","Pommel Strike","Thunderclap"],"picked":"Rampage","floor":14},{"not_picked":["Bludgeon","Limit Break","Immolate"],"picked":"Double Tap","floor":16},{"not_picked":["Pommel Strike","Armaments","Heavy Blade","Havoc+1"],"picked":"SKIP","floor":18},{"not_picked":["Thunderclap","Feel No Pain+1","Intimidate+1","Evolve"],"picked":"SKIP","floor":20},{"not_picked":["True Grit","Clash+1","Immolate"],"picked":"Inflame","floor":22},{"not_picked":["Anger","Feel No Pain+1","Iron Wave","Pummel+1"],"picked":"SKIP","floor":24},{"not_picked":["Rage","Uppercut","Clash","True Grit"],"picked":"SKIP","floor":25},{"not_picked":["Headbutt","Dark Embrace","True Grit","Armaments"],"picked":"SKIP","floor":29},{"not_picked":["Clothesline","Bloodletting","True Grit","Perfected Strike"],"picked":"SKIP","floor":30},{"not_picked":["Armaments+1","Pommel Strike+1"],"picked":"SKIP","floor":35},{"not_picked":["Perfected Strike","True Grit"],"picked":"SKIP","floor":38}],"player_experience":501055,"relics_obtained":[{"floor":7,"key":"Regal Pillow"},{"floor":8,"key":"Strawberry"},{"floor":9,"key":"Blood Vial"},{"floor":13,"key":"Question Card"},{"floor":25,"key":"Ancient Tea Set"},{"floor":26,"key":"Bottled Flame"},{"floor":30,"key":"Toy Ornithopter"}],"event_choices":[{"damage_healed":0,"gold_gain":0,"player_choice":"Got Potions","damage_taken":0,"max_hp_gain":0,"max_hp_loss":0,"event_name":"Lab","floor":2,"gold_loss":0},{"damage_healed":0,"gold_gain":1,"player_choice":"1","damage_taken":0,"max_hp_gain":0,"max_hp_loss":0,"event_name":"betterStone:BetterStone","floor":11,"gold_loss":0},{"damage_healed":0,"gold_gain":0,"player_choice":"Became a vampire (Vial)","damage_taken":0,"max_hp_gain":0,"max_hp_loss":0,"event_name":"Vampires","floor":19,"relics_lost":["Blood Vial"],"gold_loss":0,"cards_obtained":["Bite","Bite","Bite","Bite","Bite"]},{"damage_healed":0,"gold_gain":0,"player_choice":"Copied","damage_taken":0,"max_hp_gain":0,"max_hp_loss":0,"event_name":"Duplicator","floor":21,"gold_loss":0,"cards_obtained":["Rampage"]},{"damage_healed":0,"gold_gain":0,"player_choice":"Ignored","damage_taken":0,"max_hp_gain":0,"max_hp_loss":0,"event_name":"The Moai Head","floor":36,"gold_loss":0},{"damage_healed":0,"gold_gain":0,"player_choice":"Max HP","damage_taken":0,"max_hp_gain":0,"max_hp_loss":5,"event_name":"Winding Halls","floor":39,"gold_loss":0}],"is_beta":false,"boss_relics":[{"not_picked":["Tiny House","Fusion Hammer"],"picked":"SlaversCollar"},{"not_picked":["Runic Dome","Cursed Key"],"picked":"Busted Crown"}],"items_purged_floors":[3,27,37],"is_endless":false,"potions_floor_spawned":[5,10,13,14,20,22,24,30,33,38],"killed_by":"Nemesis","ascension_level":1}}