{"host":"jpcy2bclvs7juczu","time":1607525147,"event":{"gold_per_floor":[369,389,45,45,59,59,86,86,86,102,145,145,15,38,38,38,38],"floor_reached":16,"playtime":499,"items_purged":["Strike_B"],"score":220,"play_id":"6d2cf100-875a-4ee5-b8b1-f34716caa29e","local_time":"20201209094547","is_ascension_mode":true,"campfire_choices":[{"data":"Turbo","floor":6.0,"key":"SMITH"},{"floor":8.0,"key":"REST"},{"data":"Reinforced Body","floor":12.0,"key":"SMITH"},{"data":"Steam Power","floor":15.0,"key":"SMITH"}],"neow_cost":"PERCENT_DAMAGE","seed_source_timestamp":-1349952047979856816,"circlet_count":0,"master_deck":["AscendersBane","Strike_B","Strike_B","Strike_B","Defend_B","Defend_B","Defend_B","Defend_B","Zap","Dualcast","Ball Lightning","Turbo+1","Steam Power+1","Leap","Reinforced Body+1","Leap"],"special_seed":0,"relics":["Cracked Core","Ice Cream","Pantograph","Shuriken","CeramicFish"],"potions_floor_usage":[16,16],"damage_taken":[{"damage":3.0,"enemies":"2 Louse","floor":1.0,"turns":3.0},{"damage":12.0,"enemies":"Small Slimes","floor":2.0,"turns":3.0},{"damage":2.0,"enemies":"Jaw Worm","floor":5.0,"turns":3.0},{"damage":25.0,"enemies":"3 Sentries","floor":7.0,"turns":7.0},{"damage":7.0,"enemies":"Large Slime","floor":10.0,"turns":4.0},{"damage":4.0,"enemies":"Gremlin Nob","floor":11.0,"turns":3.0},{"damage":12.0,"enemies":"Lots of Slimes","floor":14.0,"turns":4.0},{"damage":32,"enemies":"Hexaghost","floor":16,"turns":9}],"seed_played":"-7261871368896056867","potions_obtained":[{"floor":1.0,"key":"ColorlessPotion"},{"floor":7.0,"key":"LiquidMemories"},{"floor":10.0,"key":"EssenceOfDarkness"}],"is_trial":false,"path_per_floor":["M","M","$","?","M","R","E","R","T","M","E","R","$","M","R","B"],"character_chosen":"DEFECT","items_purchased":["Ice Cream","SpeedPotion"],"campfire_rested":1,"item_purchase_floors":[3,13],"current_hp_per_floor":[43,31,31,31,29,29,4,25,25,18,14,14,14,2,2,0,0],"gold":38,"neow_bonus":"TWO_FIFTY_GOLD","is_prod":false,"is_daily":false,"chose_seed":false,"campfire_upgraded":3,"win_rate":0,"timestamp":1607525147,"path_taken":["M","M","$","?","M","R","E","R","T","M","E","R","$","M","R","BOSS"],"build_version":"2020-11-30","purchased_purges":1,"victory":false,"max_hp_per_floor":[71,71,71,71,71,71,71,71,71,71,71,71,71,71,71,71,71],"relic_stats":{"counters":[8,36],"Shuriken":[3],"Pantograph":25,"CeramicFish":18,"obtain_stats":[{"Ice Cream":3,"Shuriken":9,"Pantograph":7,"CeramicFish":11,"Cracked Core":0},{"Ice Cream":2,"Shuriken":4,"Pantograph":4,"CeramicFish":6,"Cracked Core":0},{"Ice Cream":6,"Shuriken":16,"Pantograph":16,"CeramicFish":23,"Cracked Core":0}]},"card_choices":[{"not_picked":["Stack","Redo"],"picked":"Ball Lightning","floor":1.0},{"not_picked":["Beam Cell","Tempest","Storm"],"picked":"SKIP","floor":2.0},{"not_picked":["Beam Cell","Barrage"],"picked":"Turbo","floor":5.0},{"not_picked":["Rebound","Hologram"],"picked":"Steam Power","floor":7.0},{"not_picked":["Barrage","Rainbow"],"picked":"Leap","floor":10.0},{"not_picked":["Conserve Battery","Turbo"],"picked":"Reinforced Body","floor":11.0},{"not_picked":["Ball Lightning","Redo"],"picked":"Leap","floor":14.0}],"player_experience":1467272,"relics_obtained":[{"floor":7.0,"key":"Pantograph"},{"floor":9.0,"key":"Shuriken"},{"floor":11.0,"key":"CeramicFish"}],"event_choices":[{"damage_healed":0.0,"max_hp_gain":0.0,"max_hp_loss":0.0,"gold_gain":0.0,"event_name":"Golden Wing","player_choice":"Ignored","floor":4.0,"gold_loss":0.0,"damage_taken":0.0}],"is_beta":false,"boss_relics":[],"items_purged_floors":[13],"is_endless":false,"potions_floor_spawned":[1,7,10],"killed_by":"Hexaghost","ascension_level":20}}