{"host":"l4zsyynf3knc4g5z","time":1607536991,"event":{"gold_per_floor":[117,130,130,142,154,154,173,202,202,202,312,326,326,97,97,194,194,214,62,79,178,178,178,210,110,161,161,161],"floor_reached":27,"playtime":1100,"items_purged":["HollowMod:QuickDashStart","HollowMod:SoulMaster"],"score":231,"play_id":"561f5a97-e9cd-4a75-9401-0c662eef2783","local_time":"20201209100311","is_ascension_mode":false,"campfire_choices":[{"data":"HollowMod:BaldurShell","floor":6,"key":"SMITH"},{"data":"HollowMod:VengefulSpirit","floor":10,"key":"SMITH"},{"floor":13,"key":"REST"},{"floor":15,"key":"REST"},{"data":"HollowMod:MantisMark","floor":23,"key":"SMITH"}],"neow_cost":"NONE","seed_source_timestamp":1580785516534700,"circlet_count":0,"master_deck":["HollowMod:NailStrikeStart","HollowMod:NailStrikeStart","HollowMod:NailStrikeStart","HollowMod:NailStrikeStart","HollowMod:QuickDashStart","HollowMod:QuickDashStart","HollowMod:QuickDashStart","HollowMod:FocusHealStart+1","HollowMod:PogoStrike","HollowMod:VengefulSpirit+1","HollowMod:SharpenedNail","HollowMod:BaldurShell+1","HollowMod:CloakDash","HollowMod:MantisMark+1","HollowMod:DashSlash","HollowMod:DoubleDash","HollowMod:BaldurShell+1","HollowMod:CycloneSlash+1"],"relics":["HollowMod:KingsSoulRelic","hubris:Towel","Hallownest:DreamNailRelic","Counterbalance","Toy Ornithopter","HollowMod:MillibellesNoteRelic","Gambling Chip","Blue Doll"],"potions_floor_usage":[8,8,20,24,24],"damage_taken":[{"damage":4,"enemies":"Hallownest:2_MossCreeps","floor":1,"turns":5},{"damage":4,"enemies":"Hallownest:monsterHuskWarrior","floor":2,"turns":4},{"damage":2,"enemies":"Hallownest:monsterHuskGuard","floor":4,"turns":3},{"damage":0,"enemies":"Hallownest:monsterAspidMother","floor":5,"turns":4},{"damage":11,"enemies":"Hallownest:Wandering_and_Horned","floor":7,"turns":5},{"damage":29,"enemies":"Hallownest:eliteCrystalGuardian","floor":8,"turns":7},{"damage":13,"enemies":"Hallownest:2_Tiktiks_1_Baldur_1_Crawlid","floor":12,"turns":4},{"damage":77,"enemies":"Hallownest:BossHornet","floor":16,"turns":15},{"damage":25,"enemies":"Hallownest:2_Mistakes","floor":18,"turns":7},{"damage":20,"enemies":"Hallownest:3_Youths","floor":20,"turns":8},{"damage":61,"enemies":"Hallownest:eliteWatcherKnight","floor":24,"turns":14},{"damage":25,"enemies":"Hallownest:eliteSoulWarrior","floor":27,"turns":4}],"seed_played":"-5113877514805446319","potions_obtained":[{"floor":1,"key":"LiquidBronze"},{"floor":4,"key":"Regen Potion"},{"floor":16,"key":"Energy Potion"},{"floor":20,"key":"Elixir"}],"is_trial":false,"path_per_floor":["M","M","?","M","M","R","M","E","T","R","?","M","R","$","R","B",null,"M","$","M","?","?","R","E","$","T","E"],"character_chosen":"THE_BUGKNIGHT","items_purchased":["HollowMod:MillibellesNoteRelic","HollowMod:MantisMark","Regen Potion"],"campfire_rested":2,"item_purchase_floors":[14,14,19],"current_hp_per_floor":[73,69,69,67,67,67,62,48,48,48,48,35,57,57,75,10,75,50,50,50,50,50,50,11,11,11,0,0],"gold":161,"neow_bonus":"RANDOM_EVENT","is_prod":false,"is_daily":false,"chose_seed":false,"campfire_upgraded":3,"win_rate":0,"timestamp":1607536991,"path_taken":["M","M","?","M","?","R","M","E","T","R","?","M","R","$","R","BOSS","M","$","M","?","?","R","E","$","T","E"],"build_version":"2020-11-30","purchased_purges":2,"victory":false,"max_hp_per_floor":[75,75,75,75,75,75,75,75,75,75,75,75,75,75,75,75,75,75,75,75,75,75,75,75,75,75,75,75],"card_choices":[{"not_picked":["HollowMod:HuntersJournal","HollowMod:GrimmsGift"],"picked":"HollowMod:VengefulSpirit","floor":1},{"not_picked":["HollowMod:PureNailStrike","HollowMod:InfectedCysts"],"picked":"HollowMod:SharpenedNail","floor":2},{"not_picked":["HollowMod:TaintedHusks","HollowMod:NewJinnsSoul"],"picked":"HollowMod:BaldurShell","floor":4},{"not_picked":["HollowMod:WraithStrike","HollowMod:MothsMistake","HollowMod:AbyssShriek"],"picked":"SKIP","floor":5},{"not_picked":["HollowMod:TaintedHusks","HollowMod:NewLittleFool"],"picked":"HollowMod:CloakDash","floor":7},{"not_picked":["HollowMod:theNailsmith","HollowMod:InfectedCysts","HollowMod:CoiledNail"],"picked":"SKIP","floor":8},{"not_picked":["HollowMod:SharpenedNail","HollowMod:CornifersMapStart","HollowMod:TaintedHusks"],"picked":"SKIP","floor":12},{"not_picked":["HollowMod:theNailsmith","HollowMod:SlysStrikes"],"picked":"HollowMod:SoulMaster","floor":16},{"not_picked":["HollowMod:MantisMark","HollowMod:InfectedCysts"],"picked":"HollowMod:DashSlash","floor":18},{"not_picked":["HollowMod:InfectedAttack+1","HollowMod:InfectionAssault"],"picked":"HollowMod:DoubleDash","floor":20},{"not_picked":["HollowMod:SoulVessel","HollowMod:ShadowDash"],"picked":"HollowMod:BaldurShell+1","floor":21},{"not_picked":["HollowMod:DashSlash+1","HollowMod:SoulSplash"],"picked":"HollowMod:CycloneSlash+1","floor":21},{"not_picked":["HollowMod:LifebloodCore","HollowMod:WraithStrike","HollowMod:LuriensSpire"],"picked":"SKIP","floor":24}],"player_experience":82192,"relics_obtained":[{"floor":8,"key":"Counterbalance"},{"floor":9,"key":"Toy Ornithopter"},{"floor":24,"key":"Gambling Chip"},{"floor":26,"key":"Blue Doll"}],"event_choices":[],"is_beta":false,"boss_relics":[{"not_picked":["Empty Cage","Tiny House"],"picked":"HollowMod:KingsSoulRelic"}],"items_purged_floors":[19,25],"is_endless":false,"potions_floor_spawned":[1,4,16,20],"killed_by":"Hallownest:eliteSoulWarrior","ascension_level":0}}