{"host":"eez7vtcxu2i37lck","time":1607493530,"event":{"gold_per_floor":[110,110,130,130,130,130,143,170,197,213,232,232,249,249,249,351,351,351],"floor_reached":17,"playtime":624,"items_purged":[],"score":157,"play_id":"dd4674f7-2e4a-4c43-b6b3-1db52678b01f","local_time":"20201209005850","is_ascension_mode":false,"campfire_choices":[{"data":"Body Slam","floor":6,"key":"SMITH"},{"floor":12,"key":"REST"},{"floor":15,"key":"RECALL"}],"neow_cost":"NONE","seed_source_timestamp":792962729285700,"circlet_count":0,"master_deck":["Strike_R","Strike_R","Strike_R","Strike_R","Strike_R","Defend_R","Defend_R","Defend_R","Defend_R","Bash","expansioncontent:DefensiveStance+1","Metallicize","Body Slam+1","Body Slam","Burning Pact","Whirlwind","hubris:StunningStrike"],"relics":["Burning Blood","Replay:Baseball","Strawberry","hubris:OldNail","Black Star"],"potions_floor_usage":[11,16],"damage_taken":[{"damage":7,"enemies":"2 Louse","floor":1,"turns":3},{"damage":1,"enemies":"Jaw Worm","floor":3,"turns":6},{"damage":0,"enemies":"Small Slimes","floor":7,"turns":5},{"damage":26,"enemies":"Gremlin Nob","floor":8,"turns":6},{"damage":0,"enemies":"2 Fungi Beasts","floor":10,"turns":4},{"damage":18,"enemies":"Exordium Thugs","floor":11,"turns":7},{"damage":0,"enemies":"Looter","floor":13,"turns":4},{"damage":46,"enemies":"Slime Boss","floor":16,"turns":17}],"seed_played":"-589573495237738154","potions_obtained":[{"floor":7,"key":"Weak Potion"},{"floor":10,"key":"Block Potion"},{"floor":13,"key":"Death Potion"}],"is_trial":false,"path_per_floor":["M","?","M","?","T","R","M","E","T","M","M","R","M","?","R","B",null],"character_chosen":"IRONCLAD","items_purchased":[],"campfire_rested":1,"item_purchase_floors":[],"current_hp_per_floor":[79,79,80,85,85,85,85,72,72,78,66,92,92,92,92,52,92,92],"gold":351,"neow_bonus":"RANDOM_COLORLESS","is_prod":false,"is_daily":false,"chose_seed":false,"campfire_upgraded":1,"win_rate":0,"timestamp":1607493530,"path_taken":["M","?","M","?","?","R","M","E","T","?","M","R","M","?","R","BOSS"],"build_version":"2020-11-30","purchased_purges":0,"victory":false,"max_hp_per_floor":[80,80,80,85,85,85,85,92,92,92,92,92,92,92,92,92,92,92],"card_choices":[{"not_picked":["Dramatic Entrance","Replay:SS_forest_5"],"picked":"expansioncontent:DefensiveStance","floor":0},{"not_picked":["Fire Breathing","Wild Strike"],"picked":"Metallicize","floor":1},{"not_picked":["Shockwave","Ghostly Armor"],"picked":"Body Slam","floor":3},{"not_picked":["Perfected Strike","Havoc"],"picked":"Body Slam","floor":7},{"not_picked":["Pommel Strike","Armaments"],"picked":"Burning Pact","floor":8},{"not_picked":["ReplayTheSpireMod:Strike From Hell","Clash"],"picked":"Whirlwind","floor":10},{"not_picked":["Body Slam","Clothesline","Eclipse"],"picked":"SKIP","floor":11},{"not_picked":["Headbutt","True Grit","Armaments"],"picked":"SKIP","floor":13},{"not_picked":["Hemogenesis","Replay:Many Hands"],"picked":"hubris:StunningStrike","floor":16}],"player_experience":205414,"relics_obtained":[{"floor":5,"key":"Replay:Baseball"},{"floor":8,"key":"Strawberry"},{"floor":9,"key":"hubris:OldNail"}],"event_choices":[{"damage_healed":0,"gold_gain":0,"player_choice":"Grow","damage_taken":0,"max_hp_gain":0,"max_hp_loss":0,"event_name":"Living Wall","floor":2,"gold_loss":0,"cards_upgraded":["expansioncontent:DefensiveStance"]},{"damage_healed":0,"gold_gain":0,"player_choice":"Donut","damage_taken":0,"max_hp_gain":5,"max_hp_loss":0,"event_name":"Big Fish","floor":4,"gold_loss":0}],"is_beta":false,"boss_relics":[{"not_picked":["Honey Jar","ReplayTheSpireMod:DimensionalGlitch"],"picked":"Black Star"}],"items_purged_floors":[],"is_endless":false,"potions_floor_spawned":[7,10,13],"ascension_level":0}}