{"host":"d7qmn60fs48wu5y6","time":1607540841,"event":{"gold_per_floor":[117,68,83,157,172,172,192,192,243,269,269,296,306,336,336,436,436,455,380,380,380,397,432,432,465,465,465,483,483,15,41,41,146,146,166,216,216,227,240,240,272,272,272,272,272,272],"floor_reached":45,"playtime":2672,"items_purged":["Strike_R","Strike_R"],"score":568,"play_id":"a7df3dec-1977-498d-96f1-12c204dec99f","local_time":"20201209110721","is_ascension_mode":true,"campfire_choices":[{"data":"Rampage","floor":6,"key":"SMITH"},{"data":"Bash","floor":8,"key":"SMITH"},{"data":"Defend_R","floor":11,"key":"SMITH"},{"data":"Barricade","floor":15,"key":"SMITH"},{"floor":24,"key":"REST"},{"floor":27,"key":"REST"},{"floor":32,"key":"REST"},{"floor":40,"key":"REST"},{"floor":44,"key":"RECALL"}],"neow_cost":"NONE","seed_source_timestamp":439486903582900,"circlet_count":0,"master_deck":["Strike_R","Defend_R","Defend_R","Defend_R+1","Bash+1","Flex","Disarm","Twin Strike","Clothesline","Rampage+1","Battle Trance","Barricade+1","Spot Weakness","Rampage","Impervious","Shrug It Off+1","Iron Wave","Shockwave","Flame Barrier","Metallicize+1","True Grit+1","Headbutt","Body Slam","Immolate","Demon Form","True Grit+1"],"relics":["Burning Blood","Toy Ornithopter","Nunchaku","Ginger","Boot","Runic Cube","Letter Opener","Singing Bowl","Akabeko","Toxic Egg 2","Lantern","Empty Cage","Mango","Ornamental Fan","Mummified Hand"],"potions_floor_usage":[10,12,14,23,25,31,33,41,41],"damage_taken":[{"damage":5,"enemies":"Small Slimes","floor":1,"turns":5},{"damage":6,"enemies":"Jaw Worm","floor":3,"turns":3},{"damage":5,"enemies":"2 Louse","floor":5,"turns":2},{"damage":7,"enemies":"Blue Slaver","floor":7,"turns":4},{"damage":25,"enemies":"3 Sentries","floor":10,"turns":8},{"damage":16,"enemies":"Gremlin Nob","floor":12,"turns":4},{"damage":2,"enemies":"2 Fungi Beasts","floor":13,"turns":3},{"damage":28,"enemies":"Lagavulin","floor":14,"turns":5},{"damage":19,"enemies":"Slime Boss","floor":16,"turns":10},{"damage":5,"enemies":"3 Byrds","floor":18,"turns":7},{"damage":2,"enemies":"Chosen","floor":22,"turns":7},{"damage":28,"enemies":"Gremlin Leader","floor":23,"turns":6},{"damage":45,"enemies":"Book of Stabbing","floor":25,"turns":9},{"damage":14,"enemies":"3 Cultists","floor":28,"turns":6},{"damage":25,"enemies":"Colosseum Slavers","floor":29,"turns":7},{"damage":33,"enemies":"Slavers","floor":31,"turns":9},{"damage":75,"enemies":"Collector","floor":33,"turns":12},{"damage":9,"enemies":"Orb Walker","floor":35,"turns":5},{"damage":6,"enemies":"Mind Bloom Boss Battle","floor":36,"turns":11},{"damage":0,"enemies":"3 Shapes","floor":38,"turns":6},{"damage":59,"enemies":"Spire Growth","floor":39,"turns":9},{"damage":26,"enemies":"Reptomancer","floor":41,"turns":7},{"damage":82,"enemies":"Giant Head","floor":45,"turns":10}],"seed_played":"8090835147548334794","potions_obtained":[{"floor":1,"key":"SkillPotion"},{"floor":10,"key":"PowerPotion"},{"floor":12,"key":"Regen Potion"},{"floor":13,"key":"FairyPotion"},{"floor":22,"key":"LiquidBronze"},{"floor":23,"key":"Weak Potion"},{"floor":31,"key":"hexamod:EctoCoolerPotion"},{"floor":33,"key":"Fire Potion"},{"floor":39,"key":"DistilledChaos"}],"is_trial":false,"path_per_floor":["M","$","M","?","M","R","M","R","T","E","R","E","M","E","R","B",null,"M","$","?","?","M","E","R","E","T","R","M","?","$","E","R","B",null,"M","?","?","M","M","R","E","?","T","R","E"],"character_chosen":"IRONCLAD","items_purchased":["Twin Strike","Toxic Egg 2","True Grit+1","Headbutt","Weak Potion"],"campfire_rested":4,"item_purchase_floors":[2,30,30,30,30],"current_hp_per_floor":[80,80,80,80,80,80,79,79,79,61,61,56,60,57,57,44,80,80,80,80,80,80,58,80,46,46,70,62,43,43,21,45,30,80,79,95,95,98,45,74,66,66,66,66,0,0],"gold":272,"neow_bonus":"THREE_CARDS","is_prod":false,"is_daily":false,"chose_seed":false,"campfire_upgraded":4,"win_rate":0,"timestamp":1607540841,"path_taken":["M","$","M","?","M","R","M","R","T","E","R","E","M","E","R","BOSS","M","$","?","?","M","E","R","E","T","R","M","?","?","E","R","BOSS","M","?","?","M","M","R","E","?","T","R","E"],"build_version":"2020-11-30","purchased_purges":2,"victory":false,"max_hp_per_floor":[80,80,80,80,80,80,80,80,80,80,80,80,80,80,80,80,80,80,80,80,80,80,80,80,80,80,80,80,80,80,80,80,80,80,82,98,98,98,98,98,100,100,100,100,100,100],"card_choices":[{"not_picked":["Havoc","Sword Boomerang"],"picked":"Flex","floor":0},{"not_picked":["Hemokinesis","Pommel Strike"],"picked":"Disarm","floor":1},{"not_picked":["Entrench","Infernal Blade"],"picked":"Clothesline","floor":3},{"not_picked":["Blood for Blood","Cleave"],"picked":"Rampage","floor":5},{"not_picked":["Clash","Sever Soul","Anger"],"picked":"SKIP","floor":7},{"not_picked":["True Grit","Heavy Blade"],"picked":"Battle Trance","floor":10},{"not_picked":["Sword Boomerang","Shrug It Off"],"picked":"Barricade","floor":12},{"not_picked":["Flex","Carnage"],"picked":"Spot Weakness","floor":13},{"not_picked":["Flex","Corruption"],"picked":"Rampage","floor":14},{"not_picked":["Brutality","Juggernaut"],"picked":"Impervious","floor":16},{"not_picked":["Body Slam","Flex+1"],"picked":"Shrug It Off+1","floor":18},{"not_picked":["Dual Wield","Rage+1"],"picked":"Iron Wave","floor":22},{"not_picked":["Sever Soul+1","Bludgeon"],"picked":"Shockwave","floor":23},{"not_picked":["Carnage","Rupture+1"],"picked":"Flame Barrier","floor":25},{"not_picked":["Ghostly Armor","Flex+1"],"picked":"Metallicize+1","floor":28},{"not_picked":["Infernal Blade+1","True Grit+1"],"picked":"Body Slam","floor":31},{"not_picked":["Fiend Fire","Feed"],"picked":"Immolate","floor":33},{"not_picked":["Rupture","Clothesline+1","Anger"],"picked":"Singing Bowl","floor":35},{"not_picked":["Thunderclap+1","Warcry+1","Infernal Blade+1"],"picked":"Singing Bowl","floor":36},{"not_picked":["Cleave","Havoc+1"],"picked":"Demon Form","floor":38},{"not_picked":["Fire Breathing+1","Anger+1"],"picked":"True Grit+1","floor":39},{"not_picked":["True Grit+1","Blood for Blood+1","Warcry+1"],"picked":"Singing Bowl","floor":41}],"player_experience":808235,"relics_obtained":[{"floor":9,"key":"Toy Ornithopter"},{"floor":10,"key":"Nunchaku"},{"floor":12,"key":"Ginger"},{"floor":14,"key":"Boot"},{"floor":23,"key":"Letter Opener"},{"floor":25,"key":"Singing Bowl"},{"floor":26,"key":"Akabeko"},{"floor":31,"key":"Lantern"},{"floor":36,"key":"Mango"},{"floor":41,"key":"Ornamental Fan"},{"floor":43,"key":"Mummified Hand"}],"event_choices":[{"damage_healed":0,"gold_gain":74,"player_choice":"Gained Gold","damage_taken":0,"max_hp_gain":0,"max_hp_loss":0,"event_name":"Golden Wing","floor":4,"gold_loss":0},{"damage_healed":0,"gold_gain":0,"player_choice":"Ignored","damage_taken":0,"max_hp_gain":0,"max_hp_loss":0,"event_name":"The Mausoleum","floor":20,"gold_loss":0},{"damage_healed":0,"gold_gain":0,"player_choice":"Fight","damage_taken":0,"max_hp_gain":0,"max_hp_loss":0,"event_name":"Colosseum","floor":29,"gold_loss":0},{"damage_healed":0,"gold_gain":0,"player_choice":"Fled From Nobs","damage_taken":0,"max_hp_gain":0,"max_hp_loss":0,"event_name":"Colosseum","floor":29,"gold_loss":0},{"damage_healed":0,"gold_gain":0,"player_choice":"Fight","damage_taken":0,"max_hp_gain":0,"max_hp_loss":0,"event_name":"MindBloom","floor":36,"gold_loss":0},{"cards_removed":["Defend_R"],"damage_healed":0,"gold_gain":0,"player_choice":"Removed Skill","damage_taken":0,"max_hp_gain":0,"max_hp_loss":0,"event_name":"Falling","floor":37,"gold_loss":0},{"damage_healed":0,"gold_gain":0,"player_choice":"Ignored","damage_taken":0,"max_hp_gain":0,"max_hp_loss":0,"event_name":"Mysterious Sphere","floor":42,"gold_loss":0}],"is_beta":false,"boss_relics":[{"not_picked":["Coffee Dripper","SacredBark"],"picked":"Runic Cube"},{"not_picked":["Cursed Key","Fusion Hammer"],"picked":"Empty Cage"}],"items_purged_floors":[19,30],"is_endless":false,"potions_floor_spawned":[1,10,12,13,22,23,31,33,39],"killed_by":"Giant Head","ascension_level":1}}