{"host":"Yggdrasil","time":1607535917,"event":{"gold_per_floor":[118,131,149,164,164,164,192,192,192,192,206,53,53,85,85,188,188,205,304,304,22,22,55,55,87,87,107,135,135,164,181,181,283,283,298,298,313,313,18,18,47,63,63,63,63],"floor_reached":44,"playtime":1703,"items_purged":["Regret"],"score":801,"play_id":"2a1866c2-d56b-4bea-a685-ef0447e5f265","local_time":"20201210024517","is_ascension_mode":true,"campfire_choices":[{"data":"Bash","floor":6,"key":"SMITH"},{"data":"Flex","floor":8,"key":"SMITH"},{"data":"Shrug It Off","floor":10,"key":"SMITH"},{"data":"Sever Soul","floor":13,"key":"SMITH"},{"data":"Thunderclap","floor":15,"key":"SMITH"},{"data":"Immolate","floor":24,"key":"SMITH"},{"data":"Cleave","floor":32,"key":"SMITH"},{"data":"Flash of Steel","floor":40,"key":"SMITH"}],"neow_cost":"NONE","seed_source_timestamp":0,"circlet_count":0,"master_deck":["Strike_R","Strike_R","Strike_R","Strike_R","Defend_R","Defend_R","Defend_R","Bash+1","Cleave+1","Sever Soul+1","Shrug It Off+1","Flex+1","Thunderclap+1","Offering+1","Seeing Red+1","Immolate+1","Flex+1","Necronomicurse","Shrug It Off+1","Enlightenment+1","Master of Strategy+1","True Grit+1","Wild Strike+1","Ghostly Armor+1","Wild Strike+1","Clothesline+1","Offering+1","Armaments+1","Disarm+1","Master of Strategy+1","Flash of Steel+1","Shrug It Off+1","True Grit+1"],"special_seed":0,"relics":["Burning Blood","Nunchaku","StoneCalendar","Darkstone Periapt","Toxic Egg 2","Tiny Chest","Empty Cage","Necronomicon","Regal Pillow","Omamori","Mercury Hourglass","Centennial Puzzle","Eternal Feather","InkBottle","Black Star","ClockworkSouvenir","Red Skull","Bottled Lightning","The Courier"],"potions_floor_usage":[7,23,28,41,41,42],"damage_taken":[{"damage":2,"enemies":"Jaw Worm","floor":1,"turns":3},{"damage":4,"enemies":"2 Louse","floor":2,"turns":3},{"damage":0,"enemies":"Small Slimes","floor":3,"turns":3},{"damage":0,"enemies":"3 Louse","floor":4,"turns":3},{"damage":18,"enemies":"Gremlin Nob","floor":7,"turns":3},{"damage":19,"enemies":"Lots of Slimes","floor":11,"turns":4},{"damage":21,"enemies":"Lagavulin","floor":14,"turns":5},{"damage":32,"enemies":"Hexaghost","floor":16,"turns":7},{"damage":6,"enemies":"3 Byrds","floor":18,"turns":2},{"damage":0,"enemies":"Gremlin Leader","floor":23,"turns":3},{"damage":14,"enemies":"Slavers","floor":25,"turns":4},{"damage":1,"enemies":"Chosen","floor":27,"turns":2},{"damage":9,"enemies":"Book of Stabbing","floor":28,"turns":3},{"damage":6,"enemies":"Gremlin Leader","floor":30,"turns":2},{"damage":0,"enemies":"Snake Plant","floor":31,"turns":1},{"damage":63,"enemies":"Champ","floor":33,"turns":7},{"damage":0,"enemies":"3 Darklings","floor":35,"turns":1},{"damage":6,"enemies":"Orb Walker","floor":37,"turns":2},{"damage":108,"enemies":"Giant Head","floor":41,"turns":9},{"damage":32,"enemies":"Transient","floor":42,"turns":5},{"damage":11,"enemies":"Reptomancer","floor":44,"turns":2}],"seed_played":"-2557370711488064653","potions_obtained":[{"floor":2,"key":"FairyPotion"},{"floor":4,"key":"LiquidMemories"},{"floor":16,"key":"Regen Potion"},{"floor":18,"key":"DistilledChaos"},{"floor":23,"key":"Weak Potion"},{"floor":28,"key":"GamblersBrew"},{"floor":41,"key":"EssenceOfSteel"}],"is_trial":false,"path_per_floor":["M","M","M","M","?","R","E","R","T","R","M","$","R","E","R","B",null,"M","?","?","$","?","E","R","E","T","M","E","T","E","M","R","B",null,"M","?","M","?","$","R","E","M","T","E"],"character_chosen":"IRONCLAD","items_purchased":["Offering+1","Shrug It Off+1","Enlightenment+1","Master of Strategy+1","ClockworkSouvenir","Flash of Steel","Shrug It Off+1"],"campfire_rested":0,"item_purchase_floors":[12,21,21,21,39,39,39],"current_hp_per_floor":[76,78,80,80,80,80,68,68,68,68,55,55,55,40,40,14,64,64,64,54,54,37,52,52,44,44,49,46,46,46,52,67,10,71,77,77,77,77,77,91,33,7,7,0,0],"gold":63,"neow_bonus":"RANDOM_COMMON_RELIC","is_prod":false,"is_daily":false,"chose_seed":false,"campfire_upgraded":8,"win_rate":0.0,"timestamp":1607535917,"path_taken":["M","M","M","M","?","R","E","R","T","R","M","$","R","E","R","BOSS","M","?","?","$","?","E","R","E","T","M","E","?","E","M","R","BOSS","M","?","?","?","$","R","E","M","T","E"],"build_version":"2020-12-07","purchased_purges":1,"victory":false,"max_hp_per_floor":[80,80,80,80,80,80,80,80,80,80,80,80,80,80,80,80,80,80,80,86,86,91,91,91,91,91,91,91,91,91,91,91,91,91,91,91,91,91,91,91,91,91,91,91,91],"card_choices":[{"not_picked":["Anger","Perfected Strike"],"picked":"Cleave","floor":1},{"not_picked":["Cleave","Warcry"],"picked":"Sever Soul","floor":2},{"not_picked":["True Grit","Searing Blow"],"picked":"Shrug It Off","floor":3},{"not_picked":["Havoc","Battle Trance"],"picked":"Flex","floor":4},{"not_picked":["Pommel Strike","Iron Wave"],"picked":"Thunderclap","floor":7},{"not_picked":["Carnage","Combust","Clothesline"],"picked":"SKIP","floor":11},{"not_picked":["Headbutt","Uppercut"],"picked":"Seeing Red+1","floor":14},{"not_picked":["Reaper","Fiend Fire"],"picked":"Immolate","floor":16},{"not_picked":["Clothesline","Seeing Red+1"],"picked":"Flex+1","floor":18},{"not_picked":["Entrench+1","Ghostly Armor+1"],"picked":"True Grit+1","floor":23},{"not_picked":["Sever Soul+1","Anger"],"picked":"Wild Strike+1","floor":25},{"not_picked":["Dark Embrace","Pommel Strike","Wild Strike"],"picked":"SKIP","floor":27},{"not_picked":["Wild Strike","Cleave"],"picked":"Ghostly Armor+1","floor":28},{"not_picked":["Bloodletting+1","Juggernaut"],"picked":"Wild Strike+1","floor":30},{"not_picked":["Flame Barrier+1","Rupture"],"picked":"Clothesline+1","floor":31},{"not_picked":["Fiend Fire","Corruption"],"picked":"Offering+1","floor":33},{"not_picked":["Dropkick+1","Rampage"],"picked":"Armaments+1","floor":35},{"not_picked":["Havoc+1","Wild Strike+1"],"picked":"Disarm+1","floor":37},{"not_picked":["Wild Strike","Dropkick","Cleave+1"],"picked":"SKIP","floor":41},{"not_picked":["Heavy Blade","Havoc+1"],"picked":"True Grit+1","floor":42}],"player_experience":679834,"relics_obtained":[{"floor":7,"key":"Darkstone Periapt"},{"floor":9,"key":"Toxic Egg 2"},{"floor":14,"key":"Tiny Chest"},{"floor":20,"key":"Necronomicon"},{"floor":23,"key":"Regal Pillow"},{"floor":25,"key":"Omamori"},{"floor":26,"key":"Mercury Hourglass"},{"floor":28,"key":"Centennial Puzzle"},{"floor":29,"key":"Eternal Feather"},{"floor":30,"key":"InkBottle"},{"floor":41,"key":"Red Skull"},{"floor":41,"key":"Bottled Lightning"},{"floor":43,"key":"The Courier"}],"event_choices":[{"damage_healed":0,"gold_gain":0,"player_choice":"Box","damage_taken":0,"relics_obtained":["StoneCalendar"],"max_hp_gain":0,"max_hp_loss":0,"event_name":"Big Fish","floor":5,"gold_loss":0,"cards_obtained":["Regret"]},{"damage_healed":0,"gold_gain":99,"player_choice":"Stole From Cult","damage_taken":0,"max_hp_gain":0,"max_hp_loss":0,"event_name":"Nest","floor":19,"gold_loss":0},{"damage_healed":0,"gold_gain":0,"player_choice":"Obtained Book","damage_taken":16,"max_hp_gain":0,"max_hp_loss":0,"event_name":"Cursed Tome","floor":20,"gold_loss":0},{"damage_healed":0,"gold_gain":0,"player_choice":"Shed Blood","damage_taken":22,"max_hp_gain":5,"max_hp_loss":0,"event_name":"Forgotten Altar","floor":22,"gold_loss":0},{"damage_healed":0,"gold_gain":0,"player_choice":"Cursed","damage_taken":0,"max_hp_gain":0,"max_hp_loss":0,"event_name":"Wheel of Change","floor":36,"gold_loss":0,"cards_obtained":["Decay"]},{"damage_healed":0,"gold_gain":0,"player_choice":"Copied","damage_taken":0,"max_hp_gain":0,"max_hp_loss":0,"event_name":"Duplicator","floor":38,"gold_loss":0,"cards_obtained":["Master of Strategy"]}],"is_beta":true,"boss_relics":[{"not_picked":["Ectoplasm","Velvet Choker"],"picked":"Empty Cage"},{"not_picked":["Runic Dome","Pandora\u0027s Box"],"picked":"Black Star"}],"items_purged_floors":[12],"is_endless":false,"potions_floor_spawned":[2,4,16,18,23,28,37,41],"killed_by":"Reptomancer","ascension_level":8}}