{"host":"htpechobqgpaugnv","time":1607506886,"event":{"gold_per_floor":[117,134,50,50,50,94,119,150,174,217,367,387,312,327,327,352,352],"floor_reached":16,"playtime":319,"items_purged":[],"score":340,"play_id":"b6b01d24-723b-47c1-9bb3-15e2bfd3f683","local_time":"20201209034126","is_ascension_mode":true,"campfire_choices":[{"data":"Eruption","floor":15,"key":"SMITH"}],"neow_cost":"NONE","seed_source_timestamp":86885910346300,"circlet_count":0,"master_deck":["AscendersBane","Strike_P+1","Strike_P","Strike_P","Strike_P+1","Defend_P","Defend_P","Defend_P","Eruption+1","Vigilance","WheelKick","Wish","ThirdEye","FearNoEvil"],"special_seed":0,"relics":["PureWater","NeowsBlessing","Golden Idol","Omamori","MealTicket","Whetstone","CloakClasp"],"potions_floor_usage":[8],"damage_taken":[{"damage":0,"enemies":"2 Louse","floor":1,"turns":1},{"damage":0,"enemies":"Jaw Worm","floor":2,"turns":1},{"damage":0,"enemies":"Gremlin Nob","floor":6,"turns":1},{"damage":0,"enemies":"Small Slimes","floor":7,"turns":2},{"damage":0,"enemies":"Lagavulin","floor":8,"turns":4},{"damage":20,"enemies":"Gremlin Nob","floor":10,"turns":3},{"damage":5,"enemies":"Exordium Thugs","floor":12,"turns":4},{"damage":0,"enemies":"3 Louse","floor":14,"turns":4},{"damage":20,"enemies":"Hexaghost","floor":16,"turns":7}],"seed_played":"-7186147985069385927","potions_obtained":[{"floor":2,"key":"BlessingOfTheForge"},{"floor":6,"key":"CultistPotion"},{"floor":10,"key":"EssenceOfSteel"}],"is_trial":false,"path_per_floor":["M","M","$","?","?","E","M","E","T","E","?","M","?","M","R","B"],"character_chosen":"WATCHER","items_purchased":["WheelKick"],"campfire_rested":0,"item_purchase_floors":[3],"current_hp_per_floor":[61,61,61,66,41,41,41,41,41,21,21,16,16,16,16,0,0],"gold":352,"neow_bonus":"THREE_ENEMY_KILL","is_prod":false,"is_daily":false,"chose_seed":false,"campfire_upgraded":1,"win_rate":0,"timestamp":1607506886,"path_taken":["M","M","$","?","?","E","M","E","T","E","?","M","?","?","R","BOSS"],"build_version":"2020-11-30","purchased_purges":0,"victory":false,"max_hp_per_floor":[68,68,68,73,73,73,73,73,73,73,73,73,73,73,73,73,73],"relic_stats":{"counters":[9,27],"Golden Idol":36,"MealTicket":0,"CloakClasp":[43],"Whetstone":["Strike_P","Strike_P"],"obtain_stats":[{"NeowsBlessing":0,"Golden Idol":5,"MealTicket":8,"Omamori":6,"CloakClasp":10,"Whetstone":9,"PureWater":0},{"NeowsBlessing":0,"Golden Idol":2,"MealTicket":5,"Omamori":3,"CloakClasp":6,"Whetstone":5,"PureWater":0},{"NeowsBlessing":0,"Golden Idol":2,"MealTicket":9,"Omamori":3,"CloakClasp":12,"Whetstone":9,"PureWater":0}]},"card_choices":[{"not_picked":["Crescendo","Protect","Pray"],"picked":"SKIP","floor":1},{"not_picked":["ClearTheMind","FollowUp","JustLucky"],"picked":"SKIP","floor":2},{"not_picked":["Fasting2","Vengeance","Crescendo"],"picked":"SKIP","floor":6},{"not_picked":["EmptyBody","Wireheading","ThirdEye"],"picked":"SKIP","floor":7},{"not_picked":["EmptyBody","FlurryOfBlows","Halt"],"picked":"SKIP","floor":8},{"not_picked":["Pray","SandsOfTime"],"picked":"Wish","floor":10},{"not_picked":["ReachHeaven","Wireheading"],"picked":"ThirdEye","floor":12},{"not_picked":["ThirdEye","FollowUp"],"picked":"FearNoEvil","floor":14}],"player_experience":1261081,"relics_obtained":[{"floor":6,"key":"Omamori"},{"floor":8,"key":"MealTicket"},{"floor":9,"key":"Whetstone"},{"floor":10,"key":"CloakClasp"}],"event_choices":[{"damage_healed":0,"gold_gain":0,"player_choice":"Donut","damage_taken":0,"max_hp_gain":5,"max_hp_loss":0,"event_name":"Big Fish","floor":4,"gold_loss":0},{"damage_healed":0,"gold_gain":0,"player_choice":"Take Damage","damage_taken":25,"relics_obtained":["Golden Idol"],"max_hp_gain":0,"max_hp_loss":0,"event_name":"Golden Idol","floor":5,"gold_loss":0},{"damage_healed":0,"gold_gain":150,"player_choice":"AGREE","damage_taken":0,"max_hp_gain":0,"max_hp_loss":0,"event_name":"Liars Game","floor":11,"gold_loss":0,"cards_obtained":["Doubt"]},{"cards_removed":["Defend_P"],"damage_healed":0,"gold_gain":0,"player_choice":"Card Removal","damage_taken":0,"max_hp_gain":0,"max_hp_loss":0,"event_name":"The Cleric","floor":13,"gold_loss":75}],"is_beta":false,"boss_relics":[],"items_purged_floors":[],"is_endless":false,"potions_floor_spawned":[2,6,10,14],"killed_by":"Hexaghost","ascension_level":20}}