{"host":"mdxxh7xrx9vr3ma8","time":1607531526,"event":{"gold_per_floor":[118,118,135,135,113,113,129,2,25,25,25,25,36,51,51,51,51],"floor_reached":16,"playtime":1313,"items_purged":[],"score":90,"play_id":"f2e26c29-9826-4cdf-aef5-e18294004848","local_time":"20201209083206","is_ascension_mode":false,"campfire_choices":[{"data":"MysteriousBeam","floor":6,"key":"SMITH"},{"data":"MasterSpark","floor":10,"key":"SMITH"},{"data":"UpSweep","floor":12,"key":"SMITH"},{"data":"WitchLeyline","floor":15,"key":"SMITH"}],"neow_cost":"NONE","seed_source_timestamp":2580001324774900,"circlet_count":0,"master_deck":["Strike_MRS","Strike_MRS","Strike_MRS","Strike_MRS","Defend_MRS","Defend_MRS","Defend_MRS","Defend_MRS","MasterSpark+1","UpSweep+1","MysteriousBeam+1","AsteroidBelt","GalacticHalo","DeepEcoloBomb","GalacticHalo","NonDirectionalLaser","WitchLeyline+1"],"relics":["MiniHakkero","StuffTheSpire:OldFever","Anchor"],"potions_floor_usage":[],"damage_taken":[{"damage":1,"enemies":"Jaw Worm","floor":1,"turns":3},{"damage":0,"enemies":"2 Louse","floor":3,"turns":2},{"damage":0,"enemies":"Cultist","floor":7,"turns":2},{"damage":1,"enemies":"Red Slaver","floor":13,"turns":4},{"damage":0,"enemies":"Lots of Slimes","floor":14,"turns":2},{"damage":0,"enemies":"The Guardian","floor":16,"turns":3}],"seed_played":"-8867228565092685929","potions_obtained":[{"floor":7,"key":"Venom Potion"},{"floor":13,"key":"Block Potion"}],"is_trial":false,"path_per_floor":["M","?","M","?","$","R","M","$","T","R","$","R","M","M","R","B"],"character_chosen":"MARISA","items_purchased":["GalacticHalo","DeepEcoloBomb","GalacticHalo","Anchor"],"campfire_rested":0,"item_purchase_floors":[5,8,8,11],"current_hp_per_floor":[81,81,81,81,81,81,81,81,81,81,71,71,70,70,70,70,70],"gold":51,"neow_bonus":"TEN_PERCENT_HP_BONUS","is_prod":false,"is_daily":false,"chose_seed":false,"campfire_upgraded":4,"win_rate":0.0,"timestamp":1607531526,"path_taken":["M","?","M","?","$","R","M","?","T","R","?","R","?","M","R","BOSS"],"build_version":"2020-11-30","purchased_purges":0,"victory":false,"max_hp_per_floor":[82,82,82,82,82,82,82,82,82,82,82,82,82,82,82,82,82],"card_choices":[{"not_picked":["ShootingEcho","StarlightTyphoon"],"picked":"MysteriousBeam","floor":1},{"not_picked":["6A","ChargingUp"],"picked":"AsteroidBelt","floor":3},{"not_picked":["EventHorizon","ShootingEcho","WitchOfGreed"],"picked":"SKIP","floor":7},{"not_picked":["MysteriousBeam","6A"],"picked":"NonDirectionalLaser","floor":13},{"not_picked":["SporeBomb","EventHorizon"],"picked":"WitchLeyline","floor":14}],"player_experience":104323,"relics_obtained":[{"floor":9,"key":"StuffTheSpire:OldFever"}],"event_choices":[{"damage_healed":0,"gold_gain":0,"player_choice":"Leave","damage_taken":0,"max_hp_gain":0,"max_hp_loss":0,"event_name":"The Cleric","floor":4,"gold_loss":0}],"is_beta":false,"boss_relics":[],"items_purged_floors":[],"is_endless":false,"potions_floor_spawned":[7,13],"killed_by":"The Guardian","ascension_level":0}}