{"host":"l4zsyynf3knc4g5z","time":1607544526,"event":{"gold_per_floor":[118,198,218,236,251,251,269,297,297,328,328,343,343,357,357,357,357],"floor_reached":16,"playtime":448,"items_purged":[],"score":114,"play_id":"a7a81173-1478-424e-98fc-26b147ffdf5c","local_time":"20201209120846","is_ascension_mode":false,"campfire_choices":[{"data":"dioMod:MudaMudaMuda","floor":6,"key":"SMITH"},{"floor":11,"key":"REST"},{"floor":13,"key":"REST"}],"neow_cost":"NONE","seed_source_timestamp":1588979414123700,"circlet_count":0,"master_deck":["dioMod:Strike","dioMod:Strike","dioMod:Strike","dioMod:Strike","Bite+1","dioMod:Defend","dioMod:Defend","dioMod:Defend","dioMod:MudaMudaMuda+1"],"relics":["dioMod:VampireBlood","White Beast Statue","HollowMod:StagPassRelic","Rawhide","Replay:Bottled Eggs"],"potions_floor_usage":[7,8,8,10,10,14,16],"damage_taken":[{"damage":10,"enemies":"Cultist","floor":1,"turns":4},{"damage":0,"enemies":"Small Slimes","floor":3,"turns":3},{"damage":14,"enemies":"2 Louse","floor":4,"turns":3},{"damage":8,"enemies":"2 Fungi Beasts","floor":5,"turns":4},{"damage":11,"enemies":"Exordium Wildlife","floor":7,"turns":6},{"damage":39,"enemies":"Lagavulin","floor":8,"turns":6},{"damage":31,"enemies":"3 Sentries","floor":10,"turns":10},{"damage":31,"enemies":"Large Slime","floor":12,"turns":7},{"damage":2,"enemies":"Gremlin Gang","floor":14,"turns":3},{"damage":86,"enemies":"The Guardian","floor":16,"turns":9}],"seed_played":"-2319680217237850870","potions_obtained":[{"floor":3,"key":"Block Potion"},{"floor":4,"key":"BlessingOfTheForge"},{"floor":5,"key":"Languid Potion"},{"floor":7,"key":"SpeedPotion"},{"floor":8,"key":"FearPotion"},{"floor":12,"key":"Toxic Potion"},{"floor":14,"key":"Languid Potion"}],"is_trial":false,"path_per_floor":["M","T","M","M","M","R","M","E","T","E","R","M","R","M","R_BF","B"],"character_chosen":"THE_DEFAULT","items_purchased":[],"campfire_rested":2,"item_purchase_floors":[],"current_hp_per_floor":[70,70,75,64,66,66,67,37,37,23,45,29,51,64,64,0,0],"gold":357,"neow_bonus":"THREE_CARDS","is_prod":false,"is_daily":false,"chose_seed":false,"campfire_upgraded":1,"win_rate":0,"timestamp":1607544526,"path_taken":["M","?","?","M","M","R","M","E","T","E","R","M","R","M","R_BF","BOSS"],"build_version":"2020-11-30","purchased_purges":0,"victory":false,"max_hp_per_floor":[75,75,75,75,75,75,75,75,75,75,75,75,75,75,75,75,75],"card_choices":[{"not_picked":["dioMod:FlyAway","dioMod:DoubleTime","dioMod:BloodTransfusion"],"picked":"SKIP","floor":1},{"not_picked":["dioMod:BloodSplash","dioMod:StreetSign"],"picked":"dioMod:MudaMudaMuda","floor":3},{"not_picked":["dioMod:SecretPlan","dioMod:SlashThroughTime","dioMod:CoffinBath"],"picked":"SKIP","floor":4},{"not_picked":["dioMod:SadisticLaugh","dioMod:LaserVision","dioMod:VengefulMuda"],"picked":"SKIP","floor":5},{"not_picked":["dioMod:GoodbyeJojo","dioMod:Roundabout","dioMod:CautiousMuda"],"picked":"SKIP","floor":7},{"not_picked":["dioMod:BloodShield","dioMod:BlendIn","dioMod:Diversion"],"picked":"SKIP","floor":8},{"not_picked":["dioMod:RoadRoller","dioMod:Diversion","dioMod:Hiss"],"picked":"SKIP","floor":10},{"not_picked":["dioMod:HeavyLifting","dioMod:CoffinBath","dioMod:ComposedMuda"],"picked":"SKIP","floor":12},{"not_picked":["dioMod:Hiss","dioMod:BlendIn","dioMod:GoodbyeJojo"],"picked":"SKIP","floor":14}],"player_experience":89689,"relics_obtained":[{"floor":2,"key":"White Beast Statue"},{"floor":8,"key":"HollowMod:StagPassRelic"},{"floor":9,"key":"Rawhide"},{"floor":10,"key":"Replay:Bottled Eggs"}],"event_choices":[{"cards_removed":["dioMod:Defend"],"damage_healed":0,"gold_gain":0,"player_choice":"Offered Basic","damage_taken":0,"max_hp_gain":0,"max_hp_loss":0,"event_name":"Bonfire Elementals","floor":15,"gold_loss":0}],"is_beta":false,"boss_relics":[],"items_purged_floors":[],"is_endless":false,"potions_floor_spawned":[3,4,5,7,8,10,12,14],"killed_by":"The Guardian","ascension_level":0}}