{"host":"re9xirrjoezsqg3h","time":1607504215,"event":{"gold_per_floor":[111,36,36,52,52,52,52,67,67,83,103,116,128,140,140,243,243,243,243],"floor_reached":18,"playtime":957,"items_purged":["hermit:Defend_Hermit"],"score":156,"play_id":"176605c5-1872-4fa4-b4c8-2becac75dd8c","local_time":"20201209165655","is_ascension_mode":false,"campfire_choices":[{"data":"hermit:Strike_Hermit","floor":6,"key":"SMITH"},{"data":"hermit:Covet","floor":15,"key":"SMITH"}],"neow_cost":"NONE","seed_source_timestamp":3915843045800,"circlet_count":0,"master_deck":["hermit:Strike_Hermit","hermit:Strike_Hermit","hermit:Strike_Hermit+1","hermit:Defend_Hermit","hermit:Defend_Hermit","hermit:Defend_Hermit","hermit:Snapshot","hermit:Covet+1","Regret","hermit:Maintenance+1","hermit:EyeOfTheStorm+1","hermit:Snipe+1","TheCursedMod:Dregs","Amnesia"],"relics":["Runic Pyramid","Blue Doll","Toxic Egg 2","Kintsugi"],"potions_floor_usage":[],"damage_taken":[{"damage":0,"enemies":"Cultist","floor":1,"turns":3},{"damage":6,"enemies":"Jaw Worm","floor":4,"turns":3},{"damage":2,"enemies":"Small Slimes","floor":8,"turns":2},{"damage":18,"enemies":"Gremlin Gang","floor":10,"turns":4},{"damage":0,"enemies":"Blue Slaver","floor":11,"turns":2},{"damage":10,"enemies":"Red Slaver","floor":12,"turns":2},{"damage":4,"enemies":"Lots of Slimes","floor":13,"turns":3},{"damage":4,"enemies":"Looter","floor":14,"turns":3},{"damage":27,"enemies":"The Guardian","floor":16,"turns":17},{"damage":0,"enemies":"3 Byrds","floor":18,"turns":2}],"seed_played":"-5436600261805680706","potions_obtained":[{"floor":8,"key":"GamblersBrew"},{"floor":12,"key":"CultistPotion"}],"is_trial":false,"path_per_floor":["M","$","?","M","?","R","?","M","T","M","M","M","M","M","R","B",null,"M"],"character_chosen":"HERMIT","items_purchased":[],"campfire_rested":0,"item_purchase_floors":[],"current_hp_per_floor":[75,75,75,69,69,69,69,67,67,49,49,39,35,31,31,4,75,75,75],"gold":243,"neow_bonus":"BOSS_RELIC","is_prod":false,"is_daily":false,"chose_seed":false,"campfire_upgraded":2,"win_rate":0.0,"timestamp":1607504215,"path_taken":["M","$","?","?","?","R","?","M","T","M","M","M","?","M","R","BOSS","M"],"build_version":"2020-11-30","purchased_purges":1,"victory":false,"max_hp_per_floor":[75,75,75,75,75,75,75,75,75,75,75,75,75,75,75,75,75,75,75],"card_choices":[{"not_picked":["hermit:Ricochet","hermit:Headshot"],"picked":"hermit:TrackingShot","floor":1},{"not_picked":["hermit:Coalescence","hermit:Quickdraw","hermit:Desperado"],"picked":"SKIP","floor":4},{"not_picked":["hermit:Feint","hermit:BigShot"],"picked":"hermit:Snipe","floor":8},{"not_picked":["hermit:Manifest+1","hermit:Virtue+1"],"picked":"hermit:Maintenance+1","floor":10},{"not_picked":["hermit:ItchyTrigger","hermit:BigShot","hermit:Headshot"],"picked":"SKIP","floor":11},{"not_picked":["hermit:Glare+1","hermit:Horror+1"],"picked":"hermit:EyeOfTheStorm+1","floor":12},{"not_picked":["hermit:Glare+1","hermit:TrackingShot","hermit:Malice"],"picked":"SKIP","floor":13},{"not_picked":["hermit:Enervate","hermit:BodyArmor+1"],"picked":"hermit:Snipe+1","floor":14},{"not_picked":["hermit:FinalCanter","hermit:HighNoon"],"picked":"hermit:Adapt","floor":16}],"player_experience":252436,"relics_obtained":[{"floor":9,"key":"Toxic Egg 2"}],"event_choices":[{"damage_healed":0,"gold_gain":0,"player_choice":"Upgraded","damage_taken":0,"max_hp_gain":0,"max_hp_loss":0,"event_name":"Upgrade Shrine","floor":3,"gold_loss":0,"cards_upgraded":["hermit:TrackingShot"]},{"damage_healed":0,"gold_gain":0,"player_choice":"Box","damage_taken":0,"relics_obtained":["Blue Doll"],"max_hp_gain":0,"max_hp_loss":0,"event_name":"Big Fish","floor":5,"gold_loss":0,"cards_obtained":["Regret"]},{"damage_healed":0,"gold_gain":0,"cards_transformed":["hermit:Strike_Hermit"],"player_choice":"Transformed","damage_taken":0,"max_hp_gain":0,"max_hp_loss":0,"event_name":"Transmorgrifier","floor":7,"gold_loss":0,"cards_obtained":["hermit:Quickdraw"]}],"is_beta":false,"boss_relics":[{"not_picked":["SacredBark","Busted Crown"],"picked":"Kintsugi"}],"items_purged_floors":[2],"is_endless":false,"potions_floor_spawned":[8,12],"killed_by":"3 Byrds","ascension_level":0}}