{"host":"lreod2rejfd0az5i","time":1607548797,"event":{"gold_per_floor":[114,129,57,57,77,112,112,122,122,47,82,82,82,102,102,175,175,194,144,0,14,14,14,14,31,57,57,57,57],"floor_reached":28,"playtime":959,"items_purged":["Strike_B","conspire:SpireCoStock"],"score":464,"play_id":"511dde9a-46c4-4938-a262-0008e7d454d7","local_time":"20201209141957","is_ascension_mode":true,"campfire_choices":[{"data":"Consume","floor":7.0,"key":"SMITH"},{"floor":13.0,"key":"REST"},{"floor":15.0,"key":"REST"},{"floor":24.0,"key":"REST"}],"neow_cost":"NONE","seed_source_timestamp":521354426680800,"circlet_count":0,"master_deck":["AscendersBane","Strike_B","Strike_B","Strike_B","Defend_B","Defend_B","Defend_B","Defend_B","Zap+1","Dualcast","Redo","Consume+1","Glacier","Seek","Streamline","Ball Lightning","Defragment","Mirror Shield+1","CurseOfTheBell","Creative AI","Necronomicurse"],"special_seed":0,"relics":["conspire:SpecialSausage","Vajra","hubris:Reverence","hubris:TinFlute","Emotion Chip","Calling Bell","aspiration:Lifesprig","Question Card","Replay:Arrowhead","Necronomicon","aspiration:Headhunter","infinitespire:Freezer"],"potions_floor_usage":[],"damage_taken":[{"damage":19.0,"enemies":"Small Slimes","floor":1.0,"turns":4.0},{"damage":7.0,"enemies":"2 Louse","floor":2.0,"turns":2.0},{"damage":12.0,"enemies":"infinitespire:Voidling","floor":5.0,"turns":3.0},{"damage":6.0,"enemies":"Replay:BlueRogue","floor":6.0,"turns":6.0},{"damage":6.0,"enemies":"Large Slime","floor":8.0,"turns":7.0},{"damage":0.0,"enemies":"Gremlin Nob","floor":11.0,"turns":3.0},{"damage":6.0,"enemies":"Looter","floor":14.0,"turns":2.0},{"damage":23.0,"enemies":"Hexaghost","floor":16.0,"turns":9.0},{"damage":15.0,"enemies":"Spheric Guardian","floor":18.0,"turns":4.0},{"damage":0.0,"enemies":"Chosen","floor":21.0,"turns":7.0},{"damage":11.0,"enemies":"Centurion and Healer","floor":25.0,"turns":7.0},{"damage":55,"enemies":"Gremlin Leader","floor":28,"turns":8}],"seed_played":"-1416315439719908023","potions_obtained":[{"floor":1.0,"key":"Fruit Juice"},{"floor":5.0,"key":"SkillPotion"},{"floor":8.0,"key":"Energy Potion"},{"floor":16.0,"key":"Adrenaline Potion"},{"floor":18.0,"key":"DistilledChaos"}],"is_trial":false,"path_per_floor":["M","M","?","?","M","E","R","M","T","$","E","?","R","M","R","B",null,"M","?","?","M","?","AVR","R","M","T","?","E"],"character_chosen":"DEFECT","items_purchased":[],"campfire_rested":3,"item_purchase_floors":[],"current_hp_per_floor":[50,43,43,43,36,30,30,24,24,24,24,6,28,22,44,21,62,47,47,47,47,26,26,48,37,37,37,0,0],"gold":57,"neow_bonus":"BOSS_RELIC","is_prod":false,"is_daily":false,"chose_seed":false,"campfire_upgraded":1,"win_rate":0,"timestamp":1607548797,"path_taken":["M","M","?","?","?","E","R","M","T","$","E","?","R","M","R","BOSS","M","?","?","M","?","AVR","R","?","T","?","E"],"build_version":"2020-11-30","purchased_purges":2,"victory":false,"max_hp_per_floor":[76,76,76,76,76,76,76,76,76,76,76,76,76,76,76,76,76,76,76,76,76,76,76,76,76,76,76,76,76],"relic_stats":{"Emotion Chip":[21,12,9,0,0],"counters":[12,62],"Necronomicon":[2],"Question Card":4,"obtain_stats":[{"aspiration:Lifesprig":17,"Vajra":6,"conspire:SpecialSausage":0,"Question Card":17,"Replay:Arrowhead":17,"Calling Bell":17,"Emotion Chip":12,"Necronomicon":22,"Cracked Core":0,"aspiration:Headhunter":23,"hubris:TinFlute":11,"hubris:Reverence":9,"infinitespire:Freezer":26},{"aspiration:Lifesprig":8,"Vajra":4,"conspire:SpecialSausage":0,"Question Card":8,"Replay:Arrowhead":8,"Calling Bell":8,"Emotion Chip":6,"Necronomicon":10,"Cracked Core":0,"aspiration:Headhunter":10,"hubris:TinFlute":6,"hubris:Reverence":5,"infinitespire:Freezer":11},{"aspiration:Lifesprig":36,"Vajra":15,"conspire:SpecialSausage":0,"Question Card":36,"Replay:Arrowhead":36,"Calling Bell":36,"Emotion Chip":25,"Necronomicon":47,"Cracked Core":0,"aspiration:Headhunter":47,"hubris:TinFlute":25,"hubris:Reverence":22,"infinitespire:Freezer":54}]},"card_choices":[{"not_picked":["Turbo","Sweeping Beam"],"picked":"Redo","floor":1.0},{"not_picked":["Compile Driver","ReplayTheSpireMod:Repulse"],"picked":"Consume","floor":2.0},{"not_picked":["Melter","Compile Driver"],"picked":"Glacier","floor":5.0},{"not_picked":["Go for the Eyes","Crystallizer"],"picked":"Seek","floor":6.0},{"not_picked":["Reinforced Body","Compile Driver"],"picked":"Streamline","floor":8.0},{"not_picked":["Gash","ReplayTheSpireMod:Calculation Training"],"picked":"Ball Lightning","floor":11.0},{"not_picked":["Core Surge","Beam Cell"],"picked":"Defragment","floor":14.0},{"not_picked":["Thunder Strike","ReplayTheSpireMod:Omega Cannon"],"picked":"Mirror Shield","floor":16.0},{"not_picked":["Beam Cell","Storm","Compile Driver","conspire:Rain"],"picked":"SKIP","floor":18.0},{"not_picked":["Stack","Scrape","conspire:Rain"],"picked":"Creative AI","floor":21.0},{"not_picked":["Gash","Melter","Darkness","BasicCrystalCard"],"picked":"SKIP","floor":25.0}],"player_experience":831796,"relics_obtained":[{"floor":6.0,"key":"Vajra"},{"floor":9.0,"key":"hubris:Reverence"},{"floor":11.0,"key":"hubris:TinFlute"},{"floor":17.0,"key":"aspiration:Lifesprig"},{"floor":17.0,"key":"Question Card"},{"floor":17.0,"key":"Replay:Arrowhead"},{"floor":22.0,"key":"Necronomicon"},{"floor":26.0,"key":"infinitespire:Freezer"}],"event_choices":[{"damage_healed":0.0,"max_hp_gain":0.0,"max_hp_loss":0.0,"gold_gain":0.0,"event_name":"World of Goop","player_choice":"Left Gold","floor":3.0,"gold_loss":72.0,"damage_taken":0.0},{"damage_healed":0.0,"max_hp_gain":0.0,"max_hp_loss":0.0,"gold_gain":0.0,"event_name":"Upgrade Shrine","player_choice":"Upgraded","floor":4.0,"gold_loss":0.0,"damage_taken":0.0,"cards_upgraded":["Zap"]},{"damage_healed":0.0,"max_hp_gain":0.0,"max_hp_loss":0.0,"gold_gain":0.0,"event_name":"Scrap Ooze","player_choice":"Success","floor":12.0,"gold_loss":0.0,"damage_taken":18.0,"relics_obtained":["Emotion Chip"]},{"damage_healed":0.0,"max_hp_gain":0.0,"max_hp_loss":0.0,"gold_gain":0.0,"event_name":"conspire:Investor","player_choice":"Invest 1","floor":19.0,"gold_loss":0.0,"damage_taken":0.0},{"damage_healed":0.0,"max_hp_gain":0.0,"max_hp_loss":0.0,"gold_gain":0.0,"event_name":"Masked Bandits","player_choice":"Paid Fearfully","floor":20.0,"gold_loss":144.0,"damage_taken":0.0},{"damage_healed":0.0,"max_hp_gain":0.0,"max_hp_loss":0.0,"gold_gain":0.0,"event_name":"Cursed Tome","player_choice":"Obtained Book","floor":22.0,"gold_loss":0.0,"damage_taken":21.0},{"damage_healed":0.0,"max_hp_gain":0.0,"max_hp_loss":0.0,"gold_gain":0.0,"event_name":"Upgrade Shrine","player_choice":"Upgraded","floor":27.0,"gold_loss":0.0,"damage_taken":0.0,"cards_upgraded":["Mirror Shield"]}],"is_beta":false,"boss_relics":[{"not_picked":["Velvet Choker","hubris:Stopwatch"],"picked":"Calling Bell"}],"items_purged_floors":[10,23],"is_endless":false,"potions_floor_spawned":[1,5,8,16,18],"killed_by":"Gremlin Leader","ascension_level":17}}