{"host":"w67cbsyvvudl9mq6","time":1607487067,"event":{"gold_per_floor":[111,36,36,48,48,48,82,82,160,185,202,202,229,189,189],"floor_reached":14,"playtime":607,"items_purged":["Strike_G"],"score":262,"play_id":"e8ffbe00-4fd9-4f05-a0f1-4325c19a4726","local_time":"20201209131107","is_ascension_mode":true,"campfire_choices":[{"data":"Bouncing Flask","floor":6.0,"key":"SMITH"},{"data":"Neutralize","floor":8.0,"key":"SMITH"}],"neow_cost":"NONE","seed_source_timestamp":3038201986700,"circlet_count":0,"master_deck":["AscendersBane","Strike_G","Strike_G","Strike_G","Strike_G","Defend_G","Defend_G","Defend_G","Defend_G","Defend_G","Survivor","Neutralize+1","Bouncing Flask+1","Dagger Spray","Tactician","Deadly Poison","Flying Knee"],"special_seed":0,"relics":["Ring of the Snake","NeowsBlessing","Nunchaku","Bottled Lightning","Tiny Chest","FaceOfCleric","Oddly Smooth Stone"],"potions_floor_usage":[13,13,14],"damage_taken":[{"damage":0.0,"enemies":"Small Slimes","floor":1.0,"turns":1.0},{"damage":0.0,"enemies":"Cultist","floor":4.0,"turns":1.0},{"damage":0.0,"enemies":"3 Sentries","floor":7.0,"turns":1.0},{"damage":24.0,"enemies":"Gremlin Nob","floor":10.0,"turns":4.0},{"damage":0.0,"enemies":"2 Louse","floor":11.0,"turns":2.0},{"damage":27,"enemies":"3 Sentries","floor":13,"turns":8},{"damage":9,"enemies":"Exordium Thugs","floor":14,"turns":2}],"seed_played":"-4651640968174678619","potions_obtained":[{"floor":3.0,"key":"Fire Potion"},{"floor":3.0,"key":"GhostInAJar"},{"floor":13,"key":"PowerPotion"}],"is_trial":false,"path_per_floor":["M","$","?","M","$","R","E","R","T","E","M","?","E","M"],"character_chosen":"THE_SILENT","items_purchased":[],"campfire_rested":0,"item_purchase_floors":[],"current_hp_per_floor":[59,59,59,59,59,59,59,59,59,35,35,35,9,0,0],"gold":189,"neow_bonus":"THREE_ENEMY_KILL","is_prod":false,"is_daily":false,"chose_seed":false,"campfire_upgraded":2,"win_rate":0,"timestamp":1607487067,"path_taken":["M","$","?","M","$","R","E","R","T","E","?","?","E","M"],"build_version":"2020-11-30","purchased_purges":1,"victory":false,"max_hp_per_floor":[66,66,66,66,66,66,66,66,66,66,66,66,67,67,67],"card_choices":[{"not_picked":["Slice","Eviscerate"],"picked":"Bouncing Flask","floor":1.0},{"not_picked":["Cloak And Dagger","Calculated Gamble"],"picked":"Dagger Spray","floor":4.0},{"not_picked":["Eviscerate","Deflect","Terror"],"picked":"SKIP","floor":7.0},{"not_picked":["Flechettes","Prepared"],"picked":"Tactician","floor":10.0},{"not_picked":["PiercingWail","Predator"],"picked":"Deadly Poison","floor":11.0},{"not_picked":["Tactician","Poisoned Stab"],"picked":"Flying Knee","floor":13}],"player_experience":337930,"relics_obtained":[{"floor":7.0,"key":"Nunchaku"},{"floor":9.0,"key":"Bottled Lightning"},{"floor":10.0,"key":"Tiny Chest"},{"floor":13,"key":"Oddly Smooth Stone"}],"event_choices":[{"damage_healed":0.0,"max_hp_gain":0.0,"max_hp_loss":0.0,"gold_gain":0.0,"event_name":"Lab","player_choice":"Got Potions","floor":3.0,"gold_loss":0.0,"damage_taken":0.0},{"damage_healed":0.0,"max_hp_gain":0.0,"max_hp_loss":0.0,"gold_gain":0.0,"event_name":"FaceTrader","player_choice":"Trade","floor":12.0,"gold_loss":0.0,"damage_taken":0.0,"relics_obtained":["FaceOfCleric"]}],"is_beta":false,"boss_relics":[],"items_purged_floors":[2],"is_endless":false,"potions_floor_spawned":[7,10,11,13],"killed_by":"Exordium Thugs","ascension_level":20}}