{"host":"pt6h8oq25r9fy33v","time":1607527455,"event":{"gold_per_floor":[116,129,148,148,73,100,100,131,131,131,131],"floor_reached":10,"playtime":367,"items_purged":["Strike_R"],"score":106,"play_id":"3f8a25cb-fa45-4710-9045-5594b2d8e9f1","local_time":"20201210002415","is_ascension_mode":true,"campfire_choices":[{"data":"Uppercut","floor":7.0,"key":"SMITH"}],"neow_cost":"TEN_PERCENT_HP_LOSS","seed_source_timestamp":362936663668864,"circlet_count":0,"master_deck":["Strike_R","Strike_R","Defend_R","Defend_R","Defend_R","Bash","Sentinel","Demon Form","Body Slam","Dropkick","Uppercut+1","Burning Pact","Seeing Red"],"special_seed":0,"relics":["Burning Blood","Pear","Boot","Gremlin Horn"],"potions_floor_usage":[10,10],"damage_taken":[{"damage":13.0,"enemies":"Jaw Worm","floor":1.0,"turns":4.0},{"damage":17.0,"enemies":"Small Slimes","floor":2.0,"turns":5.0},{"damage":1.0,"enemies":"Cultist","floor":3.0,"turns":4.0},{"damage":31.0,"enemies":"Gremlin Nob","floor":6.0,"turns":5.0},{"damage":20,"enemies":"Lagavulin","floor":8,"turns":6},{"damage":30,"enemies":"3 Sentries","floor":10,"turns":3}],"seed_played":"3379905849508469883","potions_obtained":[{"floor":1.0,"key":"Swift Potion"},{"floor":8,"key":"GamblersBrew"}],"is_trial":false,"path_per_floor":["M","M","M","?","$","E","R","E","T","E"],"character_chosen":"IRONCLAD","items_purchased":[],"campfire_rested":0,"item_purchase_floors":[],"current_hp_per_floor":[65,54,59,52,52,37,37,23,23,0,0],"gold":131,"neow_bonus":"TRANSFORM_TWO_CARDS","is_prod":false,"is_daily":false,"chose_seed":false,"campfire_upgraded":1,"win_rate":0,"timestamp":1607527455,"path_taken":["M","M","M","?","$","E","R","E","T","E"],"build_version":"2020-11-30","purchased_purges":1,"victory":false,"max_hp_per_floor":[72,72,72,72,72,82,82,82,82,82,82],"card_choices":[{"not_picked":["Headbutt","Anger"],"picked":"Body Slam","floor":1.0},{"not_picked":["Headbutt","Clothesline"],"picked":"Dropkick","floor":2.0},{"not_picked":["Clothesline","Havoc"],"picked":"Uppercut","floor":3.0},{"not_picked":["Second Wind","Uppercut"],"picked":"Burning Pact","floor":6.0},{"not_picked":["Sword Boomerang","Body Slam"],"picked":"Seeing Red","floor":8}],"player_experience":55473,"relics_obtained":[{"floor":6.0,"key":"Pear"},{"floor":8,"key":"Boot"},{"floor":9,"key":"Gremlin Horn"}],"event_choices":[{"cards_removed":["Strike_R"],"damage_healed":0.0,"max_hp_gain":0.0,"max_hp_loss":0.0,"gold_gain":0.0,"event_name":"Golden Wing","player_choice":"Card Removal","floor":4.0,"gold_loss":0.0,"damage_taken":7.0}],"is_beta":false,"boss_relics":[],"items_purged_floors":[5],"is_endless":false,"potions_floor_spawned":[1,8],"killed_by":"3 Sentries","ascension_level":8}}