{"host":"jm9833yuloeli2yd","time":1607552406,"event":{"gold_per_floor":[210,190,208,48,13,13,13,42,42,60,60,93,103,103,103,182,182,197,213,213,213,213,213,246,246,271,291,321,71,102,119,119,119,119],"floor_reached":33,"playtime":752,"items_purged":["Strike_B"],"score":872,"play_id":"b5ff3eba-4b6f-450f-b4eb-d960611aad16","local_time":"20201209172006","is_ascension_mode":true,"campfire_choices":[{"data":"Defragment","floor":6.0,"key":"SMITH"},{"data":"Biased Cognition","floor":11.0,"key":"SMITH"},{"floor":15.0,"key":"REST"},{"data":"Zap","floor":23.0,"key":"SMITH"},{"data":"Go for the Eyes","floor":25.0,"key":"SMITH"},{"data":"Defragment","floor":32,"key":"SMITH"}],"neow_cost":"NONE","seed_source_timestamp":778028943139000,"circlet_count":0,"master_deck":["AscendersBane","Strike_B","Strike_B+1","Strike_B","Defend_B","Defend_B","Defend_B","Defend_B","Zap+1","Dualcast","Ball Lightning","Defragment+1","Biased Cognition+1","Ball Lightning+1","Machine Learning","Go for the Eyes+1","Ghostly","Ghostly","Ghostly","Cold Snap","Defragment+1","Double Energy+1","Self Repair","Auto Shields+1"],"special_seed":0,"relics":["Cracked Core","DataDisk","Strawberry","Vajra","Lantern","Orichalcum","Nuclear Battery","Prayer Wheel","InkBottle","Smiling Mask","Whetstone","Tiny Chest"],"potions_floor_usage":[28,33,33],"damage_taken":[{"damage":1.0,"enemies":"Cultist","floor":1.0,"turns":3.0},{"damage":2.0,"enemies":"Jaw Worm","floor":3.0,"turns":3.0},{"damage":45.0,"enemies":"3 Sentries","floor":8.0,"turns":8.0},{"damage":0.0,"enemies":"2 Louse","floor":10.0,"turns":2.0},{"damage":30.0,"enemies":"Lagavulin","floor":12.0,"turns":5.0},{"damage":0.0,"enemies":"2 Fungi Beasts","floor":13.0,"turns":3.0},{"damage":0.0,"enemies":"Slime Boss","floor":16.0,"turns":4.0},{"damage":34.0,"enemies":"Shell Parasite","floor":18.0,"turns":4.0},{"damage":23.0,"enemies":"2 Thieves","floor":19.0,"turns":3.0},{"damage":0.0,"enemies":"Slavers","floor":24.0,"turns":4.0},{"damage":1.0,"enemies":"Snecko","floor":27.0,"turns":5.0},{"damage":0,"enemies":"Gremlin Leader","floor":28,"turns":6},{"damage":0,"enemies":"Slavers","floor":30,"turns":5},{"damage":0,"enemies":"Sentry and Sphere","floor":31,"turns":4},{"damage":22,"enemies":"Collector","floor":33,"turns":6}],"seed_played":"-6654532020192990723","potions_obtained":[{"floor":2.0,"key":"Fruit Juice"},{"floor":12.0,"key":"AttackPotion"},{"floor":13.0,"key":"FairyPotion"},{"floor":16.0,"key":"SneckoOil"},{"floor":18.0,"key":"Explosive Potion"},{"floor":24.0,"key":"PowerPotion"},{"floor":27.0,"key":"Explosive Potion"},{"floor":28,"key":"BlessingOfTheForge"}],"is_trial":false,"path_per_floor":["M","?","M","$","?","R","$","E","T","M","R","E","M","?","R","B",null,"M","M","?","?","?","R","E","R","T","M","E","$","E","M","R","B"],"character_chosen":"DEFECT","items_purchased":["DataDisk","Defragment","CultistPotion"],"campfire_rested":1,"item_purchase_floors":[4,29,29],"current_hp_per_floor":[63,63,61,61,71,71,71,33,33,33,33,3,8,9,33,33,71,37,14,14,14,14,14,14,14,14,13,13,13,13,13,13,0,0],"gold":119,"neow_bonus":"HUNDRED_GOLD","is_prod":false,"is_daily":false,"chose_seed":false,"campfire_upgraded":5,"win_rate":0,"timestamp":1607552406,"path_taken":["M","?","M","$","?","R","?","E","T","M","R","E","M","?","R","BOSS","M","M","?","?","?","R","E","R","T","M","E","?","E","M","R","BOSS"],"build_version":"2020-11-30","purchased_purges":1,"victory":false,"max_hp_per_floor":[71,71,71,71,71,71,71,78,78,78,78,78,83,83,83,83,83,83,83,83,41,41,41,41,41,41,41,41,41,41,41,41,41,41],"card_choices":[{"not_picked":["Cold Snap","Sweeping Beam"],"picked":"Ball Lightning","floor":1.0},{"not_picked":["Coolheaded","Go for the Eyes"],"picked":"Defragment","floor":3.0},{"not_picked":["Recycle","Gash"],"picked":"Biased Cognition","floor":8.0},{"not_picked":["Tempest","Turbo"],"picked":"Ball Lightning","floor":10.0},{"not_picked":["Storm","Hyperbeam","Blizzard"],"picked":"SKIP","floor":12.0},{"not_picked":["Storm","Compile Driver","Streamline"],"picked":"SKIP","floor":13.0},{"not_picked":["Hyperbeam","All For One"],"picked":"Machine Learning","floor":16.0},{"not_picked":["Steam","Hello World","Conserve Battery"],"picked":"SKIP","floor":18.0},{"not_picked":["Gash","Lockon"],"picked":"Go for the Eyes","floor":19.0},{"not_picked":["Leap","Sweeping Beam","Stack"],"picked":"SKIP","floor":24.0},{"not_picked":["Steam","Conserve Battery"],"picked":"Cold Snap","floor":27.0},{"not_picked":["Gash","Cold Snap","Beam Cell"],"picked":"SKIP","floor":27.0},{"not_picked":["Ball Lightning","Barrage","Auto Shields"],"picked":"SKIP","floor":28},{"not_picked":["Rip and Tear","Melter"],"picked":"Double Energy+1","floor":30},{"not_picked":["Beam Cell","Barrage"],"picked":"Self Repair","floor":31},{"not_picked":["Machine Learning","Turbo"],"picked":"Auto Shields+1","floor":31}],"player_experience":982883,"relics_obtained":[{"floor":8.0,"key":"Strawberry"},{"floor":9.0,"key":"Vajra"},{"floor":12.0,"key":"Lantern"},{"floor":24.0,"key":"InkBottle"},{"floor":26.0,"key":"Smiling Mask"},{"floor":28,"key":"Whetstone"},{"floor":30,"key":"Tiny Chest"}],"event_choices":[{"damage_healed":0.0,"max_hp_gain":0.0,"max_hp_loss":0.0,"gold_gain":0.0,"event_name":"The Woman in Blue","player_choice":"Bought 1 Potion","floor":2.0,"gold_loss":0.0,"damage_taken":0.0},{"damage_healed":17.0,"max_hp_gain":0.0,"max_hp_loss":0.0,"gold_gain":0.0,"event_name":"The Cleric","player_choice":"Healed","floor":5.0,"gold_loss":35.0,"damage_taken":0.0},{"damage_healed":0.0,"max_hp_gain":0.0,"max_hp_loss":0.0,"gold_gain":0.0,"event_name":"Scrap Ooze","player_choice":"Success","floor":14.0,"gold_loss":0.0,"damage_taken":26.0,"relics_obtained":["Orichalcum"]},{"damage_healed":0.0,"max_hp_gain":0.0,"max_hp_loss":0.0,"gold_gain":0.0,"event_name":"The Mausoleum","player_choice":"Opened","floor":20.0,"gold_loss":0.0,"damage_taken":0.0,"relics_obtained":["Prayer Wheel"],"cards_obtained":["Writhe"]},{"damage_healed":0.0,"max_hp_gain":0.0,"max_hp_loss":42.0,"gold_gain":0.0,"event_name":"Ghosts","player_choice":"Became a Ghost","floor":21.0,"gold_loss":0.0,"damage_taken":0.0,"cards_obtained":["Ghostly","Ghostly","Ghostly"]},{"cards_removed":["Writhe"],"damage_healed":0.0,"max_hp_gain":0.0,"max_hp_loss":0.0,"gold_gain":0.0,"event_name":"Back to Basics","player_choice":"Elegance","floor":22.0,"gold_loss":0.0,"damage_taken":0.0}],"is_beta":false,"boss_relics":[{"not_picked":["Empty Cage","Black Star"],"picked":"Nuclear Battery"}],"items_purged_floors":[29],"is_endless":false,"potions_floor_spawned":[12,13,16,18,24,27,28],"killed_by":"Collector","ascension_level":20}}