{"host":"ozldcesm2z8rukg9","time":1607481047,"event":{"gold_per_floor":[166,177,192,152,168,168,202,202,227,227,227,253,288,314,323,406,406,426,452,37,60,60,69,99,128,128,146,155,155,176,204,204,204,204],"floor_reached":33,"playtime":6006,"items_purged":["Strike_G"],"score":558,"play_id":"93a29b02-5d4b-414f-9f1b-495a8dc08654","local_time":"20201208213047","is_ascension_mode":true,"campfire_choices":[{"data":"Bane","floor":6,"key":"SMITH"},{"data":"Noxious Fumes","floor":8,"key":"SMITH"},{"data":"Calculated Gamble","floor":10,"key":"SMITH"},{"floor":15,"key":"REST"},{"floor":23,"key":"REST"},{"data":"Wraith Form v2","floor":29,"key":"SMITH"},{"data":"Wraith Form v2","floor":32,"key":"SMITH"}],"neow_cost":"NONE","seed_source_timestamp":2402371656531200,"circlet_count":0,"master_deck":["AscendersBane","Strike_G+1","Strike_G","Defend_G","Defend_G","Defend_G","Defend_G","Defend_G","Survivor","Neutralize","Leg Sweep","Noxious Fumes+1","Leg Sweep","Adrenaline","Bane+1","Blur","Calculated Gamble+1","Blade Dance","Choke","Venomology","Blade Dance","Wraith Form v2+1","Dash","PiercingWail","Wraith Form v2+1","Secret Technique","Accuracy","Footwork","Backflip","Finisher","Dagger Spray","Leg Sweep","Bouncing Flask","Phantasmal Killer"],"relics":["Tiny House","Dream Catcher","CeramicFish","Ancient Tea Set","Cursed Key","Art of War"],"potions_floor_usage":[7,12,13,13,16,19,21,24,30,31,33,33,33],"damage_taken":[{"damage":1,"enemies":"Cultist","floor":1,"turns":5},{"damage":6,"enemies":"Small Slimes","floor":2,"turns":8},{"damage":0,"enemies":"Jaw Worm","floor":3,"turns":7},{"damage":0,"enemies":"Looter","floor":4,"turns":4},{"damage":3,"enemies":"3 Louse","floor":5,"turns":6},{"damage":17,"enemies":"Lagavulin","floor":7,"turns":8},{"damage":16,"enemies":"Exordium Thugs","floor":12,"turns":6},{"damage":8,"enemies":"Gremlin Nob","floor":13,"turns":3},{"damage":11,"enemies":"Lots of Slimes","floor":14,"turns":3},{"damage":18,"enemies":"Hexaghost","floor":16,"turns":10},{"damage":17,"enemies":"3 Byrds","floor":18,"turns":7},{"damage":15,"enemies":"Shell Parasite","floor":19,"turns":5},{"damage":3,"enemies":"Shelled Parasite and Fungi","floor":21,"turns":6},{"damage":9,"enemies":"Book of Stabbing","floor":24,"turns":6},{"damage":1,"enemies":"Centurion and Healer","floor":25,"turns":6},{"damage":0,"enemies":"Snecko","floor":30,"turns":6},{"damage":2,"enemies":"Shelled Parasite and Fungi","floor":31,"turns":6},{"damage":33,"enemies":"Collector","floor":33,"turns":9}],"seed_played":"5277394605977602590","potions_obtained":[{"floor":0,"key":"Energy Potion"},{"floor":1,"key":"Energy Potion"},{"floor":5,"key":"Fire Potion"},{"floor":7,"key":"AttackPotion"},{"floor":12,"key":"SteroidPotion"},{"floor":25,"key":"SpeedPotion"},{"floor":30,"key":"LiquidMemories"}],"is_trial":false,"path_per_floor":["M","M","M","M","M","R","E","R","T","R","?","M","E","M","R","B",null,"M","M","$","M","?","R","E","M","T","?","?","R","M","M","R","B"],"character_chosen":"THE_SILENT","items_purchased":["Wraith Form v2","Secret Technique"],"campfire_rested":2,"item_purchase_floors":[20,20],"current_hp_per_floor":[63,57,57,57,54,54,37,37,37,37,37,21,13,2,23,5,55,38,23,23,20,20,41,32,31,31,31,31,31,31,29,29,0,0],"gold":204,"neow_bonus":"BOSS_RELIC","is_prod":false,"is_daily":false,"chose_seed":false,"campfire_upgraded":5,"win_rate":0,"timestamp":1607481047,"path_taken":["M","M","?","M","M","R","E","R","T","R","?","M","E","M","R","BOSS","M","M","$","M","?","R","E","M","T","?","?","R","M","M","R","BOSS"],"build_version":"2020-11-30","purchased_purges":1,"victory":false,"max_hp_per_floor":[71,71,71,71,71,71,71,71,71,71,71,71,71,71,71,71,71,71,71,71,71,71,71,71,71,71,71,71,71,71,71,71,71,71],"relic_stats":{"Dream Catcher":2,"counters":[18,111],"CeramicFish":153,"Art of War":[6],"Cursed Key":0,"obtain_stats":[{"Dream Catcher":7,"Tiny House":0,"CeramicFish":9,"Art of War":24,"Ancient Tea Set":13,"Cursed Key":17,"Ring of the Snake":0},{"Dream Catcher":6,"Tiny House":0,"CeramicFish":6,"Art of War":14,"Ancient Tea Set":8,"Cursed Key":10,"Ring of the Snake":0},{"Dream Catcher":38,"Tiny House":0,"CeramicFish":38,"Art of War":84,"Ancient Tea Set":47,"Cursed Key":60,"Ring of the Snake":0}]},"card_choices":[{"not_picked":["Slice","Underhanded Strike"],"picked":"Leg Sweep","floor":0},{"not_picked":["Slice","Terror"],"picked":"Noxious Fumes","floor":1},{"not_picked":["Slice","Prepared"],"picked":"Leg Sweep","floor":2},{"not_picked":["Infinite Blades","Deflect"],"picked":"Adrenaline","floor":3},{"not_picked":["Cloak And Dagger","Dagger Spray"],"picked":"Bane","floor":4},{"not_picked":["Backstab","Outmaneuver"],"picked":"Blur","floor":5},{"not_picked":["Slice","Quick Slash"],"picked":"Calculated Gamble","floor":7},{"not_picked":["Slice","Outmaneuver"],"picked":"Blade Dance","floor":12},{"not_picked":["Concentrate","Underhanded Strike"],"picked":"Choke","floor":13},{"not_picked":["Cloak And Dagger","All Out Attack"],"picked":"Venomology","floor":14},{"not_picked":["Prepared","Reflex"],"picked":"Blade Dance","floor":15},{"not_picked":["Tools of the Trade","Night Terror"],"picked":"Wraith Form v2","floor":16},{"not_picked":["Calculated Gamble","Riddle With Holes"],"picked":"Dash","floor":18},{"not_picked":["Underhanded Strike","Blade Dance"],"picked":"PiercingWail","floor":19},{"not_picked":["Infinite Blades","Quick Slash","Accuracy"],"picked":"SKIP","floor":21},{"not_picked":["Infinite Blades","Quick Slash"],"picked":"Accuracy","floor":21},{"not_picked":["Cloak And Dagger","Prepared"],"picked":"Footwork","floor":23},{"not_picked":["Outmaneuver","Underhanded Strike","Quick Slash"],"picked":"SKIP","floor":24},{"not_picked":["Bane","Tactician+1"],"picked":"Backflip","floor":25},{"not_picked":["Outmaneuver","Sucker Punch"],"picked":"Bouncing Flask","floor":30},{"not_picked":["Tactician","Blade Dance"],"picked":"Phantasmal Killer","floor":31}],"player_experience":1800378,"relics_obtained":[{"floor":7,"key":"Dream Catcher"},{"floor":9,"key":"CeramicFish"},{"floor":13,"key":"Ancient Tea Set"},{"floor":24,"key":"Art of War"}],"event_choices":[{"damage_healed":0,"gold_gain":0,"player_choice":"Ignored","damage_taken":0,"max_hp_gain":0,"max_hp_loss":0,"event_name":"Liars Game","floor":11,"gold_loss":0},{"damage_healed":0,"gold_gain":0,"player_choice":"Ignored","damage_taken":0,"max_hp_gain":0,"max_hp_loss":0,"event_name":"The Mausoleum","floor":22,"gold_loss":0},{"damage_healed":0,"gold_gain":0,"cards_transformed":["Strike_G","Strike_G"],"player_choice":"Became Test Subject","damage_taken":0,"max_hp_gain":0,"max_hp_loss":0,"event_name":"Drug Dealer","floor":27,"gold_loss":0,"cards_obtained":["Finisher","Dagger Spray"]},{"damage_healed":0,"gold_gain":0,"player_choice":"Read","damage_taken":0,"max_hp_gain":0,"max_hp_loss":0,"event_name":"The Library","floor":28,"gold_loss":0,"cards_obtained":["Leg Sweep"]}],"is_beta":false,"boss_relics":[{"not_picked":["Sozu","Busted Crown"],"picked":"Cursed Key"}],"items_purged_floors":[20],"is_endless":false,"potions_floor_spawned":[1,5,7,12,25,30],"killed_by":"Collector","ascension_level":20}}