{"host":"c5j8t0wyh2hvx9ju","time":1607510125,"event":{"gold_per_floor":[116,127,140,154,167,192,207,219,243,258,112,129,148,148,148,276,276,297,310,310,310,310,310,353,391,472,487,487,487],"floor_reached":28,"playtime":1844,"items_purged":[],"score":433,"play_id":"f6ff1f03-c70e-41aa-a32e-f9d110d784fe","local_time":"20201209193525","is_ascension_mode":true,"campfire_choices":[{"data":"Defragment","floor":15.0,"key":"SMITH"},{"data":"Defragment","floor":23.0,"key":"SMITH"}],"neow_cost":"","seed_source_timestamp":1550729332213600,"circlet_count":0,"master_deck":["Strike_B","Strike_B","Defend_B","Defend_B","Defend_B","Defend_B","Zap","Dualcast+1","Defragment+1","Loop","Undo","Rip and Tear","Go for the Eyes","Gash","Hologram","FTL","Sunder","Hologram+1","Defragment","Steam","Buffer","Self Repair","Injury","Reboot","Leap","Defragment+1","Storm","Gash","Gash+1"],"special_seed":0,"relics":["Cracked Core","CaptainsWheel","InkBottle","War Paint","Golden Idol","Nuclear Battery","Enchiridion","Omamori","Red Mask","Frozen Egg 2"],"potions_floor_usage":[],"damage_taken":[{"damage":0.0,"enemies":"Small Slimes","floor":1.0,"turns":3.0},{"damage":10.0,"enemies":"2 Louse","floor":2.0,"turns":3.0},{"damage":4.0,"enemies":"Jaw Worm","floor":3.0,"turns":3.0},{"damage":7.0,"enemies":"Large Slime","floor":4.0,"turns":4.0},{"damage":8.0,"enemies":"Blue Slaver","floor":5.0,"turns":4.0},{"damage":16.0,"enemies":"3 Sentries","floor":6.0,"turns":5.0},{"damage":4.0,"enemies":"Red Slaver","floor":7.0,"turns":3.0},{"damage":7.0,"enemies":"Gremlin Gang","floor":8.0,"turns":4.0},{"damage":0.0,"enemies":"Exordium Wildlife","floor":10.0,"turns":2.0},{"damage":6.0,"enemies":"Exordium Thugs","floor":12.0,"turns":4.0},{"damage":0.0,"enemies":"Lots of Slimes","floor":13.0,"turns":2.0},{"damage":46.0,"enemies":"Hexaghost","floor":16.0,"turns":10.0},{"damage":4.0,"enemies":"2 Thieves","floor":18.0,"turns":5.0},{"damage":18.0,"enemies":"Spheric Guardian","floor":19.0,"turns":6.0},{"damage":36.0,"enemies":"Gremlin Leader","floor":24.0,"turns":8.0},{"damage":0.0,"enemies":"Masked Bandits","floor":25.0,"turns":2.0},{"damage":6.0,"enemies":"Snake Plant","floor":27.0,"turns":4.0},{"damage":6,"enemies":"Centurion and Healer","floor":28,"turns":2}],"seed_played":"-5347762055635636264","potions_obtained":[{"floor":4.0,"key":"Explosive Potion"},{"floor":6.0,"key":"Regen Potion"},{"floor":8.0,"key":"SpeedPotion"},{"floor":10.0,"key":"Swift Potion"},{"floor":12.0,"key":"DistilledChaos"},{"floor":13.0,"key":"Regen Potion"},{"floor":19.0,"key":"BlessingOfTheForge"}],"is_trial":false,"path_per_floor":["M","M","M","M","M","E","M","M","T","M","$","M","M","?","R","B",null,"M","M","?","?","?","R","E","?","T","M","M"],"character_chosen":"DEFECT","items_purchased":["Defragment","Loop","Undo","CaptainsWheel","Rip and Tear","Buffer"],"campfire_rested":0,"item_purchase_floors":[0,0,0,0,0,11],"current_hp_per_floor":[75,65,61,54,46,30,26,19,19,19,19,13,20,20,20,33,65,68,57,41,41,41,41,12,12,12,6,0,0],"gold":487,"neow_bonus":"","is_prod":false,"is_daily":false,"chose_seed":false,"campfire_upgraded":2,"win_rate":0,"timestamp":1607510125,"path_taken":["M","M","M","M","M","E","M","M","T","M","$","M","M","?","R","BOSS","M","M","?","?","?","R","E","?","T","M","M"],"build_version":"2020-11-30","purchased_purges":0,"victory":false,"max_hp_per_floor":[75,75,75,75,75,75,75,75,75,75,75,75,75,75,75,75,75,75,75,75,75,75,75,75,75,75,75,75,75],"card_choices":[{"not_picked":["Compile Driver","Barrage"],"picked":"Go for the Eyes","floor":1.0},{"not_picked":["Chaos","Turbo"],"picked":"Gash","floor":2.0},{"not_picked":["Compile Driver","Heatsinks"],"picked":"Hologram","floor":3.0},{"not_picked":["Ball Lightning","Cold Snap","Redo"],"picked":"SKIP","floor":4.0},{"not_picked":["Meteor Strike","Compile Driver"],"picked":"FTL","floor":5.0},{"not_picked":["Rebound","Leap"],"picked":"Sunder","floor":6.0},{"not_picked":["Steam","Streamline"],"picked":"Hologram","floor":7.0},{"not_picked":["Undo","Go for the Eyes"],"picked":"Defragment","floor":8.0},{"not_picked":["Rebound","Stack"],"picked":"Steam","floor":10.0},{"not_picked":["Coolheaded","Chill"],"picked":"Self Repair","floor":12.0},{"not_picked":["Conserve Battery","Ball Lightning","Streamline"],"picked":"SKIP","floor":13.0},{"not_picked":["Thunder Strike","Core Surge"],"picked":"Reboot","floor":16.0},{"not_picked":["Undo","Redo"],"picked":"Leap","floor":18.0},{"not_picked":["Blizzard","Leap","Skim+1"],"picked":"SKIP","floor":19.0},{"not_picked":["Sweeping Beam","Go for the Eyes","Auto Shields"],"picked":"SKIP","floor":24.0},{"not_picked":["Sweeping Beam","Coolheaded"],"picked":"Gash+1","floor":27.0}],"player_experience":840374,"relics_obtained":[{"floor":6.0,"key":"InkBottle"},{"floor":9.0,"key":"War Paint"},{"floor":20.0,"key":"Enchiridion"},{"floor":24.0,"key":"Omamori"},{"floor":25.0,"key":"Red Mask"},{"floor":26.0,"key":"Frozen Egg 2"}],"event_choices":[{"damage_healed":0.0,"max_hp_gain":0.0,"max_hp_loss":0.0,"gold_gain":0.0,"event_name":"Golden Idol","player_choice":"Take Wound","floor":14.0,"gold_loss":0.0,"damage_taken":0.0,"relics_obtained":["Golden Idol"],"cards_obtained":["Injury"]},{"damage_healed":0.0,"max_hp_gain":0.0,"max_hp_loss":0.0,"gold_gain":0.0,"event_name":"Cursed Tome","player_choice":"Obtained Book","floor":20.0,"gold_loss":0.0,"damage_taken":16.0},{"damage_healed":0.0,"max_hp_gain":0.0,"max_hp_loss":0.0,"gold_gain":0.0,"cards_transformed":["Strike_B","Strike_B"],"event_name":"Drug Dealer","player_choice":"Became Test Subject","floor":21.0,"gold_loss":0.0,"damage_taken":0.0,"cards_obtained":["Defragment","Storm"]},{"damage_healed":0.0,"max_hp_gain":0.0,"max_hp_loss":0.0,"gold_gain":0.0,"event_name":"The Library","player_choice":"Read","floor":22.0,"gold_loss":0.0,"damage_taken":0.0,"cards_obtained":["Gash"]},{"damage_healed":0.0,"max_hp_gain":0.0,"max_hp_loss":0.0,"gold_gain":0.0,"event_name":"Masked Bandits","player_choice":"Fought Bandits","floor":25.0,"gold_loss":0.0,"damage_taken":0.0}],"is_beta":false,"boss_relics":[{"not_picked":["Tiny House","Velvet Choker"],"picked":"Nuclear Battery"}],"items_purged_floors":[],"is_endless":false,"potions_floor_spawned":[4,6,8,10,12,13,19],"killed_by":"Centurion and Healer","ascension_level":5}}