{"host":"7sqhl7p0q0irnjd4","time":1607472242,"event":{"gold_per_floor":[119,133,202,10,27,57,57,71,71,71,94,107,133,133,133,232,232,243,257,172,93,93,93,25,25,25,25,45,45,61,78,78,179,229,248,248,148,166,184,184,184],"floor_reached":40,"playtime":3942,"items_purged":["Strike_G","Strike_G"],"score":436,"play_id":"c990ca07-77ba-4d6f-b5c3-a7d0094c8740","local_time":"20201208190402","is_ascension_mode":true,"campfire_choices":[{"data":"After Image","floor":7.0,"key":"SMITH"},{"data":"Accuracy","floor":10.0,"key":"SMITH"},{"floor":15.0,"key":"REST"},{"data":"Wraith Form v2","floor":23.0,"key":"SMITH"},{"data":"A Thousand Cuts","floor":25.0,"key":"SMITH"},{"data":"J.A.X.","floor":32.0,"key":"SMITH"}],"neow_cost":"NONE","seed_source_timestamp":0,"circlet_count":0,"master_deck":["Strike_G","Strike_G","Strike_G","Defend_G","Defend_G","Defend_G","Defend_G","Defend_G","Survivor","Neutralize+1","Choke","Backflip","After Image+1","Blade Dance","Infinite Blades","Cloak And Dagger","Accuracy+1","Sucker Punch","Footwork","Infinite Blades","Wraith Form v2+1","CurseOfTheBell","PiercingWail","Calculated Gamble","Terror","J.A.X.+1","A Thousand Cuts+1","Die Die Die","Accuracy+1","Die Die Die","Leg Sweep","Acrobatics+1"],"special_seed":0,"relics":["HoveringKite","Lantern","Odd Mushroom","CultistMask","Calling Bell","Snake Skull","Blue Candle","TungstenRod","Incense Burner","Bottled Tornado","Tiny House"],"potions_floor_usage":[40],"damage_taken":[{"damage":1.0,"enemies":"2 Louse","floor":1.0,"turns":3.0},{"damage":2.0,"enemies":"Jaw Worm","floor":2.0,"turns":4.0},{"damage":4.0,"enemies":"Small Slimes","floor":5.0,"turns":2.0},{"damage":12.0,"enemies":"3 Sentries","floor":6.0,"turns":9.0},{"damage":12.0,"enemies":"Exordium Wildlife","floor":8.0,"turns":4.0},{"damage":8.0,"enemies":"The Mushroom Lair","floor":11.0,"turns":4.0},{"damage":5.0,"enemies":"Looter","floor":12.0,"turns":2.0},{"damage":13.0,"enemies":"Lagavulin","floor":13.0,"turns":6.0},{"damage":4.0,"enemies":"Slime Boss","floor":16.0,"turns":5.0},{"damage":11.0,"enemies":"2 Thieves","floor":18.0,"turns":5.0},{"damage":12.0,"enemies":"Chosen","floor":19.0,"turns":6.0},{"damage":2.0,"enemies":"Sentry and Sphere","floor":28.0,"turns":5.0},{"damage":8.0,"enemies":"Snake Plant","floor":30.0,"turns":5.0},{"damage":3.0,"enemies":"Centurion and Healer","floor":31.0,"turns":7.0},{"damage":21.0,"enemies":"Automaton","floor":33.0,"turns":8.0},{"damage":27.0,"enemies":"3 Shapes","floor":35.0,"turns":5.0},{"damage":16.0,"enemies":"Orb Walker","floor":38.0,"turns":5.0},{"damage":27.0,"enemies":"Transient","floor":39.0,"turns":5.0},{"damage":5,"enemies":"Giant Head","floor":40,"turns":1}],"seed_played":"-720533557245961284","potions_obtained":[{"floor":1.0,"key":"BlessingOfTheForge"},{"floor":6.0,"key":"GhostInAJar"},{"floor":8.0,"key":"Energy Potion"},{"floor":12.0,"key":"Block Potion"},{"floor":16.0,"key":"Block Potion"},{"floor":30.0,"key":"LiquidBronze"},{"floor":33.0,"key":"Poison Potion"},{"floor":34.0,"key":"Block Potion"},{"floor":39.0,"key":"SkillPotion"}],"is_trial":false,"path_per_floor":["M","M","?","$","M","E","R","M","T","R","?","M","E","?","R","B",null,"M","M","?","$","?","R","$","R","T","$","M","$","M","M","R","B",null,"M","?","$","M","M","E"],"character_chosen":"THE_SILENT","items_purchased":["After Image","Blade Dance","Terror","A Thousand Cuts"],"campfire_rested":1,"item_purchase_floors":[4,4,21,24],"current_hp_per_floor":[69,67,67,67,63,51,51,39,39,39,31,26,13,13,34,30,70,59,47,47,47,47,47,47,47,47,47,45,45,37,34,34,13,75,48,48,48,32,5,0,0],"gold":184,"neow_bonus":"BOSS_RELIC","is_prod":false,"is_daily":false,"chose_seed":false,"campfire_upgraded":5,"win_rate":0,"timestamp":1607472242,"path_taken":["M","M","?","$","M","E","R","M","T","R","?","M","E","?","R","BOSS","M","?","?","$","?","R","$","R","T","?","M","?","M","M","R","BOSS","M","?","$","M","M","E"],"build_version":"2020-11-30","purchased_purges":2,"victory":false,"max_hp_per_floor":[70,70,70,70,70,70,70,70,70,70,70,70,70,70,70,70,70,70,70,70,70,70,70,70,70,70,70,70,70,70,70,70,70,75,75,75,75,75,75,75,75],"relic_stats":{"counters":[19,91],"Blue Candle":[5],"HoveringKite":[13],"Snake Skull":[1],"obtain_stats":[{"Calling Bell":17,"Lantern":6,"Tiny House":34,"Blue Candle":17,"HoveringKite":0,"CultistMask":14,"Snake Skull":17,"Incense Burner":20,"Odd Mushroom":11,"Bottled Tornado":26,"TungstenRod":17,"Ring of the Snake":0},{"Calling Bell":9,"Lantern":4,"Tiny House":15,"Blue Candle":9,"HoveringKite":0,"CultistMask":8,"Snake Skull":9,"Incense Burner":11,"Odd Mushroom":6,"Bottled Tornado":11,"TungstenRod":9,"Ring of the Snake":0},{"Calling Bell":39,"Lantern":18,"Tiny House":75,"Blue Candle":39,"HoveringKite":0,"CultistMask":34,"Snake Skull":39,"Incense Burner":50,"Odd Mushroom":26,"Bottled Tornado":50,"TungstenRod":39,"Ring of the Snake":0}],"TungstenRod":35},"card_choices":[{"not_picked":["Well Laid Plans","Poisoned Stab"],"picked":"Choke","floor":1.0},{"not_picked":["Outmaneuver","Deflect"],"picked":"Backflip","floor":2.0},{"not_picked":["Backflip","Backstab"],"picked":"Infinite Blades","floor":5.0},{"not_picked":["Underhanded Strike","Storm of Steel"],"picked":"Cloak And Dagger","floor":6.0},{"not_picked":["Bane","Riddle With Holes"],"picked":"Accuracy","floor":8.0},{"not_picked":["Underhanded Strike","Bane"],"picked":"Sucker Punch","floor":11.0},{"not_picked":["Noxious Fumes","Poisoned Stab"],"picked":"Footwork","floor":12.0},{"not_picked":["Cloak And Dagger","Concentrate"],"picked":"Infinite Blades","floor":13.0},{"not_picked":["Burst","Adrenaline"],"picked":"Wraith Form v2","floor":16.0},{"not_picked":["Backflip+1","Bane"],"picked":"PiercingWail","floor":18.0},{"not_picked":["Backflip+1","Slice+1"],"picked":"Calculated Gamble","floor":19.0},{"not_picked":["Quick Slash","Predator","Deadly Poison"],"picked":"SKIP","floor":28.0},{"not_picked":["Quick Slash","Backstab"],"picked":"Die Die Die","floor":30.0},{"not_picked":["Deadly Poison","PiercingWail+1"],"picked":"Accuracy+1","floor":31.0},{"not_picked":["Envenom","Unload"],"picked":"Die Die Die","floor":33.0},{"not_picked":["Eviscerate","Deflect+1"],"picked":"Leg Sweep","floor":34.0},{"not_picked":["Eviscerate","Backstab","Sucker Punch+1"],"picked":"SKIP","floor":35.0},{"not_picked":["Underhanded Strike","Slice"],"picked":"Acrobatics+1","floor":38.0},{"not_picked":["PiercingWail","Bouncing Flask","Dodge and Roll+1"],"picked":"SKIP","floor":39.0}],"player_experience":310756,"relics_obtained":[{"floor":6.0,"key":"Lantern"},{"floor":11.0,"key":"Odd Mushroom"},{"floor":17.0,"key":"Snake Skull"},{"floor":17.0,"key":"Blue Candle"},{"floor":17.0,"key":"TungstenRod"},{"floor":26.0,"key":"Bottled Tornado"}],"event_choices":[{"damage_healed":0.0,"max_hp_gain":0.0,"max_hp_loss":0.0,"gold_gain":69.0,"event_name":"Golden Wing","player_choice":"Gained Gold","floor":3.0,"gold_loss":0.0,"damage_taken":0.0},{"damage_healed":0.0,"max_hp_gain":0.0,"max_hp_loss":0.0,"gold_gain":0.0,"event_name":"Mushrooms","player_choice":"Fought Mushrooms","floor":11.0,"gold_loss":0.0,"damage_taken":0.0},{"damage_healed":0.0,"max_hp_gain":0.0,"max_hp_loss":0.0,"gold_gain":0.0,"event_name":"FaceTrader","player_choice":"Trade","floor":14.0,"gold_loss":0.0,"damage_taken":0.0,"relics_obtained":["CultistMask"]},{"damage_healed":0.0,"max_hp_gain":0.0,"max_hp_loss":0.0,"gold_gain":0.0,"event_name":"Addict","player_choice":"Obtained Relic","floor":20.0,"gold_loss":85.0,"damage_taken":0.0,"relics_obtained":["Incense Burner"]},{"damage_healed":0.0,"max_hp_gain":0.0,"max_hp_loss":0.0,"gold_gain":0.0,"event_name":"Drug Dealer","player_choice":"Obtain J.A.X.","floor":22.0,"gold_loss":0.0,"damage_taken":0.0,"cards_obtained":["J.A.X."]},{"damage_healed":0.0,"max_hp_gain":0.0,"max_hp_loss":0.0,"gold_gain":0.0,"event_name":"Tomb of Lord Red Mask","player_choice":"Ignored","floor":36.0,"gold_loss":0.0,"damage_taken":0.0}],"is_beta":false,"boss_relics":[{"not_picked":["Cursed Key","Black Star"],"picked":"Calling Bell"},{"not_picked":["Snecko Eye","Velvet Choker"],"picked":"Tiny House"}],"items_purged_floors":[4,37],"is_endless":false,"potions_floor_spawned":[1,6,8,12,16,30,33,39],"killed_by":"Giant Head","ascension_level":2}}