{"host":"d7qmn60fs48wu5y6","time":1607548578,"event":{"gold_per_floor":[111,111,124,74,91,106,106,137,137,152,42,53,53,83,83,185,235,247,247,247,21,21,21,21],"floor_reached":23,"playtime":1030,"items_purged":["Strike_B","Strike_B"],"score":234,"play_id":"c28e1081-61f1-4b74-8a7c-e567e630a7ab","local_time":"20201209131618","is_ascension_mode":true,"campfire_choices":[{"data":"Fusion","floor":7,"key":"SMITH"},{"floor":13,"key":"REST"},{"floor":15,"key":"REST"}],"neow_cost":"NONE","seed_source_timestamp":448869896281100,"circlet_count":0,"master_deck":["Strike_B","Defend_B","Defend_B","Defend_B","Defend_B+1","Zap+1","Dualcast","Glacier","Rebound","Redo","Fusion+1","Biased Cognition","Loop","Conserve Battery","Doom and Gloom","Rainbow","Loop","Conserve Battery+1","Loop","Go for the Eyes"],"relics":["SacredBark","Mercury Hourglass","Ornamental Fan","Tiny House","Pear"],"potions_floor_usage":[],"damage_taken":[{"damage":0,"enemies":"Small Slimes","floor":1,"turns":4},{"damage":0,"enemies":"Cultist","floor":3,"turns":4},{"damage":1,"enemies":"Jaw Worm","floor":5,"turns":5},{"damage":3,"enemies":"2 Fungi Beasts","floor":6,"turns":4},{"damage":26,"enemies":"Lagavulin","floor":8,"turns":14},{"damage":8,"enemies":"Exordium Wildlife","floor":10,"turns":5},{"damage":5,"enemies":"Looter","floor":12,"turns":3},{"damage":19,"enemies":"Gremlin Nob","floor":14,"turns":6},{"damage":8,"enemies":"Slime Boss","floor":16,"turns":7},{"damage":5,"enemies":"Shell Parasite","floor":18,"turns":7},{"damage":90,"enemies":"Gremlin Leader","floor":23,"turns":10}],"seed_played":"-5640876057974490843","potions_obtained":[{"floor":1,"key":"SneckoOil"},{"floor":10,"key":"Guardian:BlockOnCardUsePotion"},{"floor":14,"key":"AttackPotion"},{"floor":16,"key":"PowerPotion"},{"floor":17,"key":"Guardian:BlockOnCardUsePotion"}],"is_trial":false,"path_per_floor":["M","?","M","?","M","M","R","E","T","M","$","M","R","E","R","B",null,"M","?","T","$","?","E"],"character_chosen":"DEFECT","items_purchased":["Loop","Loop","Go for the Eyes"],"campfire_rested":2,"item_purchase_floors":[11,21,21],"current_hp_per_floor":[75,75,75,75,74,71,71,45,45,37,37,32,54,35,57,49,80,75,75,85,85,79,0,0],"gold":21,"neow_bonus":"BOSS_RELIC","is_prod":false,"is_daily":false,"chose_seed":false,"campfire_upgraded":1,"win_rate":0,"timestamp":1607548578,"path_taken":["M","?","?","?","M","M","R","E","T","M","$","M","R","E","R","BOSS","M","?","?","$","?","E"],"build_version":"2020-11-30","purchased_purges":2,"victory":false,"max_hp_per_floor":[75,75,75,75,75,75,75,75,75,75,75,75,75,75,75,75,80,80,80,90,90,90,90,90],"card_choices":[{"not_picked":["Heatsinks","Go for the Eyes"],"picked":"Glacier","floor":1},{"not_picked":["Reprogram","Streamline"],"picked":"Rebound","floor":3},{"not_picked":["Streamline","Leap"],"picked":"Redo","floor":5},{"not_picked":["Stack","Leap"],"picked":"Fusion","floor":6},{"not_picked":["Barrage","Heatsinks","Genetic Algorithm"],"picked":"SKIP","floor":8},{"not_picked":["Redo","Compile Driver"],"picked":"Biased Cognition","floor":10},{"not_picked":["Hello World","Barrage"],"picked":"Conserve Battery","floor":12},{"not_picked":["Recycle","Rip and Tear"],"picked":"Doom and Gloom","floor":14},{"not_picked":["Seek","Core Surge"],"picked":"Rainbow","floor":16},{"not_picked":["Rebound","Rip and Tear"],"picked":"Loop","floor":17},{"not_picked":["Heatsinks","Beam Cell"],"picked":"Conserve Battery+1","floor":18}],"player_experience":817064,"relics_obtained":[{"floor":8,"key":"Mercury Hourglass"},{"floor":14,"key":"Ornamental Fan"},{"floor":20,"key":"Pear"}],"event_choices":[{"damage_healed":0,"gold_gain":0,"player_choice":"Forge","damage_taken":0,"max_hp_gain":0,"max_hp_loss":0,"event_name":"Accursed Blacksmith","floor":2,"gold_loss":0,"cards_upgraded":["Zap"]},{"cards_removed":["Strike_B"],"damage_healed":0,"gold_gain":0,"player_choice":"Card Removal","damage_taken":0,"max_hp_gain":0,"max_hp_loss":0,"event_name":"The Cleric","floor":4,"gold_loss":50},{"damage_healed":0,"gold_gain":0,"player_choice":"","damage_taken":6,"max_hp_gain":0,"max_hp_loss":0,"event_name":"Knowing Skull","floor":22,"potions_obtained":[],"gold_loss":0,"cards_obtained":[]}],"is_beta":false,"boss_relics":[{"not_picked":["Runic Dome","Sozu"],"picked":"Tiny House"}],"items_purged_floors":[11,21],"is_endless":false,"potions_floor_spawned":[1,10,14,16,18],"killed_by":"Gremlin Leader","ascension_level":1}}