{"host":"r3d3rfw8zyydmocx","time":1607546046,"event":{"gold_per_floor":[119,119,119,294,305,305,9,9,9,42,53,53,65,92,92,193,193,209,222,222,222,237,237,237],"floor_reached":23,"playtime":2232,"items_purged":[],"score":274,"play_id":"86c6a8c6-01a8-4efb-b892-eeb97f2b7495","local_time":"20201209123406","is_ascension_mode":false,"campfire_choices":[{"data":"mysticmod:ComboCaster","floor":6.0,"key":"SMITH"},{"data":"mysticmod:ArcaneDodge","floor":8.0,"key":"SMITH"},{"data":"mysticmod:RapidCaster","floor":12.0,"key":"SMITH"},{"data":"Doubt","floor":15.0,"key":"PURGE"}],"neow_cost":"NONE","seed_source_timestamp":686139037192700,"circlet_count":0,"master_deck":["mysticmod:Defend_Mystic","mysticmod:Defend_Mystic","mysticmod:Defend_Mystic","mysticmod:Defend_Mystic","mysticmod:ArcaneDodge+1","mysticmod:ShockingGrasp","mysticmod:LightningBolt","mysticmod:Fly","mysticmod:DiviningBlow","mysticmod:RapidCaster+1","mysticmod:FiveFootStep","mysticmod:SpontaneousCaster","mysticmod:ComboCaster","hubris:DuctTapeCard","mysticmod:Alacrity+1","Bite","Bite","Bite","Bite","Bite","mysticmod:Alacrity+1"],"special_seed":0,"relics":["mysticmod:SpellBook","NeowsBlessing","Prayer Wheel","hubris:Icosahedron","Calipers","InkBottle","hubris:DuctTape","Ancient Tea Set","aspiration:SecretTechniqueScroll"],"potions_floor_usage":[19],"damage_taken":[{"damage":0.0,"enemies":"Jaw Worm","floor":1.0,"turns":1.0},{"damage":0.0,"enemies":"Small Slimes","floor":5.0,"turns":1.0},{"damage":0.0,"enemies":"Gremlin Nob","floor":10.0,"turns":1.0},{"damage":0.0,"enemies":"2 Louse","floor":11.0,"turns":3.0},{"damage":13.0,"enemies":"Blue Slaver","floor":13.0,"turns":6.0},{"damage":0.0,"enemies":"Lagavulin","floor":14.0,"turns":6.0},{"damage":10.0,"enemies":"Hexaghost","floor":16.0,"turns":9.0},{"damage":30.0,"enemies":"3 Byrds","floor":18.0,"turns":7.0},{"damage":26,"enemies":"2 Thieves","floor":19,"turns":4},{"damage":1,"enemies":"conspire:HollyBat","floor":22,"turns":6},{"damage":39,"enemies":"Gremlin Leader","floor":23,"turns":2}],"seed_played":"-3621119391698760809","potions_obtained":[{"floor":10.0,"key":"EntropicBrew"},{"floor":11.0,"key":"ColorlessPotion"},{"floor":13.0,"key":"ColorlessPotion"},{"floor":16.0,"key":"Fire Potion"},{"floor":19,"key":"Strength Potion"},{"floor":22,"key":"Venom Potion"}],"is_trial":false,"path_per_floor":["M","?","?","?","M","R","$","R","T","E","M","R","M","E","R","B",null,"M","M","?","?","M","E"],"character_chosen":"MYSTIC_CLASS","items_purchased":["Calipers"],"campfire_rested":0,"item_purchase_floors":[7],"current_hp_per_floor":[77,52,52,52,52,52,52,52,52,52,52,52,39,39,39,29,77,47,21,21,21,30,0,0],"gold":237,"neow_bonus":"THREE_ENEMY_KILL","is_prod":false,"is_daily":false,"chose_seed":false,"campfire_upgraded":3,"win_rate":0.0,"timestamp":1607546046,"path_taken":["M","?","?","?","M","R","?","R","T","E","M","R","M","E","R","BOSS","M","M","?","?","M","E"],"build_version":"2020-11-30","purchased_purges":0,"victory":false,"max_hp_per_floor":[77,77,77,77,77,77,77,77,77,77,77,77,77,77,77,77,77,77,77,53,53,53,53,53],"card_choices":[{"not_picked":["mysticmod:Grease","mysticmod:Daze"],"picked":"mysticmod:LightningBolt","floor":1.0},{"not_picked":["mysticmod:HeavyStrike","mysticmod:PureInstinct"],"picked":"mysticmod:Fly","floor":5.0},{"not_picked":["mysticmod:MirrorStrike","mysticmod:PureInstinct"],"picked":"mysticmod:ComboCaster","floor":5.0},{"not_picked":["mysticmod:LightningBolt","mysticmod:SpellRecall"],"picked":"mysticmod:ClosingBarrage","floor":10.0},{"not_picked":["mysticmod:CorrosiveTouch","mysticmod:BladeMaster"],"picked":"mysticmod:DiviningBlow","floor":11.0},{"not_picked":["mysticmod:Shield","mysticmod:VorpalThrust"],"picked":"mysticmod:RapidCaster","floor":11.0},{"not_picked":["mysticmod:MirrorStrike","mysticmod:PureInstinct"],"picked":"mysticmod:FiveFootStep","floor":13.0},{"not_picked":["mysticmod:BulkUp","mysticmod:Flurry","mysticmod:Riposte"],"picked":"SKIP","floor":13.0},{"not_picked":["mysticmod:Riposte","mysticmod:EarthenWall","mysticmod:Sideswipe"],"picked":"SKIP","floor":14.0},{"not_picked":["mysticmod:Natural20","mysticmod:GreaterInvisibility"],"picked":"mysticmod:SpontaneousCaster","floor":16.0},{"not_picked":["mysticmod:SpellCombat","mysticmod:Flourish"],"picked":"mysticmod:ComboCaster","floor":18.0},{"not_picked":["mysticmod:EnergizedRift+1","mysticmod:FloatingDisk","mysticmod:Probe"],"picked":"SKIP","floor":18.0},{"not_picked":["mysticmod:PunishingArmor+1","mysticmod:EnergizedRift"],"picked":"mysticmod:Alacrity+1","floor":19},{"not_picked":["mysticmod:PreparedCaster","mysticmod:BladeMaster","mysticmod:EarthenWall"],"picked":"SKIP","floor":19},{"not_picked":["mysticmod:LightningBolt","mysticmod:MirrorStrike+1","mysticmod:TomeOfSpells"],"picked":"SKIP","floor":22},{"not_picked":["mysticmod:PowerAttack","mysticmod:Alacrity","mysticmod:PowerSlash"],"picked":"SKIP","floor":22}],"player_experience":435100,"relics_obtained":[{"floor":9.0,"key":"InkBottle"},{"floor":10.0,"key":"hubris:DuctTape"},{"floor":14.0,"key":"Ancient Tea Set"}],"event_choices":[{"damage_healed":0.0,"max_hp_gain":0.0,"max_hp_loss":0.0,"gold_gain":0.0,"event_name":"Scrap Ooze","player_choice":"Success","floor":2.0,"gold_loss":0.0,"damage_taken":25.0,"relics_obtained":["Prayer Wheel"]},{"damage_healed":0.0,"max_hp_gain":0.0,"max_hp_loss":0.0,"gold_gain":175.0,"event_name":"Liars Game","player_choice":"AGREE","floor":4.0,"gold_loss":0.0,"damage_taken":0.0,"cards_obtained":["Doubt"]},{"damage_healed":0,"gold_gain":0,"player_choice":"Became a vampire","damage_taken":0,"max_hp_gain":0,"max_hp_loss":24,"event_name":"Vampires","floor":20,"gold_loss":0,"cards_obtained":["Bite","Bite","Bite","Bite","Bite"]},{"damage_healed":0,"gold_gain":0,"player_choice":"Copied","damage_taken":0,"max_hp_gain":0,"max_hp_loss":0,"event_name":"Duplicator","floor":21,"gold_loss":0,"cards_obtained":["mysticmod:Alacrity"]}],"is_beta":false,"boss_relics":[{"not_picked":["mysticmod:DeckOfManyThings","Snecko Eye"],"picked":"aspiration:SecretTechniqueScroll"}],"items_purged_floors":[],"is_endless":false,"potions_floor_spawned":[10,11,13,16,19,22],"killed_by":"Gremlin Leader","ascension_level":0}}