{"host":"am0cr9xwekqmrere","time":1607493717,"event":{"gold_per_floor":[137,137,5,5,0,0,0,32,32,32,32,42,76,119,119,273,273,292,292,292,310,346,346,46,46,126,92,146,183,221,231,231,231,231],"floor_reached":33,"playtime":1109,"items_purged":["Regret"],"score":437,"play_id":"71569b0e-e01b-45f1-8307-75ec55872b4a","local_time":"20201209000157","is_ascension_mode":true,"campfire_choices":[{"data":"1","floor":6.0,"key":"LIFT"},{"data":"HandOfGreed","floor":11.0,"key":"SMITH"},{"floor":15.0,"key":"REST"},{"floor":23.0,"key":"REST"},{"floor":32.0,"key":"REST"}],"neow_cost":"","seed_source_timestamp":993282439046800,"circlet_count":0,"master_deck":["RobotSpaceExplorer:Strike","RobotSpaceExplorer:Strike","RobotSpaceExplorer:Strike","RobotSpaceExplorer:Strike","RobotSpaceExplorer:Defend","RobotSpaceExplorer:Defend","RobotSpaceExplorer:Defend","RobotSpaceExplorer:Defend","RobotSpaceExplorer:Scan","RobotSpaceExplorer:MiniLasers","HandOfGreed+1","RobotSpaceExplorer:ChargingLaser","RobotSpaceExplorer:MiniDrones","RobotSpaceExplorer:DualCore","Enlightenment+1","RobotSpaceExplorer:GlueShot","RobotSpaceExplorer:IronShell","RobotSpaceExplorer:Autoloader","RobotSpaceExplorer:Scanner","RobotSpaceExplorer:ScrapMissile","infinitespire:SevenWalls","RobotSpaceExplorer:MetalStrike","RobotSpaceExplorer:PowerCollector","RobotSpaceExplorer:GearShield","RobotSpaceExplorer:StarLightning+1","RobotSpaceExplorer:FrostMissile"],"special_seed":0,"relics":["RobotSpaceExplorer:RoboCore","MealTicket","Girya","Chemical X","infinitespire:Joker Card","RobotSpaceExplorer:BottledGravity","Singing Bowl","Bottled Lightning","Blood Vial","hubris:Icosahedron","Question Card","Blue Candle"],"potions_floor_usage":[33],"damage_taken":[{"damage":0.0,"enemies":"2 Louse","floor":1.0,"turns":2.0},{"damage":0.0,"enemies":"Small Slimes","floor":8.0,"turns":3.0},{"damage":0.0,"enemies":"conspire:RoseBush","floor":12.0,"turns":2.0},{"damage":0.0,"enemies":"Lagavulin","floor":13.0,"turns":4.0},{"damage":0.0,"enemies":"Exordium Wildlife","floor":14.0,"turns":4.0},{"damage":3.0,"enemies":"Slime Boss","floor":16.0,"turns":8.0},{"damage":0.0,"enemies":"conspire:FuzzyDice","floor":18.0,"turns":6.0},{"damage":2.0,"enemies":"Spheric Guardian","floor":21.0,"turns":3.0},{"damage":14.0,"enemies":"Centurion and Healer","floor":22.0,"turns":6.0},{"damage":10.0,"enemies":"Sentry and Sphere","floor":27.0,"turns":6.0},{"damage":33.0,"enemies":"Book of Stabbing","floor":28.0,"turns":6.0},{"damage":17.0,"enemies":"Snecko","floor":29.0,"turns":6.0},{"damage":7.0,"enemies":"conspire:HollyBat","floor":30.0,"turns":6.0},{"damage":2.0,"enemies":"Snake Plant","floor":31.0,"turns":6.0},{"damage":68,"enemies":"Automaton","floor":33,"turns":6}],"seed_played":"-4573760739035189117","potions_obtained":[{"floor":12.0,"key":"Regen Potion"},{"floor":13.0,"key":"infinitespire:BlackPotion"},{"floor":16.0,"key":"conspire:TimeTravelPotion"},{"floor":22.0,"key":"Energy Potion"},{"floor":28.0,"key":"LiquidBronze"},{"floor":30.0,"key":"SpeedPotion"},{"floor":31.0,"key":"PowerPotion"}],"is_trial":false,"path_per_floor":["M","?","$","?","?","R","?","M","T","?","R","M","E","M","R","B",null,"M","?","AVR","M","M","R","$","?","T","M","E","M","M","M","R","B"],"character_chosen":"RobotSpaceExplorer","items_purchased":["MealTicket","HandOfGreed","Chemical X","RobotSpaceExplorer:ChargingLaser","RobotSpaceExplorer:DualCore","RobotSpaceExplorer:PowerCollector","Blood Vial","RobotSpaceExplorer:GearShield"],"campfire_rested":3,"item_purchase_floors":[0,0,0,0,3,24,24,24],"current_hp_per_floor":[39,39,54,54,60,60,60,60,60,60,60,60,72,74,83,80,83,83,83,83,83,69,85,85,85,85,77,46,33,30,30,57,0,0],"gold":231,"neow_bonus":"","is_prod":false,"is_daily":false,"chose_seed":false,"campfire_upgraded":1,"win_rate":0,"timestamp":1607493717,"path_taken":["M","?","$","?","?","R","?","M","T","?","R","?","E","M","R","BOSS","M","?","AVR","M","M","R","$","?","T","M","E","M","M","M","R","BOSS"],"build_version":"2020-11-30","purchased_purges":1,"victory":false,"max_hp_per_floor":[75,75,75,75,81,81,81,81,81,81,81,81,81,83,83,83,83,83,83,83,85,85,85,85,85,85,87,87,89,91,91,91,91,91],"card_choices":[{"not_picked":["RobotSpaceExplorer:ImprovisedAttack","RobotSpaceExplorer:GlueShot"],"picked":"RobotSpaceExplorer:MiniDrones","floor":1.0},{"not_picked":["RobotSpaceExplorer:FranticSearch","RobotSpaceExplorer:SurgingStrike"],"picked":"RobotSpaceExplorer:GlueShot","floor":8.0},{"not_picked":["RobotSpaceExplorer:SelfCleaning","RobotSpaceExplorer:Jetpack"],"picked":"RobotSpaceExplorer:IronShell","floor":12.0},{"not_picked":["RobotSpaceExplorer:BigMissile","RobotSpaceExplorer:Counterblock"],"picked":"RobotSpaceExplorer:Autoloader","floor":13.0},{"not_picked":["RobotSpaceExplorer:SelfCleaning","RobotSpaceExplorer:ScrapToss","RobotSpaceExplorer:Ammunition"],"picked":"Singing Bowl","floor":14.0},{"not_picked":["RobotSpaceExplorer:Accelerator","RobotSpaceExplorer:Explosion"],"picked":"RobotSpaceExplorer:Scanner","floor":16.0},{"not_picked":["RobotSpaceExplorer:Probe","RobotSpaceExplorer:Ammunition"],"picked":"RobotSpaceExplorer:ScrapMissile","floor":18.0},{"not_picked":["RobotSpaceExplorer:Smokescreen","RobotSpaceExplorer:Probe","RobotSpaceExplorer:SlimeMissile"],"picked":"Singing Bowl","floor":21.0},{"not_picked":["RobotSpaceExplorer:Discharger","RobotSpaceExplorer:HighVoltage"],"picked":"RobotSpaceExplorer:MetalStrike","floor":22.0},{"not_picked":["RobotSpaceExplorer:SlimeMissile","RobotSpaceExplorer:SurgingShield","RobotSpaceExplorer:MetalStrike+1","RobotSpaceExplorer:DoubleFind+1"],"picked":"Singing Bowl","floor":27.0},{"not_picked":["RobotSpaceExplorer:StunGrenade","RobotSpaceExplorer:Calculate","RobotSpaceExplorer:GlueShot"],"picked":"RobotSpaceExplorer:StarLightning+1","floor":28.0},{"not_picked":["RobotSpaceExplorer:Ammunition","RobotSpaceExplorer:Counterblock","RobotSpaceExplorer:ShovelStrike","RobotSpaceExplorer:Pulsar"],"picked":"Singing Bowl","floor":29.0},{"not_picked":["RobotSpaceExplorer:Probe","RobotSpaceExplorer:Pulsar","RobotSpaceExplorer:Discharger+1","RobotSpaceExplorer:FrostMissile+1"],"picked":"Singing Bowl","floor":30.0},{"not_picked":["RobotSpaceExplorer:MetalStrike","RobotSpaceExplorer:Counterblock+1","RobotSpaceExplorer:Autoloader"],"picked":"RobotSpaceExplorer:FrostMissile","floor":31.0}],"player_experience":2330067,"relics_obtained":[{"floor":9.0,"key":"RobotSpaceExplorer:BottledGravity"},{"floor":13.0,"key":"Singing Bowl"},{"floor":26.0,"key":"Question Card"},{"floor":28.0,"key":"Blue Candle"}],"event_choices":[{"damage_healed":0.0,"max_hp_gain":0.0,"max_hp_loss":0.0,"gold_gain":0.0,"event_name":"Big Fish","player_choice":"Box","floor":2.0,"gold_loss":0.0,"damage_taken":0.0,"relics_obtained":["infinitespire:Joker Card"],"cards_obtained":["Regret"]},{"damage_healed":0.0,"max_hp_gain":0.0,"max_hp_loss":0.0,"gold_gain":0.0,"event_name":"conspire:LoneGhost","player_choice":"Disagree","floor":4.0,"gold_loss":0.0,"damage_taken":0.0},{"damage_healed":0.0,"max_hp_gain":0.0,"max_hp_loss":0.0,"gold_gain":0.0,"event_name":"betterThird:BetterSerpent","player_choice":"RENOUNCE","floor":5.0,"gold_loss":5.0,"damage_taken":5.0,"cards_obtained":["Enlightenment"]},{"damage_healed":0.0,"max_hp_gain":0.0,"max_hp_loss":0.0,"gold_gain":0.0,"event_name":"Living Wall","player_choice":"Grow","floor":7.0,"gold_loss":0.0,"damage_taken":0.0,"cards_upgraded":["Enlightenment"]},{"damage_healed":0.0,"max_hp_gain":0.0,"max_hp_loss":0.0,"gold_gain":0.0,"event_name":"conspire:Investor","player_choice":"Leave","floor":10.0,"gold_loss":0.0,"damage_taken":0.0},{"damage_healed":0.0,"max_hp_gain":0.0,"max_hp_loss":0.0,"gold_gain":0.0,"event_name":"Ghosts","player_choice":"Ignored","floor":19.0,"gold_loss":0.0,"damage_taken":0.0}],"is_beta":false,"boss_relics":[{"not_picked":["hubris:BlackHole","hubris:CrackedHourglass","hubris:GrandSneckoEye"]}],"items_purged_floors":[3],"is_endless":false,"potions_floor_spawned":[12,13,16,22,28,30,31],"killed_by":"Automaton","ascension_level":1}}