{"host":"4be9rrw6luv8jrir","time":1607519540,"event":{"gold_per_floor":[125,144,18,18,28,58,83,114,139,139,158,82,30,88,88,223,248,273,113,133,173,173,173,231,131,156,156,168,168,238,238,263,366,391,409,549,559,559,559,559,559,559,655,698,713,769,783,632,632,632,632,632,666,666,666],"floor_reached":54,"playtime":3445,"items_purged":["animator:Arpeggio","animator:Strike","animator:Strike","animator:Defend"],"score":1094,"play_id":"d28b9b02-d285-4e2d-8203-1b78b53bbdf8","local_time":"20201209211220","is_ascension_mode":true,"campfire_choices":[{"data":"animator:YaoHaDucy","floor":10.0,"key":"SMITH"},{"data":"animator:Tyuule","floor":15.0,"key":"SMITH"},{"floor":23.0,"key":"RECALL"},{"data":"animator:DolaSchwi","floor":27.0,"key":"SMITH"},{"floor":32.0,"key":"DIG"},{"data":"animator:Berserker","floor":40.0,"key":"SMITH"},{"data":"animator:HigakiRinne","floor":42.0,"key":"SMITH"},{"data":"animator:Kuroyukihime","floor":49,"key":"SMITH"},{"data":"animator:Illya","floor":52,"key":"SMITH"}],"neow_cost":"NONE","seed_source_timestamp":154753280172800,"circlet_count":0,"master_deck":["animator:Strike_NoGameNoLife","animator:Defend_NoGameNoLife","animator:Defend","animator:DolaSchwi","animator:DolaCouronne","animator:Shuna","animator:Lancer","animator:Rimuru","animator:YaoHaDucy","animator:Alexander","animator:Gilgamesh+3","animator:Illya","animator:Archer","animator:Tyuule","animator:RinTohsaka","animator:PinaCoLada","animator:Arpeggio+1","animator:Assassin","animator:CowGirl","animator:Caster","animator:DolaStephanie","animator:Berserker","animator:Jibril","animator:ItamiYouji","animator:IzunaHatsuse","animator:Tet","animator:Kuroyukihime","animator:HigakiRinne","animator:GazelDwargon","animator:RoryMercury+1","animator:DolaCouronne","animator:ChlammyZell","animator:YaoHaDucy"],"special_seed":0,"relics":["animator:TheEgnaroPiece","animator:AncientMedallion"],"potions_floor_usage":[],"damage_taken":[{"damage":0.0,"enemies":"Jaw Worm","floor":1.0,"turns":1.0},{"damage":0.0,"enemies":"Cultist","floor":2.0,"turns":1.0},{"damage":0.0,"enemies":"conspire:RoseBush","floor":5.0,"turns":1.0},{"damage":0.0,"enemies":"Red Slaver","floor":6.0,"turns":1.0},{"damage":0.0,"enemies":"Gremlin Nob","floor":7.0,"turns":2.0},{"damage":0.0,"enemies":"Lots of Slimes","floor":8.0,"turns":1.0},{"damage":0.0,"enemies":"Blue Slaver","floor":11.0,"turns":2.0},{"damage":0.0,"enemies":"3 Sentries","floor":14.0,"turns":4.0},{"damage":0.0,"enemies":"The Guardian","floor":16.0,"turns":4.0},{"damage":0.0,"enemies":"Shell Parasite","floor":18.0,"turns":1.0},{"damage":0.0,"enemies":"Chosen","floor":20.0,"turns":5.0},{"damage":0.0,"enemies":"conspire:HollyBat","floor":21.0,"turns":5.0},{"damage":0.0,"enemies":"animator:HornedBat","floor":24.0,"turns":5.0},{"damage":0.0,"enemies":"3 Cultists","floor":28.0,"turns":4.0},{"damage":0.0,"enemies":"Masked Bandits","floor":30.0,"turns":2.0},{"damage":0.0,"enemies":"Champ","floor":33.0,"turns":4.0},{"damage":7.0,"enemies":"3 Darklings","floor":35.0,"turns":1.0},{"damage":12.0,"enemies":"3 Shapes","floor":37.0,"turns":2.0},{"damage":7.0,"enemies":"Writhing Mass","floor":44.0,"turns":1.0},{"damage":12,"enemies":"Maw","floor":45,"turns":2},{"damage":7,"enemies":"R_Hoarder","floor":46,"turns":1},{"damage":7,"enemies":"Spire Growth","floor":47,"turns":1},{"damage":14,"enemies":"Time Eater","floor":50,"turns":2},{"damage":106,"enemies":"animator:UNNAMED_CULTIST_1","floor":54,"turns":11}],"seed_played":"3063427838907045347","potions_obtained":[{"floor":1.0,"key":"Dexterity Potion"},{"floor":7.0,"key":"Swift Potion"},{"floor":8.0,"key":"Weak Potion"},{"floor":14.0,"key":"Regen Potion"},{"floor":30.0,"key":"Explosive Potion"}],"is_trial":false,"path_per_floor":["M","M","$","?","M","M","E","M","T","R","M","$","$","E","R","B",null,"M","$","M","M","?","R","E","$","T","R","M","?","?","T","R","B",null,"M","?","M","?","?","R","?","R","T","M","M","E","M","$","R","B",null,"R","??","M"],"character_chosen":"THE_ANIMATOR","items_purchased":["animator:Lancer+1","animator:Archer","animator:Tyuule","animator:Arpeggio","animator:Assassin","animator:YaoHaDucy+1"],"campfire_rested":0,"item_purchase_floors":[3,12,13,19,19,48],"current_hp_per_floor":[66,66,66,66,67,67,68,68,68,68,68,68,68,69,69,69,69,69,69,69,69,69,69,70,70,70,70,72,72,72,72,72,73,73,74,56,74,74,74,74,65,65,65,74,74,74,76,76,76,76,76,76,98,0,0],"gold":666,"neow_bonus":"THREE_ENEMY_KILL","is_prod":false,"is_daily":false,"chose_seed":false,"campfire_upgraded":7,"win_rate":0,"timestamp":1607519540,"path_taken":["M","M","$","?","M","?","E","?","T","R","M","?","$","E","R","BOSS","M","$","M","M","?","R","E","?","T","R","M","?","?","?","R","BOSS","M","?","M","?","?","R","?","R","T","M","M","E","M","$","R","BOSS","R","??","M"],"build_version":"2020-11-30","purchased_purges":4,"victory":false,"max_hp_per_floor":[66,66,66,66,67,67,68,68,68,68,68,68,68,69,69,69,69,69,69,69,69,69,69,70,70,70,70,72,72,72,72,72,73,73,74,74,74,74,74,74,74,74,74,74,74,74,76,76,76,76,76,76,98,98,98],"card_choices":[{"not_picked":["animator:Demiurge","animator:Vesta"],"picked":"animator:Arpeggio","floor":1.0},{"not_picked":["animator:RoryMercury","animator:Demiurge","animator:LizardPriest"],"picked":"animator:Shuna","floor":2.0},{"not_picked":["animator:DolaRiku","animator:YuiTsuruno","animator:Shalltear"],"picked":"animator:YaoHaDucy","floor":5.0},{"not_picked":["animator:Archer","animator:RinTohsaka","animator:ShinjiMatou"],"picked":"animator:Alexander","floor":6.0},{"not_picked":["animator:Vesta","animator:Spearman","animator:OrikoMikuni"],"picked":"animator:Gilgamesh","floor":7.0},{"not_picked":["animator:HighElfArcher","animator:DolaRiku","animator:Spearman"],"picked":"animator:Illya","floor":8.0},{"not_picked":["animator:MamiTomoe","animator:Spearman","animator:DwarfShaman","animator:YuiTsuruno"],"picked":"SKIP","floor":11.0},{"not_picked":["animator:Alexander","animator:Assassin","animator:Archer"],"picked":"animator:RinTohsaka","floor":14.0},{"not_picked":["animator:GoblinSlayer","animator:Ainz","animator:Sora"],"picked":"animator:PinaCoLada","floor":16.0},{"not_picked":["animator:Priestess+1","animator:PandorasActor","animator:HighElfArcher"],"picked":"animator:DolaRiku","floor":18.0},{"not_picked":["animator:GazelDwargon","animator:RinTohsaka","animator:Benimaru"],"picked":"animator:CowGirl","floor":20.0},{"not_picked":["animator:FielNirvalen","animator:Millim+1","animator:LizardPriest"],"picked":"animator:Caster+1","floor":21.0},{"not_picked":["animator:DolaRiku","animator:ChlammyZell","animator:DolaSchwi"],"picked":"animator:DolaStephanie","floor":24.0},{"not_picked":["animator:Tyuule+1","animator:DolaRiku","animator:GazelDwargon+1"],"picked":"animator:Berserker","floor":28.0},{"not_picked":["animator:Evileye+1","animator:Sebas","animator:Shion"],"picked":"animator:Jibril","floor":30.0},{"not_picked":["animator:GoblinSlayer","animator:Ainz","animator:Shiro"],"picked":"animator:ItamiYouji","floor":33.0},{"not_picked":["animator:DolaRiku","animator:HighElfArcher","animator:Assassin+1"],"picked":"animator:IzunaHatsuse+1","floor":35.0},{"not_picked":["animator:PandorasActor","animator:ChlammyZell","animator:CowGirl+1"],"picked":"animator:Tet+1","floor":36.0},{"not_picked":["animator:LizardPriest","animator:OrikoMikuni+1","animator:Demiurge","animator:NarberalGamma"],"picked":"SKIP","floor":37.0},{"not_picked":["animator:Canti","animator:Kagari","animator:Shimakaze"],"picked":"animator:Kuroyukihime","floor":39.0},{"not_picked":["animator:YaoHaDucy","animator:Tyuule","animator:Arpeggio"],"picked":"animator:RoryMercury","floor":44},{"not_picked":["animator:SayakaMiki","animator:DolaSchwi","animator:Tyuule+1","animator:IrohaTamaki+1"],"picked":"SKIP","floor":45},{"not_picked":["animator:Shalltear","animator:Lancer+1","animator:Rider+1"],"picked":"animator:DolaCouronne","floor":46},{"not_picked":["animator:Archer+1","animator:Hakurou","animator:DolaRiku+1"],"picked":"animator:ChlammyZell","floor":47}],"player_experience":456722,"relics_obtained":[{"floor":1.0,"key":"Question Card"},{"floor":7.0,"key":"Regal Pillow"},{"floor":9.0,"key":"Mummified Hand"},{"floor":14.0,"key":"animator:BattleDrones"},{"floor":16.0,"key":"ImportantClient"},{"floor":24.0,"key":"Meat on the Bone"},{"floor":26.0,"key":"Replay:PocketPolymizer"},{"floor":30.0,"key":"Red Mask"},{"floor":32.0,"key":"Replay:WaspNest"},{"floor":36.0,"key":"Gremlin Food"},{"floor":43.0,"key":"conspire:Flyswatter"},{"floor":46,"key":"Happy Flower"},{"floor":53,"key":"animator:TheEgnaroPiece"},{"floor":53,"key":"animator:AncientMedallion"}],"event_choices":[{"damage_healed":0.0,"max_hp_gain":0.0,"max_hp_loss":0.0,"gold_gain":0.0,"event_name":"Match and Keep!","player_choice":"1 cards matched","floor":4.0,"gold_loss":0.0,"damage_taken":0.0,"cards_obtained":["animator:Rimuru"]},{"damage_healed":0.0,"max_hp_gain":0.0,"max_hp_loss":0.0,"gold_gain":0.0,"event_name":"Match and Keep!","player_choice":"1 cards matched","floor":4.0,"gold_loss":0.0,"damage_taken":0.0,"cards_obtained":["animator:Rimuru"]},{"damage_healed":0.0,"max_hp_gain":0.0,"max_hp_loss":0.0,"gold_gain":0.0,"event_name":"N\u0027loth","player_choice":"Ignored","floor":22.0,"gold_loss":0.0,"damage_taken":0.0},{"cards_removed":["animator:Strike"],"damage_healed":0.0,"max_hp_gain":0.0,"max_hp_loss":0.0,"gold_gain":0.0,"event_name":"Back to Basics","player_choice":"Elegance","floor":29.0,"gold_loss":0.0,"damage_taken":0.0},{"damage_healed":0.0,"max_hp_gain":0.0,"max_hp_loss":0.0,"gold_gain":0.0,"event_name":"Masked Bandits","player_choice":"Fought Bandits","floor":30.0,"gold_loss":0.0,"damage_taken":0.0},{"cards_removed":["animator:DolaRiku"],"damage_healed":0.0,"max_hp_gain":0.0,"max_hp_loss":0.0,"gold_gain":0.0,"event_name":"Falling","player_choice":"Removed Skill","floor":38.0,"gold_loss":0.0,"damage_taken":0.0},{"damage_healed":0.0,"max_hp_gain":0.0,"max_hp_loss":0.0,"gold_gain":0.0,"event_name":"SensoryStone","player_choice":"Memory 1","floor":39.0,"gold_loss":0.0,"damage_taken":0.0},{"damage_healed":0.0,"max_hp_gain":0.0,"max_hp_loss":0.0,"gold_gain":0.0,"event_name":"Winding Halls","player_choice":"Embrace Madness","floor":41.0,"gold_loss":0.0,"damage_taken":9.0,"cards_obtained":["animator:HigakiRinne"]}],"is_beta":false,"boss_relics":[{"not_picked":["Astrolabe","animator:HolyGrailRelic"],"picked":"Mark of Pain"},{"not_picked":["Honey Jar","FixedStarFall"],"picked":"Transparent"}],"items_purged_floors":[3,19,25,48],"is_endless":false,"potions_floor_spawned":[1,7,8,14,18,30,37,46],"killed_by":"animator:UNNAMED_CULTIST_1","ascension_level":1}}