{"host":"4edbuligkc8x13l4","time":1607532471,"event":{"gold_per_floor":[113,132,144,69,69,69,89,119,119,119,119],"floor_reached":10,"playtime":631,"items_purged":["Strike_G"],"score":116,"play_id":"b1c9c147-ff34-4993-b53d-20dec61fdf17","local_time":"20201210004751","is_ascension_mode":true,"campfire_choices":[{"data":"Neutralize","floor":6,"key":"SMITH"}],"neow_cost":"NONE","seed_source_timestamp":477208995119300,"circlet_count":0,"master_deck":["AscendersBane","Strike_G","Strike_G","Strike_G","Defend_G","Defend_G","Defend_G","Defend_G","Defend_G","Survivor","Neutralize+1","Escape Plan","All Out Attack","Blur","Poisoned Stab","Bane","Deadly Poison"],"relics":["Ring of the Snake","Vajra","Frozen Egg 2","Centennial Puzzle"],"potions_floor_usage":[8,10],"damage_taken":[{"damage":5,"enemies":"Cultist","floor":1,"turns":4},{"damage":0,"enemies":"Small Slimes","floor":2,"turns":2},{"damage":1,"enemies":"Jaw Worm","floor":3,"turns":7},{"damage":6,"enemies":"Looter","floor":7,"turns":3},{"damage":13,"enemies":"Lagavulin","floor":8,"turns":7},{"damage":43,"enemies":"Gremlin Nob","floor":10,"turns":4}],"seed_played":"1088767684298027704","potions_obtained":[{"floor":1,"key":"Weak Potion"},{"floor":3,"key":"SpeedPotion"}],"is_trial":false,"path_per_floor":["M","M","M","$","?","R","M","E","T","E"],"character_chosen":"THE_SILENT","items_purchased":[],"campfire_rested":0,"item_purchase_floors":[],"current_hp_per_floor":[54,54,53,53,46,46,40,27,27,0,0],"gold":119,"neow_bonus":"TRANSFORM_CARD","is_prod":false,"is_daily":false,"chose_seed":false,"campfire_upgraded":1,"win_rate":0,"timestamp":1607532471,"path_taken":["M","M","M","?","?","R","M","E","T","E"],"build_version":"2020-11-30","purchased_purges":1,"victory":false,"max_hp_per_floor":[66,66,66,66,66,66,66,66,66,66,66],"card_choices":[{"not_picked":["Riddle With Holes","Dodge and Roll"],"picked":"All Out Attack","floor":1},{"not_picked":["Riddle With Holes","Deflect"],"picked":"Blur","floor":2},{"not_picked":["Blade Dance","Sucker Punch"],"picked":"Poisoned Stab","floor":3},{"not_picked":["Well Laid Plans","Dodge and Roll"],"picked":"Bane","floor":7},{"not_picked":["Masterful Stab","Skewer"],"picked":"Deadly Poison","floor":8}],"player_experience":883304,"relics_obtained":[{"floor":8,"key":"Frozen Egg 2"},{"floor":9,"key":"Centennial Puzzle"}],"event_choices":[{"damage_healed":0,"gold_gain":0,"player_choice":"Success","damage_taken":7,"relics_obtained":["Vajra"],"max_hp_gain":0,"max_hp_loss":0,"event_name":"Scrap Ooze","floor":5,"gold_loss":0}],"is_beta":false,"boss_relics":[],"items_purged_floors":[4],"is_endless":false,"potions_floor_spawned":[1,3],"killed_by":"Gremlin Nob","ascension_level":14}}