{"host":"d1za9dvx43o9v494","time":1607557994,"event":{"gold_per_floor":[99,118,118,150,150,190,190,115,155,155,81,100,120,30,40,145,145,145,295,350,275,305,324,324,353,278,313,393,408,308,318,338,443,443,443,323,352,352,383,394,394,419,419,452,502,502,45,65,81,81,81,114,114,114,114],"floor_reached":56,"playtime":5743,"items_purged":["champ:Strike","champ:Execute","champ:Strike","champ:Strike"],"score":5143,"play_id":"233dbf68-8cdb-486c-97be-fc203e368b18","local_time":"20201210025314","is_ascension_mode":true,"campfire_choices":[{"data":"champ:Taunt","floor":1.0,"key":"SMITH"},{"data":"champ:DefensiveStyle","floor":8.0,"key":"SMITH"},{"data":"champ:SkillfulDodge","floor":10.0,"key":"SMITH"},{"floor":18.0,"key":"RECALL"},{"data":"champ:RapidStrikes","floor":21.0,"key":"SMITH"},{"data":"champ:SkillfulDodge","floor":26.0,"key":"SMITH"},{"data":"champ:FocusedDefense","floor":35.0,"key":"SMITH"},{"data":"champ:MurderStrike","floor":38.0,"key":"SMITH"},{"data":"champ:EnGarde","floor":43.0,"key":"SMITH"},{"data":"champ:EnchantShield","floor":54,"key":"SMITH"}],"neow_cost":"NONE","seed_source_timestamp":0,"circlet_count":0,"master_deck":["champ:Defend","champ:Defend","champ:Defend","champ:Defend","champ:Taunt+1","champ:ShieldSigil","champ:DefensiveStyle+1","champ:SkillfulDodge+1","champ:DefensiveStyle","champ:EnGarde+1","champ:Circumvent","champ:SkillfulDodge+1","champ:MurderStrike+1","champ:RapidStrikes+1","champ:RisingSlash","champ:FocusedDefense+1","champ:FalseCounter+1","champ:GutPunch+1","champ:MurderStrike+1","champ:TornadoPunch+1","champ:FocusedDefense","champ:ShieldSigil+1","champ:EnchantShield+1"],"special_seed":0,"relics":["champ:ChampionCrown","Bronze Scales","champ:DefensiveTrainingManual","downfall:HeartBlessingBlue","champ:SpectersHand","sneckomod:SneckoTalon","downfall:HeartBlessingRed","HornCleat","Mango","Molten Egg 2","downfall:HeartBlessingGreen","Dream Catcher","The Courier","SlaversCollar","Incense Burner","champ:GladiatorsBookOfMartialProwess","Frozen Egg 2","InkBottle","Turnip","FossilizedHelix","Calipers","Letter Opener","Lizard Tail"],"potions_floor_usage":[55,55,55],"damage_taken":[{"damage":2.0,"enemies":"Small Slimes","floor":2.0,"turns":5.0},{"damage":29.0,"enemies":"3 Sentries","floor":4.0,"turns":8.0},{"damage":10.0,"enemies":"Lagavulin","floor":6.0,"turns":7.0},{"damage":15.0,"enemies":"3 Sentries","floor":9.0,"turns":6.0},{"damage":10.0,"enemies":"downfall:FleeingMerchant","floor":11.0,"turns":4.0},{"damage":1.0,"enemies":"Jaw Worm","floor":12.0,"turns":3.0},{"damage":0.0,"enemies":"Cultist","floor":13.0,"turns":2.0},{"damage":1.0,"enemies":"downfall:FleeingMerchant","floor":14.0,"turns":4.0},{"damage":3.0,"enemies":"Blue Slaver","floor":15.0,"turns":2.0},{"damage":5.0,"enemies":"downfall:Ironclad","floor":16.0,"turns":5.0},{"damage":30.0,"enemies":"downfall:FleeingMerchant","floor":20.0,"turns":1.0},{"damage":4.0,"enemies":"Book of Stabbing","floor":22.0,"turns":4.0},{"damage":0.0,"enemies":"Spheric Guardian","floor":23.0,"turns":3.0},{"damage":22.0,"enemies":"Gremlin Leader","floor":25.0,"turns":13.0},{"damage":30.0,"enemies":"Slavers","floor":27.0,"turns":4.0},{"damage":0.0,"enemies":"Chosen and Byrds","floor":29.0,"turns":5.0},{"damage":9.0,"enemies":"Snake Plant","floor":31.0,"turns":3.0},{"damage":2.0,"enemies":"Sentry and Sphere","floor":32.0,"turns":4.0},{"damage":14.0,"enemies":"downfall:Silent","floor":33.0,"turns":5.0},{"damage":21.0,"enemies":"Nemesis","floor":37.0,"turns":7.0},{"damage":0.0,"enemies":"Giant Head","floor":39.0,"turns":1.0},{"damage":24.0,"enemies":"3 Darklings","floor":40.0,"turns":5.0},{"damage":0.0,"enemies":"Nemesis","floor":42.0,"turns":1.0},{"damage":3.0,"enemies":"Giant Head","floor":44.0,"turns":6.0},{"damage":4.0,"enemies":"Mind Bloom Boss Battle","floor":45.0,"turns":7.0},{"damage":19.0,"enemies":"Orb Walker","floor":48.0,"turns":4.0},{"damage":13.0,"enemies":"3 Darklings","floor":49.0,"turns":3.0},{"damage":2.0,"enemies":"downfall:Watcher","floor":50.0,"turns":4.0},{"damage":32.0,"enemies":"downfall:CharBossMerchant","floor":52.0,"turns":5.0},{"damage":32,"enemies":"downfall:NeowBoss","floor":55,"turns":20}],"seed_played":"-6015854332831850136","potions_obtained":[{"floor":2.0,"key":"GamblersBrew"},{"floor":4.0,"key":"SteroidPotion"},{"floor":15.0,"key":"hexamod:EctoCoolerPotion"},{"floor":16.0,"key":"ColorlessPotion"},{"floor":32.0,"key":"Strength Potion"},{"floor":33.0,"key":"LiquidMemories"},{"floor":40.0,"key":"PowerPotion"},{"floor":44.0,"key":"hexamod:EctoCoolerPotion"}],"is_trial":false,"path_per_floor":["R","M","?","E","?","E","T","R","E","R","$","M","M","$","M","B",null,"R","?","$","R","E","M","T","E","R","E","T","M","$","M","M","B",null,"R","$","E","R","E","M","T","E","R","E","?","?","?","M","M","B",null,"E","$","R","B",null],"character_chosen":"THE_CHAMP","items_purchased":["champ:EnGarde","champ:ShieldWall","champ:RapidStrikes","champ:RisingSlash","Calipers","Letter Opener"],"campfire_rested":0,"item_purchase_floors":[11,20,20,20,47,47],"current_hp_per_floor":[90,88,88,69,69,69,69,79,69,69,69,68,68,67,64,59,100,100,100,70,70,66,66,80,58,58,28,28,28,28,19,39,47,114,114,114,114,114,114,112,112,112,112,114,114,114,114,114,114,114,114,104,104,104,102],"gold":114,"neow_bonus":"RANDOM_COMMON_RELIC","is_prod":false,"is_daily":false,"chose_seed":false,"campfire_upgraded":9,"win_rate":0,"timestamp":1607557994,"path_taken":["R","M","?","E","?","E","T","R","E","R","?","M","?","$","M","BOSS","R","?","?","R","E","M","T","E","R","E","?","M","?","M","M","BOSS","R","$","E","R","E","M","T","E","R","E","?","?","?","M","M","BOSS","E","$","R","BOSS"],"build_version":"2020-11-30","purchased_purges":4,"victory":true,"max_hp_per_floor":[90,90,90,90,90,90,90,100,100,100,100,100,100,100,100,100,100,100,100,100,100,100,100,114,114,114,114,114,114,114,114,114,114,114,114,114,114,114,114,114,114,114,114,114,114,114,114,114,114,114,114,114,114,114,114],"card_choices":[{"not_picked":["champ:PerfectedStrike","champ:FocusedGladiator"],"picked":"champ:ShieldSigil","floor":2.0},{"not_picked":["champ:PerfectedStrike","champ:Circumvent"],"picked":"champ:DefensiveStyle","floor":4.0},{"not_picked":["champ:Encircle","champ:BladeFlurry"],"picked":"champ:SkillfulDodge","floor":6.0},{"not_picked":["champ:BringItOn","champ:BladeFlurry"],"picked":"champ:DefensiveStyle","floor":9.0},{"not_picked":["champ:HeartStrike","champ:EnchantCrown","champ:FocusedBerserking"],"picked":"SKIP","floor":11.0},{"not_picked":["champ:HeartStrike","champ:EnchantCrown","champ:FocusedBerserking"],"picked":"SKIP","floor":11.0},{"not_picked":["champ:FanOfKnives","champ:EndlessRage"],"picked":"champ:Circumvent","floor":12.0},{"not_picked":["champ:TornadoPunch","champ:ShieldSigil"],"picked":"champ:SkillfulDodge","floor":13.0},{"not_picked":["champ:BringItOn","champ:FightOn","champ:Balance"],"picked":"SKIP","floor":14.0},{"not_picked":["champ:ArenaPreparation","champ:Backstep","champ:Encircle"],"picked":"SKIP","floor":15.0},{"not_picked":["champ:SwordThrow","champ:VampiricStrike"],"picked":"champ:MurderStrike","floor":16.0},{"not_picked":["champ:DefensiveShout","champ:CrookedStrike+1"],"picked":"champ:FocusedDefense","floor":22.0},{"not_picked":["champ:ViciousMockery","champ:GladiatorsShout","champ:ShieldSigil"],"picked":"SKIP","floor":23.0},{"not_picked":["champ:GladiatorStyle","champ:EnGarde"],"picked":"champ:FalseCounter+1","floor":25.0},{"not_picked":["champ:FlashCut+1","champ:FocusedBerserking+1","champ:CrookedStrike+1"],"picked":"SKIP","floor":27.0},{"not_picked":["champ:BringItOn+1","champ:CrookedStrike+1","champ:PerfectedStrike+1"],"picked":"SKIP","floor":29.0},{"not_picked":["champ:BringItOn+1","champ:CrookedStrike+1","champ:PerfectedStrike+1"],"picked":"SKIP","floor":29.0},{"not_picked":["champ:CrookedStrike+1","champ:ViciousMockery"],"picked":"champ:GutPunch+1","floor":31.0},{"not_picked":["champ:TornadoPunch+1","champ:RecklessLeap+1","champ:FlashCut+1"],"picked":"SKIP","floor":32.0},{"not_picked":["champ:Improvising","champ:ShieldThrow+1"],"picked":"champ:MurderStrike+1","floor":33.0},{"not_picked":["champ:Shatter+1","champ:RageSigil","champ:IronFortress+1"],"picked":"SKIP","floor":37.0},{"not_picked":["champ:PerfectedStrike+1","champ:FocusedBerserking+1","champ:Backstep"],"picked":"SKIP","floor":39.0},{"not_picked":["champ:Haymaker+1","champ:Encircle+1"],"picked":"champ:TornadoPunch+1","floor":40.0},{"not_picked":["champ:AdrenalArmor","champ:ShieldSigil","champ:HeavySlash+1"],"picked":"SKIP","floor":42.0},{"not_picked":["champ:FaceSlap+1","champ:RisingSlash+1"],"picked":"champ:FocusedDefense","floor":44.0},{"not_picked":["champ:Haymaker+1","champ:BringItOn","champ:Encircle+1"],"picked":"SKIP","floor":48.0},{"not_picked":["champ:DefensiveShout+1","champ:FlashCut+1"],"picked":"champ:ShieldSigil+1","floor":49.0},{"not_picked":["champ:FanOfKnives+1","champ:FlashCut+1"],"picked":"champ:EnchantShield","floor":52}],"player_experience":538772,"relics_obtained":[{"floor":4.0,"key":"champ:DefensiveTrainingManual"},{"floor":6.0,"key":"CeramicFish"},{"floor":9.0,"key":"champ:SpectersHand"},{"floor":22.0,"key":"HornCleat"},{"floor":24.0,"key":"Mango"},{"floor":25.0,"key":"Molten Egg 2"},{"floor":27.0,"key":"Dream Catcher"},{"floor":28.0,"key":"The Courier"},{"floor":37.0,"key":"Incense Burner"},{"floor":39.0,"key":"champ:GladiatorsBookOfMartialProwess"},{"floor":41.0,"key":"Frozen Egg 2"},{"floor":42.0,"key":"InkBottle"},{"floor":44.0,"key":"Turnip"},{"floor":45.0,"key":"FossilizedHelix"},{"floor":52,"key":"Lizard Tail"}],"event_choices":[{"cards_removed":["champ:Strike"],"damage_healed":0.0,"max_hp_gain":0.0,"max_hp_loss":0.0,"gold_gain":0.0,"event_name":"The Cleric","player_choice":"Card Removal","floor":5.0,"gold_loss":0.0,"damage_taken":0.0}],"is_beta":false,"boss_relics":[{"not_picked":["expansioncontent:StudyCardRelic","champ:ChampionCrownUpgraded"],"picked":"sneckomod:SneckoTalon"},{"not_picked":["Snecko Eye","Velvet Choker"],"picked":"SlaversCollar"}],"items_purged_floors":[14,20,30,36],"is_endless":false,"potions_floor_spawned":[2,4,15,16,22,23,32,33,40,44,45,52],"ascension_level":1}}