{"host":"buuozll9zukolitn","time":1607516255,"event":{"gold_per_floor":[211,211,386,31,43,55,83,83,83,83,116,116,142,153,153,254,304,321,64,84,7,26,26,37,37,37],"floor_reached":25,"playtime":1197,"items_purged":[],"score":320,"play_id":"fddee6ed-ba5b-4f06-bb52-a9878c580153","local_time":"20201209131735","is_ascension_mode":true,"campfire_choices":[{"floor":8,"key":"REST"},{"floor":10,"key":"REST"},{"floor":12,"key":"REST"},{"data":"Armaments","floor":15,"key":"SMITH"},{"floor":23,"key":"REST"}],"neow_cost":"NONE","seed_source_timestamp":356930492881300,"circlet_count":0,"master_deck":["Strike_R","Strike_R","Strike_R","Strike_R","Strike_R","Defend_R","Defend_R","Defend_R","Defend_R","Bash","Thunderclap+1","Doubt","Armaments+1","Headbutt","Infernal Blade","Twin Strike","Body Slam","Evolve","Armaments","Bludgeon","Clothesline","Cleave","Inflame","Shockwave","True Grit","Fire Breathing+1"],"relics":["Burning Blood","Du-Vu Doll","Ice Cream","Lantern","Blue Candle","Bronze Scales","StoneCalendar","Tiny House","Membership Card","MealTicket","Vajra"],"potions_floor_usage":[7,16,16,25,25],"damage_taken":[{"damage":4,"enemies":"Small Slimes","floor":1,"turns":5},{"damage":16,"enemies":"Jaw Worm","floor":5,"turns":7},{"damage":6,"enemies":"Cultist","floor":6,"turns":3},{"damage":27,"enemies":"3 Sentries","floor":7,"turns":9},{"damage":27,"enemies":"Gremlin Nob","floor":11,"turns":4},{"damage":21,"enemies":"3 Sentries","floor":13,"turns":5},{"damage":14,"enemies":"Lots of Slimes","floor":14,"turns":2},{"damage":16,"enemies":"Slime Boss","floor":16,"turns":7},{"damage":23,"enemies":"2 Thieves","floor":18,"turns":4},{"damage":26,"enemies":"Shell Parasite","floor":20,"turns":4},{"damage":33,"enemies":"3 Cultists","floor":22,"turns":5},{"damage":7,"enemies":"Snecko","floor":24,"turns":3},{"damage":52,"enemies":"Book of Stabbing","floor":25,"turns":6}],"seed_played":"-6558321184054103946","potions_obtained":[{"floor":5,"key":"DistilledChaos"},{"floor":11,"key":"SkillPotion"},{"floor":13,"key":"GamblersBrew"},{"floor":16,"key":"ColorlessPotion"},{"floor":17,"key":"SpeedPotion"},{"floor":24,"key":"ElixirPotion"}],"is_trial":false,"path_per_floor":["M","?","?","$","M","M","E","R","T","R","E","R","E","M","R","B",null,"M","$","M","$","M","R","M","E"],"character_chosen":"IRONCLAD","items_purchased":["Ice Cream","Armaments","Membership Card","MealTicket","Inflame","Vajra"],"campfire_rested":4,"item_purchase_floors":[4,4,19,19,19,21],"current_hp_per_floor":[74,71,71,71,61,61,40,64,64,80,59,80,65,57,57,47,77,60,60,40,55,28,53,52,0,0],"gold":37,"neow_bonus":"HUNDRED_GOLD","is_prod":false,"is_daily":false,"chose_seed":false,"campfire_upgraded":1,"win_rate":0,"timestamp":1607516255,"path_taken":["M","?","?","?","?","M","E","R","T","R","E","R","E","M","R","BOSS","M","?","M","$","M","R","M","E"],"build_version":"2020-11-30","purchased_purges":0,"victory":false,"max_hp_per_floor":[80,80,80,80,80,80,80,80,80,80,80,80,80,80,80,80,85,85,85,85,85,85,85,85,85,85],"card_choices":[{"not_picked":["Shockwave","Dual Wield"],"picked":"Thunderclap","floor":1},{"not_picked":["Reckless Charge","Carnage"],"picked":"Headbutt","floor":5},{"not_picked":["Headbutt","Perfected Strike"],"picked":"Infernal Blade","floor":6},{"not_picked":["Shockwave","Havoc"],"picked":"Twin Strike","floor":7},{"not_picked":["Exhume","Immolate"],"picked":"Body Slam","floor":11},{"not_picked":["Shockwave","Headbutt"],"picked":"Evolve","floor":13},{"not_picked":["Iron Wave","Battle Trance"],"picked":"Armaments","floor":14},{"not_picked":["Impervious","Immolate"],"picked":"Bludgeon","floor":16},{"not_picked":["Bloodletting","Wild Strike"],"picked":"Clothesline","floor":17},{"not_picked":["Clash+1","Hemokinesis"],"picked":"Cleave","floor":18},{"not_picked":["Combust","Wild Strike"],"picked":"Shockwave","floor":20},{"not_picked":["Pummel","Carnage"],"picked":"True Grit","floor":22},{"not_picked":["Thunderclap","Body Slam"],"picked":"Fire Breathing+1","floor":24}],"player_experience":266825,"relics_obtained":[{"floor":7,"key":"Lantern"},{"floor":9,"key":"Blue Candle"},{"floor":11,"key":"Bronze Scales"},{"floor":13,"key":"StoneCalendar"}],"event_choices":[{"damage_healed":0,"gold_gain":0,"player_choice":"Success","damage_taken":3,"relics_obtained":["Du-Vu Doll"],"max_hp_gain":0,"max_hp_loss":0,"event_name":"Scrap Ooze","floor":2,"gold_loss":0},{"damage_healed":0,"gold_gain":175,"player_choice":"AGREE","damage_taken":0,"max_hp_gain":0,"max_hp_loss":0,"event_name":"Liars Game","floor":3,"gold_loss":0,"cards_obtained":["Doubt"]}],"is_beta":false,"boss_relics":[{"not_picked":["Runic Cube","Snecko Eye"],"picked":"Tiny House"}],"items_purged_floors":[],"is_endless":false,"potions_floor_spawned":[5,11,13,16,24],"killed_by":"Book of Stabbing","ascension_level":9}}