{"host":"y76clbnovzmw9ubx","time":1607478097,"event":{"gold_per_floor":[13,26,45,63,63,89,108,108,108],"floor_reached":8,"playtime":913,"items_purged":[],"score":120,"play_id":"b1fa60e4-cec4-40e5-965b-d69d08aad1a5","local_time":"20201208204137","is_ascension_mode":true,"campfire_choices":[],"neow_cost":"NO_GOLD","seed_source_timestamp":4865669422993,"circlet_count":0,"master_deck":["AscendersBane","Strike_B","Strike_B","Strike_B","Strike_B","Defend_B","Defend_B","Defend_B","Defend_B","Zap","Dualcast","Loop+1","BootSequence","Cold Snap","Force Field","All For One"],"relics":["Cracked Core","Incense Burner","Tiny Chest"],"potions_floor_usage":[],"damage_taken":[{"damage":16,"enemies":"Small Slimes","floor":1,"turns":4},{"damage":2,"enemies":"2 Louse","floor":2,"turns":4},{"damage":0,"enemies":"Jaw Worm","floor":3,"turns":4},{"damage":2,"enemies":"3 Louse","floor":4,"turns":3},{"damage":22,"enemies":"3 Sentries","floor":6,"turns":8},{"damage":4,"enemies":"Looter","floor":7,"turns":3},{"damage":24,"enemies":"Gremlin Nob","floor":8,"turns":3}],"seed_played":"4165108282240239525","potions_obtained":[{"floor":2,"key":"PotionOfCapacity"},{"floor":6,"key":"Ancient Potion"}],"is_trial":false,"path_per_floor":["M","M","M","M","?","E","M","E"],"character_chosen":"DEFECT","items_purchased":[],"campfire_rested":0,"item_purchase_floors":[],"current_hp_per_floor":[48,46,46,44,44,22,18,0,0],"gold":108,"neow_bonus":"ONE_RARE_RELIC","is_prod":false,"is_daily":false,"chose_seed":false,"campfire_upgraded":0,"win_rate":0,"timestamp":1607478097,"path_taken":["M","M","M","M","?","E","M","E"],"build_version":"2020-11-30","purchased_purges":0,"victory":false,"max_hp_per_floor":[71,71,71,71,71,71,71,71,71],"relic_stats":{"counters":[7,29],"Tiny Chest":0,"obtain_stats":[{"Tiny Chest":6,"Incense Burner":0,"Cracked Core":0},{"Tiny Chest":5,"Incense Burner":0,"Cracked Core":0},{"Tiny Chest":23,"Incense Burner":0,"Cracked Core":0}]},"card_choices":[{"not_picked":["Barrage","Beam Cell"],"picked":"Loop","floor":1},{"not_picked":["Hologram","Beam Cell"],"picked":"BootSequence","floor":2},{"not_picked":["Self Repair","Go for the Eyes","Turbo"],"picked":"SKIP","floor":3},{"not_picked":["Blizzard","Rebound"],"picked":"Cold Snap","floor":4},{"not_picked":["Rebound","Skim"],"picked":"Force Field","floor":6},{"not_picked":["Gash","Turbo"],"picked":"All For One","floor":7}],"player_experience":2788065,"relics_obtained":[{"floor":6,"key":"Tiny Chest"}],"event_choices":[{"damage_healed":0,"gold_gain":0,"player_choice":"Grow","damage_taken":0,"max_hp_gain":0,"max_hp_loss":0,"event_name":"Living Wall","floor":5,"gold_loss":0,"cards_upgraded":["Loop"]}],"is_beta":false,"boss_relics":[],"items_purged_floors":[],"is_endless":false,"potions_floor_spawned":[2,6,7],"killed_by":"Gremlin Nob","ascension_level":20}}