{"host":"5mo0809oo9tcrmpl","time":1607479537,"event":{"gold_per_floor":[111,131,145,70,70,110,110,110,110],"floor_reached":8,"playtime":381,"items_purged":[],"score":112,"play_id":"91592aad-7388-4f1f-ad41-45e1489fa091","local_time":"20201208200537","is_ascension_mode":true,"campfire_choices":[{"floor":7.0,"key":"REST"}],"neow_cost":"NONE","seed_source_timestamp":0,"circlet_count":0,"master_deck":["AscendersBane","Strike_R","Strike_R","Strike_R","Defend_R","Defend_R","Defend_R","Defend_R","Bash","Whirlwind","Perfected Strike","Pummel","Rampage","Seeing Red"],"special_seed":0,"relics":["Burning Blood","Golden Idol","Ornamental Fan"],"potions_floor_usage":[8],"damage_taken":[{"damage":7.0,"enemies":"Jaw Worm","floor":1.0,"turns":3.0},{"damage":0.0,"enemies":"Small Slimes","floor":2.0,"turns":2.0},{"damage":1.0,"enemies":"Cultist","floor":3.0,"turns":3.0},{"damage":47.0,"enemies":"Lagavulin","floor":6.0,"turns":8.0},{"damage":37,"enemies":"3 Sentries","floor":8,"turns":4}],"seed_played":"4502819245250048076","potions_obtained":[{"floor":6.0,"key":"PowerPotion"}],"is_trial":false,"path_per_floor":["M","M","M","?","?","E","R","E"],"character_chosen":"IRONCLAD","items_purchased":[],"campfire_rested":1,"item_purchase_floors":[],"current_hp_per_floor":[67,73,75,75,49,8,30,0,0],"gold":110,"neow_bonus":"TRANSFORM_CARD","is_prod":false,"is_daily":false,"chose_seed":false,"campfire_upgraded":0,"win_rate":0,"timestamp":1607479537,"path_taken":["M","M","M","?","?","E","R","E"],"build_version":"2020-11-30","purchased_purges":0,"victory":false,"max_hp_per_floor":[75,75,75,75,75,75,75,75,75],"relic_stats":{"counters":[5,20],"Golden Idol":8,"Ornamental Fan":[8],"obtain_stats":[{"Golden Idol":5,"Ornamental Fan":6,"Burning Blood":0},{"Golden Idol":3,"Ornamental Fan":4,"Burning Blood":0},{"Golden Idol":8,"Ornamental Fan":16,"Burning Blood":0}],"Burning Blood":21},"card_choices":[{"not_picked":["Thunderclap","Dual Wield"],"picked":"Perfected Strike","floor":1.0},{"not_picked":["Burning Pact","Perfected Strike"],"picked":"Pummel","floor":2.0},{"not_picked":["Thunderclap","Dark Embrace"],"picked":"Rampage","floor":3.0},{"not_picked":["Rage","Searing Blow"],"picked":"Seeing Red","floor":6.0}],"player_experience":1232925,"relics_obtained":[{"floor":6.0,"key":"Ornamental Fan"}],"event_choices":[{"cards_removed":["Strike_R"],"damage_healed":0.0,"max_hp_gain":0.0,"max_hp_loss":0.0,"gold_gain":0.0,"event_name":"The Cleric","player_choice":"Card Removal","floor":4.0,"gold_loss":75.0,"damage_taken":0.0},{"damage_healed":0.0,"max_hp_gain":0.0,"max_hp_loss":0.0,"gold_gain":0.0,"event_name":"Golden Idol","player_choice":"Take Damage","floor":5.0,"gold_loss":0.0,"damage_taken":26.0,"relics_obtained":["Golden Idol"]}],"is_beta":false,"boss_relics":[],"items_purged_floors":[],"is_endless":false,"potions_floor_spawned":[6],"killed_by":"3 Sentries","ascension_level":20}}