{"host":"y087t2reloz9bi43","time":1607524365,"event":{"gold_per_floor":[114,114,114,148,148,148,193,193,217,217,244,88,137,172,172,282,282,311,509,539,539,539,582,582,631,654,668,92,138,163,38,38,156,156,170,180,30,30,60,106,135,165,165,165,193,228,289,335,335,365,365,365,520,1143,1143,1143],"floor_reached":54,"playtime":5896,"items_purged":["blackbeard:BlackbeardDefend","blackbeard:BlackbeardDefend","blackbeard:BlackbeardDefend","blackbeard:BlackbeardStrike","Parasite"],"score":942,"play_id":"1d7e19c8-6770-46af-ac6d-71c7c4303ae9","local_time":"20201209143245","is_ascension_mode":false,"campfire_choices":[{"data":"blackbeard:BoostMorale","floor":6.0,"key":"SMITH"},{"data":"blackbeard:Cutlass","floor":8.0,"key":"SMITH"},{"data":"blackbeard:InfiniteBarrage","floor":15.0,"key":"SMITH"},{"data":"blackbeard:Salvager","floor":24.0,"key":"SMITH"},{"data":"blackbeard:TheDrunkenSailor","floor":32.0,"key":"SMITH"},{"floor":44,"key":"RECALL"},{"data":"Chrysalis","floor":49,"key":"SMITH"},{"data":"blackbeard:FinalBarrage","floor":52,"key":"SMITH"}],"neow_cost":"","seed_source_timestamp":0,"circlet_count":0,"master_deck":["blackbeard:BlackbeardStrike","blackbeard:BlackbeardStrike","blackbeard:IntimidatingStrike","blackbeard:BlackbeardDefend","blackbeard:Cutlass+1","blackbeard:Boarding","blackbeard:BoostMorale+1","blackbeard:SwordDance","blackbeard:BuriedTreasure","blackbeard:FieryDefense","blackbeard:GoldenGuillotine","blackbeard:Lifeboat","blackbeard:Dagger","blackbeard:GoldenDefense","blackbeard:GoldenCannonball","blackbeard:Salvager+1","blackbeard:InfiniteBarrage+1","blackbeard:GoldenStrike","blackbeard:BountyHunter","blackbeard:Sword","blackbeard:Sharpening+1","blackbeard:Toast","blackbeard:Toast","blackbeard:Spear","blackbeard:Spear+1","blackbeard:PiratesWill+1","blackbeard:PiratesWill","Chrysalis+1","blackbeard:TheDrunkenSailor+1","blackbeard:Dagger+1","blackbeard:FinalBarrage+1","blackbeard:PirateEarring+1","blackbeard:PirateEarring+1","blackbeard:PiratesWill+1","blackbeard:Anchor","blackbeard:GoldenCannonball","blackbeard:BuriedTreasure","blackbeard:Dagger+1","blackbeard:Dagger+1","blackbeard:SwordDance+1","blackbeard:ArmorUp+1","blackbeard:Spear+1","blackbeard:GoldenCannonball+1","blackbeard:Sword"],"special_seed":0,"relics":["blackbeard:LoadTheCannons","Unceasing Top","Prayer Wheel","Kunai","blackbeard:CannonballsOfSteel","blackbeard:Spearhead","Replay:Baseball","Philosopher\u0027s Stone","Strawberry","Garlic","infinitespire:FocusingShard","Pen Nib","Lee\u0027s Waffle","vexMod:CardConverter","aspiration:SecretTechniqueScroll","Blood Vial","blackbeard:HipFlask","Orichalcum","hubris:NiceRug","ReplayTheSpireMod:TigerMarble","hubris:64BitClover","Sling","Iron Hammer"],"potions_floor_usage":[42,48,50,50,50,54],"damage_taken":[{"damage":9.0,"enemies":"conspire:RoseBush","floor":1.0,"turns":2.0},{"damage":4.0,"enemies":"Small Slimes","floor":4.0,"turns":3.0},{"damage":12.0,"enemies":"Replay:BlueRogue","floor":7.0,"turns":5.0},{"damage":0.0,"enemies":"Cultist","floor":11.0,"turns":3.0},{"damage":0.0,"enemies":"HollowMod:MossKnight","floor":13.0,"turns":5.0},{"damage":0.0,"enemies":"Exordium Thugs","floor":14.0,"turns":3.0},{"damage":0.0,"enemies":"Fading Forest","floor":16.0,"turns":11.0},{"damage":0.0,"enemies":"Spheric Guardian","floor":18.0,"turns":4.0},{"damage":5.0,"enemies":"Shell Parasite","floor":20.0,"turns":3.0},{"damage":9.0,"enemies":"Book of Stabbing","floor":23.0,"turns":3.0},{"damage":0.0,"enemies":"Nightmare","floor":25.0,"turns":4.0},{"damage":10.0,"enemies":"Snake Plant","floor":27.0,"turns":4.0},{"damage":36.0,"enemies":"Book of Stabbing","floor":29.0,"turns":5.0},{"damage":9.0,"enemies":"conspire:HollyBat","floor":30.0,"turns":4.0},{"damage":33.0,"enemies":"Collector","floor":33.0,"turns":4.0},{"damage":0.0,"enemies":"Orb Walker","floor":35.0,"turns":2.0},{"damage":13.0,"enemies":"3 Darklings","floor":36.0,"turns":2.0},{"damage":15,"enemies":"Writhing Mass","floor":39,"turns":3},{"damage":0,"enemies":"Reptomancer","floor":40,"turns":4},{"damage":0,"enemies":"Spire Growth","floor":41,"turns":4},{"damage":2,"enemies":"Transient","floor":42,"turns":5},{"damage":19,"enemies":"Jaw Worm Horde","floor":45,"turns":3},{"damage":6,"enemies":"4 Shapes","floor":46,"turns":2},{"damage":16,"enemies":"Nemesis","floor":47,"turns":3},{"damage":6,"enemies":"Sphere and 2 Shapes","floor":48,"turns":4},{"damage":4,"enemies":"Replay:Hell Engine","floor":50,"turns":4},{"damage":0,"enemies":"hubris:Merchant","floor":53,"turns":5},{"damage":0,"enemies":"Shield and Spear","floor":54,"turns":5}],"seed_played":"6238102373062152463","potions_obtained":[{"floor":7.0,"key":"AttackPotion"},{"floor":11.0,"key":"blackbeard:OrangeJuicePotion"},{"floor":13.0,"key":"Block Potion"},{"floor":18.0,"key":"Reflective Coating"},{"floor":25.0,"key":"sneckomod:MuddlingPotion"},{"floor":29.0,"key":"Energy Potion"},{"floor":36,"key":"Elixir"},{"floor":41,"key":"SteroidPotion"},{"floor":42,"key":"Elixir"},{"floor":48,"key":"CultistPotion"},{"floor":53,"key":"Explosive Potion"},{"floor":53,"key":"Adrenaline Potion"},{"floor":53,"key":"PowerPotion"}],"is_trial":false,"path_per_floor":["M","?","?","M","?","R","E","R","T","?","M","$","E","M","R","B",null,"M","?","M","?","?","E","R","NM","T","M","$","E","M","$","R","B",null,"M","M","$","?","M","E","M","M","T","R","M","M","E","M","R","B",null,"R","$","E"],"character_chosen":"BLACKBEARD_CLASS","items_purchased":["blackbeard:Boarding","blackbeard:BoostMorale","blackbeard:GoldenCannonball","Pen Nib","Lee\u0027s Waffle","Chrysalis"],"campfire_rested":0,"item_purchase_floors":[0,0,12,28,28,28],"current_hp_per_floor":[66,59,59,55,55,55,43,43,43,43,43,43,43,43,43,53,75,75,75,70,56,63,54,54,54,54,44,94,60,53,53,53,38,100,104,91,91,91,80,82,86,90,90,90,73,71,59,59,59,57,124,124,123,125,125,125],"gold":1143,"neow_bonus":"","is_prod":false,"is_daily":false,"chose_seed":false,"campfire_upgraded":7,"win_rate":0,"timestamp":1607524365,"path_taken":["M","?","?","M","?","R","E","R","T","?","M","$","E","?","R","BOSS","M","?","?","?","?","E","R","NM","T","M","$","E","M","?","R","BOSS","M","M","$","?","M","E","M","M","T","R","M","?","E","M","R","BOSS","R","$","E"],"build_version":"2020-11-30","purchased_purges":5,"victory":false,"max_hp_per_floor":[75,75,75,75,75,75,75,75,75,75,75,75,75,75,75,75,75,75,75,75,80,87,87,87,87,87,87,94,96,98,98,98,100,100,104,104,104,104,108,110,112,116,116,116,116,118,120,124,124,124,124,124,123,125,125,125],"card_choices":[{"not_picked":["blackbeard:PiratesWill","blackbeard:FishingNets"],"picked":"blackbeard:SwordDance","floor":1.0},{"not_picked":["blackbeard:SmithingHammer","blackbeard:BlindAttacks"],"picked":"blackbeard:BuriedTreasure","floor":1.0},{"not_picked":["blackbeard:Provisioning","blackbeard:WiseDefense"],"picked":"blackbeard:BrownPants","floor":4.0},{"not_picked":["blackbeard:WiseDefense","blackbeard:BeatUp"],"picked":"blackbeard:FieryDefense","floor":4.0},{"not_picked":["blackbeard:WoodenLeg","blackbeard:FieryDefense"],"picked":"blackbeard:GoldenGuillotine","floor":7.0},{"not_picked":["blackbeard:TacticalRetreat","blackbeard:Upgrade"],"picked":"blackbeard:Dagger","floor":11.0},{"not_picked":["blackbeard:DoubleBottom","blackbeard:Fencing"],"picked":"blackbeard:GoldenDefense","floor":11.0},{"not_picked":["blackbeard:TacticalRetreat","blackbeard:Eyepatch"],"picked":"blackbeard:Salvager","floor":13.0},{"not_picked":["blackbeard:SwordDance","blackbeard:PirateHook"],"picked":"blackbeard:InfiniteBarrage","floor":14.0},{"not_picked":["blackbeard:SwordDance","blackbeard:PiratesWill"],"picked":"blackbeard:GoldenStrike","floor":14.0},{"not_picked":["blackbeard:UndeadForm","blackbeard:WeaponMastery"],"picked":"blackbeard:BountyHunter","floor":16.0},{"not_picked":["blackbeard:DoubleBottom+1","blackbeard:BeatUp+1"],"picked":"blackbeard:Sword","floor":18.0},{"not_picked":["blackbeard:DeadlyArsenal","blackbeard:BlindAttacks+1"],"picked":"blackbeard:Sharpening+1","floor":18.0},{"not_picked":["blackbeard:Shrapnel+1","blackbeard:FieryDefense"],"picked":"blackbeard:Toast","floor":19.0},{"not_picked":["blackbeard:BlindAttacks","blackbeard:BeatUp+1"],"picked":"blackbeard:Toast","floor":20.0},{"not_picked":["blackbeard:Toast","blackbeard:DoubleBottom"],"picked":"blackbeard:Spear","floor":20.0},{"not_picked":["blackbeard:Sharpening+1","blackbeard:PirateStrength","blackbeard:GoldenDefense"],"picked":"SKIP","floor":23.0},{"not_picked":["blackbeard:RemoveScurvy","blackbeard:WiseDefense"],"picked":"blackbeard:Spear+1","floor":25.0},{"not_picked":["blackbeard:SwordDance+1","blackbeard:Fencing+1"],"picked":"blackbeard:PiratesWill+1","floor":27.0},{"not_picked":["blackbeard:RearmingStrike","blackbeard:WeaponProficiency"],"picked":"blackbeard:PiratesWill","floor":27.0},{"not_picked":["blackbeard:TacticalRetreat+1","blackbeard:GoldenDefense"],"picked":"blackbeard:TheDrunkenSailor","floor":29.0},{"not_picked":["blackbeard:GoldenStrike","blackbeard:FieryDefense"],"picked":"blackbeard:Dagger+1","floor":30.0},{"not_picked":["blackbeard:GoldenStrike","blackbeard:ChaoticDefense","blackbeard:WiseDefense+1"],"picked":"SKIP","floor":30.0},{"not_picked":["blackbeard:Intoxication","blackbeard:PirateStrength"],"picked":"blackbeard:FinalBarrage","floor":33.0},{"not_picked":["blackbeard:TacticalRetreat+1","blackbeard:GoldenStrike+1"],"picked":"blackbeard:PirateEarring+1","floor":35.0},{"not_picked":["blackbeard:Boarding","blackbeard:DeadlyArsenal"],"picked":"blackbeard:PirateEarring+1","floor":35.0},{"not_picked":["blackbeard:Revenge","blackbeard:BrownPants+1","blackbeard:VengefulSpirit"],"picked":"SKIP","floor":36},{"not_picked":["blackbeard:TerrorOfTheSeas","blackbeard:CloakAndCannonball","blackbeard:DeadlyArsenal"],"picked":"SKIP","floor":36},{"not_picked":["blackbeard:DeadlyArsenal+1","blackbeard:BrownPants+1"],"picked":"blackbeard:PiratesWill+1","floor":39},{"not_picked":["blackbeard:RemoveScurvy+1","blackbeard:BrownPants","blackbeard:TacticalRetreat+1"],"picked":"SKIP","floor":39},{"not_picked":["blackbeard:Boarding","blackbeard:BlindAttacks"],"picked":"blackbeard:Anchor","floor":40},{"not_picked":["blackbeard:SmithingHammer+1","blackbeard:Halberd"],"picked":"blackbeard:GoldenCannonball","floor":41},{"not_picked":["blackbeard:DeadlyArsenal+1","blackbeard:JollyRoger+1","blackbeard:BrownPants+1"],"picked":"SKIP","floor":41},{"not_picked":["blackbeard:VengefulSpirit","blackbeard:GoldenStrike"],"picked":"blackbeard:BuriedTreasure","floor":42},{"not_picked":["blackbeard:RearmingStrike","blackbeard:Revenge"],"picked":"blackbeard:Dagger+1","floor":42},{"not_picked":["blackbeard:BrownPants","blackbeard:Provisioning","blackbeard:RearmingStrike"],"picked":"SKIP","floor":45},{"not_picked":["blackbeard:GoldenStrike","blackbeard:DoubleBottom","blackbeard:GhostInTheRum"],"picked":"SKIP","floor":45},{"not_picked":["blackbeard:Shrapnel","blackbeard:DelayedPain"],"picked":"blackbeard:Dagger+1","floor":46},{"not_picked":["blackbeard:TerrorOfTheSeas+1","blackbeard:WoodenLeg","blackbeard:FieryDefense"],"picked":"SKIP","floor":46},{"not_picked":["blackbeard:ReapersScythe","blackbeard:VengefulSpirit+1"],"picked":"blackbeard:SwordDance+1","floor":47},{"not_picked":["blackbeard:Sword+1","blackbeard:TacticalRetreat+1"],"picked":"blackbeard:ArmorUp+1","floor":48},{"not_picked":["blackbeard:SmithingHammer+1","blackbeard:Dagger+1"],"picked":"blackbeard:Spear+1","floor":48},{"not_picked":[],"picked":"blackbeard:GoldenCannonball+1","floor":53},{"not_picked":["blackbeard:GoldenStrike"],"picked":"SKIP","floor":53},{"not_picked":["blackbeard:DeadlyArsenal"],"picked":"SKIP","floor":53},{"not_picked":["blackbeard:CannonballSupply"],"picked":"SKIP","floor":53},{"not_picked":["blackbeard:Rum"],"picked":"SKIP","floor":53},{"not_picked":["expansioncontent:Torchfire"],"picked":"SKIP","floor":53},{"not_picked":["hubris:EnhanceAbility"],"picked":"SKIP","floor":53},{"not_picked":["blackbeard:GoldenStrike"],"picked":"SKIP","floor":53},{"not_picked":["blackbeard:DeadlyArsenal"],"picked":"SKIP","floor":53},{"not_picked":["blackbeard:CannonballSupply"],"picked":"SKIP","floor":53},{"not_picked":["blackbeard:Rum"],"picked":"SKIP","floor":53},{"not_picked":["expansioncontent:Torchfire"],"picked":"SKIP","floor":53},{"not_picked":["hubris:EnhanceAbility"],"picked":"SKIP","floor":53},{"not_picked":["blackbeard:Fencing+1","blackbeard:Sword","blackbeard:SmithingHammer+1"],"picked":"SKIP","floor":54},{"not_picked":["blackbeard:Fencing+1","blackbeard:Sword","blackbeard:SmithingHammer+1"],"picked":"SKIP","floor":54},{"not_picked":["blackbeard:Fencing+1","blackbeard:SmithingHammer+1"],"picked":"blackbeard:Sword","floor":54}],"player_experience":292522,"relics_obtained":[{"floor":7.0,"key":"blackbeard:CannonballsOfSteel"},{"floor":9.0,"key":"blackbeard:Spearhead"},{"floor":13.0,"key":"Replay:Baseball"},{"floor":22.0,"key":"Strawberry"},{"floor":23.0,"key":"Garlic"},{"floor":25.0,"key":"infinitespire:FocusingShard"},{"floor":29.0,"key":"vexMod:CardConverter"},{"floor":40,"key":"Blood Vial"},{"floor":43,"key":"blackbeard:HipFlask"},{"floor":47,"key":"Orichalcum"},{"floor":53,"key":"ReplayTheSpireMod:TigerMarble"},{"floor":53,"key":"hubris:64BitClover"},{"floor":53,"key":"Sling"},{"floor":54,"key":"Iron Hammer"}],"event_choices":[{"damage_healed":0.0,"max_hp_gain":0.0,"max_hp_loss":0.0,"gold_gain":0.0,"event_name":"Scrap Ooze","player_choice":"Success","floor":2.0,"gold_loss":0.0,"damage_taken":7.0,"relics_obtained":["Kunai"]},{"damage_healed":0.0,"max_hp_gain":0.0,"max_hp_loss":0.0,"gold_gain":0.0,"cards_transformed":["blackbeard:BlackbeardStrike"],"event_name":"Transmorgrifier","player_choice":"Transformed","floor":10.0,"gold_loss":0.0,"damage_taken":0.0,"cards_obtained":["blackbeard:Lifeboat"]},{"damage_healed":0.0,"max_hp_gain":5.0,"max_hp_loss":0.0,"gold_gain":0.0,"event_name":"Forgotten Altar","player_choice":"Shed Blood","floor":21.0,"gold_loss":0.0,"damage_taken":19.0},{"damage_healed":0,"gold_gain":0,"player_choice":"Ignored","damage_taken":0,"max_hp_gain":0,"max_hp_loss":0,"event_name":"NoteForYourself","floor":38,"gold_loss":0}],"is_beta":false,"boss_relics":[{"not_picked":["vexMod:CursedCompass","beaked:SacredDeck"],"picked":"Philosopher\u0027s Stone"},{"not_picked":["hubris:TerracottaHorce","hubris:ScarierMask"],"picked":"aspiration:SecretTechniqueScroll"}],"items_purged_floors":[12,28,31,37,53],"is_endless":false,"potions_floor_spawned":[7,11,13,18,25,29,36,39,41,42,48],"killed_by":"Shield and Spear","ascension_level":0}}