{"host":"bq4pt811tk9yrmjl","time":1607474459,"event":{"gold_per_floor":[115,115,38,113,124,124,44,77,77,77,77,90,90,101,101,198,198,214,214,274,286,353,383,383,395,418,418,393,443,457,475,475,475,475],"floor_reached":33,"playtime":481,"items_purged":[],"score":307,"play_id":"58ad8f47-94a7-446b-85d3-11a0bb1b3bfa","local_time":"20201208224059","is_ascension_mode":true,"campfire_choices":[{"data":"Defragment","floor":6.0,"key":"SMITH"},{"floor":13.0,"key":"REST"},{"data":"Zap","floor":15.0,"key":"SMITH"},{"floor":24,"key":"REST"},{"floor":27,"key":"RECALL"},{"floor":32,"key":"REST"}],"neow_cost":"NONE","seed_source_timestamp":13117226412800,"circlet_count":0,"master_deck":["Strike_B","Strike_B+1","Strike_B","Defend_B+1","Defend_B","Defend_B","Defend_B+1","Zap+1","Dualcast","Defragment+1","Melter+1","Loop","BootSequence","Electrodynamics","Barrage+1","Hologram+1","Beam Cell+1","Defragment+1"],"special_seed":0,"relics":["Cracked Core","NeowsBlessing","Meat on the Bone","Whetstone","Inserter","SsserpentHead","Art of War","Bag of Preparation"],"potions_floor_usage":[21,30],"damage_taken":[{"damage":0.0,"enemies":"Jaw Worm","floor":1.0,"turns":1.0},{"damage":0.0,"enemies":"Cultist","floor":5.0,"turns":1.0},{"damage":0.0,"enemies":"Gremlin Nob","floor":8.0,"turns":1.0},{"damage":0.0,"enemies":"Small Slimes","floor":12.0,"turns":2.0},{"damage":0.0,"enemies":"2 Fungi Beasts","floor":14.0,"turns":3.0},{"damage":35.0,"enemies":"Slime Boss","floor":16.0,"turns":6.0},{"damage":0,"enemies":"Spheric Guardian","floor":18,"turns":2},{"damage":38,"enemies":"2 Thieves","floor":20,"turns":4},{"damage":0,"enemies":"Sentry and Sphere","floor":21,"turns":2},{"damage":10,"enemies":"Centurion and Healer","floor":22,"turns":5},{"damage":22,"enemies":"Gremlin Leader","floor":23,"turns":4},{"damage":11,"enemies":"Cultist and Chosen","floor":25,"turns":5},{"damage":6,"enemies":"Snake Plant","floor":30,"turns":3},{"damage":22,"enemies":"3 Cultists","floor":31,"turns":4},{"damage":42,"enemies":"Collector","floor":33,"turns":5}],"seed_played":"2649194383457741362","potions_obtained":[{"floor":8.0,"key":"FairyPotion"},{"floor":12.0,"key":"Explosive Potion"},{"floor":14.0,"key":"LiquidMemories"},{"floor":20,"key":"Swift Potion"},{"floor":21,"key":"SneckoOil"},{"floor":23,"key":"SkillPotion"},{"floor":25,"key":"PotionOfCapacity"}],"is_trial":false,"path_per_floor":["M","?","$","?","M","R","$","E","T","?","?","M","R","M","R","B",null,"M","?","M","M","M","E","R","M","T","R","?","?","M","M","R","B"],"character_chosen":"DEFECT","items_purchased":["Defragment","Loop"],"campfire_rested":3,"item_purchase_floors":[3,7],"current_hp_per_floor":[75,75,75,64,64,64,64,64,64,69,53,53,77,77,77,42,80,80,80,42,42,44,34,58,47,47,47,47,47,41,31,55,13,13],"gold":475,"neow_bonus":"THREE_ENEMY_KILL","is_prod":false,"is_daily":false,"chose_seed":false,"campfire_upgraded":2,"win_rate":0,"timestamp":1607474459,"path_taken":["M","?","?","?","M","R","$","E","T","?","?","M","R","M","R","BOSS","M","?","?","M","?","E","R","M","T","R","?","?","M","M","R","BOSS"],"build_version":"2020-11-30","purchased_purges":0,"victory":false,"max_hp_per_floor":[75,75,75,75,75,75,75,75,75,80,80,80,80,80,80,80,80,80,80,80,80,80,80,80,80,80,80,80,80,80,80,80,80,80],"card_choices":[{"not_picked":["Go for the Eyes","Cold Snap"],"picked":"Barrage","floor":1.0},{"not_picked":["Redo","Streamline"],"picked":"Melter","floor":5.0},{"not_picked":["Meteor Strike","Hello World","Double Energy"],"picked":"SKIP","floor":8.0},{"not_picked":["Darkness","Cold Snap"],"picked":"BootSequence","floor":12.0},{"not_picked":["Gash","Hologram","Turbo"],"picked":"SKIP","floor":14.0},{"not_picked":["Amplify","Hyperbeam"],"picked":"Electrodynamics","floor":16.0},{"not_picked":["Hello World","Cold Snap","Sweeping Beam"],"picked":"SKIP","floor":18},{"not_picked":["Blizzard","Genetic Algorithm"],"picked":"Barrage+1","floor":20},{"not_picked":["Turbo","Skim"],"picked":"Hologram+1","floor":21},{"not_picked":["Storm","Rebound"],"picked":"Beam Cell+1","floor":22},{"not_picked":["Glacier","Turbo","Seek"],"picked":"SKIP","floor":23},{"not_picked":["Compile Driver","Barrage+1","Skim"],"picked":"SKIP","floor":25},{"not_picked":["Beam Cell+1","Go for the Eyes"],"picked":"Defragment+1","floor":30},{"not_picked":["Reinforced Body","Skim","Steam"],"picked":"SKIP","floor":31}],"player_experience":47603,"relics_obtained":[{"floor":8.0,"key":"Whetstone"},{"floor":23,"key":"Art of War"},{"floor":26,"key":"Bag of Preparation"}],"event_choices":[{"cards_removed":["Barrage"],"damage_healed":0.0,"max_hp_gain":0.0,"max_hp_loss":0.0,"gold_gain":0.0,"event_name":"WeMeetAgain","player_choice":"Gave Card","floor":2.0,"gold_loss":0.0,"damage_taken":0.0,"relics_obtained":["Meat on the Bone"]},{"damage_healed":0.0,"max_hp_gain":0.0,"max_hp_loss":0.0,"gold_gain":75.0,"event_name":"World of Goop","player_choice":"Gather Gold","floor":4.0,"gold_loss":0.0,"damage_taken":11.0},{"damage_healed":0.0,"max_hp_gain":5.0,"max_hp_loss":0.0,"gold_gain":0.0,"event_name":"Big Fish","player_choice":"Donut","floor":10.0,"gold_loss":0.0,"damage_taken":0.0},{"damage_healed":0.0,"max_hp_gain":0.0,"max_hp_loss":0.0,"gold_gain":0.0,"event_name":"Shining Light","player_choice":"Entered Light","floor":11.0,"gold_loss":0.0,"damage_taken":16.0,"cards_upgraded":["Defend_B","Defend_B"]},{"damage_healed":0,"gold_gain":0,"player_choice":"Trade","damage_taken":0,"relics_obtained":["SsserpentHead"],"max_hp_gain":0,"max_hp_loss":0,"event_name":"FaceTrader","floor":19,"gold_loss":0},{"cards_removed":["Strike_B"],"damage_healed":0,"gold_gain":0,"player_choice":"Gave Gold","damage_taken":0,"max_hp_gain":0,"max_hp_loss":0,"event_name":"Beggar","floor":28,"gold_loss":75},{"damage_healed":0,"gold_gain":0,"player_choice":"Ignored","damage_taken":0,"max_hp_gain":0,"max_hp_loss":0,"event_name":"Vampires","floor":29,"gold_loss":0}],"is_beta":false,"boss_relics":[{"not_picked":["Astrolabe","Cursed Key"],"picked":"Inserter"}],"items_purged_floors":[],"is_endless":false,"potions_floor_spawned":[8,12,14,20,21,23,25],"killed_by":"Collector","ascension_level":1}}