{"host":"fhq3k2nq5elnbks3","time":1607481618,"event":{"gold_per_floor":[118,136,136,170,15,15,63,63,63,138,138,182,245,294,294,294,294],"floor_reached":16,"playtime":825,"items_purged":["Glutton:Flail"],"score":102,"play_id":"bedbfd0b-6d8c-4167-80d9-0e6d2c62d1ed","local_time":"20201208204018","is_ascension_mode":false,"campfire_choices":[{"data":"Glutton:Loot","floor":6,"key":"SMITH"},{"data":"Glutton:Rest","floor":8,"key":"SMITH"},{"data":"Glutton:Defend","floor":11,"key":"SMITH"},{"data":"Glutton:Defend","floor":15,"key":"SMITH"}],"neow_cost":"NONE","seed_source_timestamp":57190218408700,"circlet_count":0,"master_deck":["Glutton:Strike","Glutton:Strike","Glutton:Strike+1","Glutton:Strike+1","Glutton:Strike","Glutton:Strike","Glutton:Defend","Glutton:Defend+1","Glutton:Defend+1","Glutton:Loot+1","Glutton:Rest+1"],"relics":["Glutton:EternalHunger","theCatGirl:TrainedRelic","MerchantsRug","Ornamental Fan","CCEMRelics:DerglesHeadphones"],"potions_floor_usage":[],"damage_taken":[{"damage":3,"enemies":"Small Slimes","floor":1,"turns":3},{"damage":3,"enemies":"2 Louse","floor":2,"turns":3},{"damage":14,"enemies":"Jaw Worm","floor":4,"turns":3},{"damage":10,"enemies":"Gremlin Gang","floor":7,"turns":7},{"damage":5,"enemies":"Exordium Wildlife","floor":12,"turns":4},{"damage":37,"enemies":"Lagavulin","floor":13,"turns":7},{"damage":21,"enemies":"Large Slime","floor":14,"turns":7},{"damage":2,"enemies":"Slime Boss","floor":16,"turns":2}],"seed_played":"2560842433183355965","potions_obtained":[{"floor":1,"key":"SkillPotion"},{"floor":2,"key":"Dexterity Potion"},{"floor":14,"key":"Swift Potion"}],"is_trial":false,"path_per_floor":["M","M","?","M","$","R","M","R","T","?","R","M","E","M","R","B"],"character_chosen":"GLUTTON","items_purchased":["MerchantsRug"],"campfire_rested":0,"item_purchase_floors":[5],"current_hp_per_floor":[117,114,90,76,76,76,66,66,66,55,55,60,33,22,34,42,42],"gold":294,"neow_bonus":"NOSTALGIA","is_prod":false,"is_daily":false,"chose_seed":false,"campfire_upgraded":4,"win_rate":0.0,"timestamp":1607481618,"path_taken":["M","M","?","M","$","R","M","R","T","?","R","M","E","M","R","BOSS"],"build_version":"2020-11-30","purchased_purges":1,"victory":false,"max_hp_per_floor":[120,120,120,120,120,120,120,120,120,120,120,120,120,120,120,120,120],"card_choices":[{"not_picked":["Glutton:ObsessiveGreed","Glutton:Borborygmi","Glutton:Tantrum"],"picked":"SKIP","floor":1},{"not_picked":["Glutton:BellySlam","Glutton:Toxicity"],"picked":"Glutton:Loot","floor":2},{"not_picked":["Glutton:Slam","Glutton:PainMeditation","Glutton:FeverVisions"],"picked":"SKIP","floor":4},{"not_picked":["Glutton:LashOut","Glutton:Brace"],"picked":"Glutton:Rest","floor":7},{"not_picked":["Glutton:Salivate","Glutton:Thrombosis","Glutton:KneeJerk"],"picked":"SKIP","floor":12},{"not_picked":["Glutton:Migraine","Glutton:Salivate","Glutton:Devour"],"picked":"SKIP","floor":13},{"not_picked":["Glutton:Fast","Glutton:Scab","Glutton:Treat"],"picked":"SKIP","floor":14}],"player_experience":481427,"relics_obtained":[{"floor":9,"key":"Ornamental Fan"},{"floor":13,"key":"CCEMRelics:DerglesHeadphones"}],"event_choices":[{"damage_healed":0,"gold_gain":0,"player_choice":"Entered Light","damage_taken":24,"max_hp_gain":0,"max_hp_loss":0,"event_name":"Shining Light","floor":3,"gold_loss":0,"cards_upgraded":["Glutton:Strike","Glutton:Strike"]},{"damage_healed":0,"gold_gain":75,"player_choice":"Gather Gold","damage_taken":11,"max_hp_gain":0,"max_hp_loss":0,"event_name":"World of Goop","floor":10,"gold_loss":0}],"is_beta":false,"boss_relics":[],"items_purged_floors":[5],"is_endless":false,"potions_floor_spawned":[1,2,14],"killed_by":"Slime Boss","ascension_level":0}}