{"host":"x0ovlu53kkkog8rv","time":1607517965,"event":{"gold_per_floor":[217,89,99,99,115,115,148,161,161,161,172,172,172,201,201,304,304,324,324,324,324,338,338,353,353,405,432,432,444,444,461,461,461,461],"floor_reached":33,"playtime":1118,"items_purged":[],"score":293,"play_id":"dadcb2cf-3dbe-484c-a519-e7c770a5d9b2","local_time":"20201209214605","is_ascension_mode":true,"campfire_choices":[{"data":"Dagger Spray","floor":6,"key":"SMITH"},{"floor":10,"key":"REST"},{"floor":12,"key":"REST"},{"data":"Crippling Poison","floor":15,"key":"SMITH"},{"data":"Corpse Explosion","floor":23,"key":"SMITH"},{"data":"Prepared","floor":25,"key":"SMITH"},{"floor":30,"key":"REST"},{"data":"Deadly Poison","floor":32,"key":"SMITH"}],"neow_cost":"NONE","seed_source_timestamp":86026146319495,"circlet_count":0,"master_deck":["Strike_G","Strike_G","Strike_G","Strike_G","Defend_G","Defend_G","Defend_G","Defend_G","Defend_G","Survivor","Neutralize","Dagger Spray+1","Blur","Quick Slash+1","Slice+1","Crippling Poison+1","PiercingWail","Finesse","Quick Slash+1","Corpse Explosion+1","PiercingWail+1","Prepared+1","Deadly Poison+1"],"special_seed":0,"relics":["Ring of the Snake","Molten Egg 2","Ninja Scroll","Bottled Flame","Omamori","SacredBark","Centennial Puzzle","Dream Catcher","Lantern","MutagenicStrength"],"potions_floor_usage":[14,16,16,29],"damage_taken":[{"damage":1.0,"enemies":"2 Louse","floor":1.0,"turns":3.0},{"damage":11.0,"enemies":"Cultist","floor":3.0,"turns":5.0},{"damage":3,"enemies":"Small Slimes","floor":5,"turns":4},{"damage":30,"enemies":"Gremlin Nob","floor":7,"turns":5},{"damage":0,"enemies":"Blue Slaver","floor":8,"turns":2},{"damage":0,"enemies":"Red Slaver","floor":11,"turns":1},{"damage":18,"enemies":"Lagavulin","floor":14,"turns":4},{"damage":45,"enemies":"The Guardian","floor":16,"turns":12},{"damage":29,"enemies":"Chosen","floor":18,"turns":5},{"damage":12,"enemies":"Spheric Guardian","floor":22,"turns":4},{"damage":18,"enemies":"Snake Plant","floor":24,"turns":4},{"damage":0,"enemies":"Snecko","floor":29,"turns":2},{"damage":0,"enemies":"3 Cultists","floor":31,"turns":1},{"damage":74,"enemies":"Automaton","floor":33,"turns":8}],"seed_played":"-8715223324736961293","potions_obtained":[{"floor":5,"key":"LiquidMemories"},{"floor":7,"key":"SneckoOil"},{"floor":8,"key":"LiquidMemories"},{"floor":11,"key":"Explosive Potion"},{"floor":22,"key":"CunningPotion"},{"floor":24,"key":"SmokeBomb"}],"is_trial":false,"path_per_floor":["M","?","M","?","M","R","E","M","T","R","M","R","?","E","R","B",null,"M","?","?","?","M","R","M","R","T","T","?","M","R","M","R","B"],"character_chosen":"THE_SILENT","items_purchased":[],"campfire_rested":3,"item_purchase_floors":[],"current_hp_per_floor":[69,69,58,58,55,55,25,25,25,46,46,67,67,49,49,4,70,41,41,28,75,63,63,45,45,45,45,45,45,67,67,67,0,0],"gold":461,"neow_bonus":"HUNDRED_GOLD","is_prod":false,"is_daily":false,"chose_seed":false,"campfire_upgraded":5,"win_rate":0,"timestamp":1607517965,"path_taken":["M","?","?","?","?","R","E","M","T","R","M","R","?","E","R","BOSS","M","?","?","?","M","R","?","R","T","?","?","M","R","M","R","BOSS"],"build_version":"2020-11-30","purchased_purges":0,"victory":false,"max_hp_per_floor":[70,70,70,70,70,70,70,70,70,70,70,70,70,70,70,70,70,70,70,75,75,75,75,75,75,75,75,75,75,75,75,75,75,75],"card_choices":[{"not_picked":["Slice","Blade Dance"],"picked":"Dagger Spray","floor":1.0},{"not_picked":["Quick Slash+1","Deadly Poison"],"picked":"Blur","floor":3},{"not_picked":["Deadly Poison","Dodge and Roll"],"picked":"Quick Slash+1","floor":5},{"not_picked":["Skewer+1","Accuracy"],"picked":"Slice+1","floor":7},{"not_picked":["Deflect","Concentrate"],"picked":"Crippling Poison","floor":8},{"not_picked":["Tactician","Sucker Punch+1"],"picked":"PiercingWail","floor":11},{"not_picked":["Deadly Poison","Deflect"],"picked":"Quick Slash+1","floor":14},{"not_picked":["Burst","Bullet Time"],"picked":"Corpse Explosion","floor":16},{"not_picked":["Flying Knee+1","Blur"],"picked":"PiercingWail+1","floor":18},{"not_picked":["Dagger Throw+1","Poisoned Stab+1","Blur"],"picked":"SKIP","floor":22},{"not_picked":["Deadly Poison","Bane+1"],"picked":"Prepared","floor":24},{"not_picked":["Dagger Spray+1","Expertise","Sucker Punch+1"],"picked":"SKIP","floor":29},{"not_picked":["Underhanded Strike+1","Setup"],"picked":"Deadly Poison","floor":31}],"player_experience":162693,"relics_obtained":[{"floor":7,"key":"Ninja Scroll"},{"floor":9,"key":"Bottled Flame"},{"floor":14,"key":"Omamori"},{"floor":26,"key":"Dream Catcher"},{"floor":27,"key":"Lantern"}],"event_choices":[{"damage_healed":0.0,"max_hp_gain":0.0,"max_hp_loss":0.0,"gold_gain":0.0,"event_name":"WeMeetAgain","player_choice":"Paid Gold","floor":2.0,"gold_loss":128.0,"damage_taken":0.0,"relics_obtained":["Molten Egg 2"]},{"cards_removed":["Strike_G"],"damage_healed":0,"gold_gain":0,"player_choice":"Purged","damage_taken":0,"max_hp_gain":0,"max_hp_loss":0,"event_name":"Purifier","floor":4,"gold_loss":0},{"damage_healed":0,"gold_gain":0,"player_choice":"1 cards matched","damage_taken":0,"max_hp_gain":0,"max_hp_loss":0,"event_name":"Match and Keep!","floor":13,"gold_loss":0,"cards_obtained":["Finesse"]},{"damage_healed":0,"gold_gain":0,"player_choice":"Stole Relic","damage_taken":0,"relics_obtained":["Centennial Puzzle"],"max_hp_gain":0,"max_hp_loss":0,"event_name":"Addict","floor":19,"gold_loss":0,"cards_obtained":["Shame"]},{"damage_healed":0,"gold_gain":0,"player_choice":"Shed Blood","damage_taken":18,"max_hp_gain":5,"max_hp_loss":0,"event_name":"Forgotten Altar","floor":20,"gold_loss":0},{"damage_healed":47,"gold_gain":0,"player_choice":"Full Heal","damage_taken":0,"max_hp_gain":0,"max_hp_loss":0,"event_name":"Wheel of Change","floor":21,"gold_loss":0},{"damage_healed":0,"gold_gain":0,"player_choice":"Inject Mutagens","damage_taken":0,"relics_obtained":["MutagenicStrength"],"max_hp_gain":0,"max_hp_loss":0,"event_name":"Drug Dealer","floor":28,"gold_loss":0}],"is_beta":false,"boss_relics":[{"not_picked":["WristBlade","Philosopher\u0027s Stone"],"picked":"SacredBark"}],"items_purged_floors":[],"is_endless":false,"potions_floor_spawned":[5,7,8,11,22,24],"killed_by":"Automaton","ascension_level":3}}