{"host":"mkv3lj8gfkr85ioo","time":1607516270,"event":{"gold_per_floor":[116,129,129,54,69,110,110,135,190,215,72,96,96,46,46,176,176,189,209,84,114,148,148,148,148],"floor_reached":24,"playtime":1274,"items_purged":["Strike_R","Strike_R","Strike_R"],"score":310,"play_id":"47f16ddf-5bc5-4802-bf15-1c355043293e","local_time":"20201209211750","is_ascension_mode":true,"campfire_choices":[{"data":"Heavy Blade","floor":7.0,"key":"SMITH"},{"floor":13.0,"key":"REST"},{"floor":15.0,"key":"REST"},{"data":"Shrug It Off","floor":23,"key":"SMITH"}],"neow_cost":"PERCENT_DAMAGE","seed_source_timestamp":40150872730000,"circlet_count":0,"master_deck":["AscendersBane","Strike_R","Strike_R","Defend_R","Defend_R","Defend_R","Bash","Heavy Blade+1","Twin Strike","Sword Boomerang","Shrug It Off+1","Battle Trance","Disarm","Immolate","Flex","Flame Barrier","Demon Form","Disarm","Evolve+1"],"special_seed":0,"relics":["Burning Blood","Prayer Wheel","Golden Idol","Sundial","CeramicFish","Sozu"],"potions_floor_usage":[19],"damage_taken":[{"damage":12.0,"enemies":"Jaw Worm","floor":1.0,"turns":3.0},{"damage":2.0,"enemies":"2 Louse","floor":2.0,"turns":3.0},{"damage":0.0,"enemies":"Small Slimes","floor":5.0,"turns":4.0},{"damage":20.0,"enemies":"Gremlin Nob","floor":6.0,"turns":4.0},{"damage":9.0,"enemies":"Looter","floor":8.0,"turns":3.0},{"damage":20.0,"enemies":"Gremlin Gang","floor":10.0,"turns":7.0},{"damage":7.0,"enemies":"2 Fungi Beasts","floor":12.0,"turns":2.0},{"damage":19.0,"enemies":"Hexaghost","floor":16.0,"turns":8.0},{"damage":27,"enemies":"Shell Parasite","floor":18,"turns":4},{"damage":8,"enemies":"2 Thieves","floor":19,"turns":2},{"damage":11,"enemies":"Centurion and Healer","floor":21,"turns":5},{"damage":12,"enemies":"Snake Plant","floor":22,"turns":5},{"damage":44,"enemies":"Slavers","floor":24,"turns":2}],"seed_played":"713796011668864167","potions_obtained":[{"floor":1.0,"key":"Regen Potion"},{"floor":5.0,"key":"Strength Potion"},{"floor":6.0,"key":"LiquidMemories"},{"floor":8.0,"key":"CultistPotion"}],"is_trial":false,"path_per_floor":["M","M","?","$","M","E","R","M","T","M","$","M","R","?","R","B",null,"M","M","$","M","M","R","E"],"character_chosen":"IRONCLAD","items_purchased":["Flex"],"campfire_rested":2,"item_purchase_floors":[11],"current_hp_per_floor":[45,49,29,29,47,33,33,30,30,16,16,15,39,39,63,50,73,52,50,50,45,39,39,0,0],"gold":148,"neow_bonus":"ONE_RARE_RELIC","is_prod":false,"is_daily":false,"chose_seed":false,"campfire_upgraded":2,"win_rate":0,"timestamp":1607516270,"path_taken":["M","M","?","$","M","E","R","M","T","M","$","M","R","?","R","BOSS","M","M","$","M","M","R","E"],"build_version":"2020-11-30","purchased_purges":3,"victory":false,"max_hp_per_floor":[80,80,80,80,80,80,80,80,80,80,80,80,80,80,80,80,80,80,80,80,80,80,80,80,80],"card_choices":[{"not_picked":["Reckless Charge","Twin Strike"],"picked":"Heavy Blade","floor":1.0},{"not_picked":["Searing Blow","Pommel Strike"],"picked":"Twin Strike","floor":1.0},{"not_picked":["Clash","Juggernaut"],"picked":"Sword Boomerang","floor":2.0},{"not_picked":["Hemokinesis","Armaments","Headbutt"],"picked":"SKIP","floor":2.0},{"not_picked":["Hemokinesis","Armaments","Headbutt"],"picked":"SKIP","floor":2.0},{"not_picked":["Searing Blow","Hemokinesis"],"picked":"Shrug It Off","floor":5.0},{"not_picked":["Searing Blow","Clash","Thunderclap"],"picked":"SKIP","floor":5.0},{"not_picked":["Shrug It Off","Blood for Blood"],"picked":"Battle Trance","floor":6.0},{"not_picked":["Reckless Charge","Sword Boomerang"],"picked":"Disarm","floor":8.0},{"not_picked":["Shrug It Off","Heavy Blade","Twin Strike"],"picked":"SKIP","floor":8.0},{"not_picked":["Twin Strike","Disarm"],"picked":"Immolate","floor":10.0},{"not_picked":["Sentinel","Shrug It Off","Sever Soul"],"picked":"SKIP","floor":10.0},{"not_picked":["Pommel Strike","Wild Strike"],"picked":"Flame Barrier","floor":12.0},{"not_picked":["Heavy Blade","Battle Trance","Iron Wave"],"picked":"SKIP","floor":12.0},{"not_picked":["Immolate","Fiend Fire"],"picked":"Demon Form","floor":16.0},{"not_picked":["Inflame","Anger+1","Reckless Charge+1"],"picked":"SKIP","floor":18},{"not_picked":["Dark Embrace","Armaments+1","Seeing Red"],"picked":"SKIP","floor":18},{"not_picked":["Rampage","Sever Soul","Heavy Blade"],"picked":"SKIP","floor":19},{"not_picked":["Searing Blow+1","Sword Boomerang","Clothesline+1"],"picked":"SKIP","floor":19},{"not_picked":["Headbutt","Demon Form"],"picked":"Disarm","floor":21},{"not_picked":["Heavy Blade","True Grit","Battle Trance"],"picked":"SKIP","floor":21},{"not_picked":["Warcry","Spot Weakness"],"picked":"Evolve+1","floor":22},{"not_picked":["Sever Soul","Warcry","Seeing Red"],"picked":"SKIP","floor":22}],"player_experience":118445,"relics_obtained":[{"floor":6.0,"key":"Sundial"},{"floor":9.0,"key":"CeramicFish"}],"event_choices":[{"damage_healed":0.0,"max_hp_gain":0.0,"max_hp_loss":0.0,"gold_gain":0.0,"event_name":"Golden Idol","player_choice":"Take Damage","floor":3.0,"gold_loss":0.0,"damage_taken":20.0,"relics_obtained":["Golden Idol"]},{"cards_removed":["Defend_R"],"damage_healed":0.0,"max_hp_gain":0.0,"max_hp_loss":0.0,"gold_gain":0.0,"event_name":"The Cleric","player_choice":"Card Removal","floor":14.0,"gold_loss":50.0,"damage_taken":0.0}],"is_beta":false,"boss_relics":[{"not_picked":["Philosopher\u0027s Stone","Calling Bell"],"picked":"Sozu"}],"items_purged_floors":[4,11,20],"is_endless":false,"potions_floor_spawned":[1,5,6,8,21,22],"killed_by":"Slavers","ascension_level":11}}