{"host":"dojadh45vvs5q3bn","time":1607505254,"event":{"gold_per_floor":[114,125,125,136,136,167,177,177,177],"floor_reached":8,"playtime":303,"items_purged":[],"score":88,"play_id":"e6c2bd53-8af5-437d-8296-5253656e3722","local_time":"20201209101414","is_ascension_mode":true,"campfire_choices":[],"neow_cost":"NONE","seed_source_timestamp":1777979368807400,"circlet_count":0,"master_deck":["AbbyMod:Ab_Strike","AbbyMod:Ab_Strike","AbbyMod:Ab_Strike","AbbyMod:Ab_Strike","AbbyMod:Ab_Defend","AbbyMod:Ab_Defend","AbbyMod:Ab_Defend","AbbyMod:FleetingSanity","AbbyMod:ForeheadBeam","AbbyMod:EyesOfMadness","AbbyMod:Dabigail","AbbyMod:EyesOfMadness","AbbyMod:EyesOfMadness","AbbyMod:EyesOfMadness"],"relics":["AbbyMod:Salem_Diary","Gensokyo:YoukaiFlower","Boot","DemoMod:JetPack"],"potions_floor_usage":[],"damage_taken":[{"damage":0,"enemies":"Gensokyo:Gryphon","floor":1,"turns":3},{"damage":5,"enemies":"Gensokyo:2_Kodama","floor":2,"turns":4},{"damage":1,"enemies":"Gensokyo:Python","floor":4,"turns":3},{"damage":21,"enemies":"Gensokyo:Aya","floor":6,"turns":6},{"damage":9,"enemies":"Gensokyo:CorruptedTreant","floor":7,"turns":3},{"damage":18,"enemies":"Gensokyo:Mamizou","floor":8,"turns":4}],"seed_played":"6598692228444670371","potions_obtained":[{"floor":4,"key":"Dexterity Potion"}],"is_trial":false,"path_per_floor":["M","M","?","M","?","E","M","E"],"character_chosen":"Ab_Foreigner","items_purchased":[],"campfire_rested":0,"item_purchase_floors":[],"current_hp_per_floor":[60,55,55,54,42,21,12,0,0],"gold":177,"neow_bonus":"ONE_RANDOM_RARE_CARD","is_prod":false,"is_daily":false,"chose_seed":false,"campfire_upgraded":0,"win_rate":0,"timestamp":1607505254,"path_taken":["M","M","?","M","?","E","M","E"],"build_version":"2020-11-30","purchased_purges":0,"victory":false,"max_hp_per_floor":[60,60,60,60,60,60,60,60,60],"card_choices":[{"not_picked":["AbbyMod:AttoSecond","AbbyMod:Ab_SwirlOfMadness"],"picked":"AbbyMod:EyesOfMadness","floor":1},{"not_picked":["AbbyMod:Ab_SwirlOfMadness","AbbyMod:PowerGamer"],"picked":"AbbyMod:Dabigail","floor":2},{"not_picked":["AbbyMod:LifeSentence","AbbyMod:EquivalentExchange"],"picked":"AbbyMod:EyesOfMadness","floor":4},{"not_picked":["AbbyMod:Thflth","AbbyMod:AttoSecond"],"picked":"AbbyMod:EyesOfMadness","floor":6},{"not_picked":["AbbyMod:Thflth","AbbyMod:Memocide"],"picked":"AbbyMod:EyesOfMadness","floor":7}],"player_experience":432107,"relics_obtained":[{"floor":6,"key":"DemoMod:JetPack"}],"event_choices":[],"is_beta":false,"boss_relics":[],"items_purged_floors":[],"is_endless":false,"potions_floor_spawned":[4],"killed_by":"Gensokyo:Mamizou","ascension_level":2}}