{"host":"se2kry7a7ac49ar7","time":1607551161,"event":{"gold_per_floor":[114,126,160,184,184,236,236,300,300,300,363,372,372,412,412,564,564,595,595,193,259,334,449,162,283,283,283,399,480,480,480,480,699,699,874,440,449,513,513,513,666,783,783,1050,1110,1178,1178,1203,1203,1323],"floor_reached":51,"playtime":4545,"items_purged":[],"score":915,"play_id":"8eebb124-382a-44fe-a441-808b8696764a","local_time":"20201209135921","is_ascension_mode":false,"campfire_choices":[{"data":"Robbery","floor":7.0,"key":"SMITH"},{"floor":10.0,"key":"REST"},{"data":"LuminesStrike","floor":15.0,"key":"SMITH"},{"data":"MillisecondPulsars","floor":27,"key":"SMITH"},{"data":"ManaRampage","floor":30,"key":"SMITH"},{"data":"MaximisePower","floor":32,"key":"SMITH"},{"data":"BigCrunch","floor":40,"key":"SMITH"},{"data":"OortCloud","floor":47,"key":"SMITH"},{"data":"RefractionSpark","floor":49,"key":"SMITH"}],"neow_cost":"NONE","seed_source_timestamp":0,"circlet_count":0,"master_deck":["Strike_MRS","Strike_MRS+1","Strike_MRS","Strike_MRS","Defend_MRS","Defend_MRS+1","Defend_MRS","Defend_MRS","MasterSpark+1","UpSweep","LuminesStrike+1","Robbery+1","RefractionSpark+1","EnergyFlow","EarthLightRay","MaximisePower+1","PropBag+1","PowerUp","MillisecondPulsars+1","WitchOfGreed+1","MysteriousBeam+1","DoubleSpark","GrandCross+1","Orbital+1","ManaRampage+1","ChargingUp+1","BigCrunch+1","BlazeAway+1","OortCloud+1","GravityBeat","CasketOfStar","EnergyRecoil+1","WitchOfGreed","Singularity+1","WitchOfGreed+1","IllusionStar+1"],"special_seed":0,"relics":["MiniHakkero","CeramicFish","Incense Burner","Bird Faced Urn","TungstenRod","Akabeko","War Paint","Philosopher\u0027s Stone","Bag of Marbles","Shuriken","Kunai","Anchor","Centennial Puzzle","Whetstone","Ancient Tea Set","Oddly Smooth Stone","ExperimentalFamiliar","Vajra","Letter Opener","Du-Vu Doll","Toxic Egg 2","Mercury Hourglass","Eternal Feather"],"potions_floor_usage":[22,23,23,23,25,28,28,33,35,45,50,50],"damage_taken":[{"damage":5.0,"enemies":"Small Slimes","floor":1.0,"turns":3.0},{"damage":6.0,"enemies":"Jaw Worm","floor":2.0,"turns":2.0},{"damage":1.0,"enemies":"Cultist","floor":3.0,"turns":3.0},{"damage":0.0,"enemies":"3 Louse","floor":4.0,"turns":2.0},{"damage":19.0,"enemies":"Lagavulin","floor":6.0,"turns":6.0},{"damage":40.0,"enemies":"3 Sentries","floor":8.0,"turns":7.0},{"damage":0.0,"enemies":"Lagavulin","floor":11.0,"turns":4.0},{"damage":4.0,"enemies":"Looter","floor":14.0,"turns":3.0},{"damage":0.0,"enemies":"Slime Boss","floor":16.0,"turns":8.0},{"damage":15.0,"enemies":"2 Thieves","floor":18.0,"turns":3.0},{"damage":14,"enemies":"Shell Parasite","floor":21,"turns":3},{"damage":15,"enemies":"Snecko","floor":22,"turns":4},{"damage":7,"enemies":"HollowMod:Nosk","floor":23,"turns":7},{"damage":23,"enemies":"Book of Stabbing","floor":25,"turns":3},{"damage":0,"enemies":"Centurion and Healer","floor":28,"turns":2},{"damage":0,"enemies":"Snake Plant","floor":29,"turns":1},{"damage":6,"enemies":"Champ","floor":33,"turns":6},{"damage":0,"enemies":"3 Darklings","floor":35,"turns":2},{"damage":0,"enemies":"2 Orb Walkers","floor":38,"turns":1},{"damage":18,"enemies":"Nemesis","floor":41,"turns":3},{"damage":5,"enemies":"Orb Walker","floor":42,"turns":2},{"damage":0,"enemies":"Giant Head","floor":44,"turns":1},{"damage":0,"enemies":"Transient","floor":45,"turns":5},{"damage":0,"enemies":"3 Darklings","floor":46,"turns":2},{"damage":0,"enemies":"Spire Growth","floor":48,"turns":1},{"damage":20,"enemies":"Awakened One","floor":50,"turns":6}],"seed_played":"-1641259440123245153","potions_obtained":[{"floor":2.0,"key":"Block Potion"},{"floor":4.0,"key":"SmokeBomb"},{"floor":11.0,"key":"DistilledChaos"},{"floor":14.0,"key":"SkillPotion"},{"floor":21,"key":"DuplicationPotion"},{"floor":22,"key":"Ancient Potion"},{"floor":22,"key":"Weak Potion"},{"floor":22,"key":"Strength Potion"},{"floor":23,"key":"Swift Potion"},{"floor":25,"key":"Strength Potion"},{"floor":25,"key":"SteroidPotion"},{"floor":28,"key":"PowerPotion"},{"floor":29,"key":"LiquidMemories"},{"floor":33,"key":"Regen Potion"},{"floor":33,"key":"SkillPotion"},{"floor":35,"key":"Explosive Potion"},{"floor":38,"key":"FearPotion"},{"floor":41,"key":"Block Potion"},{"floor":45,"key":"EntropicBrew"},{"floor":45,"key":"Strength Potion"}],"is_trial":false,"path_per_floor":["M","M","M","M","?","E","R","E","T","R","E","?","?","M","R","B",null,"M","?","$","M","M","E","$","E","T","R","M","M","R","?","R","B",null,"M","$","?","?","?","R","E","M","T","E","M","M","R","M","R","B",null],"character_chosen":"MARISA","items_purchased":["Bag of Marbles","Shuriken","Anchor","Centennial Puzzle","Vajra","Letter Opener","OortCloud"],"campfire_rested":1,"item_purchase_floors":[20,20,24,24,36,36,36],"current_hp_per_floor":[77,71,70,70,63,44,44,8,8,32,38,38,32,30,30,36,82,67,67,67,57,54,57,57,42,42,42,48,50,50,50,50,56,82,82,82,82,82,82,82,70,75,75,82,82,82,82,82,82,72],"gold":1323,"neow_bonus":"TEN_PERCENT_HP_BONUS","is_prod":false,"is_daily":false,"chose_seed":false,"campfire_upgraded":8,"win_rate":1,"timestamp":1607551161,"path_taken":["M","M","M","M","?","E","R","E","T","R","E","?","?","M","R","BOSS","M","?","$","M","M","E","$","E","T","R","M","?","R","?","R","BOSS","M","$","?","?","?","R","E","M","T","E","M","?","R","M","R","BOSS"],"build_version":"2020-11-30","purchased_purges":0,"victory":true,"max_hp_per_floor":[82,82,82,82,82,82,82,82,82,82,82,82,82,82,82,82,82,82,82,82,82,82,82,82,82,82,82,82,82,82,82,82,82,82,82,82,82,82,82,82,82,82,82,82,82,82,82,82,82,82],"card_choices":[{"not_picked":["OrrerysSun","Acceleration"],"picked":"LuminesStrike","floor":1.0},{"not_picked":["DC","LuminesStrike"],"picked":"Robbery","floor":2.0},{"not_picked":["AsteroidBelt","Acceleration"],"picked":"RefractionSpark","floor":3.0},{"not_picked":["6A","SporeBomb"],"picked":"EnergyFlow","floor":4.0},{"not_picked":["GalacticHalo","BlazeAway"],"picked":"EarthLightRay","floor":6.0},{"not_picked":["PowerUp","OpenUniverse"],"picked":"MaximisePower","floor":8.0},{"not_picked":["SporeBomb","NonDirectionalLaser"],"picked":"PropBag","floor":11.0},{"not_picked":["UnstableBomb","MysteriousBeam"],"picked":"PowerUp","floor":14.0},{"not_picked":["SuperNova","BinaryStars"],"picked":"MillisecondPulsars","floor":16.0},{"not_picked":["GravityBeat","GrandCross"],"picked":"WitchOfGreed","floor":18.0},{"not_picked":["Orbital","ChargeUpSpray"],"picked":"MysteriousBeam+1","floor":21},{"not_picked":["AsteroidBelt","LuminesStrike"],"picked":"DoubleSpark","floor":22},{"not_picked":["NonDirectionalLaser","DC"],"picked":"GrandCross+1","floor":23},{"not_picked":["ChargeUpSpray","UnstableBomb+1"],"picked":"Orbital+1","floor":25},{"not_picked":["WitchLeyline","IllusionStar"],"picked":"ManaRampage","floor":28},{"not_picked":["SporeBomb","EnergyRecoil"],"picked":"ChargingUp+1","floor":29},{"not_picked":["BinaryStars","CollectingQuirk"],"picked":"BigCrunch","floor":33},{"not_picked":["DeepEcoloBomb+1","MagicChant"],"picked":"BlazeAway+1","floor":35},{"not_picked":["MysteriousBeam","6A+1"],"picked":"GravityBeat","floor":38},{"not_picked":["MillisecondPulsars","MilkyWay+1"],"picked":"CasketOfStar","floor":41},{"not_picked":["6A+1","MysteriousBeam+1"],"picked":"EnergyRecoil+1","floor":42},{"not_picked":["StarBarrage","6A+1"],"picked":"WitchOfGreed","floor":44},{"not_picked":["ShootingEcho+1","DC+1"],"picked":"Singularity+1","floor":45},{"not_picked":["WitchLeyline+1","ShootingEcho"],"picked":"WitchOfGreed+1","floor":46},{"not_picked":["GasGiant+1","PowerUp+1"],"picked":"IllusionStar+1","floor":48}],"player_experience":609029,"relics_obtained":[{"floor":6.0,"key":"Incense Burner"},{"floor":8.0,"key":"Bird Faced Urn"},{"floor":9.0,"key":"TungstenRod"},{"floor":11.0,"key":"Akabeko"},{"floor":23,"key":"Kunai"},{"floor":25,"key":"Whetstone"},{"floor":26,"key":"Ancient Tea Set"},{"floor":38,"key":"Du-Vu Doll"},{"floor":41,"key":"Toxic Egg 2"},{"floor":43,"key":"Mercury Hourglass"},{"floor":44,"key":"Eternal Feather"}],"event_choices":[{"damage_healed":0.0,"max_hp_gain":0.0,"max_hp_loss":0.0,"gold_gain":0.0,"event_name":"Scrap Ooze","player_choice":"Success","floor":5.0,"gold_loss":0.0,"damage_taken":7.0,"relics_obtained":["CeramicFish"]},{"damage_healed":0.0,"max_hp_gain":0.0,"max_hp_loss":0.0,"gold_gain":0.0,"event_name":"Big Fish","player_choice":"Box","floor":12.0,"gold_loss":0.0,"damage_taken":0.0,"relics_obtained":["War Paint"],"cards_obtained":["Regret"]},{"cards_removed":["Regret"],"damage_healed":0.0,"max_hp_gain":0.0,"max_hp_loss":0.0,"gold_gain":0.0,"event_name":"Golden Wing","player_choice":"Card Removal","floor":13.0,"gold_loss":0.0,"damage_taken":7.0},{"damage_healed":0,"gold_gain":0,"player_choice":"Upgraded","damage_taken":0,"max_hp_gain":0,"max_hp_loss":0,"event_name":"Upgrade Shrine","floor":19,"gold_loss":0,"cards_upgraded":["WitchOfGreed"]},{"damage_healed":0,"gold_gain":0,"player_choice":"Opened","damage_taken":0,"relics_obtained":["Oddly Smooth Stone"],"max_hp_gain":0,"max_hp_loss":0,"event_name":"The Mausoleum","floor":31,"gold_loss":0},{"damage_healed":0,"gold_gain":0,"player_choice":"Ignored","damage_taken":0,"max_hp_gain":0,"max_hp_loss":0,"event_name":"OrinTheCat","floor":37,"gold_loss":0},{"damage_healed":0,"gold_gain":0,"player_choice":"Fight","damage_taken":0,"max_hp_gain":0,"max_hp_loss":0,"event_name":"Mysterious Sphere","floor":38,"gold_loss":0},{"cards_removed":["Wraith"],"damage_healed":0,"gold_gain":0,"player_choice":"Removed Curses","damage_taken":0,"max_hp_gain":0,"max_hp_loss":0,"event_name":"Fountain of Cleansing","floor":39,"gold_loss":0}],"is_beta":false,"boss_relics":[{"not_picked":["Cursed Key","Busted Crown"],"picked":"Philosopher\u0027s Stone"},{"not_picked":["Tiny House","Astrolabe"],"picked":"ExperimentalFamiliar"}],"items_purged_floors":[],"is_endless":false,"potions_floor_spawned":[2,4,11,14,22,25,29,33,35,38,42,45,48],"ascension_level":0}}