{"host":"u4wwrwxco60h43l5","time":1607521503,"event":{"gold_per_floor":[110,128,128,138,149,149,149,166,191,191,34,209,234,247,247,247,247],"floor_reached":16,"playtime":499,"items_purged":["Strike_P"],"score":102,"play_id":"1802ecd9-8d16-477c-9857-d204b3e2d935","local_time":"20201209224503","is_ascension_mode":false,"campfire_choices":[{"data":"PathToVictory","floor":6,"key":"SMITH"},{"floor":10,"key":"REST"},{"floor":15,"key":"REST"}],"neow_cost":"NONE","seed_source_timestamp":17442904675800,"circlet_count":0,"master_deck":["Strike_P","Strike_P","Defend_P","Defend_P","Defend_P","Defend_P","Eruption","Vigilance","Scrawl","SashWhip","PathToVictory+1","EmptyBody","CrushJoints","REME_TwoStrings","Pray"],"relics":["REME_ComplimentaryCards","Runic Pyramid","Sundial","Omamori","Boot"],"potions_floor_usage":[5,14],"damage_taken":[{"damage":0,"enemies":"Jaw Worm","floor":1,"turns":2},{"damage":0,"enemies":"Cultist","floor":2,"turns":3},{"damage":4,"enemies":"Small Slimes","floor":4,"turns":3},{"damage":11,"enemies":"Exordium Wildlife","floor":5,"turns":3},{"damage":23,"enemies":"Lots of Slimes","floor":8,"turns":6},{"damage":25,"enemies":"Lagavulin","floor":13,"turns":8},{"damage":22,"enemies":"Gremlin Gang","floor":14,"turns":7},{"damage":31,"enemies":"Slime Boss","floor":16,"turns":9}],"seed_played":"8918704161467562440","potions_obtained":[{"floor":4,"key":"Regen Potion"},{"floor":5,"key":"Block Potion"}],"is_trial":false,"path_per_floor":["M","M","?","M","M","R","T","M","T","R","$","?","E","M","R","B"],"character_chosen":"WATCHER","items_purchased":["REME_TwoStrings"],"campfire_rested":2,"item_purchase_floors":[11],"current_hp_per_floor":[72,72,72,68,62,62,62,39,39,60,60,60,35,13,34,3,3],"gold":247,"neow_bonus":"BOSS_RELIC","is_prod":false,"is_daily":false,"chose_seed":false,"campfire_upgraded":1,"win_rate":0.0,"timestamp":1607521503,"path_taken":["M","M","?","M","?","R","?","M","T","R","$","?","E","M","R","BOSS"],"build_version":"2020-11-30","purchased_purges":1,"victory":false,"max_hp_per_floor":[72,72,72,72,72,72,72,72,72,72,72,72,72,72,72,72,72],"card_choices":[{"not_picked":["EmptyBody","Halt"],"picked":"SashWhip","floor":1},{"not_picked":["Evaluate","ReachHeaven"],"picked":"PathToVictory","floor":2},{"not_picked":["FearNoEvil","ThirdEye"],"picked":"EmptyBody","floor":4},{"not_picked":["MentalFortress","BowlingBash","SignatureMove"],"picked":"SKIP","floor":5},{"not_picked":["ClearTheMind","Adaptation"],"picked":"CrushJoints","floor":8},{"not_picked":["REME_MusicOfDeath","WindmillStrike"],"picked":"Pray","floor":13},{"not_picked":["EmptyFist","WheelKick","Worship"],"picked":"SKIP","floor":14}],"player_experience":108233,"relics_obtained":[{"floor":7,"key":"Sundial"},{"floor":9,"key":"Omamori"},{"floor":13,"key":"Boot"}],"event_choices":[{"cards_removed":["Strike_P"],"damage_healed":0,"gold_gain":0,"player_choice":"Purged","damage_taken":0,"max_hp_gain":0,"max_hp_loss":0,"event_name":"Purifier","floor":3,"gold_loss":0},{"damage_healed":0,"gold_gain":175,"player_choice":"AGREE","damage_taken":0,"max_hp_gain":0,"max_hp_loss":0,"event_name":"Liars Game","floor":12,"gold_loss":0,"cards_obtained":["Doubt"]}],"is_beta":false,"boss_relics":[],"items_purged_floors":[11],"is_endless":false,"potions_floor_spawned":[4,5],"killed_by":"Slime Boss","ascension_level":0}}