{"host":"l3mntlxfatf6lpxm","time":1607550486,"event":{"gold_per_floor":[754,362,362,380,391,425,445,458,458,407,419,419,449,469,469,566,566,530,530,530],"floor_reached":19,"playtime":1201,"items_purged":["hexamod:Haunted","sneckomod:Bewildered"],"score":253,"play_id":"b42678e7-dbd6-4046-be65-06f45efd782d","local_time":"20201209224806","is_ascension_mode":true,"campfire_choices":[{"floor":12,"key":"REST"},{"data":"Creative AI","floor":15,"key":"SMITH"},{"data":"ReplayTheSpireMod:Calculation Training","floor":15,"key":"SMITH"}],"neow_cost":"NONE","seed_source_timestamp":617628661999500,"circlet_count":0,"master_deck":["Strike_B","Strike_B","Strike_B","Strike_B","Defend_B","Defend_B","Defend_B","Defend_B","Dualcast","Strike_B","Blizzard","ReplaySort","Creative AI+1","BasicCrystalCard","Gash","Turbo","Conserve Battery","Gash","Loop","Stack","ReplayTheSpireMod:Calculation Training+1","Coolheaded","Consume","Go for the Eyes","Rainbow","AbeCurse","Steam"],"special_seed":0,"relics":["energizedSpire:HugeHouse","Runic Capacitor","Dota2Spire:AghanimScepter","Replay:Arrowhead","Onion Ring","Orichalcum","Abe\u0027s Treasure"],"potions_floor_usage":[16,16,16],"damage_taken":[{"damage":0.0,"enemies":"Small Slimes","floor":1.0,"turns":3.0},{"damage":0,"enemies":"2 Louse","floor":4,"turns":2},{"damage":2,"enemies":"Jaw Worm","floor":5,"turns":4},{"damage":33,"enemies":"Gremlin Nob","floor":6,"turns":4},{"damage":6,"enemies":"Looter","floor":7,"turns":3},{"damage":14,"enemies":"Blue Slaver","floor":8,"turns":4},{"damage":7,"enemies":"Exordium Wildlife","floor":11,"turns":4},{"damage":14,"enemies":"Replay:BlueRogue","floor":13,"turns":6},{"damage":2,"enemies":"3 Louse","floor":14,"turns":3},{"damage":3,"enemies":"The Guardian","floor":16,"turns":10},{"damage":8,"enemies":"Spheric Guardian","floor":18,"turns":5},{"damage":48,"enemies":"3 Byrds","floor":19,"turns":3}],"seed_played":"3837628135899469036","potions_obtained":[{"floor":8,"key":"SkillPotion"},{"floor":11,"key":"Elixir"},{"floor":13,"key":"blueLaboratory:EnragingPotion"}],"is_trial":false,"path_per_floor":["M","$","?","M","M","E","M","M","T","$","M","R","E","M","R","B",null,"M","M"],"character_chosen":"DEFECT","items_purchased":["Creative AI","BasicCrystalCard","Gash","Turbo","Consume"],"campfire_rested":1,"item_purchase_floors":[2,2,2,2,10],"current_hp_per_floor":[68,68,68,68,66,33,27,13,13,13,6,27,13,11,11,8,55,47,0,0],"gold":530,"neow_bonus":"CURSED_BOSS_RELIC","is_prod":false,"is_daily":false,"chose_seed":false,"campfire_upgraded":2,"win_rate":0,"timestamp":1607550486,"path_taken":["M","$","?","M","M","E","M","M","T","$","M","R","E","M","R","BOSS","M","M"],"build_version":"2020-11-30","purchased_purges":2,"victory":false,"max_hp_per_floor":[70,70,70,70,70,70,70,70,70,70,70,70,70,70,70,70,70,70,70,70],"card_choices":[{"not_picked":["Redo","Steam Power"],"picked":"ReplaySort","floor":1.0},{"not_picked":["Streamline","Beam Cell"],"picked":"Conserve Battery","floor":4},{"not_picked":["Reinforced Body","Aggregate"],"picked":"Gash","floor":5},{"not_picked":["Lockon","ReplaySort"],"picked":"Loop","floor":6},{"not_picked":["Steam Power","Aggregate"],"picked":"Stack","floor":7},{"not_picked":["FTL","Compile Driver"],"picked":"ReplayTheSpireMod:Calculation Training","floor":8},{"not_picked":["Sweeping Beam","Aggregate","FIFO Queue"],"picked":"SKIP","floor":11},{"not_picked":["Go for the Eyes","BasicCrystalCard","Redo"],"picked":"SKIP","floor":13},{"not_picked":["hubris:SpecializedCircuitry","Beam Cell"],"picked":"Go for the Eyes","floor":14},{"not_picked":["Amplify","Echo Form"],"picked":"Rainbow","floor":16},{"not_picked":["Rebound","Barrage"],"picked":"Steam","floor":18}],"player_experience":779061,"relics_obtained":[{"floor":6,"key":"Replay:Arrowhead"},{"floor":9,"key":"Onion Ring"},{"floor":13,"key":"Orichalcum"}],"event_choices":[],"is_beta":false,"boss_relics":[{"not_picked":["Ring of Chaos","Inserter"],"picked":"Abe\u0027s Treasure"}],"items_purged_floors":[2,2],"is_endless":false,"potions_floor_spawned":[8,11,13,14],"killed_by":"3 Byrds","ascension_level":8}}