{"host":"agela5aetnmltfvm","time":1607533142,"event":{"gold_per_floor":[121,136,156,156,331,393,52,97,97,97,52,52,109,109,109,99,99],"floor_reached":16,"playtime":498,"items_purged":["Doubt"],"score":125,"play_id":"9120180f-fa7a-4503-b265-f80e73cc7816","local_time":"20201210005902","is_ascension_mode":false,"campfire_choices":[{"floor":10,"key":"REST"},{"data":"hierophant:RepressedViolence","floor":12,"key":"SMITH"},{"data":"hierophant:OrnateBuckler","floor":15,"key":"SMITH"}],"neow_cost":"NONE","seed_source_timestamp":9969032461400,"circlet_count":0,"master_deck":["hierophant:Strike_Hierophant","hierophant:Strike_Hierophant","hierophant:Strike_Hierophant","hierophant:Defend_Hierophant","hierophant:Defend_Hierophant","hierophant:Defend_Hierophant","hierophant:Defend_Hierophant","hierophant:ChurchCoffers","hierophant:OrnateBuckler","hierophant:RepressedViolence+1","hierophant:Doubloon","hierophant:ConvertCurrency","hierophant:RustyCrate","hierophant:Doubloon","hierophant:Doubloon","hierophant:FlamingChariot+1","hierophant:CoinFling","hierophant:Doubloon","Metamorphosis","hierophant:OrnateBuckler+1","hierophant:Shelter"],"relics":["hierophant:PropheticMaskRelic","InkBottle","CaptainsWheel"],"potions_floor_usage":[6,16],"damage_taken":[{"damage":0,"enemies":"Small Slimes","floor":1,"turns":3},{"damage":0,"enemies":"2 Louse","floor":2,"turns":2},{"damage":1,"enemies":"Jaw Worm","floor":3,"turns":3},{"damage":57,"enemies":"Gremlin Nob","floor":6,"turns":5},{"damage":6,"enemies":"Lots of Slimes","floor":8,"turns":5},{"damage":20,"enemies":"Large Slime","floor":13,"turns":8},{"damage":16,"enemies":"Slime Boss","floor":16,"turns":4}],"seed_played":"-154223512663536527","potions_obtained":[{"floor":3,"key":"Fire Potion"},{"floor":6,"key":"Strength Potion"},{"floor":13,"key":"Dexterity Potion"}],"is_trial":false,"path_per_floor":["M","M","M","?","?","E","$","M","T","R","$","R","M","?","R","B"],"character_chosen":"HIEROPHANT","items_purchased":["hierophant:CoinFling","Metamorphosis","Fire Potion","hierophant:OrnateBuckler"],"campfire_rested":1,"item_purchase_floors":[7,7,7,11],"current_hp_per_floor":[75,75,74,74,74,17,17,11,11,33,33,33,13,13,13,0,0],"gold":99,"neow_bonus":"THREE_CARDS","is_prod":false,"is_daily":false,"chose_seed":false,"campfire_upgraded":2,"win_rate":0.0,"timestamp":1607533142,"path_taken":["M","M","M","?","?","E","?","M","T","R","$","R","?","?","R","BOSS"],"build_version":"2020-11-30","purchased_purges":1,"victory":false,"max_hp_per_floor":[75,75,75,75,75,75,75,75,75,75,75,75,75,75,75,75,75],"card_choices":[{"not_picked":["hierophant:Shelter","hierophant:PassingBell"],"picked":"hierophant:OrnateBuckler","floor":0},{"not_picked":["hierophant:Charity","hierophant:Flagellation"],"picked":"hierophant:RepressedViolence","floor":1},{"not_picked":["hierophant:HolyVerse","hierophant:Zeal"],"picked":"hierophant:ConvertCurrency","floor":2},{"not_picked":["hierophant:Doomsaying","hierophant:AuricBeam"],"picked":"hierophant:RustyCrate","floor":3},{"not_picked":["hierophant:PassingBell","hierophant:Zeal","hierophant:HolyVerse"],"picked":"SKIP","floor":6},{"not_picked":["hierophant:SolarFlare","hierophant:Smite","hierophant:AuricBeam"],"picked":"SKIP","floor":8},{"not_picked":["hierophant:OrnateBuckler","hierophant:Prophecy"],"picked":"hierophant:Shelter","floor":13}],"player_experience":489922,"relics_obtained":[{"floor":6,"key":"InkBottle"},{"floor":9,"key":"CaptainsWheel"}],"event_choices":[{"damage_healed":0,"gold_gain":175,"player_choice":"AGREE","damage_taken":0,"max_hp_gain":0,"max_hp_loss":0,"event_name":"Liars Game","floor":5,"gold_loss":0,"cards_obtained":["Doubt"]},{"cards_removed":["hierophant:Strike_Hierophant"],"damage_healed":0,"gold_gain":0,"player_choice":"Forget","damage_taken":0,"max_hp_gain":0,"max_hp_loss":0,"event_name":"Living Wall","floor":14,"gold_loss":0}],"is_beta":false,"boss_relics":[],"items_purged_floors":[7],"is_endless":false,"potions_floor_spawned":[3,6,13],"killed_by":"Slime Boss","ascension_level":0}}