{"host":"u4wwrwxco60h43l5","time":1607507113,"event":{"gold_per_floor":[114,114,124,140,155,180,20,20,45,45,62,77,77,96,96,201,201,212,222,232,3,3,34,34,50,77,77,103,28,128,28,28,125,125,135,10,10,10,0,0,14,44,44,44,43,68,68,95,95,95],"floor_reached":51,"playtime":5008,"items_purged":["Strike_G","Strike_G","Strike_G","Defend_G"],"score":1069,"play_id":"f63a8340-f6bd-469f-86b8-2c33e4d489f3","local_time":"20201209184513","is_ascension_mode":true,"campfire_choices":[{"data":"Bouncing Flask","floor":10.0,"key":"SMITH"},{"floor":13.0,"key":"REST"},{"floor":15.0,"key":"REST"},{"floor":24.0,"key":"REST"},{"data":"Catalyst","floor":27,"key":"SMITH"},{"data":"Catalyst","floor":32,"key":"SMITH"},{"data":"Corpse Explosion","floor":40,"key":"SMITH"},{"data":"REME_TwoStrings","floor":44,"key":"SMITH"},{"data":"Catalyst","floor":49,"key":"SMITH"}],"neow_cost":"NONE","seed_source_timestamp":0,"circlet_count":0,"master_deck":["Strike_G+1","Defend_G","Defend_G","Defend_G","Survivor","Neutralize+1","Fire Breathing","Catalyst+1","Catalyst+1","Bouncing Flask+1","Poisoned Stab","REME_TwoStrings","Prepared","Decay","Writhe","Deadly Poison","Crippling Poison","Deadly Poison","Night Terror","Poisoned Stab","Deadly Poison","Shame","REME_GreenPollution","Decay","Corpse Explosion+1","Secret Weapon","Backflip+1","Writhe","Escape Plan","Well Laid Plans","Escape Plan","Catalyst+1"],"special_seed":0,"relics":["REME_ComplimentaryCards","Cursed Key","Ancient Tea Set","Blood Vial","Black Star","Bag of Preparation","Regal Pillow","Blue Candle","Meat on the Bone","Lantern","Happy Flower","Whetstone","Lizard Tail","HoveringKite","Juzu Bracelet","Red Mask","MealTicket","Centennial Puzzle","Pear","Art of War","CaptainsWheel","Pocketwatch","Anchor"],"potions_floor_usage":[33,46,50],"damage_taken":[{"damage":1.0,"enemies":"2 Louse","floor":1.0,"turns":2.0},{"damage":0.0,"enemies":"Small Slimes","floor":3.0,"turns":4.0},{"damage":2.0,"enemies":"Cultist","floor":4.0,"turns":4.0},{"damage":15.0,"enemies":"Large Slime","floor":5.0,"turns":7.0},{"damage":12.0,"enemies":"3 Sentries","floor":6.0,"turns":6.0},{"damage":33.0,"enemies":"Lots of Slimes","floor":11.0,"turns":5.0},{"damage":8.0,"enemies":"Exordium Wildlife","floor":12.0,"turns":2.0},{"damage":8.0,"enemies":"Blue Slaver","floor":14.0,"turns":2.0},{"damage":46.0,"enemies":"The Guardian","floor":16.0,"turns":8.0},{"damage":51.0,"enemies":"2 Thieves","floor":18.0,"turns":4.0},{"damage":27.0,"enemies":"Chosen","floor":19.0,"turns":5.0},{"damage":33.0,"enemies":"Snake Plant","floor":20.0,"turns":4.0},{"damage":100.0,"enemies":"Gremlin Leader","floor":23.0,"turns":6.0},{"damage":25.0,"enemies":"Cultist and Chosen","floor":25.0,"turns":5.0},{"damage":53,"enemies":"Book of Stabbing","floor":28,"turns":5},{"damage":1,"enemies":"Collector","floor":33,"turns":1},{"damage":8,"enemies":"3 Shapes","floor":35,"turns":4},{"damage":12,"enemies":"Orb Walker","floor":41,"turns":2},{"damage":38,"enemies":"Giant Head","floor":42,"turns":6},{"damage":32,"enemies":"Nemesis","floor":46,"turns":7},{"damage":37,"enemies":"Giant Head","floor":48,"turns":6},{"damage":54,"enemies":"Donu and Deca","floor":50,"turns":5}],"seed_played":"561235109370539087","potions_obtained":[{"floor":3.0,"key":"Energy Potion"},{"floor":4.0,"key":"BlessingOfTheForge"},{"floor":5.0,"key":"AttackPotion"},{"floor":6.0,"key":"SpeedPotion"},{"floor":14.0,"key":"GamblersBrew"},{"floor":18.0,"key":"FairyPotion"},{"floor":28,"key":"ColorlessPotion"},{"floor":33,"key":"SpeedPotion"},{"floor":46,"key":"Dexterity Potion"},{"floor":48,"key":"AttackPotion"}],"is_trial":false,"path_per_floor":["M","?","M","M","M","E","$","?","T","R","M","M","R","M","R","B",null,"M","M","M","$","?","E","R","M","T","R","E","?","?","$","R","B",null,"M","$","?","$","?","R","M","E","T","R","$","E","?","E","R","B",null],"character_chosen":"THE_SILENT","items_purchased":["Poisoned Stab","REME_TwoStrings","Prepared","Bag of Preparation","Lizard Tail","Juzu Bracelet","Escape Plan","Well Laid Plans"],"campfire_rested":3,"item_purchase_floors":[7,7,7,21,31,38,45,45],"current_hp_per_floor":[69,69,69,67,52,40,40,40,40,40,9,3,24,18,39,53,70,19,21,58,58,58,13,49,38,38,38,50,50,50,50,50,51,70,62,62,62,62,62,62,52,28,38,38,53,35,35,50,50,46],"gold":95,"neow_bonus":"BOSS_RELIC","is_prod":false,"is_daily":false,"chose_seed":false,"campfire_upgraded":6,"win_rate":0,"timestamp":1607507113,"path_taken":["M","?","M","M","M","E","$","?","T","R","M","M","R","M","R","BOSS","M","M","M","$","?","E","R","M","T","R","E","?","?","$","R","BOSS","M","?","?","$","?","R","M","E","T","R","$","E","?","E","R","BOSS"],"build_version":"2020-11-30","purchased_purges":4,"victory":true,"max_hp_per_floor":[70,70,70,70,70,70,70,70,70,70,70,70,70,70,70,70,70,70,70,70,70,70,70,70,70,70,70,70,70,70,70,70,70,70,70,70,70,70,70,70,70,70,80,80,80,80,80,80,80,80],"card_choices":[{"not_picked":["Dagger Throw","Outmaneuver"],"picked":"Catalyst","floor":1.0},{"not_picked":["Flying Knee","Deflect","All Out Attack"],"picked":"SKIP","floor":3.0},{"not_picked":["Underhanded Strike","Dodge and Roll"],"picked":"Catalyst","floor":4.0},{"not_picked":["Blade Dance","Infinite Blades","Flying Knee"],"picked":"SKIP","floor":5.0},{"not_picked":["Dagger Spray","Slice"],"picked":"Bouncing Flask","floor":6.0},{"not_picked":["Sucker Punch","Backstab"],"picked":"Deadly Poison","floor":11.0},{"not_picked":["Dodge and Roll","Dagger Spray"],"picked":"Crippling Poison","floor":12.0},{"not_picked":["Heel Hook","PiercingWail"],"picked":"Deadly Poison","floor":14.0},{"not_picked":["Wraith Form v2","Venomology"],"picked":"Night Terror","floor":16.0},{"not_picked":["Leg Sweep+1","Dagger Throw+1","Reflex"],"picked":"SKIP","floor":18.0},{"not_picked":["Bane+1","Backflip"],"picked":"Poisoned Stab","floor":19.0},{"not_picked":["Leg Sweep","Reflex"],"picked":"Deadly Poison","floor":20.0},{"not_picked":["Dodge and Roll","Distraction","REME_ShadowStrike+1"],"picked":"SKIP","floor":23.0},{"not_picked":["Flying Knee","Slice"],"picked":"REME_GreenPollution","floor":25},{"not_picked":["All Out Attack","Blade Dance+1","Finisher+1"],"picked":"SKIP","floor":28},{"not_picked":["Malaise","Night Terror"],"picked":"Corpse Explosion","floor":33},{"not_picked":["Deflect","Predator+1","REME_GreenPollution"],"picked":"SKIP","floor":35},{"not_picked":["Transmutation","Discovery"],"picked":"Secret Weapon","floor":37},{"not_picked":["Underhanded Strike","Cloak And Dagger","Deflect+1"],"picked":"SKIP","floor":41},{"not_picked":["Deflect","Prepared"],"picked":"Backflip+1","floor":42},{"not_picked":["Glass Knife","Flechettes"],"picked":"Escape Plan","floor":46},{"not_picked":["Backstab","Choke+1"],"picked":"Catalyst","floor":48}],"player_experience":97175,"relics_obtained":[{"floor":6.0,"key":"Ancient Tea Set"},{"floor":9.0,"key":"Blood Vial"},{"floor":23.0,"key":"Blue Candle"},{"floor":23.0,"key":"Meat on the Bone"},{"floor":26,"key":"Lantern"},{"floor":28,"key":"Happy Flower"},{"floor":28,"key":"Whetstone"},{"floor":42,"key":"MealTicket"},{"floor":42,"key":"Centennial Puzzle"},{"floor":43,"key":"Pear"},{"floor":46,"key":"Art of War"},{"floor":46,"key":"CaptainsWheel"},{"floor":48,"key":"Pocketwatch"},{"floor":48,"key":"Anchor"}],"event_choices":[{"damage_healed":0.0,"max_hp_gain":0.0,"max_hp_loss":0.0,"gold_gain":0.0,"event_name":"Liars Game","player_choice":"Ignored","floor":2.0,"gold_loss":0.0,"damage_taken":0.0},{"damage_healed":0.0,"max_hp_gain":0.0,"max_hp_loss":0.0,"gold_gain":0.0,"event_name":"Wheel of Change","player_choice":"Cursed","floor":8.0,"gold_loss":0.0,"damage_taken":0.0,"cards_obtained":["Decay"]},{"damage_healed":0.0,"max_hp_gain":0.0,"max_hp_loss":0.0,"gold_gain":0.0,"event_name":"Addict","player_choice":"Stole Relic","floor":22.0,"gold_loss":0.0,"damage_taken":0.0,"relics_obtained":["Regal Pillow"],"cards_obtained":["Shame"]},{"cards_removed":["Strike_G"],"damage_healed":0,"gold_gain":0,"player_choice":"Gave Gold","damage_taken":0,"max_hp_gain":0,"max_hp_loss":0,"event_name":"Beggar","floor":29,"gold_loss":75},{"damage_healed":0,"gold_gain":100,"player_choice":"Pray","damage_taken":0,"max_hp_gain":0,"max_hp_loss":0,"event_name":"Golden Shrine","floor":30,"gold_loss":0},{"damage_healed":0,"gold_gain":0,"player_choice":"Memory 1","damage_taken":0,"max_hp_gain":0,"max_hp_loss":0,"event_name":"SensoryStone","floor":37,"gold_loss":0},{"damage_healed":0,"gold_gain":0,"player_choice":"Paid","damage_taken":0,"relics_obtained":["Red Mask"],"max_hp_gain":0,"max_hp_loss":0,"event_name":"Tomb of Lord Red Mask","floor":39,"gold_loss":10},{"cards_removed":["Defend_G"],"damage_healed":0,"gold_gain":0,"player_choice":"Purged","damage_taken":0,"max_hp_gain":0,"max_hp_loss":0,"event_name":"Purifier","floor":47,"gold_loss":0}],"is_beta":false,"boss_relics":[{"not_picked":["SlaversCollar","REME_DuelDisc"],"picked":"Black Star"},{"not_picked":["Velvet Choker","Snecko Eye"],"picked":"HoveringKite"}],"items_purged_floors":[21,31,36,38],"is_endless":false,"potions_floor_spawned":[3,4,5,6,14,18,28,33,46,48],"ascension_level":3}}