{"host":"zekcc3vicrep0och","time":1607520408,"event":{"gold_per_floor":[110,121,46,65,76,109,109,139,139,159,159,159],"floor_reached":11,"playtime":452,"items_purged":["Decay"],"score":119,"play_id":"bbbb51cd-30ac-48b7-970a-66361f4364e4","local_time":"20201209162648","is_ascension_mode":true,"campfire_choices":[{"floor":7.0,"key":"REST"}],"neow_cost":"CURSE","seed_source_timestamp":0,"circlet_count":0,"master_deck":["Strike_B","Strike_B","Strike_B","Strike_B","Defend_B","Defend_B","Defend_B","Defend_B","Zap","Dualcast","Chaos","Static Discharge","Streamline","White Noise","Genetic Algorithm","Steam"],"special_seed":0,"relics":["Cracked Core","StrikeDummy","Gremlin Horn","Unceasing Top"],"potions_floor_usage":[11],"damage_taken":[{"damage":2.0,"enemies":"2 Louse","floor":1.0,"turns":2.0},{"damage":9.0,"enemies":"Jaw Worm","floor":2.0,"turns":4.0},{"damage":10.0,"enemies":"Small Slimes","floor":4.0,"turns":3.0},{"damage":25.0,"enemies":"Exordium Thugs","floor":5.0,"turns":5.0},{"damage":18.0,"enemies":"Gremlin Nob","floor":6.0,"turns":4.0},{"damage":23,"enemies":"3 Sentries","floor":8,"turns":7},{"damage":12,"enemies":"Exordium Wildlife","floor":10,"turns":4},{"damage":24,"enemies":"Gremlin Nob","floor":11,"turns":3}],"seed_played":"-2057891461729295138","potions_obtained":[{"floor":2.0,"key":"Strength Potion"},{"floor":8,"key":"Block Potion"}],"is_trial":false,"path_per_floor":["M","M","$","M","M","E","R","E","T","M","E"],"character_chosen":"DEFECT","items_purchased":[],"campfire_rested":1,"item_purchase_floors":[],"current_hp_per_floor":[80,71,71,61,36,18,44,21,21,9,0,0],"gold":159,"neow_bonus":"TWENTY_PERCENT_HP_BONUS","is_prod":false,"is_daily":false,"chose_seed":false,"campfire_upgraded":0,"win_rate":0,"timestamp":1607520408,"path_taken":["M","M","$","M","M","E","R","E","T","M","E"],"build_version":"2020-11-30","purchased_purges":1,"victory":false,"max_hp_per_floor":[89,89,89,89,89,89,89,89,89,89,89,89],"relic_stats":{"Gremlin Horn":[1,1],"counters":[8,32],"obtain_stats":[{"Gremlin Horn":8,"Cracked Core":0,"StrikeDummy":6,"Unceasing Top":9},{"Gremlin Horn":6,"Cracked Core":0,"StrikeDummy":5,"Unceasing Top":6},{"Gremlin Horn":25,"Cracked Core":0,"StrikeDummy":18,"Unceasing Top":25}],"Unceasing Top":[0]},"card_choices":[{"not_picked":["Barrage","Compile Driver"],"picked":"Chaos","floor":1.0},{"not_picked":["Turbo","Stack"],"picked":"Static Discharge","floor":2.0},{"not_picked":["Fusion","Leap","Barrage"],"picked":"SKIP","floor":4.0},{"not_picked":["Static Discharge","Reinforced Body"],"picked":"Streamline","floor":5.0},{"not_picked":["Hologram","Barrage"],"picked":"White Noise","floor":6.0},{"not_picked":["Reprogram","Melter"],"picked":"Genetic Algorithm","floor":8},{"not_picked":["Scrape","Double Energy"],"picked":"Steam","floor":10}],"player_experience":384583,"relics_obtained":[{"floor":6.0,"key":"StrikeDummy"},{"floor":8,"key":"Gremlin Horn"},{"floor":9,"key":"Unceasing Top"}],"event_choices":[],"is_beta":false,"boss_relics":[],"items_purged_floors":[3],"is_endless":false,"potions_floor_spawned":[2,8],"killed_by":"Gremlin Nob","ascension_level":8}}