{"host":"xodzlm10r37577ou","time":1607474101,"event":{"gold_per_floor":[109,109,109,69,93,93,132,57,57,82,95,11,34,34,34,133,133,157,82,82,99,99,99,131,131,156,206,206,218,218,234,234,234,234],"floor_reached":33,"playtime":818,"items_purged":["Delirium"],"score":562,"play_id":"b85f8ef9-a903-43c1-b342-3de9daba9087","local_time":"20201209083501","is_ascension_mode":true,"campfire_choices":[{"data":"Neutralize","floor":6.0,"key":"SMITH"},{"data":"Atom Bomb","floor":15.0,"key":"SMITH"},{"data":"Poison Darts","floor":23,"key":"SMITH"},{"data":"Tactician","floor":25,"key":"SMITH"},{"data":"Setup","floor":30,"key":"SMITH"},{"floor":32,"key":"REST"}],"neow_cost":"NONE","seed_source_timestamp":319447732498000,"circlet_count":0,"master_deck":["AscendersBane","Strike_G","Strike_G","Strike_G","Strike_G","Defend_G","Defend_G","Defend_G","Defend_G","Defend_G","Survivor","Neutralize+1","Slice","Atom Bomb+1","Tactician+1","ReplayTheSpireMod:Scrap Shanks","Draining Mist","Backflip","Poison Darts+1","Atom Bomb+1","Acrobatics","Storm of Steel","Setup+1"],"special_seed":0,"relics":["NeowsBlessing","Bloody Idol","Ring of Hypnosis","ReplayTheSpireMod:Ring of Collecting","Replay:Bottled Snecko","ReplayTheSpireMod:Ring of Exchange","Thread and Needle","Sizzling Blood","DollysMirror","Juzu Bracelet","Ring of Fangs","Lantern"],"potions_floor_usage":[18,24,31,33],"damage_taken":[{"damage":0.0,"enemies":"Small Slimes","floor":1.0,"turns":1.0},{"damage":0.0,"enemies":"2 Louse","floor":5.0,"turns":1.0},{"damage":0.0,"enemies":"Lagavulin","floor":7.0,"turns":1.0},{"damage":0.0,"enemies":"Cultist","floor":10.0,"turns":4.0},{"damage":16.0,"enemies":"Exordium Thugs","floor":11.0,"turns":7.0},{"damage":18.0,"enemies":"Large Slime","floor":13.0,"turns":10.0},{"damage":13.0,"enemies":"Slime Boss","floor":16.0,"turns":7.0},{"damage":25,"enemies":"Chosen","floor":18,"turns":6},{"damage":7,"enemies":"Spheric Guardian","floor":21,"turns":3},{"damage":31,"enemies":"Gremlin Leader","floor":24,"turns":3},{"damage":15,"enemies":"Shelled Parasite and Fungi","floor":29,"turns":3},{"damage":12,"enemies":"Centurion and Healer","floor":31,"turns":4},{"damage":36,"enemies":"Collector","floor":33,"turns":3}],"seed_played":"882891820307012269","potions_obtained":[{"floor":4.0,"key":"DistilledChaos"},{"floor":4.0,"key":"Swift Potion"},{"floor":11.0,"key":"EssenceOfSteel"},{"floor":16.0,"key":"Toxic Potion"},{"floor":21,"key":"Energy Potion"},{"floor":28,"key":"Death Potion"},{"floor":28,"key":"FearPotion"},{"floor":29,"key":"AttackPotion"}],"is_trial":false,"path_per_floor":["M","?","?","?","M","R","E","$","T","M","M","$","M","?","R","B",null,"M","?","?","M","$","R","E","R","T","?","?","M","R","M","R","B"],"character_chosen":"THE_SILENT","items_purchased":["Draining Mist"],"campfire_rested":1,"item_purchase_floors":[12],"current_hp_per_floor":[59,59,59,59,59,59,59,59,59,59,43,43,25,29,29,20,53,32,32,32,34,34,34,12,12,17,22,22,16,16,13,32,0,0],"gold":234,"neow_bonus":"THREE_ENEMY_KILL","is_prod":false,"is_daily":false,"chose_seed":false,"campfire_upgraded":5,"win_rate":0,"timestamp":1607474101,"path_taken":["M","?","?","?","?","R","E","$","T","M","M","?","M","?","R","BOSS","M","?","?","M","?","R","E","R","T","?","?","M","R","M","R","BOSS"],"build_version":"2020-11-30","purchased_purges":1,"victory":false,"max_hp_per_floor":[66,60,60,60,60,60,60,60,60,60,60,60,60,64,64,64,64,64,64,64,64,64,64,64,64,64,64,64,64,64,64,64,64,64],"card_choices":[{"not_picked":["Dodge and Roll","Underhanded Strike","Bane"],"picked":"SKIP","floor":1.0},{"not_picked":["Underhanded Strike","Sucker Punch"],"picked":"Slice","floor":5.0},{"not_picked":["Setup","All Out Attack"],"picked":"Atom Bomb","floor":7.0},{"not_picked":["Toxin Wave","Noxious Fumes"],"picked":"Tactician","floor":10.0},{"not_picked":["Bane","Slice"],"picked":"ReplayTheSpireMod:Scrap Shanks","floor":11.0},{"not_picked":["Flying Knee","Caltrops"],"picked":"Backflip","floor":13.0},{"not_picked":["Burst","Malaise"],"picked":"Poison Darts","floor":16.0},{"not_picked":["Dagger Throw","Cloak And Dagger"],"picked":"Acrobatics","floor":18},{"not_picked":["ReplayTheSpireMod:Scrap Shanks","ReplayTheSpireMod:Shiv Toss"],"picked":"Storm of Steel","floor":21},{"not_picked":["Bane","Dagger Throw","Underhanded Strike"],"picked":"SKIP","floor":24},{"not_picked":["Bane","Infinite Blades"],"picked":"Setup","floor":29},{"not_picked":["Underhanded Strike","Dagger Spray","Hidden Blade"],"picked":"SKIP","floor":31}],"player_experience":392259,"relics_obtained":[{"floor":3.0,"key":"Ring of Hypnosis"},{"floor":3.0,"key":"ReplayTheSpireMod:Ring of Collecting"},{"floor":7.0,"key":"Replay:Bottled Snecko"},{"floor":9.0,"key":"ReplayTheSpireMod:Ring of Exchange"},{"floor":9.0,"key":"Thread and Needle"},{"floor":24,"key":"Juzu Bracelet"},{"floor":26,"key":"Ring of Fangs"},{"floor":26,"key":"Lantern"}],"event_choices":[{"damage_healed":0.0,"max_hp_gain":0.0,"max_hp_loss":6.0,"gold_gain":0.0,"event_name":"Golden Idol","player_choice":"Lose Max HP","floor":2.0,"gold_loss":0.0,"damage_taken":0.0,"relics_obtained":["Golden Idol"]},{"damage_healed":0.0,"max_hp_gain":0.0,"max_hp_loss":0.0,"gold_gain":0.0,"event_name":"The Woman in Blue","player_choice":"Bought 3 Potions","floor":4.0,"gold_loss":0.0,"damage_taken":0.0},{"cards_removed":["Strike_G"],"damage_healed":0,"gold_gain":0,"player_choice":"Gave Gold","damage_taken":0,"max_hp_gain":0,"max_hp_loss":0,"event_name":"Beggar","floor":19,"gold_loss":75},{"damage_healed":0,"gold_gain":0,"player_choice":"Gave Idol","damage_taken":0,"relics_obtained":["Bloody Idol"],"max_hp_gain":0,"max_hp_loss":0,"event_name":"Forgotten Altar","floor":20,"relics_lost":["Golden Idol"],"gold_loss":0},{"damage_healed":0,"gold_gain":50,"player_choice":"Stole From Cult","damage_taken":0,"max_hp_gain":0,"max_hp_loss":0,"event_name":"Nest","floor":27,"gold_loss":0},{"damage_healed":0,"gold_gain":0,"player_choice":"Got Potions","damage_taken":0,"max_hp_gain":0,"max_hp_loss":0,"event_name":"Lab","floor":28,"gold_loss":0}],"is_beta":false,"boss_relics":[{"not_picked":["Medical Kit","Busted Crown"],"picked":"DollysMirror"}],"items_purged_floors":[8],"is_endless":false,"potions_floor_spawned":[10,11,16,21,29],"killed_by":"Collector","ascension_level":19}}