{"host":"u2dm6glrpyjr66v9","time":1607506309,"event":{"gold_per_floor":[113,125,125,57,132,162,181,181,181,215,215,232,266,283,283,384,384,403,403,403,414,427,427,447,466,466,485,495,513,47,64,64,64,64],"floor_reached":33,"playtime":955,"items_purged":["Regret"],"score":298,"play_id":"9947247a-8beb-4f8f-bd13-a541c0c88cd1","local_time":"20201209183149","is_ascension_mode":false,"campfire_choices":[{"data":"1","floor":11,"key":"LIFT"},{"data":"Electrodynamics","floor":15,"key":"SMITH"},{"floor":23,"key":"RECALL"},{"floor":32,"key":"REST"}],"neow_cost":"NONE","seed_source_timestamp":1186376663507000,"circlet_count":0,"master_deck":["Strike_B","Strike_B","Strike_B","Strike_B","Defend_B","Defend_B","Defend_B","Defend_B","Zap","Dualcast","Sunder+1","Melter","Self Repair","Redo","Double Energy","Beam Cell","Electrodynamics+1","Ball Lightning","Hologram","Electrodynamics","Conserve Battery","Capacitor","Rebound","Ball Lightning","Heatsinks","Conserve Battery+1","Machine Learning","Biased Cognition","Double Energy"],"relics":["Cracked Core","NeowsBlessing","Eternal Feather","Girya","Meat on the Bone","Dream Catcher","Pear","Fusion Hammer","Toy Ornithopter","Pantograph"],"potions_floor_usage":[10,16,29,33,33,33],"damage_taken":[{"damage":0,"enemies":"Jaw Worm","floor":1,"turns":1},{"damage":0,"enemies":"Cultist","floor":2,"turns":1},{"damage":0,"enemies":"3 Sentries","floor":6,"turns":1},{"damage":0,"enemies":"Small Slimes","floor":7,"turns":2},{"damage":45,"enemies":"Lagavulin","floor":10,"turns":6},{"damage":0,"enemies":"Exordium Thugs","floor":12,"turns":2},{"damage":25,"enemies":"3 Sentries","floor":13,"turns":3},{"damage":8,"enemies":"Lots of Slimes","floor":14,"turns":2},{"damage":60,"enemies":"The Guardian","floor":16,"turns":8},{"damage":6,"enemies":"Chosen","floor":18,"turns":3},{"damage":23,"enemies":"Shell Parasite","floor":21,"turns":4},{"damage":29,"enemies":"Snake Plant","floor":22,"turns":4},{"damage":56,"enemies":"Chosen and Byrds","floor":24,"turns":6},{"damage":26,"enemies":"Centurion and Healer","floor":25,"turns":5},{"damage":19,"enemies":"3 Cultists","floor":27,"turns":4},{"damage":16,"enemies":"Snake Plant","floor":28,"turns":3},{"damage":20,"enemies":"Shelled Parasite and Fungi","floor":29,"turns":3},{"damage":21,"enemies":"Centurion and Healer","floor":31,"turns":4},{"damage":34,"enemies":"Champ","floor":33,"turns":7}],"seed_played":"5561942423405824453","potions_obtained":[{"floor":1,"key":"Swift Potion"},{"floor":6,"key":"FocusPotion"},{"floor":7,"key":"SkillPotion"},{"floor":12,"key":"FairyPotion"},{"floor":18,"key":"PowerPotion"},{"floor":25,"key":"AttackPotion"},{"floor":27,"key":"LiquidBronze"},{"floor":28,"key":"Fire Potion"},{"floor":29,"key":"DuplicationPotion"}],"is_trial":false,"path_per_floor":["M","M","?","$","?","E","M","?","T","E","R","M","E","M","R","B",null,"M","?","?","M","M","R","M","M","T","M","M","M","$","M","R","B"],"character_chosen":"DEFECT","items_purchased":["Self Repair","Machine Learning","Pantograph"],"campfire_rested":1,"item_purchase_floors":[4,30,30],"current_hp_per_floor":[75,75,75,75,64,64,71,71,71,45,54,54,58,50,62,21,85,79,79,79,56,39,51,44,37,37,30,26,30,30,28,68,52,52],"gold":64,"neow_bonus":"THREE_ENEMY_KILL","is_prod":false,"is_daily":false,"chose_seed":false,"campfire_upgraded":1,"win_rate":0.0,"timestamp":1607506309,"path_taken":["M","M","?","$","?","E","?","?","T","E","R","M","E","?","R","BOSS","M","?","?","M","M","R","M","?","T","M","M","M","$","M","R","BOSS"],"build_version":"2020-11-30","purchased_purges":1,"victory":false,"max_hp_per_floor":[75,75,75,75,75,75,75,75,75,75,75,75,85,85,85,85,85,85,85,85,85,85,85,85,85,85,85,85,85,85,85,85,85,85],"card_choices":[{"not_picked":["BootSequence","Ball Lightning"],"picked":"Sunder","floor":1},{"not_picked":["Undo","Cold Snap"],"picked":"Melter","floor":2},{"not_picked":["Beam Cell","Scrape"],"picked":"Redo","floor":6},{"not_picked":["Rainbow","Turbo"],"picked":"Double Energy","floor":7},{"not_picked":["Aggregate","Reprogram"],"picked":"Beam Cell","floor":10},{"not_picked":["Redo","Consume"],"picked":"Electrodynamics","floor":12},{"not_picked":["Barrage","Leap"],"picked":"Ball Lightning","floor":13},{"not_picked":["Coolheaded","Reinforced Body"],"picked":"Hologram","floor":14},{"not_picked":["Reboot","Multi-Cast"],"picked":"Electrodynamics","floor":16},{"not_picked":["Streamline","Go for the Eyes+1"],"picked":"Conserve Battery","floor":18},{"not_picked":["Hologram","Sweeping Beam","Coolheaded"],"picked":"SKIP","floor":21},{"not_picked":["Hello World","Darkness"],"picked":"Rebound","floor":22},{"not_picked":["Auto Shields","Compile Driver","Barrage+1"],"picked":"SKIP","floor":24},{"not_picked":["Aggregate","Compile Driver"],"picked":"Ball Lightning","floor":25},{"not_picked":["Glacier+1","Cold Snap","Coolheaded"],"picked":"SKIP","floor":27},{"not_picked":["White Noise","Conserve Battery"],"picked":"Heatsinks","floor":28},{"not_picked":["Cold Snap","Steam"],"picked":"Conserve Battery+1","floor":29},{"not_picked":["Glacier","Hello World+1"],"picked":"Biased Cognition","floor":31},{"not_picked":["Fusion+1","Steam"],"picked":"Double Energy","floor":32}],"player_experience":38486,"relics_obtained":[{"floor":6,"key":"Girya"},{"floor":9,"key":"Meat on the Bone"},{"floor":10,"key":"Dream Catcher"},{"floor":13,"key":"Pear"}],"event_choices":[{"damage_healed":0,"gold_gain":0,"player_choice":"Box","damage_taken":0,"relics_obtained":["Eternal Feather"],"max_hp_gain":0,"max_hp_loss":0,"event_name":"Big Fish","floor":3,"gold_loss":0,"cards_obtained":["Regret"]},{"damage_healed":0,"gold_gain":75,"player_choice":"Gather Gold","damage_taken":11,"max_hp_gain":0,"max_hp_loss":0,"event_name":"World of Goop","floor":5,"gold_loss":0},{"damage_healed":0,"gold_gain":0,"player_choice":"Upgraded","damage_taken":0,"max_hp_gain":0,"max_hp_loss":0,"event_name":"Upgrade Shrine","floor":8,"gold_loss":0,"cards_upgraded":["Sunder"]},{"damage_healed":0,"gold_gain":0,"player_choice":"Opened","damage_taken":0,"relics_obtained":["Toy Ornithopter"],"max_hp_gain":0,"max_hp_loss":0,"event_name":"The Mausoleum","floor":19,"gold_loss":0},{"damage_healed":0,"gold_gain":0,"player_choice":"Read","damage_taken":0,"max_hp_gain":0,"max_hp_loss":0,"event_name":"The Library","floor":20,"gold_loss":0,"cards_obtained":["Capacitor"]}],"is_beta":false,"boss_relics":[{"not_picked":["Philosopher\u0027s Stone","Runic Dome"],"picked":"Fusion Hammer"}],"items_purged_floors":[30],"is_endless":false,"potions_floor_spawned":[1,6,7,12,18,25,27,28,29],"killed_by":"Champ","ascension_level":0}}