{"host":"u2dm6glrpyjr66v9","time":1607500250,"event":{"gold_per_floor":[116,116,116,128,128,128,153,172,172,201,276,276,276,8,8,104,104,124,124,134,134,134,160,160,189,189,189,189],"floor_reached":27,"playtime":605,"items_purged":[],"score":280,"play_id":"6c941326-fc45-4910-832a-cd8ed5f0ca94","local_time":"20201209165050","is_ascension_mode":false,"campfire_choices":[{"data":"Ball Lightning","floor":6,"key":"SMITH"},{"floor":15,"key":"REST"},{"floor":24,"key":"REST"}],"neow_cost":"NONE","seed_source_timestamp":1180665084197900,"circlet_count":0,"master_deck":["Strike_B+1","Strike_B+1","Strike_B+1","Strike_B+1","Defend_B+1","Defend_B+1","Defend_B+1","Defend_B+1","Zap","Dualcast","Storm+1","Ball Lightning+1","Capacitor+1","Electrodynamics+1","Barrage","Machine Learning+1","Static Discharge+1","Capacitor+1","Creative AI+1","Melter","Storm+1","Static Discharge+1","Storm+1"],"relics":["Cracked Core","NeowsBlessing","Frozen Egg 2","Happy Flower","Bag of Marbles","Du-Vu Doll","The Courier","Membership Card","Sozu","MutagenicStrength","Toxic Egg 2","Bag of Preparation","Molten Egg 2"],"potions_floor_usage":[10,16],"damage_taken":[{"damage":0,"enemies":"Jaw Worm","floor":1,"turns":1},{"damage":0,"enemies":"2 Louse","floor":4,"turns":1},{"damage":0,"enemies":"3 Sentries","floor":7,"turns":1},{"damage":1,"enemies":"Cultist","floor":8,"turns":2},{"damage":28,"enemies":"Lagavulin","floor":10,"turns":5},{"damage":38,"enemies":"The Guardian","floor":16,"turns":7},{"damage":18,"enemies":"Shell Parasite","floor":18,"turns":3},{"damage":5,"enemies":"Spheric Guardian","floor":20,"turns":3},{"damage":18,"enemies":"Gremlin Leader","floor":23,"turns":3},{"damage":32,"enemies":"Slavers","floor":25,"turns":2},{"damage":25,"enemies":"Chosen and Byrds","floor":27,"turns":3}],"seed_played":"888251276994636756","potions_obtained":[{"floor":4,"key":"SkillPotion"},{"floor":8,"key":"BlessingOfTheForge"}],"is_trial":false,"path_per_floor":["M","?","?","M","?","R","E","M","T","E","?","?","T","$","R","B",null,"M","?","M","?","?","E","R","E","T","M"],"character_chosen":"DEFECT","items_purchased":["Machine Learning+1","Static Discharge+1","Membership Card","Capacitor+1"],"campfire_rested":2,"item_purchase_floors":[14,14,14,14],"current_hp_per_floor":[75,68,68,68,68,68,68,67,67,39,28,28,28,28,50,12,75,57,57,52,52,52,34,56,24,24,0,0],"gold":189,"neow_bonus":"THREE_ENEMY_KILL","is_prod":false,"is_daily":false,"chose_seed":false,"campfire_upgraded":1,"win_rate":0.0,"timestamp":1607500250,"path_taken":["M","?","?","M","?","R","E","?","T","E","?","?","?","?","R","BOSS","M","?","M","?","?","E","R","E","T","?"],"build_version":"2020-11-30","purchased_purges":0,"victory":false,"max_hp_per_floor":[75,75,75,75,75,75,75,75,75,75,75,75,75,75,75,75,75,75,75,75,75,75,75,75,75,75,75,75],"card_choices":[{"not_picked":["Conserve Battery","Chill"],"picked":"Storm","floor":1},{"not_picked":["Compile Driver","Stack"],"picked":"Ball Lightning","floor":4},{"not_picked":["Reinforced Body","Gash"],"picked":"Capacitor+1","floor":7},{"not_picked":["Coolheaded","Leap"],"picked":"Electrodynamics+1","floor":8},{"not_picked":["Double Energy","Stack"],"picked":"Barrage","floor":10},{"not_picked":["Multi-Cast","Buffer+1"],"picked":"Creative AI+1","floor":16},{"not_picked":["Go for the Eyes","Hologram+1"],"picked":"Melter","floor":18},{"not_picked":["Lockon","Streamline"],"picked":"Static Discharge+1","floor":20},{"not_picked":["Darkness+1","Hello World+1"],"picked":"Storm+1","floor":23},{"not_picked":["Cold Snap","Hello World+1","Coolheaded+1"],"picked":"SKIP","floor":25}],"player_experience":34948,"relics_obtained":[{"floor":7,"key":"Bag of Marbles"},{"floor":10,"key":"Du-Vu Doll"},{"floor":13,"key":"The Courier"},{"floor":23,"key":"Toxic Egg 2"},{"floor":25,"key":"Bag of Preparation"},{"floor":26,"key":"Molten Egg 2"}],"event_choices":[{"damage_healed":0,"gold_gain":0,"player_choice":"Success","damage_taken":7,"relics_obtained":["Frozen Egg 2"],"max_hp_gain":0,"max_hp_loss":0,"event_name":"Scrap Ooze","floor":2,"gold_loss":0},{"damage_healed":0,"gold_gain":0,"player_choice":"Box","damage_taken":0,"relics_obtained":["Happy Flower"],"max_hp_gain":0,"max_hp_loss":0,"event_name":"Big Fish","floor":3,"gold_loss":0,"cards_obtained":["Regret"]},{"damage_healed":0,"gold_gain":0,"player_choice":"Forge","damage_taken":0,"max_hp_gain":0,"max_hp_loss":0,"event_name":"Accursed Blacksmith","floor":5,"gold_loss":0,"cards_upgraded":["Storm"]},{"damage_healed":0,"gold_gain":75,"player_choice":"Gather Gold","damage_taken":11,"max_hp_gain":0,"max_hp_loss":0,"event_name":"World of Goop","floor":11,"gold_loss":0},{"cards_removed":["Regret"],"damage_healed":0,"gold_gain":0,"player_choice":"Forget","damage_taken":0,"max_hp_gain":0,"max_hp_loss":0,"event_name":"Living Wall","floor":12,"gold_loss":0},{"damage_healed":0,"gold_gain":0,"player_choice":"Read","damage_taken":0,"max_hp_gain":0,"max_hp_loss":0,"event_name":"The Library","floor":19,"gold_loss":0,"cards_obtained":["Storm"]},{"damage_healed":0,"gold_gain":0,"player_choice":"Simplicity","damage_taken":0,"max_hp_gain":0,"max_hp_loss":0,"event_name":"Back to Basics","floor":21,"gold_loss":0,"cards_upgraded":["Strike_B","Strike_B","Strike_B","Strike_B","Defend_B","Defend_B","Defend_B","Defend_B"]},{"damage_healed":0,"gold_gain":0,"player_choice":"Inject Mutagens","damage_taken":0,"relics_obtained":["MutagenicStrength"],"max_hp_gain":0,"max_hp_loss":0,"event_name":"Drug Dealer","floor":22,"gold_loss":0}],"is_beta":false,"boss_relics":[{"not_picked":["SacredBark","Tiny House"],"picked":"Sozu"}],"items_purged_floors":[],"is_endless":false,"potions_floor_spawned":[4,8,20],"killed_by":"Chosen and Byrds","ascension_level":0}}