{"host":"63rwe7p34ct1i0qu","time":1607532096,"event":{"gold_per_floor":[113,113,188,35,47,72,72,72,96,96,96,128,153,163,163,262,262,277,296,96,96,58,58,93,93,146,146,161,161,261,275,275,379,379,389,253,263,263,263,263,283,283,307,183,212,212,230,249,249,249],"floor_reached":51,"playtime":2510,"items_purged":["Strike_B","Strike_B"],"score":911,"play_id":"9d6ec302-1ba4-4f0f-a5e2-1c742b49480f","local_time":"20201210014136","is_ascension_mode":true,"campfire_choices":[{"data":"Sunder","floor":7,"key":"SMITH"},{"floor":10,"key":"REST"},{"data":"Ball Lightning","floor":15,"key":"SMITH"},{"floor":23,"key":"REST"},{"data":"White Noise","floor":25,"key":"SMITH"},{"data":"Barrage","floor":29,"key":"SMITH"},{"floor":32,"key":"REST"},{"data":"Apotheosis","floor":40,"key":"SMITH"},{"floor":42,"key":"REST"},{"floor":46,"key":"REST"},{"floor":49,"key":"REST"}],"neow_cost":"NONE","seed_source_timestamp":265233814554600,"circlet_count":0,"master_deck":["Strike_B","Defend_B","Defend_B","Defend_B","Defend_B","Zap","Dualcast","Chill","Capacitor","Sunder+1","Rainbow","Ball Lightning+1","Electrodynamics","Compile Driver+1","Steam","Capacitor","Barrage+1","Turbo","White Noise+1","Barrage+1","Coolheaded+1","Reboot","Self Repair","Apotheosis+1","Reboot","Mayhem","Chill+1","Hologram+1","Coolheaded+1","Creative AI"],"relics":["Nuclear Battery","Bag of Marbles","Lantern","Strawberry","Potion Belt","SacredBark","Membership Card","Regal Pillow","Smiling Mask","Cables","Torii","Singing Bowl","Inserter","Centennial Puzzle","Orrery","Vajra"],"potions_floor_usage":[18,19,24,24,24,24,30,30,33,33,35,41,47,50],"damage_taken":[{"damage":9,"enemies":"2 Louse","floor":1,"turns":3},{"damage":11,"enemies":"Jaw Worm","floor":5,"turns":5},{"damage":2,"enemies":"3 Sentries","floor":6,"turns":7},{"damage":16,"enemies":"Lagavulin","floor":12,"turns":7},{"damage":0,"enemies":"Small Slimes","floor":14,"turns":2},{"damage":32,"enemies":"Slime Boss","floor":16,"turns":10},{"damage":2,"enemies":"3 Byrds","floor":18,"turns":2},{"damage":5,"enemies":"Shell Parasite","floor":19,"turns":2},{"damage":8,"enemies":"Book of Stabbing","floor":24,"turns":2},{"damage":0,"enemies":"3 Cultists","floor":28,"turns":4},{"damage":0,"enemies":"Colosseum Slavers","floor":30,"turns":2},{"damage":7,"enemies":"Colosseum Nobs","floor":30,"turns":2},{"damage":10,"enemies":"Centurion and Healer","floor":31,"turns":3},{"damage":40,"enemies":"Automaton","floor":33,"turns":10},{"damage":14,"enemies":"Orb Walker","floor":35,"turns":3},{"damage":0,"enemies":"3 Darklings","floor":37,"turns":2},{"damage":28,"enemies":"Maw","floor":41,"turns":6},{"damage":53,"enemies":"Reptomancer","floor":45,"turns":5},{"damage":36,"enemies":"Transient","floor":47,"turns":5},{"damage":0,"enemies":"4 Shapes","floor":48,"turns":7},{"damage":137,"enemies":"Time Eater","floor":50,"turns":10}],"seed_played":"-3966556640435115587","potions_obtained":[{"floor":1,"key":"FocusPotion"},{"floor":6,"key":"ColorlessPotion"},{"floor":16,"key":"FearPotion"},{"floor":18,"key":"AttackPotion"},{"floor":19,"key":"EntropicBrew"},{"floor":30,"key":"LiquidMemories"},{"floor":35,"key":"AttackPotion"},{"floor":41,"key":"SpeedPotion"},{"floor":47,"key":"Regen Potion"}],"is_trial":false,"path_per_floor":["M","?","?","$","M","E","R","$","T","R","?","E","T","M","R","B",null,"M","M","$","?","$","R","E","R","T","T","M","R","?","M","R","B",null,"M","$","M","?","?","R","M","R","T","$","E","R","M","M","R","B",null],"character_chosen":"DEFECT","items_purchased":["Chill","Capacitor","Membership Card","Steam","Capacitor","Barrage","Turbo","Apotheosis","Orrery"],"campfire_rested":6,"item_purchase_floors":[4,4,20,20,20,22,22,36,44],"current_hp_per_floor":[66,59,48,48,37,35,35,35,35,57,62,53,53,53,53,21,71,69,64,64,47,47,74,66,66,66,66,66,66,59,51,94,54,84,70,70,77,71,71,71,50,94,94,98,47,93,66,78,108,26],"gold":249,"neow_bonus":"BOSS_RELIC","is_prod":false,"is_daily":false,"chose_seed":false,"campfire_upgraded":5,"win_rate":0,"timestamp":1607532096,"path_taken":["M","?","?","$","M","E","R","$","T","R","?","E","?","M","R","BOSS","M","M","$","?","?","R","E","R","T","?","?","R","?","M","R","BOSS","M","$","M","?","?","R","M","R","T","$","E","R","M","M","R","BOSS"],"build_version":"2020-11-30","purchased_purges":2,"victory":true,"max_hp_per_floor":[75,75,75,75,75,75,75,75,75,75,80,87,87,87,87,87,87,87,87,87,92,92,92,92,92,92,92,92,92,92,94,94,94,94,94,94,94,98,98,98,98,98,98,102,104,104,106,108,108,108],"card_choices":[{"not_picked":["Compile Driver","Redo","Reprogram"],"picked":"SKIP","floor":1},{"not_picked":["Rebound","Steam"],"picked":"Sunder","floor":5},{"not_picked":["Aggregate","Leap"],"picked":"Rainbow","floor":6},{"not_picked":["Sunder","Go for the Eyes","Static Discharge"],"picked":"SKIP","floor":12},{"not_picked":["Steam","Reprogram"],"picked":"Ball Lightning","floor":14},{"not_picked":["Amplify","Core Surge"],"picked":"Electrodynamics","floor":16},{"not_picked":["Melter","Capacitor"],"picked":"Compile Driver+1","floor":18},{"not_picked":["Consume","Coolheaded","Steam Power"],"picked":"SKIP","floor":19},{"not_picked":["Streamline+1","Aggregate+1"],"picked":"White Noise","floor":24},{"not_picked":["Ball Lightning","Go for the Eyes"],"picked":"Barrage+1","floor":28},{"not_picked":["Compile Driver","Genetic Algorithm"],"picked":"Coolheaded+1","floor":30},{"not_picked":["Cold Snap","FTL","Turbo"],"picked":"Singing Bowl","floor":31},{"not_picked":["Multi-Cast","Machine Learning"],"picked":"Reboot","floor":33},{"not_picked":["Steam","Hologram"],"picked":"Self Repair","floor":35},{"not_picked":["BootSequence","Streamline+1"],"picked":"Reboot","floor":37},{"not_picked":["Madness","Flash of Steel","Forethought"],"picked":"Singing Bowl","floor":38},{"not_picked":["Forethought","Sadistic Nature","Metamorphosis"],"picked":"Singing Bowl","floor":38},{"not_picked":["Magnetism","Enlightenment"],"picked":"Mayhem","floor":38},{"not_picked":["Aggregate","Compile Driver"],"picked":"Chill+1","floor":41},{"not_picked":["Rebound+1","Blizzard+1"],"picked":"Hologram+1","floor":44},{"not_picked":["Capacitor","Gash+1","Cold Snap+1"],"picked":"Singing Bowl","floor":44},{"not_picked":["Turbo","Reprogram","Lockon+1"],"picked":"Singing Bowl","floor":44},{"not_picked":["Compile Driver","Streamline"],"picked":"Coolheaded+1","floor":44},{"not_picked":["Self Repair+1","Cold Snap"],"picked":"Creative AI","floor":44},{"not_picked":["Leap+1","Chaos","Go for the Eyes"],"picked":"Singing Bowl","floor":45},{"not_picked":["Stack+1","Rip and Tear+1","Go for the Eyes+1"],"picked":"Singing Bowl","floor":47},{"not_picked":["Static Discharge","Beam Cell","Conserve Battery"],"picked":"Singing Bowl","floor":48}],"player_experience":1260380,"relics_obtained":[{"floor":6,"key":"Bag of Marbles"},{"floor":9,"key":"Lantern"},{"floor":12,"key":"Strawberry"},{"floor":13,"key":"Potion Belt"},{"floor":24,"key":"Regal Pillow"},{"floor":26,"key":"Smiling Mask"},{"floor":27,"key":"Cables"},{"floor":30,"key":"Torii"},{"floor":30,"key":"Singing Bowl"},{"floor":43,"key":"Centennial Puzzle"},{"floor":45,"key":"Vajra"}],"event_choices":[{"cards_removed":["Strike_B"],"damage_healed":0,"gold_gain":0,"player_choice":"Card Removal","damage_taken":7,"max_hp_gain":0,"max_hp_loss":0,"event_name":"Golden Wing","floor":2,"gold_loss":0},{"damage_healed":0,"gold_gain":75,"player_choice":"Gather Gold","damage_taken":11,"max_hp_gain":0,"max_hp_loss":0,"event_name":"World of Goop","floor":3,"gold_loss":0},{"damage_healed":0,"gold_gain":0,"player_choice":"Donut","damage_taken":0,"max_hp_gain":5,"max_hp_loss":0,"event_name":"Big Fish","floor":11,"gold_loss":0},{"damage_healed":0,"gold_gain":0,"player_choice":"Shed Blood","damage_taken":22,"max_hp_gain":5,"max_hp_loss":0,"event_name":"Forgotten Altar","floor":21,"gold_loss":0},{"damage_healed":0,"gold_gain":0,"player_choice":"Fight","damage_taken":0,"max_hp_gain":0,"max_hp_loss":0,"event_name":"Colosseum","floor":30,"gold_loss":0},{"damage_healed":0,"gold_gain":0,"player_choice":"Fought Nobs","damage_taken":0,"max_hp_gain":0,"max_hp_loss":0,"event_name":"Colosseum","floor":30,"gold_loss":0},{"damage_healed":0,"gold_gain":0,"player_choice":"Memory 3","damage_taken":10,"max_hp_gain":0,"max_hp_loss":0,"event_name":"SensoryStone","floor":38,"gold_loss":0},{"damage_healed":0,"gold_gain":0,"player_choice":"Ignored","damage_taken":0,"max_hp_gain":0,"max_hp_loss":0,"event_name":"Mysterious Sphere","floor":39,"gold_loss":0}],"is_beta":false,"boss_relics":[{"not_picked":["Velvet Choker","Ectoplasm"],"picked":"SacredBark"},{"not_picked":["Runic Dome","SlaversCollar"],"picked":"Inserter"}],"items_purged_floors":[36,44],"is_endless":false,"potions_floor_spawned":[1,6,16,18,19,30,35,41,47],"ascension_level":5}}