{"host":"g76rhe4j5kh9hdf9","time":1607481327,"event":{"gold_per_floor":[20,30,30,43,43,87,103,127,198,198,3,42,42,62,62,193,193,218,231,250,250,250,277,102,117,117,134,32,132,163,181,181,285,285,305,142,160,86,106,106,124,24,24,24,43,75,75,75,75,75,75,75,3,37,37],"floor_reached":56,"playtime":2993,"items_purged":["Strike_MRS","Strike_MRS","Strike_MRS","Strike_MRS","Defend_MRS","Defend_MRS"],"score":1590,"play_id":"82c667d8-d99a-4b30-986d-ac44d1bcd82f","local_time":"20201208183527","is_ascension_mode":true,"campfire_choices":[{"data":"FairyDestructionRay","floor":10,"key":"SMITH"},{"data":"UpSweep","floor":13,"key":"SMITH"},{"data":"MasterSpark","floor":15,"key":"SMITH"},{"data":"MillisecondPulsars","floor":32,"key":"SMITH"},{"data":"EarthLightRay","floor":40,"key":"SMITH"},{"floor":44,"key":"RECALL"},{"data":"PulseMagic","floor":47,"key":"SMITH"},{"data":"Madness","floor":49,"key":"SMITH"},{"data":"Madness","floor":52,"key":"SMITH"}],"neow_cost":"NO_GOLD","seed_source_timestamp":58945251245705,"circlet_count":0,"master_deck":["Defend_MRS","Defend_MRS","MasterSpark+1","UpSweep+1","FairyDestructionRay+1","EarthLightRay+1","UltimateShortwave","SporeBomb","FairyDestructionRay+1","MillisecondPulsars+1","SuperNova","LuminesStrike+1","WitchLeyline+1","PulseMagic+1","Madness+1","Madness+1","WitchLeyline"],"special_seed":0,"relics":["MiniHakkero","Unceasing Top","Bloody Idol","Singing Bowl","Question Card","Membership Card","Oddly Smooth Stone","ExperimentalFamiliar","Dream Catcher","Prayer Wheel","Bottled Lightning","Letter Opener","Chemical X","Anchor","Busted Crown","Gambling Chip","Medical Kit","CaptainsWheel","Incense Burner","Toy Ornithopter","Bag of Preparation","MagicBroom","Nunchaku"],"potions_floor_usage":[8,12,16,27,30],"damage_taken":[{"damage":0.0,"enemies":"Cultist","floor":1.0,"turns":4.0},{"damage":0.0,"enemies":"2 Louse","floor":2.0,"turns":2.0},{"damage":2.0,"enemies":"Jaw Worm","floor":4.0,"turns":4.0},{"damage":28,"enemies":"Gremlin Nob","floor":6,"turns":4},{"damage":16,"enemies":"Exordium Thugs","floor":7,"turns":4},{"damage":1,"enemies":"Looter","floor":8,"turns":2},{"damage":5,"enemies":"3 Sentries","floor":12,"turns":3},{"damage":0,"enemies":"Gremlin Gang","floor":14,"turns":1},{"damage":20,"enemies":"Slime Boss","floor":16,"turns":10},{"damage":22,"enemies":"Shell Parasite","floor":18,"turns":4},{"damage":0,"enemies":"Spheric Guardian","floor":19,"turns":1},{"damage":0,"enemies":"Centurion and Healer","floor":20,"turns":2},{"damage":31,"enemies":"Book of Stabbing","floor":23,"turns":4},{"damage":0,"enemies":"3 Cultists","floor":25,"turns":2},{"damage":0,"enemies":"Sentry and Sphere","floor":27,"turns":2},{"damage":20,"enemies":"Slavers","floor":30,"turns":3},{"damage":0,"enemies":"Snake Plant","floor":31,"turns":2},{"damage":28,"enemies":"Automaton","floor":33,"turns":6},{"damage":0,"enemies":"3 Shapes","floor":35,"turns":2},{"damage":0,"enemies":"3 Darklings","floor":37,"turns":2},{"damage":0,"enemies":"Sphere and 2 Shapes","floor":39,"turns":1},{"damage":0,"enemies":"Writhing Mass","floor":41,"turns":2},{"damage":8,"enemies":"3 Darklings","floor":45,"turns":2},{"damage":0,"enemies":"Reptomancer","floor":46,"turns":2},{"damage":0,"enemies":"Awakened One","floor":50,"turns":2},{"damage":0,"enemies":"Shield and Spear","floor":54,"turns":2},{"damage":55,"enemies":"The Heart","floor":55,"turns":3}],"seed_played":"5868705119075476965","potions_obtained":[{"floor":2.0,"key":"SpeedPotion"},{"floor":6,"key":"Swift Potion"},{"floor":7,"key":"SkillPotion"},{"floor":16,"key":"Swift Potion"},{"floor":18,"key":"SpeedPotion"},{"floor":25,"key":"Swift Potion"},{"floor":27,"key":"FearPotion"},{"floor":39,"key":"BottledSpark"},{"floor":46,"key":"Energy Potion"}],"is_trial":false,"path_per_floor":["M","M","T","M","?","E","M","M","T","R","$","E","R","M","R","B",null,"M","M","M","?","?","E","$","M","T","M","$","?","E","M","R","B",null,"M","$","M","$","M","R","M","$","T","R","M","E","R","?","R","B",null,"R","$","E","B",null],"character_chosen":"MARISA","items_purchased":["Membership Card","Bottled Lightning","Chemical X","Gambling Chip","Medical Kit","CaptainsWheel","Bag of Preparation","MagicBroom"],"campfire_rested":0,"item_purchase_floors":[11,24,28,36,38,42,53,53],"current_hp_per_floor":[75,75,75,73,55,29,15,14,14,14,14,15,15,21,21,5,83,67,67,73,73,73,51,51,64,64,77,77,82,71,84,84,65,99,103,103,107,107,109,109,113,113,113,113,110,115,115,101,101,107,115,115,115,115,60],"gold":37,"neow_bonus":"ONE_RARE_RELIC","is_prod":false,"is_daily":false,"chose_seed":false,"campfire_upgraded":8,"win_rate":0,"timestamp":1607481327,"path_taken":["M","M","?","M","?","E","M","M","T","R","$","E","R","M","R","BOSS","M","M","M","?","?","E","$","M","T","?","$","?","E","?","R","BOSS","M","$","M","$","M","R","M","$","T","R","M","E","R","?","R","BOSS","R","$","E","BOSS"],"build_version":"2020-11-30","purchased_purges":6,"victory":true,"max_hp_per_floor":[75,75,75,75,75,77,79,79,79,79,79,81,81,83,83,83,83,85,85,87,87,87,87,87,91,91,95,95,95,95,99,99,99,99,103,103,107,107,109,109,113,113,113,113,113,115,115,115,115,115,115,115,115,115,115],"relic_stats":{"Singing Bowl":40,"counters":[27,78],"Bag of Preparation":[4],"Letter Opener":[230],"Question Card":27,"Medical Kit":[1],"Dream Catcher":0,"Nunchaku":[2],"Busted Crown":24,"Bloody Idol":40,"Gambling Chip":[28],"Prayer Wheel":8,"Chemical X":[1],"obtain_stats":[{"MagicBroom":53,"Singing Bowl":6,"Golden Idol":5,"Oddly Smooth Stone":12,"Incense Burner":43,"Bag of Preparation":53,"Letter Opener":26,"Question Card":9,"Medical Kit":38,"Dream Catcher":22,"Anchor":30,"CaptainsWheel":42,"Nunchaku":54,"Busted Crown":34,"ExperimentalFamiliar":17,"Bloody Idol":21,"Gambling Chip":36,"Prayer Wheel":23,"MiniHakkero":0,"Membership Card":11,"Bottled Lightning":24,"Chemical X":28,"Unceasing Top":0,"Toy Ornithopter":46},{"MagicBroom":25,"Singing Bowl":4,"Golden Idol":3,"Oddly Smooth Stone":7,"Incense Burner":22,"Bag of Preparation":25,"Letter Opener":14,"Question Card":6,"Medical Kit":20,"Dream Catcher":12,"Anchor":16,"CaptainsWheel":22,"Nunchaku":26,"Busted Crown":18,"ExperimentalFamiliar":9,"Bloody Idol":12,"Gambling Chip":19,"Prayer Wheel":13,"MiniHakkero":0,"Membership Card":6,"Bottled Lightning":13,"Chemical X":15,"Unceasing Top":0,"Toy Ornithopter":24},{"MagicBroom":73,"Singing Bowl":14,"Golden Idol":10,"Oddly Smooth Stone":23,"Incense Burner":67,"Bag of Preparation":73,"Letter Opener":47,"Question Card":20,"Medical Kit":64,"Dream Catcher":41,"Anchor":52,"CaptainsWheel":67,"Nunchaku":75,"Busted Crown":60,"ExperimentalFamiliar":34,"Bloody Idol":41,"Gambling Chip":62,"Prayer Wheel":45,"MiniHakkero":0,"Membership Card":20,"Bottled Lightning":45,"Chemical X":49,"Unceasing Top":0,"Toy Ornithopter":71}],"Unceasing Top":[95],"Toy Ornithopter":0},"card_choices":[{"not_picked":["6A","DoubleSpark"],"picked":"FairyDestructionRay","floor":1.0},{"not_picked":["RefractionSpark","MagicChant","PowerUp"],"picked":"SKIP","floor":2.0},{"not_picked":["MagicChant","AsteroidBelt","Robbery"],"picked":"SKIP","floor":4.0},{"not_picked":["GrandCross","UnstableBomb","TreasureHunter"],"picked":"Singing Bowl","floor":6},{"not_picked":["DoubleSpark","GalacticHalo","PowerUp"],"picked":"Singing Bowl","floor":7},{"not_picked":["DoubleSpark","MagicChant"],"picked":"EarthLightRay","floor":8},{"not_picked":["ShootingEcho","ManaRampage","UnstableBomb","OpenUniverse"],"picked":"Singing Bowl","floor":12},{"not_picked":["6A","PowerUp","IllusionStar","EnergyRecoil"],"picked":"Singing Bowl","floor":14},{"not_picked":["MillisecondPulsars","CasketOfStar","MaximisePower"],"picked":"UltimateShortwave","floor":16},{"not_picked":["MagicChant","ChargeUpSpray","Acceleration","IllusionStar"],"picked":"Singing Bowl","floor":18},{"not_picked":["OneTimeOff","MachineGunSpark+1","ManaConvection"],"picked":"SporeBomb","floor":19},{"not_picked":["UnstableBomb","GalacticHalo+1","EnergyFlow","IllusionStar"],"picked":"Singing Bowl","floor":20},{"not_picked":["MachineGunSpark+1","SprinkleStarSeal","MeteoricShower"],"picked":"FairyDestructionRay+1","floor":23},{"not_picked":["MilkyWay","StarBarrage","ShootTheMoon","WitchOfGreed+1"],"picked":"Singing Bowl","floor":25},{"not_picked":["DarkMatter+1","GravityBeat","StarBarrage","AbsoluteMagnitude"],"picked":"Singing Bowl","floor":25},{"not_picked":["DarkSpark","DoubleSpark","ChargeUpSpray","OrrerysSun"],"picked":"Singing Bowl","floor":27},{"not_picked":["AsteroidBelt","StarBarrage","6A+1","DoubleSpark"],"picked":"Singing Bowl","floor":27},{"not_picked":["UnstableBomb","BlazingStar","DoubleSpark"],"picked":"MillisecondPulsars","floor":30},{"not_picked":["OneTimeOff","GrandCross","ShootingEcho","6A"],"picked":"Singing Bowl","floor":31},{"not_picked":["UnstableBomb+1","GrandCross","6A","OrrerysSun"],"picked":"Singing Bowl","floor":31},{"not_picked":["BlazingStar","BigCrunch","CollectingQuirk"],"picked":"SuperNova","floor":33},{"not_picked":["NonDirectionalLaser+1","DragonMeteor+1"],"picked":"Singing Bowl","floor":35},{"not_picked":["MachineGunSpark+1","WitchLeyline+1"],"picked":"Singing Bowl","floor":35},{"not_picked":["DragonMeteor","UnstableBomb+1"],"picked":"Singing Bowl","floor":37},{"not_picked":["DeepEcoloBomb+1","6A+1"],"picked":"Singing Bowl","floor":37},{"not_picked":["WitchLeyline+1","BlazingStar"],"picked":"Singing Bowl","floor":39},{"not_picked":["PowerUp"],"picked":"LuminesStrike+1","floor":39},{"not_picked":["WitchOfGreed","ShootingEcho"],"picked":"Singing Bowl","floor":41},{"not_picked":["MilkyWay","ShootingEcho+1"],"picked":"Singing Bowl","floor":41},{"not_picked":["GravityBeat"],"picked":"WitchLeyline+1","floor":45},{"not_picked":["FairyDestructionRay"],"picked":"PulseMagic","floor":45},{"not_picked":["ShootTheMoon","GalacticHalo+1"],"picked":"Singing Bowl","floor":46},{"not_picked":["UnstableBomb"],"picked":"WitchLeyline","floor":54}],"player_experience":480679,"relics_obtained":[{"floor":6,"key":"Singing Bowl"},{"floor":9,"key":"Question Card"},{"floor":12,"key":"Oddly Smooth Stone"},{"floor":23,"key":"Prayer Wheel"},{"floor":26,"key":"Letter Opener"},{"floor":30,"key":"Anchor"},{"floor":43,"key":"Incense Burner"},{"floor":46,"key":"Toy Ornithopter"},{"floor":54,"key":"Nunchaku"}],"event_choices":[{"damage_healed":0.0,"max_hp_gain":0.0,"max_hp_loss":0.0,"gold_gain":0.0,"event_name":"Golden Idol","player_choice":"Take Damage","floor":5.0,"gold_loss":0.0,"damage_taken":18.0,"relics_obtained":["Golden Idol"]},{"damage_healed":0,"gold_gain":0,"player_choice":"Gave Idol","damage_taken":0,"relics_obtained":["Bloody Idol"],"max_hp_gain":0,"max_hp_loss":0,"event_name":"Forgotten Altar","floor":21,"relics_lost":["Golden Idol"],"gold_loss":0},{"damage_healed":0,"gold_gain":0,"player_choice":"Gave Potion","damage_taken":0,"relics_obtained":["Dream Catcher"],"max_hp_gain":0,"max_hp_loss":0,"event_name":"WeMeetAgain","floor":22,"gold_loss":0},{"damage_healed":0,"gold_gain":100,"player_choice":"Pray","damage_taken":0,"max_hp_gain":0,"max_hp_loss":0,"event_name":"Golden Shrine","floor":29,"gold_loss":0},{"damage_healed":0,"gold_gain":0,"player_choice":"Embrace Madness","damage_taken":14,"max_hp_gain":0,"max_hp_loss":0,"event_name":"Winding Halls","floor":48,"gold_loss":0,"cards_obtained":["Madness","Madness"]}],"is_beta":false,"boss_relics":[{"not_picked":["Ectoplasm","Snecko Eye"],"picked":"ExperimentalFamiliar"},{"not_picked":["Tiny House","SacredBark"],"picked":"Busted Crown"}],"items_purged_floors":[11,24,28,36,36,42],"is_endless":false,"potions_floor_spawned":[2,6,7,16,18,25,27,39,46,54],"ascension_level":4}}