{"host":"r3d3rfw8zyydmocx","time":1607547436,"event":{"gold_per_floor":[110,129,129,143,167,167,167],"floor_reached":6,"playtime":475,"items_purged":[],"score":38,"play_id":"0b5d82f1-908a-4d7e-b9e0-715c8ca36cc7","local_time":"20201209125716","is_ascension_mode":false,"campfire_choices":[],"neow_cost":"CURSE","seed_source_timestamp":689339261713300,"circlet_count":0,"master_deck":["mysticmod:Strike_Mystic","mysticmod:Strike_Mystic","mysticmod:Strike_Mystic","mysticmod:Strike_Mystic","mysticmod:Defend_Mystic","mysticmod:Defend_Mystic","mysticmod:Defend_Mystic","mysticmod:Defend_Mystic","mysticmod:ArcaneDodge","mysticmod:ShockingGrasp","Pain","mysticmod:FiveFootStep","mysticmod:EnergizedRift","mysticmod:FloatingDisk"],"relics":["mysticmod:SpellBook","Replay:Multitool","Golden Idol"],"potions_floor_usage":[4,5,6],"damage_taken":[{"damage":6,"enemies":"2 Louse","floor":1,"turns":3},{"damage":5,"enemies":"Small Slimes","floor":2,"turns":4},{"damage":5,"enemies":"Jaw Worm","floor":4,"turns":2},{"damage":9,"enemies":"3 Louse","floor":5,"turns":6},{"damage":34,"enemies":"Gremlin Nob","floor":6,"turns":4}],"seed_played":"5035522528592039502","potions_obtained":[{"floor":1,"key":"ColorlessPotion"},{"floor":2,"key":"Flashbang"},{"floor":4,"key":"mysticmod:EssenceOfMagic"}],"is_trial":false,"path_per_floor":["M","M","?","M","M","E"],"character_chosen":"MYSTIC_CLASS","items_purchased":[],"campfire_rested":0,"item_purchase_floors":[],"current_hp_per_floor":[71,66,47,42,33,0,0],"gold":167,"neow_bonus":"ONE_RARE_RELIC","is_prod":false,"is_daily":false,"chose_seed":false,"campfire_upgraded":0,"win_rate":0.0,"timestamp":1607547436,"path_taken":["M","M","?","M","M","E"],"build_version":"2020-11-30","purchased_purges":0,"victory":false,"max_hp_per_floor":[77,77,77,77,77,77,77],"card_choices":[{"not_picked":["mysticmod:PunishingArmor","mysticmod:IllusionOfCalm"],"picked":"mysticmod:FiveFootStep","floor":1},{"not_picked":["mysticmod:Daze","mysticmod:ComponentsPouch"],"picked":"mysticmod:EnergizedRift","floor":2},{"not_picked":["mysticmod:LightningBolt","mysticmod:PureInstinct"],"picked":"mysticmod:FloatingDisk","floor":4},{"not_picked":["mysticmod:Grease","mysticmod:TomeOfSpells","mysticmod:PreparedCaster"],"picked":"SKIP","floor":5}],"player_experience":438159,"relics_obtained":[],"event_choices":[{"damage_healed":0,"gold_gain":0,"player_choice":"Take Damage","damage_taken":19,"relics_obtained":["Golden Idol"],"max_hp_gain":0,"max_hp_loss":0,"event_name":"Golden Idol","floor":3,"gold_loss":0}],"is_beta":false,"boss_relics":[],"items_purged_floors":[],"is_endless":false,"potions_floor_spawned":[1,2,4],"killed_by":"Gremlin Nob","ascension_level":0}}