{"host":"1hv1kueuvc4r3rdp","time":1607539120,"event":{"gold_per_floor":[118,137,155,168,23,23,54,76,76,96,126,141,141,43,43,145,145,157,168,187,200,200,200,214,243,270,270,304,304,338,352,352,352,352],"floor_reached":33,"playtime":2211,"items_purged":["Clumsy"],"score":518,"play_id":"e8332120-bce2-4001-9f49-f9d75cd71ae1","local_time":"20201209123840","is_ascension_mode":true,"campfire_choices":[{"data":"Wallop","floor":6,"key":"SMITH"},{"floor":13,"key":"REST"},{"floor":15,"key":"REST"},{"data":"Eruption","floor":23,"key":"SMITH"},{"floor":27,"key":"REST"},{"floor":32,"key":"DIG"}],"neow_cost":"CURSE","seed_source_timestamp":46000996020200,"circlet_count":0,"master_deck":["AscendersBane","Strike_P+1","Strike_P+1","Strike_P+1","Strike_P+1","Defend_P+1","Defend_P+1","Defend_P+1","Defend_P+1","Eruption+1","Vigilance+1","FlyingSleeves","Judgement","Consecrate","Wallop+1","SpiritShield+1","LessonLearned+1","MentalFortress+1","Study+1","ReachHeaven","Wireheading"],"relics":["HolyWater","Gambling Chip","StrikeDummy","Odd Mushroom","Mercury Hourglass","Pantograph","Red Mask","Bag of Preparation","Shovel","Toy Ornithopter","PreservedInsect"],"potions_floor_usage":[11,14,21,28,30,30],"damage_taken":[{"damage":0,"enemies":"Cultist","floor":1,"turns":3},{"damage":4,"enemies":"Small Slimes","floor":2,"turns":4},{"damage":0,"enemies":"2 Louse","floor":3,"turns":4},{"damage":32,"enemies":"Large Slime","floor":4,"turns":5},{"damage":7,"enemies":"Lagavulin","floor":7,"turns":4},{"damage":0,"enemies":"The Mushroom Lair","floor":8,"turns":2},{"damage":0,"enemies":"Blue Slaver","floor":10,"turns":2},{"damage":17,"enemies":"Gremlin Nob","floor":11,"turns":4},{"damage":0,"enemies":"Looter","floor":12,"turns":1},{"damage":3,"enemies":"Slime Boss","floor":16,"turns":7},{"damage":0,"enemies":"3 Byrds","floor":18,"turns":3},{"damage":0,"enemies":"Spheric Guardian","floor":19,"turns":2},{"damage":24,"enemies":"Snake Plant","floor":20,"turns":5},{"damage":24,"enemies":"Centurion and Healer","floor":21,"turns":6},{"damage":0,"enemies":"Cultist and Chosen","floor":24,"turns":3},{"damage":0,"enemies":"Masked Bandits","floor":25,"turns":2},{"damage":0,"enemies":"Slavers","floor":28,"turns":5},{"damage":10,"enemies":"Book of Stabbing","floor":30,"turns":5},{"damage":6,"enemies":"Snecko","floor":31,"turns":5},{"damage":112,"enemies":"Automaton","floor":33,"turns":12}],"seed_played":"-3122944674893372176","potions_obtained":[{"floor":2,"key":"SpeedPotion"},{"floor":7,"key":"GamblersBrew"},{"floor":8,"key":"Energy Potion"},{"floor":16,"key":"Explosive Potion"},{"floor":21,"key":"SpeedPotion"},{"floor":24,"key":"EntropicBrew"}],"is_trial":false,"path_per_floor":["M","M","M","M","$","R","E","?","T","M","E","M","R","$","R","B",null,"M","M","M","M","?","R","M","?","T","R","E","?","E","M","R","B"],"character_chosen":"WATCHER","items_purchased":["Wallop","Fruit Juice"],"campfire_rested":3,"item_purchase_floors":[5,14],"current_hp_per_floor":[65,61,61,29,29,29,22,22,22,22,5,5,26,31,54,74,76,76,76,52,28,28,28,28,28,28,51,51,76,66,60,60,0,0],"gold":352,"neow_bonus":"ONE_RARE_RELIC","is_prod":false,"is_daily":false,"chose_seed":false,"campfire_upgraded":2,"win_rate":0,"timestamp":1607539120,"path_taken":["M","M","M","M","$","R","E","?","T","M","E","M","R","$","R","BOSS","M","M","M","M","?","R","M","?","T","R","E","?","E","M","R","BOSS"],"build_version":"2020-11-30","purchased_purges":1,"victory":false,"max_hp_per_floor":[72,72,72,72,72,72,72,72,72,72,72,72,72,77,77,77,77,77,77,77,77,77,77,77,77,77,77,77,77,77,77,77,77,77],"card_choices":[{"not_picked":["Study","FollowUp","EmptyBody"],"picked":"SKIP","floor":1},{"not_picked":["Meditate","CrushJoints"],"picked":"FlyingSleeves","floor":2},{"not_picked":["Nirvana","FlyingSleeves"],"picked":"Judgement","floor":3},{"not_picked":["ClearTheMind","PathToVictory"],"picked":"Consecrate","floor":4},{"not_picked":["FlyingSleeves","CrushJoints","Adaptation"],"picked":"SKIP","floor":7},{"not_picked":["ThirdEye","EmptyMind"],"picked":"SpiritShield","floor":10},{"not_picked":["Nirvana","ClearTheMind","FlurryOfBlows"],"picked":"SKIP","floor":11},{"not_picked":["PathToVictory","WaveOfTheHand","Collect"],"picked":"SKIP","floor":12},{"not_picked":["Judgement","Scrawl"],"picked":"LessonLearned","floor":16},{"not_picked":["EmptyBody","FlyingSleeves","EmptyFist+1"],"picked":"SKIP","floor":18},{"not_picked":["Sanctity","FearNoEvil"],"picked":"MentalFortress+1","floor":19},{"not_picked":["Fasting2","CutThroughFate","Crescendo"],"picked":"SKIP","floor":20},{"not_picked":["FlyingSleeves+1","Perseverance","WaveOfTheHand"],"picked":"SKIP","floor":21},{"not_picked":["Prostrate","Indignation","Worship"],"picked":"SKIP","floor":24},{"not_picked":["Indignation","JustLucky+1"],"picked":"Study+1","floor":25},{"not_picked":["JustLucky","WreathOfFlame"],"picked":"ReachHeaven","floor":28},{"not_picked":["EmptyFist","EmptyMind"],"picked":"Wireheading","floor":30},{"not_picked":["CutThroughFate","Worship","SashWhip"],"picked":"SKIP","floor":31}],"player_experience":940315,"relics_obtained":[{"floor":7,"key":"StrikeDummy"},{"floor":8,"key":"Odd Mushroom"},{"floor":9,"key":"Mercury Hourglass"},{"floor":11,"key":"Pantograph"},{"floor":25,"key":"Red Mask"},{"floor":26,"key":"Bag of Preparation"},{"floor":28,"key":"Shovel"},{"floor":30,"key":"Toy Ornithopter"},{"floor":32,"key":"PreservedInsect"}],"event_choices":[{"damage_healed":0,"gold_gain":0,"player_choice":"Fought Mushrooms","damage_taken":0,"max_hp_gain":0,"max_hp_loss":0,"event_name":"Mushrooms","floor":8,"gold_loss":0},{"damage_healed":0,"gold_gain":0,"player_choice":"Simplicity","damage_taken":0,"max_hp_gain":0,"max_hp_loss":0,"event_name":"Back to Basics","floor":22,"gold_loss":0,"cards_upgraded":["Strike_P","Strike_P","Defend_P","Defend_P","Defend_P","Defend_P"]},{"damage_healed":0,"gold_gain":0,"player_choice":"Fought Bandits","damage_taken":0,"max_hp_gain":0,"max_hp_loss":0,"event_name":"Masked Bandits","floor":25,"gold_loss":0},{"damage_healed":25,"gold_gain":0,"player_choice":"Heal","damage_taken":0,"max_hp_gain":0,"max_hp_loss":0,"event_name":"The Library","floor":29,"gold_loss":0}],"is_beta":false,"boss_relics":[{"not_picked":["Busted Crown","Velvet Choker"],"picked":"HolyWater"}],"items_purged_floors":[5],"is_endless":false,"potions_floor_spawned":[2,7,8,16,19,21,24],"killed_by":"Automaton","ascension_level":12}}