{"host":"16pupetwkpt1jfy9","time":1607484746,"event":{"gold_per_floor":[119,119,119,294,313,313,327,327,377,377,408,50,61,77,77,172,222,234,252,266,137,147,147,147,147],"floor_reached":24,"playtime":1129,"items_purged":["Doubt","Bash"],"score":223,"play_id":"529658e5-5c5f-40fc-8b9c-821a83d1195e","local_time":"20201208223226","is_ascension_mode":false,"campfire_choices":[{"floor":6,"key":"RECALL"},{"data":"Defend_R","floor":8,"key":"SMITH"},{"data":"Defend_R","floor":10,"key":"SMITH"},{"data":"Pommel Strike","floor":15,"key":"SMITH"},{"data":"Demon Form","floor":23,"key":"SMITH"}],"neow_cost":"NONE","seed_source_timestamp":614835037687200,"circlet_count":0,"master_deck":["Strike_R","Strike_R","Strike_R","Strike_R+1","Strike_R","Defend_R+1","Defend_R+1","Defend_R+1","Defend_R+1","Pommel Strike+1","Demon Form+1","Anger+1","Metallicize"],"relics":["Burning Blood","NeowsBlessing","War Paint","Smiling Mask","Omamori","Lee\u0027s Waffle","MealTicket","Tiny House"],"potions_floor_usage":[16,16,18,18,20,22,22],"damage_taken":[{"damage":0,"enemies":"2 Louse","floor":1,"turns":1},{"damage":0,"enemies":"Jaw Worm","floor":5,"turns":1},{"damage":0,"enemies":"Cultist","floor":7,"turns":1},{"damage":32,"enemies":"Gremlin Nob","floor":11,"turns":5},{"damage":0,"enemies":"Blue Slaver","floor":13,"turns":6},{"damage":2,"enemies":"Looter","floor":14,"turns":4},{"damage":27,"enemies":"The Guardian","floor":16,"turns":15},{"damage":28,"enemies":"Spheric Guardian","floor":18,"turns":6},{"damage":34,"enemies":"Shell Parasite","floor":19,"turns":7},{"damage":35,"enemies":"Chosen and Byrds","floor":20,"turns":7},{"damage":16,"enemies":"Sentry and Sphere","floor":22,"turns":5},{"damage":26,"enemies":"Snake Plant","floor":24,"turns":4}],"seed_played":"8666278837345470730","potions_obtained":[{"floor":11,"key":"AttackPotion"},{"floor":14,"key":"Strength Potion"},{"floor":16,"key":"CultistPotion"},{"floor":17,"key":"Ancient Potion"},{"floor":19,"key":"ElixirPotion"},{"floor":20,"key":"sneckomod:MuddlingPotion"}],"is_trial":false,"path_per_floor":["M","?","?","?","M","R","M","R","T","R","E","$","M","M","R","B",null,"M","M","M","$","M","R","M"],"character_chosen":"IRONCLAD","items_purchased":["Lee\u0027s Waffle","MealTicket","LiquidMemories"],"campfire_rested":0,"item_purchase_floors":[12,12,21],"current_hp_per_floor":[80,73,78,78,84,84,85,85,85,85,59,92,92,92,92,71,97,75,47,18,33,23,23,0,0],"gold":147,"neow_bonus":"THREE_ENEMY_KILL","is_prod":false,"is_daily":false,"chose_seed":false,"campfire_upgraded":4,"win_rate":0.0,"timestamp":1607484746,"path_taken":["M","?","?","?","M","R","M","R","T","R","E","$","?","M","R","BOSS","M","?","M","$","M","R","M"],"build_version":"2020-11-30","purchased_purges":2,"victory":false,"max_hp_per_floor":[80,80,85,85,85,85,85,85,85,85,85,92,92,92,92,92,97,97,97,97,97,97,97,97,97],"card_choices":[{"not_picked":["Iron Wave","Armaments","Fire Breathing"],"picked":"SKIP","floor":1},{"not_picked":["Armaments","Perfected Strike","Wild Strike"],"picked":"SKIP","floor":5},{"not_picked":["Disarm","Sword Boomerang","Sever Soul"],"picked":"SKIP","floor":7},{"not_picked":["Wild Strike","Sever Soul","Fire Breathing"],"picked":"SKIP","floor":11},{"not_picked":["Second Wind","Evolve"],"picked":"Pommel Strike","floor":13},{"not_picked":["Shrug It Off","Fire Breathing","Reaper"],"picked":"SKIP","floor":14},{"not_picked":["Limit Break","Offering"],"picked":"Demon Form","floor":16},{"not_picked":["Whirlwind","Clash","Wild Strike"],"picked":"SKIP","floor":18},{"not_picked":["Rage","Burning Pact","Combust"],"picked":"SKIP","floor":19},{"not_picked":["Sever Soul","Havoc"],"picked":"Anger+1","floor":20},{"not_picked":["Twin Strike","Wild Strike"],"picked":"Metallicize","floor":22}],"player_experience":60194,"relics_obtained":[{"floor":9,"key":"Smiling Mask"},{"floor":11,"key":"Omamori"}],"event_choices":[{"damage_healed":0,"gold_gain":0,"player_choice":"Success","damage_taken":7,"relics_obtained":["War Paint"],"max_hp_gain":0,"max_hp_loss":0,"event_name":"Scrap Ooze","floor":2,"gold_loss":0},{"damage_healed":0,"gold_gain":0,"player_choice":"Donut","damage_taken":0,"max_hp_gain":5,"max_hp_loss":0,"event_name":"Big Fish","floor":3,"gold_loss":0},{"damage_healed":0,"gold_gain":175,"player_choice":"AGREE","damage_taken":0,"max_hp_gain":0,"max_hp_loss":0,"event_name":"Liars Game","floor":4,"gold_loss":0,"cards_obtained":["Doubt"]}],"is_beta":false,"boss_relics":[{"not_picked":["Astrolabe","Cursed Key"],"picked":"Tiny House"}],"items_purged_floors":[12,21],"is_endless":false,"potions_floor_spawned":[11,14,16,19,20],"killed_by":"Snake Plant","ascension_level":0}}