{"host":"y76clbnovzmw9ubx","time":1607477175,"event":{"gold_per_floor":[111,123,123,123,138,138,9,44,44,70,88,103,116,116,116,193,193,208,225,238,264,281,281,281,310,310,310,310,310],"floor_reached":28,"playtime":1926,"items_purged":["Strike_B"],"score":500,"play_id":"b7069d11-c654-4edf-8aef-1dade91adeca","local_time":"20201208202615","is_ascension_mode":true,"campfire_choices":[{"floor":6,"key":"REST"},{"floor":15,"key":"REST"},{"floor":23,"key":"REST"}],"neow_cost":"NONE","seed_source_timestamp":2897563928792,"circlet_count":0,"master_deck":["AscendersBane","Strike_B+1","Strike_B+1","Defend_B+1","Defend_B+1","Defend_B+1","Defend_B+1","Zap","Dualcast","Biased Cognition","Storm","Heatsinks","Capacitor","Sweeping Beam","Fusion","BootSequence","Reinforced Body","Chill","Electrodynamics","Go for the Eyes","Conserve Battery","Storm","Coolheaded+1","Barrage+1"],"relics":["Cracked Core","Lizard Tail","Incense Burner","Ancient Tea Set","Inserter","Red Mask","WingedGreaves"],"potions_floor_usage":[10,11,16,16,21,28],"damage_taken":[{"damage":2,"enemies":"2 Louse","floor":1,"turns":2},{"damage":7,"enemies":"Jaw Worm","floor":2,"turns":3},{"damage":10,"enemies":"Small Slimes","floor":5,"turns":3},{"damage":36,"enemies":"Gremlin Nob","floor":8,"turns":4},{"damage":20,"enemies":"3 Sentries","floor":10,"turns":6},{"damage":1,"enemies":"Red Slaver","floor":11,"turns":3},{"damage":0,"enemies":"Large Slime","floor":12,"turns":5},{"damage":1,"enemies":"Looter","floor":13,"turns":3},{"damage":18,"enemies":"The Guardian","floor":16,"turns":15},{"damage":25,"enemies":"Shell Parasite","floor":18,"turns":7},{"damage":7,"enemies":"Chosen","floor":19,"turns":6},{"damage":0,"enemies":"Sentry and Sphere","floor":20,"turns":4},{"damage":52,"enemies":"Masked Bandits","floor":21,"turns":4},{"damage":10,"enemies":"Shelled Parasite and Fungi","floor":22,"turns":5},{"damage":3,"enemies":"Gremlin Leader","floor":25,"turns":7},{"damage":56,"enemies":"Slavers","floor":28,"turns":3}],"seed_played":"-8106635303584951598","potions_obtained":[{"floor":1,"key":"Energy Potion"},{"floor":10,"key":"BlessingOfTheForge"},{"floor":11,"key":"DistilledChaos"},{"floor":12,"key":"Swift Potion"},{"floor":14,"key":"Block Potion"},{"floor":18,"key":"AttackPotion"},{"floor":21,"key":"BlessingOfTheForge"}],"is_trial":false,"path_per_floor":["M","M","?","?","M","R","$","E","T","E","M","M","M","?","R","B",null,"M","M","M","?","M","R","?","E","T","?","E"],"character_chosen":"DEFECT","items_purchased":["Sweeping Beam"],"campfire_rested":3,"item_purchase_floors":[7],"current_hp_per_floor":[62,55,55,48,38,59,59,23,23,3,2,2,1,1,22,4,54,29,22,22,15,5,26,26,23,23,37,0,0],"gold":310,"neow_bonus":"ONE_RANDOM_RARE_CARD","is_prod":false,"is_daily":false,"chose_seed":false,"campfire_upgraded":0,"win_rate":0,"timestamp":1607477175,"path_taken":["M","M","?","?","M","R","$","E","T","E","M","M","M","?","R","BOSS","M","M","M","?","M","R","?","E","T","?","E"],"build_version":"2020-11-30","purchased_purges":1,"victory":false,"max_hp_per_floor":[71,71,71,71,71,71,71,71,71,71,71,71,71,71,71,71,71,71,71,71,71,71,71,71,71,71,71,71,71],"relic_stats":{"Lizard Tail":35,"Inserter":[18],"counters":[16,80],"obtain_stats":[{"Lizard Tail":8,"Inserter":17,"WingedGreaves":25,"Incense Burner":9,"Red Mask":21,"Cracked Core":0,"Ancient Tea Set":10},{"Lizard Tail":4,"Inserter":9,"WingedGreaves":15,"Incense Burner":4,"Red Mask":13,"Cracked Core":0,"Ancient Tea Set":5},{"Lizard Tail":12,"Inserter":44,"WingedGreaves":77,"Incense Burner":12,"Red Mask":65,"Cracked Core":0,"Ancient Tea Set":18}]},"card_choices":[{"not_picked":["Melter","Hologram"],"picked":"Storm","floor":1},{"not_picked":["Conserve Battery","Leap"],"picked":"Heatsinks","floor":2},{"not_picked":["Chaos","Melter"],"picked":"Capacitor","floor":5},{"not_picked":["Steam","Aggregate"],"picked":"Fusion","floor":8},{"not_picked":["Steam","Sweeping Beam"],"picked":"BootSequence","floor":10},{"not_picked":["Skim","Hologram"],"picked":"Reinforced Body","floor":11},{"not_picked":["Consume","Skim"],"picked":"Chill","floor":12},{"not_picked":["Ball Lightning","Aggregate","Steam Power"],"picked":"SKIP","floor":13},{"not_picked":["Fission","All For One"],"picked":"Electrodynamics","floor":16},{"not_picked":["Turbo","Conserve Battery"],"picked":"Go for the Eyes","floor":18},{"not_picked":["Streamline+1","Darkness"],"picked":"Conserve Battery","floor":19},{"not_picked":["Sweeping Beam","Ball Lightning"],"picked":"Storm","floor":20},{"not_picked":["Tempest+1","Hologram"],"picked":"Coolheaded+1","floor":21},{"not_picked":["Hello World","Leap","Beam Cell"],"picked":"SKIP","floor":22},{"not_picked":["Machine Learning","Chill+1"],"picked":"Barrage+1","floor":25}],"player_experience":2786139,"relics_obtained":[{"floor":8,"key":"Lizard Tail"},{"floor":9,"key":"Incense Burner"},{"floor":10,"key":"Ancient Tea Set"},{"floor":21,"key":"Red Mask"},{"floor":25,"key":"WingedGreaves"}],"event_choices":[{"damage_healed":0,"gold_gain":0,"player_choice":"Ignored","damage_taken":0,"max_hp_gain":0,"max_hp_loss":0,"event_name":"Liars Game","floor":3,"gold_loss":0},{"cards_removed":["Strike_B"],"damage_healed":0,"gold_gain":0,"player_choice":"Card Removal","damage_taken":7,"max_hp_gain":0,"max_hp_loss":0,"event_name":"Golden Wing","floor":4,"gold_loss":0},{"damage_healed":0,"gold_gain":0,"player_choice":"Got Potions","damage_taken":0,"max_hp_gain":0,"max_hp_loss":0,"event_name":"Lab","floor":14,"gold_loss":0},{"damage_healed":0,"gold_gain":0,"player_choice":"Fought Bandits","damage_taken":0,"max_hp_gain":0,"max_hp_loss":0,"event_name":"Masked Bandits","floor":21,"gold_loss":0},{"damage_healed":0,"gold_gain":0,"player_choice":"Simplicity","damage_taken":0,"max_hp_gain":0,"max_hp_loss":0,"event_name":"Back to Basics","floor":24,"gold_loss":0,"cards_upgraded":["Strike_B","Strike_B","Defend_B","Defend_B","Defend_B","Defend_B"]},{"damage_healed":14,"gold_gain":0,"player_choice":"Heal","damage_taken":0,"max_hp_gain":0,"max_hp_loss":0,"event_name":"The Library","floor":27,"gold_loss":0}],"is_beta":false,"boss_relics":[{"not_picked":["Fusion Hammer","FrozenCore"],"picked":"Inserter"}],"items_purged_floors":[7],"is_endless":false,"potions_floor_spawned":[1,10,11,12,18,21],"killed_by":"Slavers","ascension_level":20}}