{"host":"ormi09wwzv7sq47a","time":1607521843,"event":{"gold_per_floor":[218,235,317,330,26,26,43,56,56,56,72,72,91,111,111,187,187,200,52,67,167,180,180,80,97,97,97,58,83,98,98,98],"floor_reached":31,"playtime":1158,"items_purged":["Strike_B","Defend_B"],"score":427,"play_id":"84b141de-c2e5-453a-ad87-667d4ab56217","local_time":"20201209105043","is_ascension_mode":true,"campfire_choices":[{"data":"Coolheaded","floor":6,"key":"SMITH"},{"data":"Blizzard","floor":10,"key":"SMITH"},{"data":"Streamline","floor":12,"key":"SMITH"},{"data":"Zap","floor":15,"key":"SMITH"},{"data":"Electrodynamics","floor":23,"key":"SMITH"},{"data":"Defragment","floor":27,"key":"SMITH"}],"neow_cost":"NONE","seed_source_timestamp":2132211089794300,"circlet_count":0,"master_deck":["AscendersBane","Strike_B","Strike_B","Strike_B","Defend_B","Defend_B","Defend_B","Zap+1","Dualcast","Coolheaded+1","Conserve Battery","Turbo","Blizzard+1","Undo","Streamline+1","Steam Power","Go for the Eyes","Electrodynamics+1","Coolheaded","Defragment+1","Steam+1","Loop","Turbo+1"],"relics":["Cracked Core","Thread and Needle","Darkstone Periapt","Coffee Dripper","Matryoshka","Akabeko"],"potions_floor_usage":[22,30,31,31],"damage_taken":[{"damage":1,"enemies":"Cultist","floor":1,"turns":4},{"damage":0,"enemies":"Small Slimes","floor":2,"turns":4},{"damage":5,"enemies":"2 Louse","floor":4,"turns":3},{"damage":5,"enemies":"2 Fungi Beasts","floor":7,"turns":4},{"damage":7,"enemies":"Blue Slaver","floor":8,"turns":3},{"damage":3,"enemies":"3 Louse","floor":11,"turns":3},{"damage":2,"enemies":"Looter","floor":13,"turns":3},{"damage":1,"enemies":"Exordium Wildlife","floor":14,"turns":5},{"damage":33,"enemies":"The Guardian","floor":16,"turns":15},{"damage":11,"enemies":"3 Byrds","floor":18,"turns":4},{"damage":11,"enemies":"Chosen","floor":20,"turns":6},{"damage":1,"enemies":"Centurion and Healer","floor":22,"turns":10},{"damage":0,"enemies":"Snecko","floor":25,"turns":5},{"damage":41,"enemies":"Book of Stabbing","floor":29,"turns":6},{"damage":0,"enemies":"Sentry and Sphere","floor":30,"turns":5},{"damage":12,"enemies":"Snake Plant","floor":31,"turns":1}],"seed_played":"2984928671353627230","potions_obtained":[{"floor":8,"key":"Dexterity Potion"},{"floor":11,"key":"EssenceOfDarkness"},{"floor":18,"key":"Regen Potion"},{"floor":25,"key":"LiquidMemories"},{"floor":29,"key":"DuplicationPotion"},{"floor":30,"key":"Strength Potion"}],"is_trial":false,"path_per_floor":["M","M","T","M","$","R","M","M","T","R","M","R","M","M","R","B",null,"M","$","M","?","M","R","$","M","T","R","$","E","M","M"],"character_chosen":"DEFECT","items_purchased":["Thread and Needle","Defragment","Loop"],"campfire_rested":0,"item_purchase_floors":[5,19,28],"current_hp_per_floor":[63,63,63,58,58,58,53,46,46,46,43,43,41,40,40,7,55,44,44,33,33,47,47,47,47,47,47,47,6,6,0,0],"gold":98,"neow_bonus":"HUNDRED_GOLD","is_prod":false,"is_daily":false,"chose_seed":false,"campfire_upgraded":6,"win_rate":0,"timestamp":1607521843,"path_taken":["M","M","?","M","$","R","M","M","T","R","M","R","M","M","R","BOSS","M","$","M","?","M","R","$","M","T","R","$","E","M","?"],"build_version":"2020-11-30","purchased_purges":2,"victory":false,"max_hp_per_floor":[71,71,71,71,71,71,71,71,71,71,71,71,71,71,71,71,71,71,71,71,71,71,71,71,71,71,71,71,71,71,71,71],"relic_stats":{"Darkstone Periapt":0,"counters":[16,80],"obtain_stats":[{"Darkstone Periapt":9,"Matryoshka":26,"Thread and Needle":5,"Coffee Dripper":17,"Cracked Core":0,"Akabeko":29},{"Darkstone Periapt":5,"Matryoshka":13,"Thread and Needle":3,"Coffee Dripper":9,"Cracked Core":0,"Akabeko":14},{"Darkstone Periapt":18,"Matryoshka":69,"Thread and Needle":11,"Coffee Dripper":44,"Cracked Core":0,"Akabeko":74}]},"card_choices":[{"not_picked":["Cold Snap","Stack"],"picked":"Coolheaded","floor":1},{"not_picked":["Leap","Redo"],"picked":"Conserve Battery","floor":2},{"not_picked":["Hologram","Skim"],"picked":"Turbo","floor":4},{"not_picked":["Conserve Battery","Coolheaded"],"picked":"Blizzard","floor":7},{"not_picked":["Rebound","Leap"],"picked":"Undo","floor":8},{"not_picked":["FTL","Beam Cell"],"picked":"Streamline","floor":11},{"not_picked":["Leap","Coolheaded"],"picked":"Steam Power","floor":13},{"not_picked":["Steam","Rebound"],"picked":"Go for the Eyes","floor":14},{"not_picked":["Seek","Machine Learning"],"picked":"Electrodynamics","floor":16},{"not_picked":["Barrage","Conserve Battery"],"picked":"Coolheaded","floor":18},{"not_picked":["Sweeping Beam","Sunder","Hello World"],"picked":"SKIP","floor":20},{"not_picked":["Reinforced Body","All For One"],"picked":"Steam+1","floor":22},{"not_picked":["Leap","Rip and Tear","Coolheaded"],"picked":"SKIP","floor":25},{"not_picked":["Loop","Scrape"],"picked":"Turbo+1","floor":29},{"not_picked":["Beam Cell","Go for the Eyes","Streamline"],"picked":"SKIP","floor":30}],"player_experience":715865,"relics_obtained":[{"floor":9,"key":"Darkstone Periapt"},{"floor":26,"key":"Matryoshka"},{"floor":29,"key":"Akabeko"}],"event_choices":[{"damage_healed":0,"gold_gain":100,"player_choice":"Pray","damage_taken":0,"max_hp_gain":0,"max_hp_loss":0,"event_name":"Golden Shrine","floor":21,"gold_loss":0}],"is_beta":false,"boss_relics":[{"not_picked":["Fusion Hammer","Runic Dome"],"picked":"Coffee Dripper"}],"items_purged_floors":[19,24],"is_endless":false,"potions_floor_spawned":[8,11,14,18,25,29,30],"killed_by":"Snake Plant","ascension_level":14}}