{"host":"rmsq46plbpwfbxcc","time":1607475864,"event":{"gold_per_floor":[113,132,150,225,239,239,269,283,283,302,302,452,452,477,477,477,477],"floor_reached":16,"playtime":449,"items_purged":[],"score":202,"play_id":"94ab7e80-f844-4449-9d73-948e1f256e74","local_time":"20201209100424","is_ascension_mode":true,"campfire_choices":[{"data":"Neutralize","floor":6,"key":"SMITH"},{"data":"Blade Dance","floor":11,"key":"SMITH"},{"floor":13,"key":"REST"},{"data":"Backstab","floor":15,"key":"SMITH"}],"neow_cost":"NONE","seed_source_timestamp":1860809966070700,"circlet_count":0,"master_deck":["AscendersBane","Strike_G","Strike_G","Strike_G","Strike_G","Defend_G","Defend_G","Defend_G","Defend_G","Defend_G","Survivor","Neutralize+1","Slice","Dagger Spray","Deadly Poison","Backstab+1","Blade Dance+1","PiercingWail","Doubt","Corpse Explosion"],"relics":["Ring of the Snake","The Courier","Blue Candle","TungstenRod"],"potions_floor_usage":[14,16],"damage_taken":[{"damage":12,"enemies":"Small Slimes","floor":1,"turns":6},{"damage":2,"enemies":"Jaw Worm","floor":2,"turns":4},{"damage":0,"enemies":"2 Louse","floor":3,"turns":3},{"damage":2,"enemies":"2 Fungi Beasts","floor":5,"turns":3},{"damage":12,"enemies":"3 Sentries","floor":7,"turns":9},{"damage":0,"enemies":"Gremlin Gang","floor":8,"turns":3},{"damage":0,"enemies":"3 Louse","floor":10,"turns":2},{"damage":6,"enemies":"Lagavulin","floor":14,"turns":6},{"damage":42,"enemies":"Slime Boss","floor":16,"turns":7}],"seed_played":"-8657897184922509092","potions_obtained":[{"floor":2,"key":"LiquidBronze"},{"floor":5,"key":"Ancient Potion"},{"floor":7,"key":"CunningPotion"},{"floor":8,"key":"CunningPotion"}],"is_trial":false,"path_per_floor":["M","M","M","?","M","R","E","M","T","M","R","?","R","E","R","B"],"character_chosen":"THE_SILENT","items_purchased":[],"campfire_rested":1,"item_purchase_floors":[],"current_hp_per_floor":[47,45,45,34,32,32,20,20,20,20,20,20,39,33,33,0,0],"gold":477,"neow_bonus":"TRANSFORM_CARD","is_prod":false,"is_daily":false,"chose_seed":false,"campfire_upgraded":3,"win_rate":0,"timestamp":1607475864,"path_taken":["M","M","M","?","M","R","E","M","T","M","R","?","R","E","R","BOSS"],"build_version":"2020-11-30","purchased_purges":0,"victory":false,"max_hp_per_floor":[66,66,66,66,66,66,66,66,66,66,66,66,66,66,66,66,66],"card_choices":[{"not_picked":["Poisoned Stab","Bane"],"picked":"Dagger Spray","floor":1},{"not_picked":["Sucker Punch","Outmaneuver"],"picked":"Deadly Poison","floor":2},{"not_picked":["Sucker Punch","Dagger Throw"],"picked":"Backstab","floor":3},{"not_picked":["Outmaneuver","Bane"],"picked":"Blade Dance","floor":5},{"not_picked":["Infinite Blades","Distraction"],"picked":"PiercingWail","floor":7},{"not_picked":["Quick Slash","Deflect","Setup"],"picked":"SKIP","floor":8},{"not_picked":["PiercingWail","Acrobatics","Setup"],"picked":"SKIP","floor":10},{"not_picked":["Sucker Punch","Outmaneuver"],"picked":"Corpse Explosion","floor":14}],"player_experience":1286556,"relics_obtained":[{"floor":7,"key":"The Courier"},{"floor":9,"key":"Blue Candle"},{"floor":14,"key":"TungstenRod"}],"event_choices":[{"damage_healed":0,"gold_gain":75,"player_choice":"Gather Gold","damage_taken":11,"max_hp_gain":0,"max_hp_loss":0,"event_name":"World of Goop","floor":4,"gold_loss":0},{"damage_healed":0,"gold_gain":150,"player_choice":"AGREE","damage_taken":0,"max_hp_gain":0,"max_hp_loss":0,"event_name":"Liars Game","floor":12,"gold_loss":0,"cards_obtained":["Doubt"]}],"is_beta":false,"boss_relics":[],"items_purged_floors":[],"is_endless":false,"potions_floor_spawned":[2,5,7,8],"killed_by":"Slime Boss","ascension_level":16}}