{"host":"agela5aetnmltfvm","time":1607528256,"event":{"gold_per_floor":[117,136,153,136,158,180,180,180],"floor_reached":7,"playtime":477,"items_purged":[],"score":47,"play_id":"f07586f1-e628-475d-8a0d-302cbef7441d","local_time":"20201209233736","is_ascension_mode":false,"campfire_choices":[],"neow_cost":"NONE","seed_source_timestamp":5103406544100,"circlet_count":0,"master_deck":["hierophant:Strike_Hierophant","hierophant:Strike_Hierophant","hierophant:Strike_Hierophant","hierophant:Strike_Hierophant","hierophant:Punish","hierophant:Defend_Hierophant","hierophant:Defend_Hierophant","hierophant:Defend_Hierophant","hierophant:Defend_Hierophant","hierophant:ChurchCoffers","hierophant:TollTheBells","hierophant:Prophecy","hierophant:OrnateBuckler","hierophant:Glossolalia","hierophant:Invocation"],"relics":["hierophant:PropheticMaskRelic"],"potions_floor_usage":[7],"damage_taken":[{"damage":10,"enemies":"Cultist","floor":1,"turns":4},{"damage":0,"enemies":"2 Louse","floor":2,"turns":3},{"damage":10,"enemies":"Small Slimes","floor":3,"turns":3},{"damage":2,"enemies":"Looter","floor":4,"turns":4},{"damage":10,"enemies":"2 Fungi Beasts","floor":5,"turns":4},{"damage":1,"enemies":"Exordium Wildlife","floor":6,"turns":4},{"damage":37,"enemies":"Lagavulin","floor":7,"turns":10}],"seed_played":"-459428945110273837","potions_obtained":[{"floor":1,"key":"Weak Potion"},{"floor":4,"key":"Explosive Potion"}],"is_trial":false,"path_per_floor":["M","M","M","M","M","M","E"],"character_chosen":"HIEROPHANT","items_purchased":[],"campfire_rested":0,"item_purchase_floors":[],"current_hp_per_floor":[65,65,55,53,43,42,5,5],"gold":180,"neow_bonus":"THREE_CARDS","is_prod":false,"is_daily":false,"chose_seed":false,"campfire_upgraded":0,"win_rate":0.0,"timestamp":1607528256,"path_taken":["M","M","M","?","M","M","E"],"build_version":"2020-11-30","purchased_purges":0,"victory":false,"max_hp_per_floor":[75,75,75,75,75,75,75,75],"card_choices":[{"not_picked":["hierophant:Shelter","hierophant:Purify"],"picked":"hierophant:TollTheBells","floor":0},{"not_picked":["hierophant:CoinFling","hierophant:Purify","hierophant:Doubloon"],"picked":"SKIP","floor":1},{"not_picked":["hierophant:HolyVerse","hierophant:Doubloon"],"picked":"hierophant:Prophecy","floor":2},{"not_picked":["hierophant:HolyVerse","hierophant:ThreeLashes"],"picked":"hierophant:OrnateBuckler","floor":3},{"not_picked":["hierophant:CursedGold","hierophant:RustyCrate"],"picked":"hierophant:Glossolalia","floor":4},{"not_picked":["hierophant:SolarFlare","hierophant:ThreeLashes","hierophant:OrnateBuckler"],"picked":"SKIP","floor":5},{"not_picked":["hierophant:EyeForCoin","hierophant:CoinFling"],"picked":"hierophant:Invocation","floor":6}],"player_experience":485106,"relics_obtained":[],"event_choices":[],"is_beta":false,"boss_relics":[],"items_purged_floors":[],"is_endless":false,"potions_floor_spawned":[1,4],"killed_by":"Lagavulin","ascension_level":0}}