{"host":"reugk9pd1uotrglt","time":1607536184,"event":{"gold_per_floor":[111,186,151,151,165,165,191,191,191,60,73,102,102,114,114,188,188,198,198,198,198,198,226,226,260,286,10,10,38,38,69,69,145,145,163,177,177,67,77,77,406,420,447,474,490,503,523,542,542,542,542],"floor_reached":52,"playtime":1896,"items_purged":[],"score":2521,"play_id":"b4244805-b627-4df8-a08b-85d560bba311","local_time":"20201209184944","is_ascension_mode":true,"campfire_choices":[{"data":"Bash","floor":6.0,"key":"SMITH"},{"floor":8.0,"key":"REST"},{"data":"Shockwave","floor":15.0,"key":"SMITH"},{"floor":24.0,"key":"REST"},{"floor":28.0,"key":"REST"},{"floor":32.0,"key":"REST"},{"floor":40.0,"key":"REST"},{"floor":49,"key":"REST"}],"neow_cost":"","seed_source_timestamp":229564548605100,"circlet_count":0,"master_deck":["AscendersBane","Strike_R+1","Strike_R+1","Strike_R+1","Strike_R+1","Strike_R+1","Defend_R+1","Defend_R+1","Defend_R+1","Bash+1","Apotheosis+1","Cleave+1","Shrug It Off","Shrug It Off","Headbutt+1","Shockwave+1","Perfected Strike","Reaper","Perfected Strike+1","Pommel Strike+1","Demon Form+1","Battle Trance","Inflame","Perfected Strike+1","Perfected Strike","Shrug It Off","Dark Embrace","Perfected Strike"],"special_seed":0,"relics":["Burning Blood","Torii","Pen Nib","Ice Cream","Fusion Hammer","Nilry\u0027s Codex","MutagenicStrength","Bronze Scales","Bag of Preparation","Whetstone","Regal Pillow","Lizard Tail","MealTicket","Velvet Choker","Old Coin","Dream Catcher","Centennial Puzzle"],"potions_floor_usage":[50,51],"damage_taken":[{"damage":8.0,"enemies":"Jaw Worm","floor":1.0,"turns":4.0},{"damage":12.0,"enemies":"Small Slimes","floor":5.0,"turns":3.0},{"damage":42.0,"enemies":"3 Sentries","floor":7.0,"turns":8.0},{"damage":0.0,"enemies":"2 Louse","floor":11.0,"turns":2.0},{"damage":27.0,"enemies":"Gremlin Nob","floor":12.0,"turns":4.0},{"damage":1.0,"enemies":"Large Slime","floor":14.0,"turns":3.0},{"damage":4.0,"enemies":"The Guardian","floor":16.0,"turns":11.0},{"damage":16.0,"enemies":"Shell Parasite","floor":18.0,"turns":4.0},{"damage":0.0,"enemies":"Spheric Guardian","floor":20.0,"turns":1.0},{"damage":33.0,"enemies":"Gremlin Leader","floor":23.0,"turns":7.0},{"damage":29.0,"enemies":"Book of Stabbing","floor":25.0,"turns":3.0},{"damage":17.0,"enemies":"Slavers","floor":29.0,"turns":3.0},{"damage":29.0,"enemies":"Book of Stabbing","floor":31.0,"turns":5.0},{"damage":77.0,"enemies":"Collector","floor":33.0,"turns":9.0},{"damage":11.0,"enemies":"Orb Walker","floor":35.0,"turns":3.0},{"damage":11.0,"enemies":"3 Shapes","floor":36.0,"turns":2.0},{"damage":30.0,"enemies":"Spire Growth","floor":39.0,"turns":4.0},{"damage":9.0,"enemies":"Giant Head","floor":41.0,"turns":6.0},{"damage":1.0,"enemies":"4 Shapes","floor":42.0,"turns":5.0},{"damage":61.0,"enemies":"Reptomancer","floor":44.0,"turns":6.0},{"damage":13.0,"enemies":"Maw","floor":45.0,"turns":5.0},{"damage":11.0,"enemies":"Sphere and 2 Shapes","floor":46.0,"turns":3.0},{"damage":44.0,"enemies":"Spire Growth","floor":47.0,"turns":5.0},{"damage":8,"enemies":"Maw","floor":48,"turns":5},{"damage":96,"enemies":"Awakened One","floor":50,"turns":8},{"damage":58,"enemies":"Time Eater","floor":51,"turns":5}],"seed_played":"114635704124673864","potions_obtained":[{"floor":5.0,"key":"Fruit Juice"},{"floor":11.0,"key":"SmokeBomb"},{"floor":18.0,"key":"Swift Potion"},{"floor":29.0,"key":"BlessingOfTheForge"},{"floor":31.0,"key":"Weak Potion"},{"floor":36.0,"key":"FearPotion"},{"floor":45.0,"key":"ColorlessPotion"},{"floor":46.0,"key":"Dexterity Potion"}],"is_trial":false,"path_per_floor":["M","?","?","?","M","R","E","R","T","$","M","E","?","M","R","B",null,"M","?","M","?","?","E","R","E","T","$","R","E","?","E","R","B",null,"M","M","?","?","M","R","E","M","T","E","M","M","M","M","R","B","B",null],"character_chosen":"IRONCLAD","items_purchased":["Apotheosis","Headbutt","Immolate","Regal Pillow","CultistPotion"],"campfire_rested":6,"item_purchase_floors":[0,10,10,27,27],"current_hp_per_floor":[61,50,68,68,67,67,31,55,55,55,61,40,45,50,50,52,77,67,67,73,52,52,34,59,36,36,36,76,65,65,42,82,43,75,70,80,80,80,56,85,82,85,85,57,50,59,39,46,85,41,62],"gold":542,"neow_bonus":"","is_prod":false,"is_daily":false,"chose_seed":false,"campfire_upgraded":2,"win_rate":0,"timestamp":1607536184,"path_taken":["M","?","?","?","M","R","E","R","T","$","M","E","?","M","R","BOSS","M","?","M","?","?","E","R","E","T","?","R","E","?","E","R","BOSS","M","M","?","?","M","R","E","M","T","E","M","M","?","M","R","BOSS","BOSS"],"build_version":"2020-11-30","purchased_purges":0,"victory":true,"max_hp_per_floor":[75,75,75,75,80,80,80,80,80,80,80,80,85,85,85,85,85,85,85,85,85,85,85,85,85,85,85,85,85,85,85,85,85,85,85,85,85,85,85,85,85,85,85,85,85,85,85,85,85,85,85],"card_choices":[{"not_picked":["Bloodletting","Clothesline"],"picked":"Cleave","floor":1.0},{"not_picked":["Entrench","True Grit"],"picked":"Shrug It Off","floor":5.0},{"not_picked":["Bloodletting","Armaments"],"picked":"Shrug It Off","floor":7.0},{"not_picked":["Power Through","Sever Soul"],"picked":"Shockwave","floor":11.0},{"not_picked":["Bloodletting","Rupture","Sword Boomerang"],"picked":"SKIP","floor":12.0},{"not_picked":["Anger","Headbutt"],"picked":"Perfected Strike","floor":14.0},{"not_picked":["Immolate","Brutality"],"picked":"Reaper","floor":16.0},{"not_picked":["Body Slam","Cleave"],"picked":"Perfected Strike+1","floor":18.0},{"not_picked":["Sever Soul","Havoc","Hemokinesis+1"],"picked":"SKIP","floor":23.0},{"not_picked":["Sever Soul","Juggernaut","Uppercut"],"picked":"SKIP","floor":25.0},{"not_picked":["Disarm","Fire Breathing","Cleave"],"picked":"SKIP","floor":29.0},{"not_picked":["Disarm","Infernal Blade"],"picked":"Pommel Strike+1","floor":31.0},{"not_picked":["Exhume","Feed"],"picked":"Demon Form","floor":33.0},{"not_picked":["Anger","Clothesline","Dual Wield"],"picked":"SKIP","floor":35.0},{"not_picked":["Body Slam","Pommel Strike","Dropkick"],"picked":"SKIP","floor":36.0},{"not_picked":["True Grit+1","Shrug It Off"],"picked":"Battle Trance","floor":39.0},{"not_picked":["Exhume","Battle Trance"],"picked":"Inflame","floor":41.0},{"not_picked":["Anger+1","Disarm+1"],"picked":"Perfected Strike+1","floor":42.0},{"not_picked":["Ghostly Armor","Seeing Red"],"picked":"Perfected Strike","floor":44.0},{"not_picked":["Cleave","Clothesline"],"picked":"Shrug It Off","floor":45.0},{"not_picked":["Battle Trance","Twin Strike","Cleave"],"picked":"SKIP","floor":46.0},{"not_picked":["Shrug It Off","Pummel"],"picked":"Dark Embrace","floor":47.0},{"not_picked":["Dark Embrace","Bloodletting"],"picked":"Perfected Strike","floor":48}],"player_experience":1465694,"relics_obtained":[{"floor":7.0,"key":"Torii"},{"floor":9.0,"key":"Pen Nib"},{"floor":12.0,"key":"Ice Cream"},{"floor":21.0,"key":"Nilry\u0027s Codex"},{"floor":23.0,"key":"Bronze Scales"},{"floor":25.0,"key":"Bag of Preparation"},{"floor":26.0,"key":"Whetstone"},{"floor":29.0,"key":"Lizard Tail"},{"floor":31.0,"key":"MealTicket"},{"floor":41.0,"key":"Old Coin"},{"floor":43.0,"key":"Dream Catcher"},{"floor":44.0,"key":"Centennial Puzzle"}],"event_choices":[{"damage_healed":0.0,"max_hp_gain":0.0,"max_hp_loss":0.0,"gold_gain":75.0,"event_name":"World of Goop","player_choice":"Gather Gold","floor":2.0,"gold_loss":0.0,"damage_taken":11.0},{"damage_healed":18.0,"max_hp_gain":0.0,"max_hp_loss":0.0,"gold_gain":0.0,"event_name":"The Cleric","player_choice":"Healed","floor":3.0,"gold_loss":35.0,"damage_taken":0.0},{"damage_healed":0.0,"max_hp_gain":0.0,"max_hp_loss":0.0,"gold_gain":0.0,"event_name":"Living Wall","player_choice":"Grow","floor":4.0,"gold_loss":0.0,"damage_taken":0.0,"cards_upgraded":["Apotheosis"]},{"damage_healed":0.0,"max_hp_gain":5.0,"max_hp_loss":0.0,"gold_gain":0.0,"event_name":"Big Fish","player_choice":"Donut","floor":13.0,"gold_loss":0.0,"damage_taken":0.0},{"damage_healed":0.0,"max_hp_gain":0.0,"max_hp_loss":0.0,"gold_gain":0.0,"event_name":"Back to Basics","player_choice":"Simplicity","floor":19.0,"gold_loss":0.0,"damage_taken":0.0,"cards_upgraded":["Strike_R","Strike_R","Strike_R","Strike_R","Strike_R","Defend_R","Defend_R","Defend_R","Defend_R"]},{"damage_healed":0.0,"max_hp_gain":0.0,"max_hp_loss":0.0,"gold_gain":0.0,"event_name":"Cursed Tome","player_choice":"Obtained Book","floor":21.0,"gold_loss":0.0,"damage_taken":21.0},{"damage_healed":0.0,"max_hp_gain":0.0,"max_hp_loss":0.0,"gold_gain":0.0,"event_name":"Drug Dealer","player_choice":"Inject Mutagens","floor":22.0,"gold_loss":0.0,"damage_taken":0.0,"relics_obtained":["MutagenicStrength"]},{"damage_healed":0.0,"max_hp_gain":0.0,"max_hp_loss":0.0,"gold_gain":0.0,"event_name":"The Mausoleum","player_choice":"Ignored","floor":30.0,"gold_loss":0.0,"damage_taken":0.0},{"cards_removed":["Defend_R"],"damage_healed":0.0,"max_hp_gain":0.0,"max_hp_loss":0.0,"gold_gain":0.0,"event_name":"Falling","player_choice":"Removed Skill","floor":37.0,"gold_loss":0.0,"damage_taken":0.0},{"cards_removed":["Immolate"],"damage_healed":0.0,"max_hp_gain":0.0,"max_hp_loss":0.0,"gold_gain":0.0,"event_name":"Designer","player_choice":"Upgrade and Remove","floor":38.0,"gold_loss":110.0,"damage_taken":0.0,"cards_upgraded":["Demon Form"]}],"is_beta":false,"boss_relics":[{"not_picked":["Calling Bell","Sozu"],"picked":"Fusion Hammer"},{"not_picked":["Cursed Key","Runic Cube"],"picked":"Velvet Choker"}],"items_purged_floors":[],"is_endless":false,"potions_floor_spawned":[5,11,18,20,29,31,36,45,46],"ascension_level":20}}