{"host":"6q3xrfxx8iswq9mh","time":1607518223,"event":{"gold_per_floor":[115,127,127,37,57,57,5,33,58,38,56,73,73,84,84,188,188,188,188],"floor_reached":18,"playtime":744,"items_purged":[],"score":162,"play_id":"b59d7025-eaff-43ab-81d0-e01995bab374","local_time":"20201209205023","is_ascension_mode":false,"campfire_choices":[{"data":"Runesmith:PoweredAnvil","floor":6.0,"key":"SMITH"},{"floor":13.0,"key":"REST"},{"data":"Runesmith:GrandSlam","floor":15,"key":"SMITH"}],"neow_cost":"NONE","seed_source_timestamp":970002810450400,"circlet_count":0,"master_deck":["Runesmith:Strike_RS","Runesmith:Strike_RS","Runesmith:Strike_RS","Runesmith:Strike_RS","Runesmith:Defend_RS","Runesmith:Defend_RS","Runesmith:Defend_RS","Runesmith:CraftFirestone","Runesmith:Fortify","Runesmith:RuneHurl","Runesmith:Retool","Runesmith:ShiftingStrike","Runesmith:PoweredAnvil+1","Runesmith:ShiftingStrike","Runesmith:Refine","Runesmith:GrandSlam+1","Runesmith:BackupBattery","Runesmith:HammerThrow","Runesmith:CraftVitae","Runesmith:CraftMedicinae"],"special_seed":0,"relics":["Runesmith:BrokenRuby","NeowsBlessing","Lantern","Strawberry","SlaversCollar"],"potions_floor_usage":[16,16],"damage_taken":[{"damage":0.0,"enemies":"Cultist","floor":1.0,"turns":1.0},{"damage":0.0,"enemies":"Jaw Worm","floor":2.0,"turns":1.0},{"damage":0.0,"enemies":"Small Slimes","floor":5.0,"turns":1.0},{"damage":26.0,"enemies":"3 Sentries","floor":8.0,"turns":7.0},{"damage":10.0,"enemies":"Looter","floor":11.0,"turns":3.0},{"damage":0.0,"enemies":"Gremlin Gang","floor":12.0,"turns":3.0},{"damage":11,"enemies":"Lots of Slimes","floor":14,"turns":5},{"damage":34,"enemies":"Hexaghost","floor":16,"turns":9},{"damage":41,"enemies":"Shell Parasite","floor":18,"turns":6}],"seed_played":"7745554660173218512","potions_obtained":[{"floor":1.0,"key":"Weak Potion"},{"floor":10.0,"key":"AttackPotion"},{"floor":11.0,"key":"Elixir"},{"floor":12.0,"key":"AttackPotion"},{"floor":16,"key":"Weak Potion"}],"is_trial":false,"path_per_floor":["M","M","?","$","M","R","$","E","T","?","M","M","R","M","R","B",null,"M"],"character_chosen":"RUNESMITH_CLASS","items_purchased":["Runesmith:PoweredAnvil","Runesmith:ShiftingStrike","PowerPotion"],"campfire_rested":1,"item_purchase_floors":[4,4,7],"current_hp_per_floor":[70,70,70,70,70,70,70,44,51,51,41,41,64,53,53,19,77,36,36],"gold":188,"neow_bonus":"THREE_ENEMY_KILL","is_prod":false,"is_daily":false,"chose_seed":false,"campfire_upgraded":2,"win_rate":0.0,"timestamp":1607518223,"path_taken":["M","M","?","$","M","R","?","E","T","?","M","?","R","M","R","BOSS","M"],"build_version":"2020-11-30","purchased_purges":0,"victory":false,"max_hp_per_floor":[70,70,70,70,70,70,70,70,77,77,77,77,77,77,77,77,77,77,77],"card_choices":[{"not_picked":["Runesmith:Discharge","Runesmith:CraftProtectio"],"picked":"Runesmith:RuneHurl","floor":1.0},{"not_picked":["Runesmith:HammerThrow","Runesmith:CraftMagma"],"picked":"Runesmith:Retool","floor":2.0},{"not_picked":["Runesmith:MakeshiftArmor","Runesmith:Permafrost"],"picked":"Runesmith:Refine","floor":5.0},{"not_picked":["Runesmith:Prism","Runesmith:HeatedChisel"],"picked":"Runesmith:GrandSlam","floor":8.0},{"not_picked":["Runesmith:Firewall","Runesmith:HeatExchange"],"picked":"Runesmith:BackupBattery","floor":11.0},{"not_picked":["Runesmith:Grindstone","Runesmith:Permafrost"],"picked":"Runesmith:HammerThrow","floor":12.0},{"not_picked":["Runesmith:MakeshiftArmor","Runesmith:StaticCage"],"picked":"Runesmith:CraftVitae","floor":14},{"not_picked":["Runesmith:DuctTape","Runesmith:Duplicate"],"picked":"Runesmith:CraftMedicinae","floor":16}],"player_experience":264608,"relics_obtained":[{"floor":8.0,"key":"Lantern"},{"floor":9.0,"key":"Strawberry"}],"event_choices":[{"damage_healed":0.0,"max_hp_gain":0.0,"max_hp_loss":0.0,"gold_gain":0.0,"cards_transformed":["Runesmith:Defend_RS"],"event_name":"Transmorgrifier","player_choice":"Transformed","floor":3.0,"gold_loss":0.0,"damage_taken":0.0,"cards_obtained":["Runesmith:ShiftingStrike"]},{"damage_healed":0.0,"max_hp_gain":0.0,"max_hp_loss":0.0,"gold_gain":0.0,"event_name":"The Woman in Blue","player_choice":"Bought 1 Potion","floor":10.0,"gold_loss":0.0,"damage_taken":0.0}],"is_beta":false,"boss_relics":[{"not_picked":["Snecko Eye","Velvet Choker"],"picked":"SlaversCollar"}],"items_purged_floors":[],"is_endless":false,"potions_floor_spawned":[1,11,12,16],"killed_by":"Shell Parasite","ascension_level":0}}