{"host":"m3rs92yjkwi06hli","time":1607548933,"event":{"gold_per_floor":[116,116,116,116,49,49,77,77,77,109,109,119,119,139,158,174,174,273,273,292,305,605,52,68,68,99,99,99,142,142,334,391,460,460,611,611,669,422,467,550,632,659,659],"floor_reached":42,"playtime":1532,"items_purged":["Clumsy"],"score":753,"play_id":"ad5e8909-4aff-4d3a-afdb-ac0c6cf1abe3","local_time":"20201209152213","is_ascension_mode":true,"campfire_choices":[{"data":"rat:SilveredBlade","floor":6,"key":"SMITH"},{"data":"Adrenaline","floor":13,"key":"SMITH"},{"data":"Cloak And Dagger","floor":17,"key":"SMITH"},{"floor":25,"key":"REST"},{"data":"hubris:DuctTapeCard","floor":27,"key":"SMITH"},{"floor":34,"key":"REST"}],"neow_cost":"NONE","seed_source_timestamp":454908846269000,"circlet_count":0,"master_deck":["conspire:GhostlyStrike","conspire:GhostlyStrike","conspire:GhostlyStrike","conspire:GhostlyStrike","conspire:GhostlyStrike","conspire:GhostlyDefend","conspire:GhostlyDefend","conspire:GhostlyDefend","conspire:GhostlyDefend+1","conspire:GhostlyDefend","Survivor","Neutralize+1","rat:SilveredBlade+1","Dash","Adrenaline+1","rat:SilveredBlade+1","Cloak And Dagger+1","rat:FanOfKnives+1","Prepared","Die Die Die+1","rat:ColdBlood","Deflect+1","rat:SilverDagger+1","hubris:DuctTapeCard+2","Cloak And Dagger","Dagger Spray+1","Sucker Punch+1","Escape Plan","ReplayTheSpireMod:From All Sides+1","Parasite","Neutralize+1","aspiration:Lunge+1","Panacea","infinitespire:Execution","After Image","Cloak And Dagger","Cloak And Dagger","Accuracy","rat:OpeningStrike+1","Terror+1","Riddle With Holes+1","Distraction+1"],"relics":["Ring of the Snake","NeowsBlessing","hubris:Icosahedron","hubris:TenFootPole","CaptainsWheel","Bag of Marbles","Molten Egg 2","HoveringKite","Old Coin","rat:SoulRing","rat:SilverBolt","hubris:DuctTape","Replay:Bandana","Art of War","Replay:Bronze Core","Juzu Bracelet","ReplayTheSpireMod:SealedPack","War Paint"],"potions_floor_usage":[18,21,24,42,42],"damage_taken":[{"damage":0,"enemies":"Jaw Worm","floor":1,"turns":1},{"damage":0,"enemies":"3 Sentries","floor":7,"turns":1},{"damage":0,"enemies":"Lagavulin","floor":10,"turns":1},{"damage":10,"enemies":"Small Slimes","floor":12,"turns":2},{"damage":0,"enemies":"Cultist","floor":14,"turns":2},{"damage":5,"enemies":"Gremlin Gang","floor":15,"turns":4},{"damage":0,"enemies":"Large Slime","floor":16,"turns":5},{"damage":0,"enemies":"Slime Boss","floor":18,"turns":7},{"damage":1,"enemies":"2 Thieves","floor":20,"turns":4},{"damage":28,"enemies":"conspire:FuzzyDice","floor":21,"turns":4},{"damage":0,"enemies":"3 Cultists","floor":24,"turns":4},{"damage":2,"enemies":"conspire:SneckoGhost","floor":26,"turns":5},{"damage":18,"enemies":"Centurion and Healer","floor":29,"turns":3},{"damage":6,"enemies":"Snecko","floor":32,"turns":3},{"damage":10,"enemies":"Book of Stabbing","floor":33,"turns":3},{"damage":32,"enemies":"Automaton","floor":35,"turns":7},{"damage":10,"enemies":"3 Shapes","floor":37,"turns":4},{"damage":0,"enemies":"Orb Walker","floor":39,"turns":1},{"damage":26,"enemies":"Maw","floor":40,"turns":6},{"damage":26,"enemies":"conspire:MimicChest","floor":41,"turns":5},{"damage":15,"enemies":"Nightmare","floor":42,"turns":2}],"seed_played":"7163243731899072169","potions_obtained":[{"floor":7,"key":"Milkshake"},{"floor":12,"key":"Weak Potion"},{"floor":15,"key":"Fire Potion"},{"floor":18,"key":"Elixir"},{"floor":20,"key":"LiquidBronze"},{"floor":24,"key":"Fruit Juice"},{"floor":26,"key":"Cursed Concoction"},{"floor":40,"key":"SkillPotion"}],"is_trial":false,"path_per_floor":["M","?","?","?","?","R","E","PTL","PTL","E","T","M","R","M","M","M","R","B",null,"M","M","?","$","M","R","E","R","T","M","AVR","?","M","E","R","B",null,"M","$","M","M","?","NM"],"character_chosen":"THE_SILENT","items_purchased":["rat:SoulRing","Die Die Die+1","rat:SilverBolt","rat:ColdBlood","Deflect+1","Cloak And Dagger","Accuracy","rat:OpeningStrike+1","Terror"],"campfire_rested":2,"item_purchase_floors":[23,23,23,23,23,38,38,38,38],"current_hp_per_floor":[70,70,70,70,70,70,70,70,70,70,70,60,60,60,55,55,55,55,70,69,41,41,41,46,68,66,66,66,48,48,39,33,23,45,13,75,65,65,65,39,13,0,0],"gold":659,"neow_bonus":"THREE_ENEMY_KILL","is_prod":false,"is_daily":false,"chose_seed":false,"campfire_upgraded":4,"win_rate":0,"timestamp":1607548933,"path_taken":["M","?","?","?","?","R","E","PTL","PTL","E","T","?","R","?","M","M","R","BOSS","M","M","?","$","M","R","E","R","T","M","AVR","?","M","E","R","BOSS","M","$","M","M","?","NM"],"build_version":"2020-11-30","purchased_purges":1,"victory":false,"max_hp_per_floor":[70,70,70,70,70,70,70,70,70,70,70,70,70,70,70,70,70,70,70,70,70,70,70,75,75,75,75,75,75,75,75,75,75,75,75,75,75,75,75,75,75,75,75],"relic_stats":{"counters":[21,74],"HoveringKite":[9],"Art of War":[0],"Juzu Bracelet":0,"War Paint":["conspire:GhostlyDefend","Terror"],"obtain_stats":[{"rat:SilverBolt":23,"NeowsBlessing":0,"hubris:DuctTape":26,"HoveringKite":19,"ReplayTheSpireMod:SealedPack":36,"Juzu Bracelet":33,"War Paint":41,"Old Coin":22,"CaptainsWheel":7,"Replay:Bandana":28,"hubris:Icosahedron":4,"Replay:Bronze Core":30,"Molten Egg 2":11,"rat:SoulRing":23,"hubris:TenFootPole":5,"Bag of Marbles":10,"Art of War":30,"Ring of the Snake":0},{"rat:SilverBolt":10,"NeowsBlessing":0,"hubris:DuctTape":12,"HoveringKite":8,"ReplayTheSpireMod:SealedPack":16,"Juzu Bracelet":15,"War Paint":20,"Old Coin":10,"CaptainsWheel":2,"Replay:Bandana":12,"hubris:Icosahedron":1,"Replay:Bronze Core":13,"Molten Egg 2":3,"rat:SoulRing":10,"hubris:TenFootPole":1,"Bag of Marbles":3,"Art of War":13,"Ring of the Snake":0},{"rat:SilverBolt":31,"NeowsBlessing":0,"hubris:DuctTape":40,"HoveringKite":23,"ReplayTheSpireMod:SealedPack":56,"Juzu Bracelet":49,"War Paint":72,"Old Coin":31,"CaptainsWheel":2,"Replay:Bandana":40,"hubris:Icosahedron":1,"Replay:Bronze Core":43,"Molten Egg 2":3,"rat:SoulRing":31,"hubris:TenFootPole":1,"Bag of Marbles":3,"Art of War":43,"Ring of the Snake":0}],"Ring of the Snake":[42]},"card_choices":[{"not_picked":["Hidden Blade","Backflip"],"picked":"rat:SilveredBlade","floor":1},{"not_picked":["Dagger Throw","Quick Slash"],"picked":"Dash","floor":7},{"not_picked":["Sucker Punch","Quick Slash"],"picked":"Adrenaline","floor":10},{"not_picked":["ReplayTheSpireMod:Tripwire","rat:Shadowstep"],"picked":"rat:SilveredBlade+1","floor":12},{"not_picked":["Quick Slash+1","Slice+1"],"picked":"Cloak And Dagger","floor":14},{"not_picked":["rat:RuptureArtery+1","Acrobatics","Catalyst"],"picked":"SKIP","floor":15},{"not_picked":["rat:Sprint","PiercingWail"],"picked":"Backstab+1","floor":16},{"not_picked":["Corpse Explosion","Bullet Time"],"picked":"A Thousand Cuts","floor":18},{"not_picked":["Acrobatics+1","rat:Sprint"],"picked":"rat:FanOfKnives+1","floor":20},{"not_picked":["Predator+1","rat:ArgentInfusion"],"picked":"Prepared","floor":21},{"not_picked":["Deadly Poison","Quick Slash+1"],"picked":"rat:SilverDagger+1","floor":24},{"not_picked":["rat:ColdBlood","conspire:PoisonWeapons+1"],"picked":"Cloak And Dagger","floor":26},{"not_picked":["rat:Garrote+1","Catalyst","Bane+1"],"picked":"SKIP","floor":29},{"not_picked":["Quick Slash+1","Poisoned Stab+1"],"picked":"Dagger Spray+1","floor":31},{"not_picked":["rat:ArgentInfusion","hubris:TrickCloak"],"picked":"Sucker Punch+1","floor":32},{"not_picked":["Poison Darts","Fluid Movement"],"picked":"Escape Plan","floor":33},{"not_picked":["Doppelganger","rat:Dispatch+1"],"picked":"ReplayTheSpireMod:From All Sides+1","floor":35},{"not_picked":["Eruption","Zap"],"picked":"Neutralize","floor":36},{"not_picked":["rat:BloodPact","Glass Knife"],"picked":"aspiration:Lunge","floor":36},{"not_picked":["conspire:Banana","Specialist"],"picked":"Panacea","floor":36},{"not_picked":["infinitespire:Oblivion","infinitespire:SevenWalls"],"picked":"infinitespire:Execution","floor":36},{"not_picked":["All Out Attack+1","rat:Shadowstep+1"],"picked":"After Image","floor":37},{"not_picked":["Bane+1","Dagger Throw+1"],"picked":"Riddle With Holes+1","floor":39},{"not_picked":["ReplayTheSpireMod:Exploit Weakness+1","Concentrate+1","rat:Shadowstep"],"picked":"SKIP","floor":40},{"not_picked":["Underhanded Strike+1","ReplayTheSpireMod:Exploit Weakness"],"picked":"Distraction+1","floor":41}],"player_experience":715947,"relics_obtained":[{"floor":7,"key":"CaptainsWheel"},{"floor":10,"key":"Bag of Marbles"},{"floor":11,"key":"Molten Egg 2"},{"floor":26,"key":"hubris:DuctTape"},{"floor":28,"key":"Replay:Bandana"},{"floor":33,"key":"Juzu Bracelet"},{"floor":41,"key":"War Paint"}],"event_choices":[{"damage_healed":0,"gold_gain":0,"player_choice":"Agree","damage_taken":0,"max_hp_gain":0,"max_hp_loss":0,"event_name":"conspire:LoneGhost","floor":2,"gold_loss":0},{"damage_healed":0,"gold_gain":0,"player_choice":"Grow","damage_taken":0,"max_hp_gain":0,"max_hp_loss":0,"event_name":"Living Wall","floor":3,"gold_loss":0,"cards_upgraded":["Neutralize"]},{"damage_healed":0,"gold_gain":0,"player_choice":"Paid Gold","damage_taken":0,"relics_obtained":["hubris:TenFootPole"],"max_hp_gain":0,"max_hp_loss":0,"event_name":"WeMeetAgain","floor":5,"gold_loss":67}],"is_beta":false,"boss_relics":[{"not_picked":["energizedSpire:HugeHouse","hubris:Stopwatch"],"picked":"HoveringKite"},{"not_picked":["energizedSpire:PogoStick","aspiration:FutureDiary"],"picked":"ReplayTheSpireMod:SealedPack"}],"items_purged_floors":[23],"is_endless":false,"potions_floor_spawned":[7,12,15,18,20,24,26,33,40,41],"killed_by":"Nightmare","ascension_level":3}}