{"host":"69rply1jf2d1wbmp","time":1607494109,"event":{"gold_per_floor":[217,235,108,126,126,161,36,36,86,86,100,110,140,153,153,254,254,270,284,295,295,308,308,338,338,362,4,23,23,23,23,23,120,120,134,134,144,158,158,33,51,51,51,64,64,64],"floor_reached":45,"playtime":1326,"items_purged":["Strike_B","Clumsy","Defend_B+1"],"score":447,"play_id":"1f63659f-0e4e-42e0-92fc-d13222459802","local_time":"20201209010829","is_ascension_mode":false,"campfire_choices":[{"floor":8,"key":"REST"},{"data":"Zap","floor":10,"key":"SMITH"},{"data":"Streamline","floor":15,"key":"SMITH"},{"floor":23,"key":"REST"},{"floor":25,"key":"REST"},{"data":"White Noise","floor":30,"key":"SMITH"},{"floor":32,"key":"RECALL"},{"floor":42,"key":"REST"}],"neow_cost":"NONE","seed_source_timestamp":950323986835400,"circlet_count":0,"master_deck":["Strike_B+1","Strike_B+1","Strike_B+1","Defend_B+1","Defend_B+1","Zap+1","Dualcast","Leap","Go for the Eyes","Streamline+1","Ball Lightning","Static Discharge","Loop","Leap","Barrage","Self Repair","Loop","Amplify","White Noise+1","Static Discharge+1","Leap+1","Conserve Battery+1","Injury"],"relics":["Cracked Core","Bag of Marbles","Bronze Scales","Ornamental Fan","Cursed Key","CaptainsWheel","DataDisk","Frozen Egg 2","Black Star"],"potions_floor_usage":[22,44,44,44,44,45],"damage_taken":[{"damage":0,"enemies":"Small Slimes","floor":1,"turns":2},{"damage":0,"enemies":"Cultist","floor":2,"turns":4},{"damage":0,"enemies":"2 Louse","floor":4,"turns":2},{"damage":26,"enemies":"Lagavulin","floor":6,"turns":7},{"damage":0,"enemies":"Exordium Wildlife","floor":11,"turns":2},{"damage":1,"enemies":"Looter","floor":12,"turns":2},{"damage":18,"enemies":"3 Sentries","floor":13,"turns":4},{"damage":2,"enemies":"Blue Slaver","floor":14,"turns":3},{"damage":27,"enemies":"Hexaghost","floor":16,"turns":6},{"damage":24,"enemies":"Shell Parasite","floor":18,"turns":4},{"damage":10,"enemies":"3 Byrds","floor":19,"turns":3},{"damage":28,"enemies":"Snake Plant","floor":20,"turns":2},{"damage":20,"enemies":"Chosen and Byrds","floor":22,"turns":5},{"damage":18,"enemies":"Gremlin Leader","floor":24,"turns":6},{"damage":6,"enemies":"Sentry and Sphere","floor":28,"turns":5},{"damage":49,"enemies":"Automaton","floor":33,"turns":7},{"damage":22,"enemies":"3 Darklings","floor":35,"turns":5},{"damage":2,"enemies":"Orb Walker","floor":37,"turns":4},{"damage":15,"enemies":"Spire Growth","floor":38,"turns":5},{"damage":14,"enemies":"4 Shapes","floor":41,"turns":5},{"damage":38,"enemies":"Jaw Worm Horde","floor":44,"turns":5},{"damage":69,"enemies":"Giant Head","floor":45,"turns":8}],"seed_played":"-5473655780447369201","potions_obtained":[{"floor":2,"key":"Weak Potion"},{"floor":4,"key":"Regen Potion"},{"floor":22,"key":"EntropicBrew"}],"is_trial":false,"path_per_floor":["M","M","$","M","?","E","$","R","T","R","M","M","E","M","R","B",null,"M","M","M","?","M","R","E","R","T","$","M","$","R","$","R","B",null,"M","?","M","M","?","$","M","R","T","M","E"],"character_chosen":"DEFECT","items_purchased":["Streamline","Loop","PowerPotion","Frozen Egg 2"],"campfire_rested":4,"item_purchase_floors":[3,7,7,27],"current_hp_per_floor":[75,75,75,75,75,49,49,71,71,71,71,70,52,57,57,37,75,58,55,34,34,28,50,39,61,61,61,62,62,62,62,62,20,75,60,60,58,50,50,50,36,57,57,47,0,0],"gold":64,"neow_bonus":"HUNDRED_GOLD","is_prod":false,"is_daily":false,"chose_seed":false,"campfire_upgraded":3,"win_rate":0,"timestamp":1607494109,"path_taken":["M","M","$","M","?","E","?","R","T","R","?","M","E","M","R","BOSS","M","M","M","?","M","R","E","R","T","$","M","$","R","$","R","BOSS","M","?","M","M","?","$","M","R","T","M","E"],"build_version":"2020-11-30","purchased_purges":3,"victory":false,"max_hp_per_floor":[75,75,75,75,75,75,75,75,75,75,75,75,75,75,75,75,75,75,75,75,75,75,75,75,75,75,75,75,75,75,75,75,75,75,75,71,71,71,71,71,71,71,71,71,71,71],"card_choices":[{"not_picked":["Cold Snap","Ball Lightning"],"picked":"Leap","floor":1},{"not_picked":["Stack","Steam"],"picked":"Go for the Eyes","floor":2},{"not_picked":["Leap","Streamline"],"picked":"Ball Lightning","floor":4},{"not_picked":["Turbo","Sunder"],"picked":"Static Discharge","floor":6},{"not_picked":["Turbo","Aggregate"],"picked":"Leap","floor":11},{"not_picked":["Streamline","Rebound"],"picked":"Barrage","floor":12},{"not_picked":["Rip and Tear","Reboot"],"picked":"Self Repair","floor":13},{"not_picked":["Chill","Compile Driver"],"picked":"Loop","floor":14},{"not_picked":["All For One","Reboot"],"picked":"Amplify","floor":16},{"not_picked":["Steam","Beam Cell","Cold Snap"],"picked":"SKIP","floor":18},{"not_picked":["Coolheaded+1","Ball Lightning","Stack"],"picked":"SKIP","floor":19},{"not_picked":["Coolheaded","Hologram"],"picked":"White Noise","floor":20},{"not_picked":["Coolheaded","Cold Snap+1","Glacier"],"picked":"SKIP","floor":22},{"not_picked":["Steam Power+1","Undo","Doom and Gloom"],"picked":"SKIP","floor":24},{"not_picked":["Compile Driver","Storm+1"],"picked":"Static Discharge+1","floor":28},{"not_picked":["Ball Lightning","Steam"],"picked":"Leap+1","floor":35},{"not_picked":["Creative AI+1","Rebound+1"],"picked":"Conserve Battery+1","floor":37},{"not_picked":["Recycle","Go for the Eyes","Cold Snap+1"],"picked":"SKIP","floor":38},{"not_picked":["Lockon","Sweeping Beam","Double Energy"],"picked":"SKIP","floor":41},{"not_picked":["Rip and Tear+1","Coolheaded+1","Heatsinks+1"],"picked":"SKIP","floor":44}],"player_experience":314642,"relics_obtained":[{"floor":6,"key":"Bag of Marbles"},{"floor":9,"key":"Bronze Scales"},{"floor":13,"key":"Ornamental Fan"},{"floor":24,"key":"CaptainsWheel"},{"floor":26,"key":"DataDisk"}],"event_choices":[{"cards_removed":["Defend_B"],"damage_healed":0,"gold_gain":0,"player_choice":"Offered Basic","damage_taken":0,"max_hp_gain":0,"max_hp_loss":0,"event_name":"Bonfire Elementals","floor":5,"gold_loss":0},{"damage_healed":0,"gold_gain":0,"player_choice":"Simplicity","damage_taken":0,"max_hp_gain":0,"max_hp_loss":0,"event_name":"Back to Basics","floor":21,"gold_loss":0,"cards_upgraded":["Strike_B","Strike_B","Strike_B","Defend_B","Defend_B","Defend_B"]},{"damage_healed":0,"gold_gain":0,"player_choice":"Max HP","damage_taken":0,"max_hp_gain":0,"max_hp_loss":4,"event_name":"Winding Halls","floor":36,"gold_loss":0},{"damage_healed":0,"gold_gain":0,"player_choice":"Ignored","damage_taken":0,"max_hp_gain":0,"max_hp_loss":0,"event_name":"Tomb of Lord Red Mask","floor":39,"gold_loss":0}],"is_beta":false,"boss_relics":[{"not_picked":["Ectoplasm","Snecko Eye"],"picked":"Cursed Key"},{"not_picked":["Runic Dome","Philosopher\u0027s Stone"],"picked":"Black Star"}],"items_purged_floors":[3,27,40],"is_endless":false,"potions_floor_spawned":[2,4,12,20,22,24,35],"killed_by":"Giant Head","ascension_level":0}}