{"host":"ozldcesm2z8rukg9","time":1607474961,"event":{"gold_per_floor":[119,134,134,145,217,248,261,287,312,357,369,434,446,458,470,482,482],"floor_reached":16,"playtime":1737,"items_purged":[],"score":286,"play_id":"8bc0c684-c6f8-42b6-86c0-02b64c1ca6e6","local_time":"20201208194921","is_ascension_mode":true,"campfire_choices":[{"floor":11,"key":"REST"},{"floor":15,"key":"RECALL"}],"neow_cost":"NONE","seed_source_timestamp":2400370802584800,"circlet_count":0,"master_deck":["AscendersBane","Strike_G+1","Strike_G","Strike_G","Strike_G+1","Strike_G","Defend_G","Defend_G","Defend_G","Defend_G","Survivor","Neutralize","Masterful Stab","Blur","Masterful Stab","Calculated Gamble","Adrenaline","Predator","Finisher","Endless Agony"],"special_seed":0,"relics":["Fusion Hammer","Ancient Tea Set","Blood Vial","MawBank","Juzu Bracelet"],"potions_floor_usage":[8],"damage_taken":[{"damage":6.0,"enemies":"Cultist","floor":1.0,"turns":5.0},{"damage":0.0,"enemies":"2 Louse","floor":2.0,"turns":3.0},{"damage":0.0,"enemies":"Jaw Worm","floor":4.0,"turns":3.0},{"damage":19.0,"enemies":"Gremlin Nob","floor":6.0,"turns":4.0},{"damage":8.0,"enemies":"Exordium Thugs","floor":7.0,"turns":4.0},{"damage":0,"enemies":"Lagavulin","floor":8,"turns":6},{"damage":34,"enemies":"Gremlin Nob","floor":10,"turns":4},{"damage":14,"enemies":"Hexaghost","floor":16,"turns":7}],"seed_played":"4544911493844462093","potions_obtained":[{"floor":1.0,"key":"EssenceOfSteel"},{"floor":4.0,"key":"Strength Potion"},{"floor":7,"key":"Regen Potion"}],"is_trial":false,"path_per_floor":["M","M","?","M","?","E","M","E","T","E","R","T","?","?","R","B"],"character_chosen":"THE_SILENT","items_purchased":[],"campfire_rested":1,"item_purchase_floors":[],"current_hp_per_floor":[53,53,53,53,53,34,26,41,41,9,28,28,28,8,8,0,0],"gold":482,"neow_bonus":"BOSS_RELIC","is_prod":false,"is_daily":false,"chose_seed":false,"campfire_upgraded":0,"win_rate":0,"timestamp":1607474961,"path_taken":["M","M","?","M","?","E","?","E","T","E","R","?","?","?","R","BOSS"],"build_version":"2020-11-30","purchased_purges":0,"victory":false,"max_hp_per_floor":[66,66,66,66,66,66,66,66,66,66,66,66,66,66,66,66,66],"relic_stats":{"Blood Vial":4,"counters":[8,36],"Juzu Bracelet":0,"MawBank":84,"obtain_stats":[{"Blood Vial":8,"Fusion Hammer":0,"Juzu Bracelet":10,"Ancient Tea Set":6,"MawBank":9,"Ring of the Snake":0},{"Blood Vial":6,"Fusion Hammer":0,"Juzu Bracelet":7,"Ancient Tea Set":4,"MawBank":6,"Ring of the Snake":0},{"Blood Vial":25,"Fusion Hammer":0,"Juzu Bracelet":29,"Ancient Tea Set":15,"MawBank":25,"Ring of the Snake":0}]},"card_choices":[{"not_picked":["Accuracy","Acrobatics"],"picked":"Masterful Stab","floor":1.0},{"not_picked":["Cloak And Dagger","Dodge and Roll"],"picked":"Blur","floor":2.0},{"not_picked":["Slice","Sucker Punch"],"picked":"Calculated Gamble","floor":4.0},{"not_picked":["Cloak And Dagger","Backflip"],"picked":"Adrenaline","floor":6.0},{"not_picked":["Blade Dance","Infinite Blades"],"picked":"Predator","floor":7},{"not_picked":["Escape Plan","Skewer"],"picked":"Finisher","floor":8},{"not_picked":["Dodge and Roll","Well Laid Plans"],"picked":"Endless Agony","floor":10}],"player_experience":1798641,"relics_obtained":[{"floor":6.0,"key":"Ancient Tea Set"},{"floor":8,"key":"Blood Vial"},{"floor":9,"key":"MawBank"},{"floor":10,"key":"Juzu Bracelet"}],"event_choices":[{"damage_healed":0.0,"max_hp_gain":0.0,"max_hp_loss":0.0,"gold_gain":0.0,"cards_transformed":["Defend_G"],"event_name":"Living Wall","player_choice":"Change","floor":3.0,"gold_loss":0.0,"damage_taken":0.0,"cards_obtained":["Masterful Stab"]},{"damage_healed":0.0,"max_hp_gain":0.0,"max_hp_loss":0.0,"gold_gain":72.0,"event_name":"Golden Wing","player_choice":"Gained Gold","floor":5.0,"gold_loss":0.0,"damage_taken":0.0},{"damage_healed":0,"gold_gain":0,"player_choice":"Ignored","damage_taken":0,"max_hp_gain":0,"max_hp_loss":0,"event_name":"Liars Game","floor":13,"gold_loss":0},{"damage_healed":0,"gold_gain":0,"player_choice":"Entered Light","damage_taken":20,"max_hp_gain":0,"max_hp_loss":0,"event_name":"Shining Light","floor":14,"gold_loss":0,"cards_upgraded":["Strike_G","Strike_G"]}],"is_beta":false,"boss_relics":[],"items_purged_floors":[],"is_endless":false,"potions_floor_spawned":[1,4,7],"killed_by":"Hexaghost","ascension_level":20}}