{"host":"w6ebodudjlk2jwu4","time":1607553478,"event":{"gold_per_floor":[112,125,140,90,107,107,139,139,139,151,165,194,206,54,54,152,152,165,215,226,245,17,49,63,63,86,98,142,142,162,191,191,296,296,313,313,36,49,69,69,69],"floor_reached":40,"playtime":5305,"items_purged":[],"score":507,"play_id":"00221430-2239-4a1a-aa23-9ba5eafd0d86","local_time":"20201209143758","is_ascension_mode":false,"campfire_choices":[{"data":"Neutralize","floor":6,"key":"SMITH"},{"data":"Survivor","floor":8,"key":"SMITH"},{"data":"Infinite Blades","floor":15,"key":"SMITH"},{"data":"Fluid Movement","floor":25,"key":"SMITH"},{"data":"Envenom","floor":29,"key":"SMITH"},{"data":"Strike_G","floor":32,"key":"PURGE"}],"neow_cost":"NONE","seed_source_timestamp":2241794843204199,"circlet_count":0,"master_deck":["Strike_G","Strike_G","Strike_G+1","Defend_G","Defend_G","Defend_G","Defend_G","Defend_G","Survivor+1","Neutralize+1","Dagger Spray+1","Backflip","Finisher","ReplayTheSpireMod:Scrap Shanks","Riddle With Holes+1","Well Laid Plans","Flying Knee+1","Terror","Infinite Blades+1","A Thousand Cuts","Harmlessness","stsjorbsmod:EyeOfTheStorm","A Thousand Cuts","Bandage Up","ReplayTheSpireMod:Chaos Vortex","Backstab+1","PiercingWail+1","Acrobatics","Fluid Movement+1","Envenom+1","Leg Sweep","Blade Dance+1","Blur","Skewer+1","Deflect+1","Fluid Movement","Unload+1","Backflip","Fluid Movement","Backflip","Slice+1"],"relics":["Replay:Bronze Core","Molten Egg 2","HornCleat","Odd Mushroom","Sling","ReplayTheSpireMod:SealedPack","ReplayFunnel","infinitespire:EmpoweringShard","Whetstone","Omamori","Meat on the Bone","Painkiller Herb","Blood Vial","Replay:Wax Seal","Snake Skull"],"potions_floor_usage":[13,23,38,40],"damage_taken":[{"damage":0,"enemies":"2 Louse","floor":1,"turns":3},{"damage":0,"enemies":"Jaw Worm","floor":2,"turns":4},{"damage":0,"enemies":"Cultist","floor":3,"turns":3},{"damage":0,"enemies":"3 Louse","floor":5,"turns":3},{"damage":4,"enemies":"HollowMod:MossKnight","floor":7,"turns":10},{"damage":0,"enemies":"Looter","floor":10,"turns":3},{"damage":0,"enemies":"Large Slime","floor":11,"turns":6},{"damage":3,"enemies":"The Mushroom Lair","floor":12,"turns":4},{"damage":12,"enemies":"Exordium Thugs","floor":13,"turns":8},{"damage":26,"enemies":"The Guardian","floor":16,"turns":7},{"damage":3,"enemies":"3 Byrds","floor":18,"turns":7},{"damage":20,"enemies":"2 Thieves","floor":20,"turns":4},{"damage":2,"enemies":"Snake Plant","floor":21,"turns":6},{"damage":0,"enemies":"Nightmare","floor":23,"turns":6},{"damage":0,"enemies":"Chosen and Byrds","floor":24,"turns":7},{"damage":0,"enemies":"Snecko","floor":27,"turns":10},{"damage":0,"enemies":"Shelled Parasite and Fungi","floor":30,"turns":5},{"damage":0,"enemies":"Book of Stabbing","floor":31,"turns":5},{"damage":16,"enemies":"Automaton","floor":33,"turns":12},{"damage":0,"enemies":"3 Shapes","floor":35,"turns":2},{"damage":15,"enemies":"Orb Walker","floor":38,"turns":2},{"damage":5,"enemies":"Jaw Worm Horde","floor":39,"turns":4},{"damage":67,"enemies":"Nightmare","floor":40,"turns":7}],"seed_played":"729620204363666282","potions_obtained":[{"floor":1,"key":"blueLaboratory:BottleOfRum"},{"floor":10,"key":"ColorlessPotion"},{"floor":11,"key":"Fire Potion"},{"floor":16,"key":"blueLaboratory:PyrophylliteBrew"},{"floor":23,"key":"blueLaboratory:RecallPotion"},{"floor":27,"key":"AttackPotion"},{"floor":28,"key":"blueLaboratory:Virophage"},{"floor":38,"key":"construct:ShiftPotion"}],"is_trial":false,"path_per_floor":["M","M","M","?","M","R","E","R","T","M","M","?","M","$","R","B",null,"M","?","M","M","$","NM","M","R","T","M","?","R","M","E","R_BF","B",null,"?","?","T","?","?","NM"],"character_chosen":"THE_SILENT","items_purchased":["Sling","ReplayFunnel","Fluid Movement","Fluid Movement","Replay:Wax Seal","Snake Skull"],"campfire_rested":0,"item_purchase_floors":[14,22,22,37,37,37],"current_hp_per_floor":[70,70,70,70,70,70,66,66,66,66,66,63,51,51,51,25,70,70,70,50,52,52,56,60,60,60,64,47,47,51,51,51,39,70,70,70,70,55,52,0,0],"gold":69,"neow_bonus":"BOSS_RELIC","is_prod":false,"is_daily":false,"chose_seed":false,"campfire_upgraded":5,"win_rate":0.0,"timestamp":1607553478,"path_taken":["M","M","M","?","M","R","E","R","T","M","M","?","M","$","R","BOSS","M","?","M","M","$","NM","M","R","T","?","?","R","M","E","R_BF","BOSS","?","?","?","?","?","NM"],"build_version":"2020-11-30","purchased_purges":0,"victory":false,"max_hp_per_floor":[70,70,70,70,70,70,70,70,70,70,70,70,70,70,70,70,70,70,70,70,70,70,70,70,70,70,70,70,70,70,70,70,70,70,70,70,70,70,70,70,70],"relic_stats":{"Blood Vial":4,"counters":[23,128],"Snake Skull":[0],"Whetstone":["Dagger Spray","Strike_G"],"obtain_stats":[{"ReplayFunnel":22,"Painkiller Herb":34,"ReplayTheSpireMod:SealedPack":17,"Snake Skull":37,"Omamori":28,"Whetstone":26,"Odd Mushroom":12,"Sling":14,"Blood Vial":36,"HornCleat":9,"Replay:Bronze Core":0,"Molten Egg 2":7,"infinitespire:EmpoweringShard":23,"Replay:Wax Seal":37,"Ring of the Snake":0,"Meat on the Bone":31},{"ReplayFunnel":13,"Painkiller Herb":19,"ReplayTheSpireMod:SealedPack":10,"Snake Skull":20,"Omamori":16,"Whetstone":15,"Odd Mushroom":8,"Sling":9,"Blood Vial":20,"HornCleat":5,"Replay:Bronze Core":0,"Molten Egg 2":5,"infinitespire:EmpoweringShard":14,"Replay:Wax Seal":20,"Ring of the Snake":0,"Meat on the Bone":18},{"ReplayFunnel":68,"Painkiller Herb":113,"ReplayTheSpireMod:SealedPack":51,"Snake Skull":115,"Omamori":91,"Whetstone":81,"Odd Mushroom":36,"Sling":44,"Blood Vial":115,"HornCleat":23,"Replay:Bronze Core":0,"Molten Egg 2":23,"infinitespire:EmpoweringShard":74,"Replay:Wax Seal":115,"Ring of the Snake":0,"Meat on the Bone":101}],"Meat on the Bone":0},"card_choices":[{"not_picked":["Slice","Distraction"],"picked":"Dagger Spray","floor":1},{"not_picked":["Blade Dance","Sucker Punch"],"picked":"Backflip","floor":2},{"not_picked":["Acrobatics","Poisoned Stab"],"picked":"Finisher","floor":3},{"not_picked":["Masterful Stab","Dagger Spray"],"picked":"ReplayTheSpireMod:Scrap Shanks","floor":5},{"not_picked":["Deflect","Blur"],"picked":"Riddle With Holes+1","floor":7},{"not_picked":["Slice+1","ReplayTheSpireMod:Necrosis"],"picked":"Well Laid Plans","floor":10},{"not_picked":["Poisoned Stab+1","Calculated Gamble"],"picked":"Flying Knee+1","floor":11},{"not_picked":["Deadly Poison","Dodge and Roll"],"picked":"Terror","floor":12},{"not_picked":["Reflex","Blade Dance"],"picked":"Infinite Blades","floor":13},{"not_picked":["Tools of the Trade","Doppelganger"],"picked":"A Thousand Cuts","floor":16},{"not_picked":["hermit:Covet","Dualcast"],"picked":"stsjorbsmod:EyeOfTheStorm","floor":17},{"not_picked":["Wraith Form v2","Bullet Time"],"picked":"A Thousand Cuts","floor":17},{"not_picked":["Panacea","Replay:Bootleg Shield Generator"],"picked":"Bandage Up","floor":17},{"not_picked":["infinitespire:FinalStrike","ReplayTheSpireMod:Echoes of Time"],"picked":"ReplayTheSpireMod:Chaos Vortex","floor":17},{"not_picked":["Crippling Poison","Well Laid Plans+1"],"picked":"Backstab+1","floor":18},{"not_picked":["Poisoned Stab+1","Flying Knee+1"],"picked":"PiercingWail+1","floor":20},{"not_picked":["Poisoned Stab+1","Heel Hook+1"],"picked":"Acrobatics","floor":21},{"not_picked":["Deadly Poison","Acrobatics"],"picked":"Envenom","floor":23},{"not_picked":["Dagger Throw+1","PiercingWail"],"picked":"Leg Sweep","floor":24},{"not_picked":["Dodge and Roll","Poisoned Stab+1"],"picked":"Blade Dance+1","floor":27},{"not_picked":["Deadly Poison+1","Quick Slash+1"],"picked":"Blur","floor":28},{"not_picked":["Underhanded Strike+1","Prepared"],"picked":"Skewer+1","floor":28},{"not_picked":["Flying Knee+1","Predator+1"],"picked":"Deflect+1","floor":30},{"not_picked":["Replay:Bag of Tricks","Slice+1"],"picked":"Fluid Movement","floor":31},{"not_picked":["Glass Knife+1","infinitespire:Neurotoxin"],"picked":"Unload+1","floor":33},{"not_picked":["Poisoned Stab+1","Dagger Throw+1"],"picked":"Backflip","floor":35},{"not_picked":["Poisoned Stab+1","Slice+1"],"picked":"Backflip","floor":38},{"not_picked":["Reflex+1","All Out Attack+1"],"picked":"Slice+1","floor":39}],"player_experience":17401,"relics_obtained":[{"floor":7,"key":"Molten Egg 2"},{"floor":9,"key":"HornCleat"},{"floor":12,"key":"Odd Mushroom"},{"floor":23,"key":"infinitespire:EmpoweringShard"},{"floor":26,"key":"Whetstone"},{"floor":28,"key":"Omamori"},{"floor":31,"key":"Meat on the Bone"}],"event_choices":[{"cards_removed":["Strike_G"],"damage_healed":0,"gold_gain":0,"player_choice":"Card Removal","damage_taken":0,"max_hp_gain":0,"max_hp_loss":0,"event_name":"The Cleric","floor":4,"gold_loss":50},{"damage_healed":0,"gold_gain":0,"player_choice":"Fought Mushrooms","damage_taken":0,"max_hp_gain":0,"max_hp_loss":0,"event_name":"Mushrooms","floor":12,"gold_loss":0},{"damage_healed":0,"gold_gain":100,"player_choice":"Bet on Murderer","damage_taken":0,"max_hp_gain":0,"max_hp_loss":0,"event_name":"The Joust","floor":19,"gold_loss":50},{"damage_healed":0,"gold_gain":0,"player_choice":"Gave Potion","damage_taken":0,"relics_obtained":["Blood Vial"],"max_hp_gain":0,"max_hp_loss":0,"event_name":"WeMeetAgain","floor":36,"gold_loss":0}],"is_beta":false,"boss_relics":[{"not_picked":["Snecko Scales","Astrolabe"],"picked":"ReplayTheSpireMod:SealedPack"},{"not_picked":["construct:ClawGrip","Fusion Hammer"],"picked":"Painkiller Herb"}],"items_purged_floors":[],"is_endless":true,"potions_floor_spawned":[1,10,11,12,16,21,23,27,38],"killed_by":"Nightmare","ascension_level":0}}