{"host":"w4c9oc640fn2feul","time":1607542078,"event":{"gold_per_floor":[112,112,132,147,159,159,176,176,176,13,13,32,60,79,79,184,184,202,202,202,221,221,221],"floor_reached":22,"playtime":2174,"items_purged":["Strike_R"],"score":188,"play_id":"563d3af8-1513-4bb4-9c88-46bab6372f52","local_time":"20201209202758","is_ascension_mode":false,"campfire_choices":[{"floor":6,"key":"RECALL"},{"data":"Armaments","floor":8,"key":"SMITH"},{"data":"hubris:SharpeningStone","floor":15,"key":"SMITH"}],"neow_cost":"NONE","seed_source_timestamp":41564126204900,"circlet_count":0,"master_deck":["Strike_R","Strike_R","Strike_R","Strike_R","Defend_R","Defend_R","Defend_R","Defend_R","Bash","StuffTheSpire:RockThrow","Feel No Pain","Armaments+1","conspire:ExplosiveBarrier","True Grit+1","Thunderclap+1","hubris:SharpeningStone+1","True Grit","Demon Form","BootSequence+1"],"relics":["Burning Blood"],"potions_floor_usage":[13,16,16],"damage_taken":[{"damage":3,"enemies":"conspire:RoseBush","floor":1,"turns":3},{"damage":4,"enemies":"Small Slimes","floor":3,"turns":4},{"damage":15,"enemies":"Cultist","floor":4,"turns":4},{"damage":5,"enemies":"Looter","floor":5,"turns":4},{"damage":13,"enemies":"conspire:2 RoseBushes","floor":7,"turns":7},{"damage":9,"enemies":"Lots of Slimes","floor":12,"turns":5},{"damage":9,"enemies":"3 Sentries","floor":13,"turns":13},{"damage":5,"enemies":"Looter","floor":14,"turns":4},{"damage":67,"enemies":"Hexaghost","floor":16,"turns":16},{"damage":21,"enemies":"Chosen","floor":18,"turns":8},{"damage":22,"enemies":"3 Byrds","floor":21,"turns":10},{"damage":15,"enemies":"3 Cultists","floor":22,"turns":4}],"seed_played":"3869534350225549486","potions_obtained":[{"floor":3,"key":"Languid Potion"},{"floor":4,"key":"Weak Potion"},{"floor":7,"key":"FearPotion"},{"floor":12,"key":"Dexterity Potion"},{"floor":16,"key":"Elixir"},{"floor":21,"key":"Toxic Potion"}],"is_trial":false,"path_per_floor":["M","?","M","M","M","R","M","R","T","$","?","M","E","M","R","B",null,"M","?","?","M","M"],"character_chosen":"IRONCLAD","items_purchased":["True Grit","Thunderclap+1"],"campfire_rested":0,"item_purchase_floors":[10,10],"current_hp_per_floor":[88,88,88,79,80,80,73,73,73,73,73,70,67,68,68,7,88,73,56,56,40,25,25],"gold":221,"neow_bonus":"TEN_PERCENT_HP_BONUS","is_prod":false,"is_daily":false,"chose_seed":false,"campfire_upgraded":2,"win_rate":0,"timestamp":1607542078,"path_taken":["M","?","M","M","M","R","M","R","T","$","?","M","E","M","R","BOSS","M","?","?","M","?"],"build_version":"2020-11-30","purchased_purges":1,"victory":false,"max_hp_per_floor":[88,88,88,88,88,88,88,88,88,88,88,88,88,88,88,88,88,88,93,93,93,93,93],"card_choices":[{"not_picked":["Flex","Wild Strike"],"picked":"StuffTheSpire:RockThrow","floor":1},{"not_picked":["Warcry","Heavy Blade"],"picked":"Feel No Pain","floor":3},{"not_picked":["Wild Strike","Spot Weakness"],"picked":"Armaments","floor":4},{"not_picked":["Perfected Strike","Headbutt"],"picked":"conspire:ExplosiveBarrier","floor":5},{"not_picked":["Iron Wave","Thunderclap","Massacre"],"picked":"SKIP","floor":7},{"not_picked":["hubris:ReadiedAction","Combust"],"picked":"hubris:SharpeningStone","floor":12},{"not_picked":["Entrench","Clash"],"picked":"True Grit","floor":13},{"not_picked":["ReplayTheSpireMod:Corrosion Curse","ReplayTheSpireMod:LeadingStrike"],"picked":"Warcry","floor":14},{"not_picked":["Double Tap","Corruption"],"picked":"Demon Form","floor":16},{"not_picked":["Anger","Carnage+1","Rupture"],"picked":"SKIP","floor":18},{"not_picked":["Pommel Strike","Iron Wave+1","Armaments"],"picked":"SKIP","floor":21}],"player_experience":465429,"relics_obtained":[],"event_choices":[{"damage_healed":0,"gold_gain":0,"player_choice":"Shed Blood","damage_taken":22,"max_hp_gain":5,"max_hp_loss":0,"event_name":"Forgotten Altar","floor":19,"gold_loss":0},{"cards_removed":["Warcry"],"damage_healed":0,"gold_gain":0,"player_choice":"Took Card","damage_taken":0,"max_hp_gain":0,"max_hp_loss":0,"event_name":"NoteForYourself","floor":20,"gold_loss":0,"cards_obtained":["BootSequence"]}],"is_beta":false,"boss_relics":[{"not_picked":["vexMod:MegatonBomb","halation:Yufonium","Coffee Dripper"]}],"items_purged_floors":[10],"is_endless":false,"potions_floor_spawned":[3,4,7,12,16,21],"killed_by":"3 Cultists","ascension_level":0}}