{"host":"e87rn453naquue3h","time":1607532545,"event":{"gold_per_floor":[20,34,54,67,142,142,173,173,173,173,207,207,224,224,224,326,326,336,348,447,117,131,131,159,159,159,159,14,14,14,14,14,110,110,121,139,157,157,167,167,77,105,105,105,116,116,116,116,116,116],"floor_reached":51,"playtime":2062,"items_purged":["Defend_P"],"score":929,"play_id":"ec1a1d7f-7fdd-46ca-9a58-ebd8cf13633f","local_time":"20201209114905","is_ascension_mode":true,"campfire_choices":[{"data":"Eruption","floor":6,"key":"SMITH"},{"data":"WindmillStrike","floor":8,"key":"SMITH"},{"data":"CutThroughFate","floor":12,"key":"SMITH"},{"data":"Vengeance","floor":15,"key":"SMITH"},{"data":"Ragnarok","floor":23,"key":"SMITH"},{"floor":25,"key":"REST"},{"data":"MentalFortress","floor":30,"key":"SMITH"},{"data":"BowlingBash","floor":32,"key":"SMITH"},{"data":"Ragnarok","floor":40,"key":"SMITH"},{"floor":44,"key":"REST"},{"data":"Dark Shackles","floor":47,"key":"SMITH"},{"data":"ClearTheMind","floor":49,"key":"SMITH"}],"neow_cost":"NO_GOLD","seed_source_timestamp":66261405148100,"circlet_count":0,"master_deck":["Strike_P","Strike_P","Strike_P","Strike_P","Defend_P+1","Defend_P","Eruption+1","Vigilance","SashWhip+1","WindmillStrike+1","FollowUp+1","BowlingBash+1","CutThroughFate+1","Vengeance+1","DevaForm","Conclude+1","EmptyFist","Ragnarok+1","Finesse+1","MentalFortress+1","Necronomicurse","Ragnarok+1","WheelKick+1","WreathOfFlame+1","ClearTheMind+1","ReachHeaven+1","Dark Shackles+1"],"relics":["HolyWater","FossilizedHelix","Pear","Matryoshka","Juzu Bracelet","Shuriken","GoldenEye","Art of War","Yang","Ice Cream","War Paint","Necronomicon","Lee\u0027s Waffle","MutagenicStrength","SacredBark","Omamori","Mummified Hand"],"potions_floor_usage":[7,33,42,50,50],"damage_taken":[{"damage":0,"enemies":"Small Slimes","floor":1,"turns":2},{"damage":0,"enemies":"Jaw Worm","floor":2,"turns":2},{"damage":3,"enemies":"2 Louse","floor":3,"turns":3},{"damage":0,"enemies":"Large Slime","floor":4,"turns":3},{"damage":0,"enemies":"Gremlin Nob","floor":7,"turns":3},{"damage":5,"enemies":"3 Sentries","floor":11,"turns":4},{"damage":0,"enemies":"Looter","floor":13,"turns":2},{"damage":41,"enemies":"Hexaghost","floor":16,"turns":6},{"damage":0,"enemies":"Shell Parasite","floor":18,"turns":2},{"damage":0,"enemies":"2 Thieves","floor":19,"turns":2},{"damage":0,"enemies":"3 Cultists","floor":22,"turns":3},{"damage":35,"enemies":"Slavers","floor":24,"turns":3},{"damage":24,"enemies":"Automaton","floor":33,"turns":5},{"damage":19,"enemies":"3 Shapes","floor":35,"turns":2},{"damage":0,"enemies":"3 Darklings","floor":36,"turns":3},{"damage":12,"enemies":"4 Shapes","floor":37,"turns":3},{"damage":0,"enemies":"Transient","floor":39,"turns":5},{"damage":3,"enemies":"Giant Head","floor":42,"turns":5},{"damage":0,"enemies":"Spire Growth","floor":45,"turns":3},{"damage":42,"enemies":"Awakened One","floor":50,"turns":5}],"seed_played":"-7603505422306807245","potions_obtained":[{"floor":2,"key":"PowerPotion"},{"floor":7,"key":"SneckoOil"},{"floor":11,"key":"LiquidMemories"},{"floor":16,"key":"Block Potion"},{"floor":22,"key":"LiquidBronze"},{"floor":35,"key":"DistilledChaos"},{"floor":39,"key":"PowerPotion"},{"floor":42,"key":"Block Potion"}],"is_trial":false,"path_per_floor":["M","M","M","M","?","R","E","R","T","T","E","R","M","T","R","B",null,"M","M","?","$","M","R","E","R","T","?","$","?","R","?","R","B",null,"M","M","M","?","M","R","?","E","T","R","M","?","R","?","R","B",null],"character_chosen":"WATCHER","items_purchased":["Ragnarok","Finesse","Lee\u0027s Waffle"],"campfire_rested":2,"item_purchase_floors":[21,21,28],"current_hp_per_floor":[65,65,62,62,51,51,61,61,61,61,56,56,56,56,56,15,65,65,65,65,65,65,65,30,54,54,38,89,89,89,89,89,65,83,64,64,52,52,52,52,52,49,49,74,74,74,74,74,74,32],"gold":116,"neow_bonus":"ONE_RARE_RELIC","is_prod":false,"is_daily":false,"chose_seed":false,"campfire_upgraded":10,"win_rate":0,"timestamp":1607532545,"path_taken":["M","M","M","M","?","R","E","R","T","?","E","R","M","?","R","BOSS","M","M","?","$","M","R","E","R","T","?","$","?","R","?","R","BOSS","M","M","M","?","M","R","?","E","T","R","M","?","R","?","R","BOSS"],"build_version":"2020-11-30","purchased_purges":1,"victory":true,"max_hp_per_floor":[72,72,72,72,72,72,82,82,82,82,82,82,82,82,82,82,82,82,82,82,82,82,82,82,82,82,82,89,89,89,89,89,89,89,89,89,89,85,85,85,85,85,85,85,85,85,85,85,85,85],"relic_stats":{"Lee\u0027s Waffle":51,"counters":[20,66],"Shuriken":[30],"Mummified Hand":[4],"Yang":[132],"Juzu Bracelet":2,"Art of War":[0],"Necronomicon":[22],"War Paint":["Finesse","Defend_P"],"GoldenEye":[18],"obtain_stats":[{"Ice Cream":24,"Lee\u0027s Waffle":28,"Pear":7,"SacredBark":34,"Yang":14,"Juzu Bracelet":10,"Omamori":42,"War Paint":26,"GoldenEye":11,"Matryoshka":9,"Shuriken":10,"Mummified Hand":43,"MutagenicStrength":29,"HolyWater":17,"Art of War":14,"Necronomicon":27,"PureWater":0,"FossilizedHelix":0},{"Ice Cream":12,"Lee\u0027s Waffle":12,"Pear":5,"SacredBark":13,"Yang":7,"Juzu Bracelet":5,"Omamori":18,"War Paint":12,"GoldenEye":6,"Matryoshka":5,"Shuriken":5,"Mummified Hand":18,"MutagenicStrength":12,"HolyWater":8,"Art of War":7,"Necronomicon":12,"PureWater":0,"FossilizedHelix":0},{"Ice Cream":35,"Lee\u0027s Waffle":35,"Pear":13,"SacredBark":40,"Yang":19,"Juzu Bracelet":13,"Omamori":58,"War Paint":35,"GoldenEye":17,"Matryoshka":13,"Shuriken":13,"Mummified Hand":58,"MutagenicStrength":35,"HolyWater":25,"Art of War":19,"Necronomicon":35,"PureWater":0,"FossilizedHelix":0}]},"card_choices":[{"not_picked":["Protect","Prostrate","CrushJoints"],"picked":"SKIP","floor":1},{"not_picked":["Halt","PathToVictory"],"picked":"SashWhip","floor":2},{"not_picked":["JustLucky","Prostrate"],"picked":"WindmillStrike","floor":3},{"not_picked":["ForeignInfluence","Consecrate"],"picked":"FollowUp","floor":4},{"not_picked":["MasterReality","CrushJoints"],"picked":"BowlingBash","floor":7},{"not_picked":["JustLucky","SashWhip"],"picked":"CutThroughFate","floor":11},{"not_picked":["PathToVictory","FollowUp"],"picked":"Vengeance","floor":13},{"not_picked":["Judgement","MasterReality"],"picked":"DevaForm","floor":16},{"not_picked":["EmptyFist","CrushJoints"],"picked":"Conclude+1","floor":18},{"not_picked":["FlyingSleeves","Consecrate"],"picked":"EmptyFist","floor":19},{"not_picked":["BowlingBash+1","Halt","SignatureMove"],"picked":"SKIP","floor":22},{"not_picked":["MasterReality","ClearTheMind"],"picked":"MentalFortress","floor":24},{"not_picked":["Judgement","Blasphemy"],"picked":"Ragnarok","floor":33},{"not_picked":["CrushJoints+1","SashWhip+1","CutThroughFate+1"],"picked":"SKIP","floor":35},{"not_picked":["CutThroughFate+1","Prostrate"],"picked":"WheelKick+1","floor":36},{"not_picked":["Study","BowlingBash"],"picked":"WreathOfFlame+1","floor":37},{"not_picked":["FlurryOfBlows","ThirdEye"],"picked":"ClearTheMind","floor":39},{"not_picked":["Vengeance","JustLucky+1"],"picked":"ReachHeaven+1","floor":42},{"not_picked":["Establishment","EmptyFist+1","Wireheading+1"],"picked":"SKIP","floor":45},{"not_picked":["Jack Of All Trades","Panacea"],"picked":"Dark Shackles","floor":46}],"player_experience":2212841,"relics_obtained":[{"floor":7,"key":"Pear"},{"floor":9,"key":"Matryoshka"},{"floor":10,"key":"Juzu Bracelet"},{"floor":10,"key":"Shuriken"},{"floor":11,"key":"GoldenEye"},{"floor":14,"key":"Art of War"},{"floor":14,"key":"Yang"},{"floor":24,"key":"Ice Cream"},{"floor":26,"key":"War Paint"},{"floor":27,"key":"Necronomicon"},{"floor":42,"key":"Omamori"},{"floor":43,"key":"Mummified Hand"}],"event_choices":[{"damage_healed":0,"gold_gain":75,"player_choice":"Gather Gold","damage_taken":11,"max_hp_gain":0,"max_hp_loss":0,"event_name":"World of Goop","floor":5,"gold_loss":0},{"damage_healed":0,"gold_gain":99,"player_choice":"Stole From Cult","damage_taken":0,"max_hp_gain":0,"max_hp_loss":0,"event_name":"Nest","floor":20,"gold_loss":0},{"damage_healed":0,"gold_gain":0,"player_choice":"Obtained Book","damage_taken":16,"max_hp_gain":0,"max_hp_loss":0,"event_name":"Cursed Tome","floor":27,"gold_loss":0},{"damage_healed":0,"gold_gain":0,"player_choice":"Inject Mutagens","damage_taken":0,"relics_obtained":["MutagenicStrength"],"max_hp_gain":0,"max_hp_loss":0,"event_name":"Drug Dealer","floor":29,"gold_loss":0},{"damage_healed":0,"gold_gain":0,"player_choice":"Ignored","damage_taken":0,"max_hp_gain":0,"max_hp_loss":0,"event_name":"Ghosts","floor":31,"gold_loss":0},{"damage_healed":0,"gold_gain":0,"player_choice":"Max HP","damage_taken":0,"max_hp_gain":0,"max_hp_loss":4,"event_name":"Winding Halls","floor":38,"gold_loss":0},{"cards_removed":["Defend_P"],"damage_healed":0,"gold_gain":0,"player_choice":"Upgrade and Remove","damage_taken":0,"max_hp_gain":0,"max_hp_loss":0,"event_name":"Designer","floor":41,"gold_loss":90,"cards_upgraded":["SashWhip"]},{"damage_healed":0,"gold_gain":0,"player_choice":"Memory 1","damage_taken":0,"max_hp_gain":0,"max_hp_loss":0,"event_name":"SensoryStone","floor":46,"gold_loss":0},{"damage_healed":0,"gold_gain":0,"player_choice":"Upgraded","damage_taken":0,"max_hp_gain":0,"max_hp_loss":0,"event_name":"Upgrade Shrine","floor":48,"gold_loss":0,"cards_upgraded":["FollowUp"]}],"is_beta":false,"boss_relics":[{"not_picked":["Coffee Dripper","Ectoplasm"],"picked":"HolyWater"},{"not_picked":["Empty Cage","Pandora\u0027s Box"],"picked":"SacredBark"}],"items_purged_floors":[21],"is_endless":false,"potions_floor_spawned":[2,7,11,16,22,35,39,42],"ascension_level":6}}