{"host":"1bqbj1s4pyvm9utn","time":1607497099,"event":{"gold_per_floor":[115,61,76,76,88,121,121,23,48,63,88,88,36,51,51,153,153,168,168,183,183,183,183,194,209,209,219,236,236,236,236],"floor_reached":30,"playtime":5954,"items_purged":[],"score":242,"play_id":"6dbc4ac3-d121-4a9f-876e-6fef47098469","local_time":"20201208225819","is_ascension_mode":false,"campfire_choices":[{"data":"beaked:Ceremony","floor":7,"key":"SMITH"},{"floor":12,"key":"RECALL"},{"data":"beaked:Ceremony","floor":23,"key":"SMITH"}],"neow_cost":"NONE","seed_source_timestamp":11235062999700,"circlet_count":0,"master_deck":["beaked:Strike_Y","beaked:Strike_Y","beaked:Strike_Y","beaked:Strike_Y","beaked:Strike_Y","beaked:Defend_Y","beaked:Defend_Y","beaked:Defend_Y","beaked:Defend_Y","beaked:Ceremony+1","beaked:Ceremony+1","beaked:Ceremony","beaked:Daydream","beaked:HuntressEssence","beaked:Windmill","beaked:Struggle","beaked:KnowThyFoe","beaked:Hexing","beaked:DigDeep+1","Parasite","expansioncontent:QuickStudy+1","beaked:BarbedWire","StuffTheSpire:PlasmaPunch+1","beaked:Foresight","ReplayTheSpireMod:Wings of Steel","ReplayTheSpireMod:Wings of Steel","beaked:TuckingFeathers","beaked:VolatileMisfortune","beaked:Hexing"],"relics":["beaked:MendingPlumage","CCEMRelics:FestiveHat","infinitespire:Golems Mask","hubris:Backtick","hubris:Spice","Bag of Marbles","Nloth\u0027s Gift","aspiration:MobileForge","halation:NonexistentMirror"],"potions_floor_usage":[11,14,16,27,30],"damage_taken":[{"damage":16,"enemies":"Cultist","floor":1,"turns":5},{"damage":12,"enemies":"Jaw Worm","floor":3,"turns":4},{"damage":9,"enemies":"conspire:RoseBush","floor":5,"turns":5},{"damage":9,"enemies":"HollowMod:MossKnight","floor":6,"turns":5},{"damage":28,"enemies":"Blue Slaver","floor":10,"turns":5},{"damage":36,"enemies":"Lagavulin","floor":11,"turns":6},{"damage":6,"enemies":"Exordium Wildlife","floor":14,"turns":6},{"damage":27,"enemies":"Hexaghost","floor":16,"turns":10},{"damage":30,"enemies":"2 Thieves","floor":18,"turns":3},{"damage":18,"enemies":"3 Byrds","floor":20,"turns":8},{"damage":49,"enemies":"3 Cultists","floor":24,"turns":8},{"damage":28,"enemies":"conspire:HollyBat","floor":25,"turns":8},{"damage":27,"enemies":"Snake Plant","floor":27,"turns":8},{"damage":51,"enemies":"Shelled Parasite and Fungi","floor":28,"turns":5},{"damage":36,"enemies":"3 Cultists","floor":30,"turns":3}],"seed_played":"590686888926197019","potions_obtained":[{"floor":6,"key":"SkillPotion"},{"floor":10,"key":"DuplicationPotion"},{"floor":11,"key":"SkillPotion"},{"floor":25,"key":"SteroidPotion"},{"floor":28,"key":"PowerPotion"}],"is_trial":false,"path_per_floor":["M","$","M","?","M","E","R","$","T","M","E","R","$","M","R","B",null,"M","?","M","?","?","R","M","M","T","M","M","AVR","M"],"character_chosen":"BEAKED_THE_CULTIST","items_purchased":["beaked:Windmill","infinitespire:FocusingShard","ReplayTheSpireMod:Wings of Steel"],"campfire_rested":0,"item_purchase_floors":[2,8,13],"current_hp_per_floor":[39,39,37,37,40,50,50,50,50,38,43,43,43,50,50,50,58,36,15,26,26,58,58,17,35,43,63,28,28,0,0],"gold":236,"neow_bonus":"THREE_CARDS","is_prod":false,"is_daily":false,"chose_seed":false,"campfire_upgraded":2,"win_rate":0.0,"timestamp":1607497099,"path_taken":["M","?","?","?","?","E","R","$","T","M","E","R","$","M","R","BOSS","M","?","M","?","?","R","M","M","T","M","M","AVR","M"],"build_version":"2020-11-30","purchased_purges":0,"victory":false,"max_hp_per_floor":[50,50,50,50,50,50,50,50,50,50,50,50,50,50,50,50,58,58,58,58,58,58,58,58,58,66,66,58,58,58,58],"card_choices":[{"not_picked":["beaked:CursingBlood","beaked:Cower"],"picked":"beaked:Daydream","floor":0},{"not_picked":["beaked:MimicHuntress","ReplayTheSpireMod:Prepare the Ceremony"],"picked":"beaked:HuntressEssence","floor":1},{"not_picked":["beaked:Negation","beaked:Daydream"],"picked":"beaked:Struggle","floor":3},{"not_picked":["ReplayTheSpireMod:Wings of Steel","beaked:Flinch"],"picked":"beaked:Hexing","floor":5},{"not_picked":["beaked:BloodRitual","beaked:SacrificialAttack"],"picked":"beaked:DigDeep","floor":6},{"not_picked":["ReplayTheSpireMod:Trickstab+1","Survey Options+1"],"picked":"expansioncontent:QuickStudy+1","floor":10},{"not_picked":["beaked:SacrificialDive","beaked:CursingBlood"],"picked":"beaked:BarbedWire","floor":10},{"not_picked":["Mind Blast+1","expansioncontent:StudyTheSpire+1"],"picked":"StuffTheSpire:PlasmaPunch+1","floor":11},{"not_picked":["beaked:Tradeoff","beaked:Flinch"],"picked":"beaked:Foresight","floor":11},{"not_picked":["expansioncontent:HyperBeam+1","hubris:Ssssneak+1"],"picked":"Replay:SS_forest_2+1","floor":14},{"not_picked":["beaked:Resilience","beaked:CursingBlood"],"picked":"beaked:TuckingFeathers","floor":14},{"not_picked":["beaked:DarkTribute","beaked:DarkPact"],"picked":"beaked:VolatileMisfortune","floor":16},{"not_picked":["beaked:Poke","beaked:Foresight"],"picked":"beaked:Hexing","floor":18},{"not_picked":["beaked:Poke","beaked:HuntressSpirit","beaked:Foresight+1"],"picked":"SKIP","floor":20},{"not_picked":["beaked:Daydream","beaked:CursingBlood","beaked:Molting"],"picked":"SKIP","floor":24},{"not_picked":["beaked:FakeOut","beaked:Cower","beaked:Redirect"],"picked":"SKIP","floor":25},{"not_picked":["beaked:BloodRitual","beaked:Insight","beaked:MaddeningMurmurs"],"picked":"SKIP","floor":27},{"not_picked":["beaked:TuckingFeathers+1","beaked:SacrificialAttack"],"picked":"hubris:SpiceAddiction","floor":28}],"player_experience":744792,"relics_obtained":[{"floor":6,"key":"CCEMRelics:FestiveHat"},{"floor":11,"key":"infinitespire:Golems Mask"},{"floor":26,"key":"hubris:Spice"}],"event_choices":[{"damage_healed":0,"gold_gain":0,"cards_transformed":["beaked:Strike_Y"],"player_choice":"Transformed","damage_taken":0,"max_hp_gain":0,"max_hp_loss":0,"event_name":"Transmorgrifier","floor":4,"gold_loss":0,"cards_obtained":["beaked:KnowThyFoe"]},{"damage_healed":0,"gold_gain":0,"player_choice":"RE UP ","damage_taken":25,"relics_obtained":["Bag of Marbles"],"max_hp_gain":0,"max_hp_loss":0,"event_name":"betterSkull:BetterSkull","floor":19,"gold_loss":0,"cards_upgraded":["beaked:DigDeep"]},{"damage_healed":0,"gold_gain":0,"player_choice":"Traded Relic","damage_taken":0,"relics_obtained":["Nloth\u0027s Gift"],"max_hp_gain":0,"max_hp_loss":0,"event_name":"N\u0027loth","floor":21,"relics_lost":["infinitespire:FocusingShard"],"gold_loss":0},{"cards_removed":["Replay:SS_forest_2"],"damage_healed":32,"gold_gain":0,"player_choice":"Offered Uncommon","damage_taken":0,"max_hp_gain":0,"max_hp_loss":0,"event_name":"Bonfire Elementals","floor":22,"gold_loss":0}],"is_beta":false,"boss_relics":[{"not_picked":["CCEMRelics:TransientCore","Replay:Ancient Bell"],"picked":"hubris:Backtick"}],"items_purged_floors":[],"is_endless":false,"potions_floor_spawned":[6,10,11,25,28],"killed_by":"3 Cultists","ascension_level":0}}