{"host":"agela5aetnmltfvm","time":1607528939,"event":{"gold_per_floor":[109,125,2,2,13,13,13,26,52,67,16,32,60,47,47,47,47],"floor_reached":16,"playtime":672,"items_purged":["Regret"],"score":104,"play_id":"c1cf338c-6fd9-43cd-ac69-791172a4fc47","local_time":"20201209234859","is_ascension_mode":false,"campfire_choices":[{"data":"hierophant:Determination","floor":6,"key":"SMITH"}],"neow_cost":"NONE","seed_source_timestamp":5591261786300,"circlet_count":0,"master_deck":["hierophant:Strike_Hierophant","hierophant:Strike_Hierophant","hierophant:Strike_Hierophant","hierophant:Punish","hierophant:Defend_Hierophant","hierophant:Defend_Hierophant","hierophant:Defend_Hierophant","hierophant:Defend_Hierophant","hierophant:ChurchCoffers","hierophant:Endure","hierophant:Smite","hierophant:Determination+1","hierophant:Exaltation","hierophant:ThreeLashes+1","hierophant:PassingBell","hierophant:MirrorShield","hierophant:TollTheBells"],"relics":["hierophant:PropheticMaskRelic","Replay:Rubber Ducky","Strawberry","Thread and Needle"],"potions_floor_usage":[8,13,13],"damage_taken":[{"damage":9,"enemies":"Small Slimes","floor":1,"turns":3},{"damage":22,"enemies":"Cultist","floor":2,"turns":5},{"damage":0,"enemies":"Jaw Worm","floor":5,"turns":2},{"damage":13,"enemies":"Large Slime","floor":8,"turns":8},{"damage":20,"enemies":"Exordium Thugs","floor":10,"turns":9},{"damage":0,"enemies":"Lots of Slimes","floor":12,"turns":1},{"damage":11,"enemies":"Gremlin Nob","floor":13,"turns":4},{"damage":0,"enemies":"Looter","floor":14,"turns":3},{"damage":47,"enemies":"Slime Boss","floor":16,"turns":6}],"seed_played":"-4083866858463331107","potions_obtained":[{"floor":5,"key":"Flashbang"},{"floor":12,"key":"FearPotion"},{"floor":14,"key":"FearPotion"}],"is_trial":false,"path_per_floor":["M","M","$","?","M","R","?","M","T","M","$","M","E","M","R_BF","B"],"character_chosen":"HIEROPHANT","items_purchased":["Block Potion","hierophant:ThreeLashes"],"campfire_rested":0,"item_purchase_floors":[3,11],"current_hp_per_floor":[66,44,44,37,37,37,37,32,39,29,29,29,20,22,46,0,0],"gold":47,"neow_bonus":"RANDOM_EVENT","is_prod":false,"is_daily":false,"chose_seed":false,"campfire_upgraded":1,"win_rate":0.0,"timestamp":1607528939,"path_taken":["M","M","$","?","M","R","?","M","T","?","$","M","E","M","R_BF","BOSS"],"build_version":"2020-11-30","purchased_purges":1,"victory":false,"max_hp_per_floor":[75,75,75,75,75,75,75,75,82,82,82,82,82,82,82,82,82],"card_choices":[{"not_picked":["hierophant:ThreeLashes","hierophant:HolyVerse"],"picked":"hierophant:Endure","floor":1},{"not_picked":["hierophant:Doubloon","hierophant:Encroach"],"picked":"hierophant:Smite","floor":2},{"not_picked":["hierophant:Encroach","hierophant:HammerAndAnvil"],"picked":"hierophant:Determination","floor":5},{"not_picked":["hierophant:Remorse","hierophant:Purify","hierophant:Martyrdom"],"picked":"SKIP","floor":8},{"not_picked":["hierophant:Embezzle","hierophant:RustyCrate"],"picked":"hierophant:Exaltation","floor":10},{"not_picked":["hierophant:Smite","hierophant:OrnateBuckler"],"picked":"hierophant:PassingBell","floor":12},{"not_picked":["hierophant:Remorse","hierophant:Racketeering"],"picked":"hierophant:MirrorShield","floor":13},{"not_picked":["hierophant:DisplayOfPower","hierophant:Encroach"],"picked":"hierophant:TollTheBells","floor":14}],"player_experience":485583,"relics_obtained":[{"floor":9,"key":"Strawberry"},{"floor":13,"key":"Thread and Needle"}],"event_choices":[{"damage_healed":0,"gold_gain":0,"player_choice":"Box","damage_taken":0,"relics_obtained":["Replay:Rubber Ducky"],"max_hp_gain":0,"max_hp_loss":0,"event_name":"Big Fish","floor":0,"gold_loss":0,"cards_obtained":["Regret"]},{"cards_removed":["hierophant:Strike_Hierophant"],"damage_healed":0,"gold_gain":0,"player_choice":"Card Removal","damage_taken":7,"max_hp_gain":0,"max_hp_loss":0,"event_name":"Golden Wing","floor":4,"gold_loss":0},{"damage_healed":0,"gold_gain":0,"player_choice":"0 cards matched","damage_taken":0,"max_hp_gain":0,"max_hp_loss":0,"event_name":"Match and Keep!","floor":7,"gold_loss":0,"cards_obtained":[]}],"is_beta":false,"boss_relics":[],"items_purged_floors":[3],"is_endless":false,"potions_floor_spawned":[5,12,14],"killed_by":"Slime Boss","ascension_level":0}}