{"host":"0rxdudjy6rylha1k","time":1607555767,"event":{"gold_per_floor":[112,112,37,37,8,52,52,91,168,14,14,57,57,77,77,167,167,186,186,18,38,38,71,87,87,87,87,130,130,171,46,46,144,144,157,180,22,22,37,80,98,98,98,129,153,184,220,283,283,283],"floor_reached":51,"playtime":3559,"items_purged":["Injury","Regret","Writhe"],"score":2131,"play_id":"5192da4b-afb7-43a6-a12b-d090e5cb4322","local_time":"20201209161607","is_ascension_mode":true,"campfire_choices":[{"data":"Neutralize","floor":7.0,"key":"SMITH"},{"floor":15,"key":"REST"},{"data":"Die Die Die","floor":27,"key":"SMITH"},{"data":"After Image","floor":32,"key":"SMITH"},{"data":"Storm of Steel","floor":42,"key":"SMITH"},{"data":"Backstab","floor":49,"key":"SMITH"}],"neow_cost":"NONE","seed_source_timestamp":714147493466900,"circlet_count":0,"master_deck":["AscendersBane","Strike_G","Strike_G","Strike_G","Strike_G","Defend_G","Defend_G","Defend_G","Defend_G","Defend_G","Survivor","Neutralize+1","Dagger Throw","Deadly Poison","Die Die Die+1","PiercingWail","Dagger Spray","Endless Agony","Backstab+1","Storm of Steel+1","Terror+1","Cloak And Dagger","RitualDagger","After Image+1","Tactician","Blade Dance","A Thousand Cuts","Backstab+1","Noxious Fumes+1"],"special_seed":0,"relics":["Ring of the Snake","NeowsBlessing","Golden Idol","Dead Branch","Toy Ornithopter","hubris:GlazedTorus","hubris:DeckOfHolding","hubris:Towel","Question Card","hubris:BlackHole","Lee\u0027s Waffle","hubris:MysteriousPyramids","Bronze Scales","Darkstone Periapt","Nunchaku","Paper Crane","aspiration:SecretTechniqueScroll","Membership Card","Torii","Tingsha","Bottled Lightning","TungstenRod","Letter Opener","FossilizedHelix"],"potions_floor_usage":[12,15,16,18,28],"damage_taken":[{"damage":0.0,"enemies":"Small Slimes","floor":1.0,"turns":1.0},{"damage":0.0,"enemies":"3 Sentries","floor":6.0,"turns":1.0},{"damage":0.0,"enemies":"Lagavulin","floor":8.0,"turns":1.0},{"damage":22,"enemies":"Gremlin Nob","floor":12,"turns":4},{"damage":0,"enemies":"2 Louse","floor":14,"turns":3},{"damage":44,"enemies":"Slime Boss","floor":16,"turns":10},{"damage":0,"enemies":"2 Thieves","floor":18,"turns":1},{"damage":0,"enemies":"Chosen","floor":21,"turns":1},{"damage":0,"enemies":"Slavers","floor":23,"turns":1},{"damage":0,"enemies":"Sentry and Sphere","floor":24,"turns":1},{"damage":0,"enemies":"Book of Stabbing","floor":28,"turns":1},{"damage":0,"enemies":"Slavers","floor":30,"turns":1},{"damage":0,"enemies":"Automaton","floor":33,"turns":1},{"damage":0,"enemies":"3 Shapes","floor":35,"turns":1},{"damage":0,"enemies":"3 Darklings","floor":36,"turns":1},{"damage":0,"enemies":"Transient","floor":39,"turns":1},{"damage":0,"enemies":"Nemesis","floor":40,"turns":1},{"damage":0,"enemies":"Spire Growth","floor":41,"turns":1},{"damage":0,"enemies":"Reptomancer","floor":44,"turns":1},{"damage":0,"enemies":"4 Shapes","floor":45,"turns":1},{"damage":0,"enemies":"Mind Bloom Boss Battle","floor":46,"turns":1},{"damage":0,"enemies":"Nemesis","floor":47,"turns":1},{"damage":0,"enemies":"2 Orb Walkers","floor":48,"turns":1},{"damage":0,"enemies":"Awakened One","floor":50,"turns":2}],"seed_played":"9161687640173042567","potions_obtained":[{"floor":1.0,"key":"SpeedPotion"},{"floor":8.0,"key":"Ancient Potion"},{"floor":14,"key":"Fruit Juice"},{"floor":16,"key":"BlessingOfTheForge"},{"floor":21,"key":"PowerPotion"},{"floor":23,"key":"Weak Potion"},{"floor":30,"key":"SkillPotion"},{"floor":47,"key":"PowerPotion"}],"is_trial":false,"path_per_floor":["M","?","$","?","$","E","R","E","T","$","?","E","?","M","R","B",null,"M","?","$","M","?","E","M","?","T","R","E","?","E","$","R","B",null,"M","M","$","?","M","E","M","R","T","E","M","?","E","?","R","B",null],"character_chosen":"THE_SILENT","items_purchased":["Deadly Poison","Dagger Spray","Lee\u0027s Waffle","Membership Card"],"campfire_rested":1,"item_purchase_floors":[5,10,20,37],"current_hp_per_floor":[59,59,59,59,59,59,59,59,59,59,59,42,45,45,74,35,64,69,69,81,81,81,81,81,75,75,75,80,80,80,80,80,80,81,81,81,81,81,81,81,81,81,81,81,81,81,81,81,81,81],"gold":283,"neow_bonus":"THREE_ENEMY_KILL","is_prod":false,"is_daily":false,"chose_seed":false,"campfire_upgraded":5,"win_rate":0,"timestamp":1607555767,"path_taken":["M","?","$","?","$","E","R","E","T","?","?","E","?","M","R","BOSS","M","?","$","M","?","E","M","?","T","R","E","?","E","$","R","BOSS","M","?","$","?","M","E","?","R","T","E","M","?","E","?","R","BOSS"],"build_version":"2020-11-30","purchased_purges":3,"victory":true,"max_hp_per_floor":[66,66,66,66,66,66,66,66,66,66,66,66,69,69,74,74,74,74,74,81,81,81,81,81,81,81,81,81,81,81,81,81,81,81,81,81,81,81,81,81,81,81,81,81,81,81,81,81,81,81],"card_choices":[{"not_picked":["Finisher","hubris:Sniper"],"picked":"Dagger Throw","floor":1.0},{"not_picked":["Backflip","Tactician"],"picked":"Die Die Die","floor":6.0},{"not_picked":["hubris:Counter","Reflex"],"picked":"PiercingWail","floor":8.0},{"not_picked":["Deadly Poison","Well Laid Plans"],"picked":"Endless Agony","floor":12},{"not_picked":["Acrobatics","PiercingWail","Backflip"],"picked":"Backstab","floor":14},{"not_picked":["Tools of the Trade","Unload","Burst"],"picked":"Storm of Steel","floor":16},{"not_picked":["Poisoned Stab","Dodge and Roll","Leg Sweep","Deadly Poison"],"picked":"SKIP","floor":18},{"not_picked":["Underhanded Strike","Leg Sweep","Dagger Spray","Well Laid Plans"],"picked":"SKIP","floor":21},{"not_picked":["Setup","Caltrops+1","hubris:SlightOfHand+1"],"picked":"Terror+1","floor":23},{"not_picked":["Deflect","Bane","hubris:SlightOfHand"],"picked":"Cloak And Dagger","floor":24},{"not_picked":["Poisoned Stab","Outmaneuver","Slice"],"picked":"After Image","floor":28},{"not_picked":["Slice","Dash+1","Dagger Spray"],"picked":"Blade Dance","floor":30},{"not_picked":["Malaise","Grand Finale","Envenom"],"picked":"A Thousand Cuts","floor":33},{"not_picked":["Acrobatics","Bullet Time","Bouncing Flask","Blade Dance+1"],"picked":"SKIP","floor":35},{"not_picked":["Eviscerate+1","Backflip","Accuracy+1","Blur"],"picked":"SKIP","floor":36},{"not_picked":["Reflex+1","Acrobatics","Prepared","Deadly Poison"],"picked":"SKIP","floor":39},{"not_picked":["Eviscerate","Infinite Blades","Underhanded Strike+1"],"picked":"Backstab","floor":40},{"not_picked":["Bane","Dodge and Roll","Eviscerate+1","Deflect"],"picked":"SKIP","floor":41},{"not_picked":["Acrobatics","Backflip+1","Flying Knee+1","Deadly Poison"],"picked":"SKIP","floor":44},{"not_picked":["Cloak And Dagger+1","Outmaneuver","Deflect","Eviscerate"],"picked":"SKIP","floor":45},{"not_picked":["Riddle With Holes+1","All Out Attack+1","Bullet Time"],"picked":"Noxious Fumes+1","floor":46},{"not_picked":["Backflip","Flying Knee","Terror","Expertise+1"],"picked":"SKIP","floor":47}],"player_experience":1633377,"relics_obtained":[{"floor":6.0,"key":"Toy Ornithopter"},{"floor":8.0,"key":"hubris:GlazedTorus"},{"floor":9.0,"key":"hubris:DeckOfHolding"},{"floor":12,"key":"Question Card"},{"floor":23,"key":"Bronze Scales"},{"floor":26,"key":"Darkstone Periapt"},{"floor":28,"key":"Nunchaku"},{"floor":30,"key":"Paper Crane"},{"floor":40,"key":"Torii"},{"floor":43,"key":"Tingsha"},{"floor":44,"key":"Bottled Lightning"},{"floor":46,"key":"TungstenRod"},{"floor":47,"key":"Letter Opener"},{"floor":48,"key":"FossilizedHelix"}],"event_choices":[{"damage_healed":0.0,"max_hp_gain":0.0,"max_hp_loss":0.0,"gold_gain":0.0,"event_name":"Golden Idol","player_choice":"Take Wound","floor":2.0,"gold_loss":0.0,"damage_taken":0.0,"relics_obtained":["Golden Idol"],"cards_obtained":["Injury"]},{"damage_healed":0.0,"max_hp_gain":0.0,"max_hp_loss":0.0,"gold_gain":0.0,"event_name":"Big Fish","player_choice":"Box","floor":4.0,"gold_loss":0.0,"damage_taken":0.0,"relics_obtained":["Dead Branch"],"cards_obtained":["Regret"]},{"damage_healed":0,"gold_gain":0,"player_choice":"Ignored","damage_taken":0,"max_hp_gain":0,"max_hp_loss":0,"event_name":"Ghosts","floor":19,"gold_loss":0},{"damage_healed":0,"gold_gain":0,"player_choice":"Opened","damage_taken":0,"relics_obtained":["hubris:MysteriousPyramids"],"max_hp_gain":0,"max_hp_loss":0,"event_name":"The Mausoleum","floor":22,"gold_loss":0,"cards_obtained":["Writhe"]},{"damage_healed":0,"gold_gain":0,"player_choice":"Joined the Cult","damage_taken":6,"max_hp_gain":0,"max_hp_loss":0,"event_name":"Nest","floor":25,"gold_loss":0,"cards_obtained":["RitualDagger"]},{"damage_healed":0,"gold_gain":0,"cards_transformed":["Strike_G"],"player_choice":"Transformed","damage_taken":0,"max_hp_gain":0,"max_hp_loss":0,"event_name":"Transmorgrifier","floor":29,"gold_loss":0,"cards_obtained":["Tactician"]},{"damage_healed":0,"gold_gain":0,"player_choice":"Upgraded","damage_taken":0,"max_hp_gain":0,"max_hp_loss":0,"event_name":"Upgrade Shrine","floor":38,"gold_loss":0,"cards_upgraded":["Backstab"]},{"damage_healed":0,"gold_gain":0,"player_choice":"Fight","damage_taken":0,"max_hp_gain":0,"max_hp_loss":0,"event_name":"MindBloom","floor":46,"gold_loss":0},{"damage_healed":0,"gold_gain":0,"player_choice":"Fight","damage_taken":0,"max_hp_gain":0,"max_hp_loss":0,"event_name":"Mysterious Sphere","floor":48,"gold_loss":0}],"is_beta":false,"boss_relics":[{"not_picked":["Cursed Key","Calling Bell"],"picked":"hubris:BlackHole"},{"not_picked":["Fusion Hammer","Snecko Eye"],"picked":"aspiration:SecretTechniqueScroll"}],"items_purged_floors":[3,10,31],"is_endless":false,"potions_floor_spawned":[1,8,14,16,21,23,30,33,40,44,47],"ascension_level":19}}