{"host":"w4b7hmige5bnqipq","time":1607531028,"event":{"gold_per_floor":[132,183,221,146,146,146,196,196,222,282,392,434,482,105,105,208,208,128,128,128,128,128,128,128,128,128,128,128],"floor_reached":27,"playtime":928,"items_purged":["Strike_G"],"score":536,"play_id":"94899bc8-ca02-4372-b3cc-94ef7bda1296","local_time":"20201210012348","is_ascension_mode":true,"campfire_choices":[{"data":"HandOfGreed","floor":6.0,"key":"SMITH"},{"data":"Neutralize","floor":8.0,"key":"SMITH"},{"data":"Calculated Gamble","floor":15.0,"key":"SMITH"},{"data":"Masterful Stab","floor":23,"key":"SMITH"}],"neow_cost":"TEN_PERCENT_HP_LOSS","seed_source_timestamp":2211511769045400,"circlet_count":0,"master_deck":["AscendersBane","Strike_G","Strike_G","Strike_G","Defend_G","Defend_G","Defend_G","Defend_G","Defend_G","Survivor","Neutralize+1","HandOfGreed+1","Calculated Gamble+1","Masterful Stab+1","Underhanded Strike","Well Laid Plans+1","Wraith Form v2+1","Deadly Poison+1","Dagger Throw"],"special_seed":0,"relics":["Ring of the Snake","Nunchaku","Smiling Mask","Frozen Egg 2","Strawberry","Medical Kit","Bronze Scales","Ectoplasm","Centennial Puzzle","Ginger"],"potions_floor_usage":[24,27,27],"damage_taken":[{"damage":1.0,"enemies":"Cultist","floor":1.0,"turns":3.0},{"damage":1.0,"enemies":"2 Louse","floor":2.0,"turns":4.0},{"damage":3.0,"enemies":"Jaw Worm","floor":3.0,"turns":4.0},{"damage":0.0,"enemies":"Gremlin Nob","floor":7.0,"turns":3.0},{"damage":20.0,"enemies":"Exordium Thugs","floor":10.0,"turns":5.0},{"damage":14.0,"enemies":"3 Sentries","floor":11.0,"turns":8.0},{"damage":1.0,"enemies":"Red Slaver","floor":12.0,"turns":3.0},{"damage":23.0,"enemies":"The Guardian","floor":16.0,"turns":10.0},{"damage":2.0,"enemies":"2 Thieves","floor":18.0,"turns":5.0},{"damage":6.0,"enemies":"Shell Parasite","floor":20.0,"turns":5.0},{"damage":6.0,"enemies":"Snake Plant","floor":21.0,"turns":4.0},{"damage":9,"enemies":"Book of Stabbing","floor":24,"turns":5},{"damage":4,"enemies":"Chosen and Byrds","floor":25,"turns":4},{"damage":44,"enemies":"Gremlin Leader","floor":27,"turns":6}],"seed_played":"5961826666071533760","potions_obtained":[{"floor":3.0,"key":"SneckoOil"},{"floor":10.0,"key":"SpeedPotion"},{"floor":11.0,"key":"Regen Potion"},{"floor":16.0,"key":"SpeedPotion"},{"floor":20.0,"key":"CunningPotion"},{"floor":25,"key":"AttackPotion"}],"is_trial":false,"path_per_floor":["M","M","M","?","?","R","E","R","T","M","E","M","T","$","R","B",null,"M","?","M","M","?","R","E","M","T","E"],"character_chosen":"THE_SILENT","items_purchased":["Medical Kit","Bronze Scales"],"campfire_rested":0,"item_purchase_floors":[14,14],"current_hp_per_floor":[58,57,54,54,54,54,54,54,54,34,20,28,35,35,35,12,53,51,51,45,39,52,52,43,39,39,0,0],"gold":128,"neow_bonus":"RANDOM_COLORLESS_2","is_prod":false,"is_daily":false,"chose_seed":false,"campfire_upgraded":4,"win_rate":0,"timestamp":1607531028,"path_taken":["M","M","M","?","?","R","E","R","T","M","E","M","?","$","R","BOSS","M","?","?","M","?","R","E","M","T","E"],"build_version":"2020-11-30","purchased_purges":1,"victory":false,"max_hp_per_floor":[60,60,60,60,60,60,60,60,60,60,60,60,67,67,67,67,67,67,67,67,67,67,67,67,67,67,67,67],"card_choices":[{"not_picked":["Secret Technique","Chrysalis"],"picked":"HandOfGreed","floor":0.0},{"not_picked":["Dagger Throw","Riddle With Holes"],"picked":"Calculated Gamble","floor":1.0},{"not_picked":["Backflip","Skewer"],"picked":"Masterful Stab","floor":2.0},{"not_picked":["Flechettes","Outmaneuver","Flying Knee"],"picked":"SKIP","floor":3.0},{"not_picked":["Endless Agony","Cloak And Dagger","Infinite Blades"],"picked":"SKIP","floor":7.0},{"not_picked":["Bane","Flechettes","Predator"],"picked":"SKIP","floor":10.0},{"not_picked":["Outmaneuver","Expertise"],"picked":"Underhanded Strike","floor":11.0},{"not_picked":["Outmaneuver","Heel Hook"],"picked":"Well Laid Plans+1","floor":12.0},{"not_picked":["Envenom+1","Night Terror"],"picked":"Wraith Form v2+1","floor":16.0},{"not_picked":["Deflect","Flying Knee+1"],"picked":"Deadly Poison","floor":18.0},{"not_picked":["Accuracy+1","Expertise","Flying Knee"],"picked":"SKIP","floor":20.0},{"not_picked":["Cloak And Dagger","Slice","Outmaneuver"],"picked":"SKIP","floor":21.0},{"not_picked":["Caltrops+1","A Thousand Cuts+1"],"picked":"Dagger Throw","floor":24},{"not_picked":["Eviscerate","Dagger Throw","Accuracy+1"],"picked":"SKIP","floor":25}],"player_experience":351196,"relics_obtained":[{"floor":7.0,"key":"Nunchaku"},{"floor":9.0,"key":"Smiling Mask"},{"floor":11.0,"key":"Frozen Egg 2"},{"floor":13.0,"key":"Strawberry"},{"floor":24,"key":"Centennial Puzzle"},{"floor":26,"key":"Ginger"}],"event_choices":[{"cards_removed":["Strike_G"],"damage_healed":0.0,"max_hp_gain":0.0,"max_hp_loss":0.0,"gold_gain":0.0,"event_name":"The Cleric","player_choice":"Card Removal","floor":4.0,"gold_loss":75.0,"damage_taken":0.0},{"damage_healed":0.0,"max_hp_gain":0.0,"max_hp_loss":0.0,"gold_gain":0.0,"event_name":"Scrap Ooze","player_choice":"Fled","floor":5.0,"gold_loss":0.0,"damage_taken":0.0},{"damage_healed":0.0,"max_hp_gain":0.0,"max_hp_loss":0.0,"gold_gain":0.0,"event_name":"Upgrade Shrine","player_choice":"Upgraded","floor":19.0,"gold_loss":0.0,"damage_taken":0.0,"cards_upgraded":["Deadly Poison"]},{"damage_healed":13,"gold_gain":0,"player_choice":"Heal","damage_taken":0,"max_hp_gain":0,"max_hp_loss":0,"event_name":"The Library","floor":22,"gold_loss":0}],"is_beta":false,"boss_relics":[{"not_picked":["Ring of the Serpent","Runic Dome"],"picked":"Ectoplasm"}],"items_purged_floors":[14],"is_endless":false,"potions_floor_spawned":[3,10,11,16,20,25],"killed_by":"Gremlin Leader","ascension_level":20}}