{"host":"ipcfr4ajj2jkxvg7","time":1607491174,"event":{"gold_per_floor":[14,28,28,28,53,85,85,117,117,117,127,147,157,170,170,244,244,254,254,268,164,214,245,245,255,309,341,341,341,366,383,383,459,459,473,126,140,140,187,187,216,216,216,94,94,119,119,135,135,135,135,135,135,10,44,44,44],"floor_reached":56,"playtime":1791,"items_purged":["Delirium","Strike_RM","Strike_RM"],"score":1832,"play_id":"ec783924-bdc1-4792-8bb1-2873f729a43a","local_time":"20201209131934","is_ascension_mode":true,"campfire_choices":[{"floor":7.0,"key":"REST"},{"floor":15.0,"key":"REST"},{"data":"QueenOfMidnight","floor":24.0,"key":"SMITH"},{"data":"TwelveNightmare","floor":28.0,"key":"SMITH"},{"floor":32.0,"key":"REST"},{"data":"CeilingFear","floor":40.0,"key":"SMITH"},{"floor":42.0,"key":"RECALL"},{"data":"BloodyMagicSquare","floor":45.0,"key":"SMITH"},{"data":"FitfulNightmare","floor":49.0,"key":"SMITH"},{"data":"BloodHunter","floor":53.0,"key":"SMITH"}],"neow_cost":"NO_GOLD","seed_source_timestamp":779980533516900,"circlet_count":0,"master_deck":["AscendersBane","Strike_RM","Strike_RM","Defend_RM","Defend_RM","RedMoon","ScarletShoot","TwelveNightmare+1","RedNightlessCastle","ChainGang","BloodHunter","DiffusionOfMisfortune","VampireKiss","QueenOfMidnight+1","Stigmanizer","CeilingFear+1","BloodHunter+1","ScarletCoffin","BloodHunter+1","ScarletMeister","FitfulNightmare+1","VampireSweep","BombardNight","BloodyMagicSquare+1","NightLord","Parasite","CeilingFear"],"special_seed":0,"relics":["ScarletHat","AddBug","SecretRecord","SecretRecord","SecretRecord","SecretRecord","SecretRecord","SecretRecord"],"potions_floor_usage":[56],"damage_taken":[{"damage":2.0,"enemies":"Jaw Worm","floor":1.0,"turns":3.0},{"damage":4.0,"enemies":"Small Slimes","floor":2.0,"turns":5.0},{"damage":9.0,"enemies":"3 Sentries","floor":6.0,"turns":9.0},{"damage":22.0,"enemies":"Gremlin Nob","floor":8.0,"turns":4.0},{"damage":0.0,"enemies":"Cultist","floor":11.0,"turns":4.0},{"damage":0.0,"enemies":"Gremlin Gang","floor":12.0,"turns":2.0},{"damage":0.0,"enemies":"Exordium Thugs","floor":13.0,"turns":3.0},{"damage":0.0,"enemies":"Blue Slaver","floor":14.0,"turns":2.0},{"damage":10.0,"enemies":"Hexaghost","floor":16.0,"turns":8.0},{"damage":16.0,"enemies":"Spheric Guardian","floor":18.0,"turns":4.0},{"damage":19.0,"enemies":"Shell Parasite","floor":20.0,"turns":3.0},{"damage":12.0,"enemies":"Slavers","floor":23.0,"turns":7.0},{"damage":4.0,"enemies":"Cultist and Chosen","floor":25.0,"turns":5.0},{"damage":27.0,"enemies":"Book of Stabbing","floor":27.0,"turns":4.0},{"damage":13.0,"enemies":"Slavers","floor":30.0,"turns":3.0},{"damage":0.0,"enemies":"Snecko","floor":31.0,"turns":2.0},{"damage":26.0,"enemies":"Automaton","floor":33.0,"turns":5.0},{"damage":48.0,"enemies":"3 Shapes","floor":35.0,"turns":5.0},{"damage":3.0,"enemies":"3 Darklings","floor":37.0,"turns":3.0},{"damage":16.0,"enemies":"Orin","floor":39.0,"turns":5.0},{"damage":32.0,"enemies":"Nemesis","floor":41.0,"turns":3.0},{"damage":20.0,"enemies":"Writhing Mass","floor":48.0,"turns":4.0},{"damage":59.0,"enemies":"Awakened One","floor":50.0,"turns":6.0},{"damage":28.0,"enemies":"Time Eater","floor":51.0,"turns":4.0},{"damage":86.0,"enemies":"Shield and Spear","floor":55.0,"turns":4.0},{"damage":128,"enemies":"The Heart","floor":56,"turns":9}],"seed_played":"-7434170236294879330","potions_obtained":[{"floor":1.0,"key":"EntropicBrew"},{"floor":5.0,"key":"Toxic Potion"},{"floor":5.0,"key":"DestinyDice"},{"floor":8.0,"key":"Swift Potion"},{"floor":11.0,"key":"AttackPotion"},{"floor":27.0,"key":"Cursed Concoction"},{"floor":30.0,"key":"Swift Potion"},{"floor":35.0,"key":"Doom Potion"}],"is_trial":false,"path_per_floor":["M","M","?","$","?","E","R","E","T","?","M","M","M","M","R","B",null,"M","?","M","$","?","E","R","M","T","E","R","?","E","M","R","B",null,"M","$","M","?","?","R","E","R","T","$","R","T","$","M","R","B","B",null,"R","$","E","B"],"character_chosen":"REMILIA","items_purchased":["Stigmanizer","FitfulNightmare","Bronze Scales","BloodyMagicSquare","NightLord"],"campfire_rested":3,"item_purchase_floors":[21,36,36,44,44],"current_hp_per_floor":[61,57,33,33,10,4,25,3,3,3,3,3,3,3,24,26,59,48,48,30,30,30,27,27,29,29,13,13,13,6,6,27,24,59,12,12,10,10,39,39,40,40,40,40,40,40,40,46,46,50,70,70,70,70,55,0,0],"gold":44,"neow_bonus":"REMOVE_TWO","is_prod":false,"is_daily":false,"chose_seed":false,"campfire_upgraded":6,"win_rate":0,"timestamp":1607491174,"path_taken":["M","M","?","$","?","E","R","E","T","?","?","M","M","?","R","BOSS","M","?","M","$","?","E","R","M","T","E","R","?","E","M","R","BOSS","M","$","M","?","?","R","E","R","T","?","R","?","$","?","R","BOSS","BOSS","R","$","E","BOSS"],"build_version":"2020-11-30","purchased_purges":3,"victory":false,"max_hp_per_floor":[70,70,70,70,70,70,70,70,70,70,70,70,70,70,70,70,70,70,70,70,70,70,70,70,70,70,70,70,70,70,70,70,70,70,70,70,70,70,70,70,70,70,70,70,70,70,70,70,70,70,70,70,70,70,70,70,70],"card_choices":[{"not_picked":["NightDance","FavorOfDestiny"],"picked":"TwelveNightmare","floor":1.0},{"not_picked":["CharismaGuard","ScarletDevilSign","RedRainbow"],"picked":"SKIP","floor":2.0},{"not_picked":["BombardNight","UnstableMagic"],"picked":"RedNightlessCastle","floor":5.0},{"not_picked":["Stigmanizer","ChaoticDestiny","UltimateOffering"],"picked":"SKIP","floor":6.0},{"not_picked":["ScarletSymphony","ScarletImprint"],"picked":"ChainGang","floor":8.0},{"not_picked":["Stigmanizer","DiffusionOfMisfortune"],"picked":"BloodHunter","floor":11.0},{"not_picked":["MastersStateliness","BlasphemousPunishment"],"picked":"DiffusionOfMisfortune","floor":12.0},{"not_picked":["BloodyTrap","RedRainbow","ScarletImprint"],"picked":"SKIP","floor":13.0},{"not_picked":["Stigmanizer","MillenniumVampire"],"picked":"VampireKiss","floor":14.0},{"not_picked":["CurseOfVladTepes","KillingBlow"],"picked":"QueenOfMidnight","floor":16.0},{"not_picked":["NightDance","MastersStateliness","StarOfDavid"],"picked":"SKIP","floor":18.0},{"not_picked":["MillenniumVampire+1","Maim","UnstableMagic"],"picked":"SKIP","floor":20.0},{"not_picked":["LeisurelyOfLord","BadLadyScramble"],"picked":"CeilingFear","floor":23.0},{"not_picked":["FavorOfDestiny+1","CharismaGuard","VampireFantasy"],"picked":"SKIP","floor":25.0},{"not_picked":["StarOfDavid","CharismaGuard"],"picked":"BloodHunter","floor":27.0},{"not_picked":["VampireKiss","ForbiddenFruit"],"picked":"ScarletCoffin","floor":30.0},{"not_picked":["NightDance","Stigmanizer"],"picked":"BloodHunter+1","floor":31.0},{"not_picked":["BloodyHallows","ForecastOfChange"],"picked":"ScarletMeister","floor":33.0},{"not_picked":["StarOfDavid+1","ScarletDevil","UnderTheZenith"],"picked":"SKIP","floor":35.0},{"not_picked":["NightDance","UnstableMagic"],"picked":"VampireSweep","floor":37.0},{"not_picked":["HellCatastrophe","MastersStateliness+1"],"picked":"BombardNight","floor":41.0},{"not_picked":["Stigmanizer+1","FavorOfDestiny+1","BlasphemousPunishment"],"picked":"SKIP","floor":48.0},{"not_picked":["VampireFantasy+1","MiserableFate"],"picked":"CeilingFear","floor":55.0}],"player_experience":335460,"relics_obtained":[{"floor":1.0,"key":"AddBug"},{"floor":6.0,"key":"GodSword6"},{"floor":8.0,"key":"Unceasing Top"},{"floor":11.0,"key":"SecretRecord"},{"floor":19.0,"key":"ReplayTheSpireMod:Ring of Addiction"},{"floor":19.0,"key":"ReplayTheSpireMod:Ring of Challenge"},{"floor":23.0,"key":"SecretRecord"},{"floor":23.0,"key":"Orichalcum"},{"floor":26.0,"key":"PreservedInsect"},{"floor":27.0,"key":"SecretRecord"},{"floor":27.0,"key":"Centennial Puzzle"},{"floor":30.0,"key":"Replay:Rubber Ducky"},{"floor":31.0,"key":"SecretRecord"},{"floor":39.0,"key":"CatCart"},{"floor":41.0,"key":"SecretRecord"},{"floor":41.0,"key":"TungstenRod"},{"floor":43.0,"key":"Toy Ornithopter"},{"floor":46.0,"key":"Dream Catcher"},{"floor":55.0,"key":"Simple Rune"}],"event_choices":[{"damage_healed":0.0,"max_hp_gain":0.0,"max_hp_loss":0.0,"gold_gain":0.0,"event_name":"Golden Idol","player_choice":"Take Damage","floor":3.0,"gold_loss":0.0,"damage_taken":24.0,"relics_obtained":["Golden Idol"]},{"damage_healed":0.0,"max_hp_gain":0.0,"max_hp_loss":0.0,"gold_gain":0.0,"event_name":"Match and Keep!","player_choice":"0 cards matched","floor":10.0,"gold_loss":0.0,"damage_taken":0.0,"cards_obtained":[]},{"damage_healed":0.0,"max_hp_gain":0.0,"max_hp_loss":0.0,"gold_gain":50.0,"event_name":"Nest","player_choice":"Stole From Cult","floor":22.0,"gold_loss":0.0,"damage_taken":0.0},{"damage_healed":0.0,"max_hp_gain":0.0,"max_hp_loss":0.0,"gold_gain":0.0,"event_name":"Drug Dealer","player_choice":"Inject Mutagens","floor":29.0,"gold_loss":0.0,"damage_taken":0.0,"relics_obtained":["MutagenicStrength"]},{"damage_healed":0.0,"max_hp_gain":0.0,"max_hp_loss":0.0,"gold_gain":0.0,"event_name":"SensoryStone","player_choice":"Memory 1","floor":38.0,"gold_loss":0.0,"damage_taken":0.0},{"damage_healed":0.0,"max_hp_gain":0.0,"max_hp_loss":0.0,"gold_gain":0.0,"event_name":"OrinTheCat","player_choice":"Fight","floor":39.0,"gold_loss":0.0,"damage_taken":0.0}],"is_beta":false,"boss_relics":[{"not_picked":["Runic Pyramid","Replay:Bronze Core"],"picked":"Painkiller Herb"},{"not_picked":["Fusion Hammer","Coffee Dripper"],"picked":"SacredBark"}],"items_purged_floors":[21,36,54],"is_endless":false,"potions_floor_spawned":[1,8,11,25,27,30,35,39],"killed_by":"The Heart","ascension_level":20}}