{"host":"p7j7o00jacnw7qzt","time":1607494919,"event":{"gold_per_floor":[369,36,76,132,32,32,74,126,126,126,126,226,265,265,265,413,413,480,518,131,131,131,189,189,289,289,204,248,248,305,374,374,473,473,511,597,299,337,457,510,510,510,510,537,537,548,233,252,252,252,252,252,252,15,47,47],"floor_reached":57,"playtime":3329,"items_purged":["Strike_G","Defend_G","Defend_G","Defend_G","Defend_G","Defend_G"],"score":3485,"play_id":"a351c194-b801-4277-94b9-1783bd9a43de","local_time":"20201209012159","is_ascension_mode":true,"campfire_choices":[{"data":"HandOfGreed","floor":6.0,"key":"SMITH"},{"data":"Acrobatics","floor":10.0,"key":"SMITH"},{"data":"Concentrate","floor":15.0,"key":"SMITH"},{"data":"Blade Dance","floor":24.0,"key":"SMITH"},{"data":"Accuracy","floor":29.0,"key":"SMITH"},{"data":"Prepared","floor":32.0,"key":"SMITH"},{"data":"Expertise","floor":42.0,"key":"SMITH"},{"floor":45.0,"key":"RECALL"},{"data":"Phantasmal Killer","floor":49.0,"key":"SMITH"},{"data":"Backflip","floor":53.0,"key":"SMITH"}],"neow_cost":"TEN_PERCENT_HP_LOSS","seed_source_timestamp":2079527798360900,"circlet_count":0,"master_deck":["AscendersBane","Survivor","Neutralize","Terror","Backflip+1","Blade Dance+1","Acrobatics+1","Concentrate+1","Slice","Adrenaline","Prepared+1","Accuracy+1","Expertise+1","Phantasmal Killer+1","Calculated Gamble+1","Acrobatics"],"special_seed":0,"relics":["Ring of the Snake","Matryoshka","Gremlin Horn","Eternal Feather","MealTicket","Empty Cage","Membership Card","Potion Belt","Lizard Tail","Singing Bowl","Ninja Scroll","Tough Bandages","WristBlade","Medical Kit","Nunchaku","Art of War","Ornamental Fan","Mummified Hand","InkBottle","Bag of Marbles","TheAbacus","Anchor"],"potions_floor_usage":[56,56,56,56],"damage_taken":[{"damage":1.0,"enemies":"Cultist","floor":1.0,"turns":4.0},{"damage":7.0,"enemies":"Jaw Worm","floor":3.0,"turns":3.0},{"damage":3.0,"enemies":"2 Louse","floor":4.0,"turns":5.0},{"damage":5.0,"enemies":"Red Slaver","floor":7.0,"turns":2.0},{"damage":22.0,"enemies":"Lagavulin","floor":8.0,"turns":6.0},{"damage":2.0,"enemies":"3 Sentries","floor":12.0,"turns":7.0},{"damage":0.0,"enemies":"Blue Slaver","floor":13.0,"turns":2.0},{"damage":35.0,"enemies":"Slime Boss","floor":16.0,"turns":13.0},{"damage":0.0,"enemies":"2 Thieves","floor":18.0,"turns":3.0},{"damage":7.0,"enemies":"Chosen","floor":19.0,"turns":3.0},{"damage":0.0,"enemies":"Gremlin Leader","floor":23.0,"turns":3.0},{"damage":20.0,"enemies":"Slavers","floor":25.0,"turns":4.0},{"damage":0.0,"enemies":"Snecko","floor":28.0,"turns":2.0},{"damage":0.0,"enemies":"Book of Stabbing","floor":30.0,"turns":2.0},{"damage":0.0,"enemies":"Sentry and Sphere","floor":31.0,"turns":3.0},{"damage":0.0,"enemies":"Automaton","floor":33.0,"turns":5.0},{"damage":0.0,"enemies":"Orb Walker","floor":35.0,"turns":1.0},{"damage":0.0,"enemies":"3 Shapes","floor":36.0,"turns":3.0},{"damage":0.0,"enemies":"3 Darklings","floor":38.0,"turns":1.0},{"damage":0.0,"enemies":"4 Shapes","floor":39.0,"turns":1.0},{"damage":0.0,"enemies":"Giant Head","floor":40.0,"turns":2.0},{"damage":0.0,"enemies":"Nemesis","floor":44.0,"turns":3.0},{"damage":0.0,"enemies":"Writhing Mass","floor":46.0,"turns":2.0},{"damage":0.0,"enemies":"Spire Growth","floor":48.0,"turns":1.0},{"damage":0.0,"enemies":"Donu and Deca","floor":50.0,"turns":1.0},{"damage":14.0,"enemies":"Time Eater","floor":51.0,"turns":5.0},{"damage":0.0,"enemies":"Shield and Spear","floor":55.0,"turns":1.0},{"damage":0,"enemies":"The Heart","floor":56,"turns":4}],"seed_played":"345259277411191124","potions_obtained":[{"floor":3.0,"key":"DuplicationPotion"},{"floor":8.0,"key":"Energy Potion"},{"floor":13.0,"key":"Strength Potion"},{"floor":16.0,"key":"SteroidPotion"},{"floor":25.0,"key":"FearPotion"},{"floor":28.0,"key":"ColorlessPotion"},{"floor":31.0,"key":"Swift Potion"},{"floor":33.0,"key":"PowerPotion"},{"floor":38.0,"key":"SteroidPotion"},{"floor":39.0,"key":"PowerPotion"},{"floor":48.0,"key":"Fruit Juice"}],"is_trial":false,"path_per_floor":["M","$","M","M","$","R","M","E","T","R","?","E","M","?","R","B",null,"M","M","$","?","?","E","R","E","T","?","M","R","E","M","R","B",null,"M","M","$","M","M","E","?","R","T","E","R","M","$","M","R","B","B",null,"R","$","E","B",null],"character_chosen":"THE_SILENT","items_purchased":["HandOfGreed","Terror","Membership Card","Accuracy","Potion Belt","Fire Potion","Medical Kit","Fruit Juice","Nunchaku","InkBottle","Bag of Marbles","TheAbacus","DuplicationPotion","Acrobatics"],"campfire_rested":0,"item_purchase_floors":[2,2,20,20,20,20,37,37,37,47,47,54,54,54],"current_hp_per_floor":[58,58,51,48,48,48,43,21,21,30,30,28,28,28,37,2,46,46,39,54,54,54,54,60,40,40,40,42,51,53,53,62,62,64,66,68,68,73,75,77,77,77,77,79,79,81,81,83,83,83,69,80,83,88,90,90],"gold":47,"neow_bonus":"TWO_FIFTY_GOLD","is_prod":false,"is_daily":false,"chose_seed":false,"campfire_upgraded":9,"win_rate":0,"timestamp":1607494919,"path_taken":["M","$","?","M","$","R","M","E","T","R","?","E","M","?","R","BOSS","M","M","$","?","?","E","R","E","T","?","M","R","E","M","R","BOSS","M","M","$","M","M","E","?","R","T","E","R","M","$","M","R","BOSS","BOSS","R","$","E","BOSS"],"build_version":"2020-11-30","purchased_purges":6,"victory":true,"max_hp_per_floor":[60,60,60,60,60,60,60,60,60,60,60,60,60,60,60,60,60,60,60,60,60,60,60,60,60,60,60,62,62,64,64,64,64,64,66,68,68,73,75,77,77,77,77,79,79,81,81,83,83,83,83,83,83,88,90,90],"relic_stats":{"Gremlin Horn":[22,22],"Singing Bowl":20,"counters":[28,92],"Eternal Feather":45,"Medical Kit":[7],"Lizard Tail":0,"Tough Bandages":[552],"Nunchaku":[19],"TheAbacus":[78],"Ornamental Fan":[172],"Mummified Hand":[9],"MealTicket":15,"Art of War":[1],"obtain_stats":[{"Potion Belt":20,"Gremlin Horn":9,"Singing Bowl":26,"Eternal Feather":9,"Empty Cage":17,"Medical Kit":37,"Lizard Tail":23,"Tough Bandages":30,"Nunchaku":37,"Anchor":55,"Matryoshka":8,"TheAbacus":54,"WristBlade":34,"Ninja Scroll":27,"Ornamental Fan":43,"Mummified Hand":44,"MealTicket":12,"Art of War":40,"Bag of Marbles":47,"Membership Card":20,"InkBottle":47,"Ring of the Snake":0},{"Potion Belt":10,"Gremlin Horn":5,"Singing Bowl":12,"Eternal Feather":5,"Empty Cage":8,"Medical Kit":18,"Lizard Tail":11,"Tough Bandages":14,"Nunchaku":18,"Anchor":27,"Matryoshka":5,"TheAbacus":26,"WristBlade":16,"Ninja Scroll":12,"Ornamental Fan":21,"Mummified Hand":22,"MealTicket":6,"Art of War":21,"Bag of Marbles":23,"Membership Card":10,"InkBottle":23,"Ring of the Snake":0},{"Potion Belt":48,"Gremlin Horn":20,"Singing Bowl":55,"Eternal Feather":20,"Empty Cage":42,"Medical Kit":71,"Lizard Tail":51,"Tough Bandages":59,"Nunchaku":71,"Anchor":88,"Matryoshka":20,"TheAbacus":87,"WristBlade":67,"Ninja Scroll":55,"Ornamental Fan":75,"Mummified Hand":78,"MealTicket":27,"Art of War":75,"Bag of Marbles":80,"Membership Card":48,"InkBottle":80,"Ring of the Snake":0}],"InkBottle":[24],"Ring of the Snake":[56]},"card_choices":[{"not_picked":["Bane","Blur","Deadly Poison"],"picked":"SKIP","floor":1.0},{"not_picked":["Cloak And Dagger","Poisoned Stab"],"picked":"Backflip","floor":3.0},{"not_picked":["Flechettes","All Out Attack"],"picked":"Blade Dance","floor":4.0},{"not_picked":["Deflect","Infinite Blades"],"picked":"Acrobatics","floor":7.0},{"not_picked":["Blur","Cloak And Dagger","Sucker Punch"],"picked":"SKIP","floor":8.0},{"not_picked":["Acrobatics","Dagger Throw"],"picked":"Concentrate","floor":12.0},{"not_picked":["Finisher","PiercingWail","Sucker Punch"],"picked":"SKIP","floor":13.0},{"not_picked":["Venomology","Glass Knife"],"picked":"Adrenaline","floor":16.0},{"not_picked":["Prepared","Underhanded Strike","Backstab"],"picked":"SKIP","floor":18.0},{"not_picked":["Dagger Spray","Poisoned Stab+1"],"picked":"Prepared","floor":19.0},{"not_picked":["Poisoned Stab","Distraction","Dagger Throw"],"picked":"SKIP","floor":23.0},{"not_picked":["Dagger Throw","Crippling Poison","Choke"],"picked":"SKIP","floor":25.0},{"not_picked":["Deadly Poison","Endless Agony+1","PiercingWail+1"],"picked":"Singing Bowl","floor":28.0},{"not_picked":["Catalyst+1","Doppelganger","Setup"],"picked":"Singing Bowl","floor":30.0},{"not_picked":["Backflip","Prepared"],"picked":"Expertise","floor":31.0},{"not_picked":["Unload","Wraith Form v2"],"picked":"Phantasmal Killer","floor":33.0},{"not_picked":["Dagger Throw","Cloak And Dagger+1","Dash"],"picked":"Singing Bowl","floor":35.0},{"not_picked":["Acrobatics","Blade Dance","Choke"],"picked":"Singing Bowl","floor":36.0},{"not_picked":["Terror","Poisoned Stab"],"picked":"Calculated Gamble+1","floor":38.0},{"not_picked":["Dash+1","Poisoned Stab","Flechettes"],"picked":"Singing Bowl","floor":39.0},{"not_picked":["Blade Dance","Deflect","All Out Attack"],"picked":"Singing Bowl","floor":40.0},{"not_picked":["Caltrops","Bouncing Flask","Bane+1"],"picked":"Singing Bowl","floor":44.0},{"not_picked":["Infinite Blades","Blur","All Out Attack"],"picked":"Singing Bowl","floor":46.0},{"not_picked":["Terror","Masterful Stab+1","Expertise+1"],"picked":"Singing Bowl","floor":48.0},{"not_picked":["Noxious Fumes","Blade Dance","Endless Agony"],"picked":"Singing Bowl","floor":55.0}],"player_experience":695706,"relics_obtained":[{"floor":8.0,"key":"Matryoshka"},{"floor":9.0,"key":"Gremlin Horn"},{"floor":9.0,"key":"Eternal Feather"},{"floor":12.0,"key":"MealTicket"},{"floor":23.0,"key":"Lizard Tail"},{"floor":26.0,"key":"Singing Bowl"},{"floor":30.0,"key":"Tough Bandages"},{"floor":40.0,"key":"Art of War"},{"floor":43.0,"key":"Ornamental Fan"},{"floor":44.0,"key":"Mummified Hand"},{"floor":55.0,"key":"Anchor"}],"event_choices":[{"cards_removed":["Strike_G"],"damage_healed":0.0,"max_hp_gain":0.0,"max_hp_loss":0.0,"gold_gain":0.0,"event_name":"Living Wall","player_choice":"Forget","floor":11.0,"gold_loss":0.0,"damage_taken":0.0},{"damage_healed":0.0,"max_hp_gain":0.0,"max_hp_loss":0.0,"gold_gain":0.0,"cards_transformed":["Strike_G"],"event_name":"Transmorgrifier","player_choice":"Transformed","floor":14.0,"gold_loss":0.0,"damage_taken":0.0,"cards_obtained":["Slice"]},{"damage_healed":0.0,"max_hp_gain":0.0,"max_hp_loss":0.0,"gold_gain":0.0,"event_name":"Ghosts","player_choice":"Ignored","floor":21.0,"gold_loss":0.0,"damage_taken":0.0},{"damage_healed":0.0,"max_hp_gain":0.0,"max_hp_loss":0.0,"gold_gain":0.0,"event_name":"The Mausoleum","player_choice":"Ignored","floor":22.0,"gold_loss":0.0,"damage_taken":0.0},{"damage_healed":0.0,"max_hp_gain":0.0,"max_hp_loss":0.0,"gold_gain":0.0,"event_name":"Addict","player_choice":"Obtained Relic","floor":27.0,"gold_loss":85.0,"damage_taken":0.0,"relics_obtained":["Ninja Scroll"]},{"cards_removed":["HandOfGreed"],"damage_healed":0.0,"max_hp_gain":0.0,"max_hp_loss":0.0,"gold_gain":0.0,"event_name":"Falling","player_choice":"Removed Attack","floor":41.0,"gold_loss":0.0,"damage_taken":0.0}],"is_beta":false,"boss_relics":[{"not_picked":["Philosopher\u0027s Stone","Sozu"],"picked":"Empty Cage"},{"not_picked":["Cursed Key","Runic Dome"],"picked":"WristBlade"}],"items_purged_floors":[2,5,20,37,47,54],"is_endless":false,"potions_floor_spawned":[3,8,13,16,25,28,31,33,38,39,40,48,55],"ascension_level":20}}