{"host":"erulnpr9qdnrfj6h","time":1607512503,"event":{"gold_per_floor":[111,111,111,111,126,169,189,189,189,212,251,266,291,291,291,422,422,435,148,148,112,72,106,129,168,168,212,212,69,69,89,89,208,208,221,221,242,464,484,527,527,590,615,658,684,318,357,58,58,58,58,58,6,47,47,47],"floor_reached":55,"playtime":3360,"items_purged":["Adrenaline"],"score":1379,"play_id":"71368999-a105-4d63-92d2-dc4c3f85cd5b","local_time":"20201209201503","is_ascension_mode":true,"campfire_choices":[{"data":"Backflip","floor":8.0,"key":"SMITH"},{"data":"Terror","floor":15.0,"key":"SMITH"},{"data":"Adrenaline","floor":32.0,"key":"SMITH"},{"data":"RitualDagger","floor":41.0,"key":"SMITH"},{"floor":49.0,"key":"RECALL"},{"data":"Adrenaline","floor":52,"key":"SMITH"}],"neow_cost":"NONE","seed_source_timestamp":2371578244324800,"circlet_count":0,"master_deck":["Strike_G+1","Defend_G","Defend_G","Defend_G","Defend_G","Defend_G","Survivor","Neutralize","Footwork+1","Regret","Backflip+1","Terror+1","Reflex","Dagger Spray","Calculated Gamble","PiercingWail","Outmaneuver","Blade Dance+1","Expertise+1","Blade Dance+1","Infinite Blades","Cloak And Dagger","Apotheosis+1","Infinite Blades","Escape Plan+1","Blade Dance+1","Adrenaline+1","RitualDagger+1","Adrenaline+1","Tactician+1","Prepared+1","Noxious Fumes+1"],"special_seed":0,"relics":["Ring of the Serpent","NeowsBlessing","Du-Vu Doll","Golden Idol","Akabeko","Eternal Feather","Dead Branch","Odd Mushroom","Astrolabe","PreservedInsect","Red Mask","Pen Nib","HandDrill","Frozen Egg 2","Strawberry","Unceasing Top","Snake Skull","MawBank","Molten Egg 2","Tingsha","Vajra","ClockworkSouvenir","Ginger"],"potions_floor_usage":[55,55,55],"damage_taken":[{"damage":0.0,"enemies":"Small Slimes","floor":1.0,"turns":1.0},{"damage":0.0,"enemies":"Jaw Worm","floor":5.0,"turns":1.0},{"damage":0.0,"enemies":"Gremlin Nob","floor":6.0,"turns":1.0},{"damage":0.0,"enemies":"2 Louse","floor":7.0,"turns":3.0},{"damage":5.0,"enemies":"Exordium Thugs","floor":10.0,"turns":4.0},{"damage":17.0,"enemies":"Lagavulin","floor":11.0,"turns":8.0},{"damage":0.0,"enemies":"Blue Slaver","floor":12.0,"turns":2.0},{"damage":0.0,"enemies":"The Mushroom Lair","floor":13.0,"turns":1.0},{"damage":23.0,"enemies":"The Guardian","floor":16.0,"turns":10.0},{"damage":16.0,"enemies":"2 Thieves","floor":18.0,"turns":3.0},{"damage":4.0,"enemies":"Gremlin Leader","floor":23.0,"turns":4.0},{"damage":4.0,"enemies":"Shell Parasite","floor":24.0,"turns":3.0},{"damage":0.0,"enemies":"Masked Bandits","floor":25.0,"turns":2.0},{"damage":6.0,"enemies":"Slavers","floor":27.0,"turns":2.0},{"damage":7.0,"enemies":"Centurion and Healer","floor":31.0,"turns":3.0},{"damage":5.0,"enemies":"Automaton","floor":33.0,"turns":5.0},{"damage":0.0,"enemies":"3 Shapes","floor":35.0,"turns":1.0},{"damage":3.0,"enemies":"Orb Walker","floor":37.0,"turns":2.0},{"damage":9.0,"enemies":"Transient","floor":39.0,"turns":5.0},{"damage":0.0,"enemies":"Reptomancer","floor":40.0,"turns":2.0},{"damage":4.0,"enemies":"Mind Bloom Boss Battle","floor":42.0,"turns":4.0},{"damage":0.0,"enemies":"Nemesis","floor":44.0,"turns":1.0},{"damage":0.0,"enemies":"Sphere and 2 Shapes","floor":45.0,"turns":2.0},{"damage":8.0,"enemies":"Giant Head","floor":47.0,"turns":4.0},{"damage":69,"enemies":"Awakened One","floor":50,"turns":7},{"damage":0,"enemies":"Shield and Spear","floor":54,"turns":2},{"damage":82,"enemies":"The Heart","floor":55,"turns":5}],"seed_played":"6737057887880640898","potions_obtained":[{"floor":6.0,"key":"Explosive Potion"},{"floor":10.0,"key":"Regen Potion"},{"floor":11.0,"key":"GamblersBrew"},{"floor":24.0,"key":"AttackPotion"},{"floor":25.0,"key":"AttackPotion"},{"floor":30.0,"key":"SkillPotion"},{"floor":30.0,"key":"Energy Potion"},{"floor":35.0,"key":"FearPotion"},{"floor":39.0,"key":"LiquidBronze"},{"floor":44.0,"key":"Explosive Potion"}],"is_trial":false,"path_per_floor":["M","?","?","?","M","E","M","R","T","M","E","M","?","?","R","B",null,"M","$","?","$","?","E","M","?","T","E","?","$","?","M","R","B",null,"M","?","M","?","M","E","R","?","T","E","M","$","E","$","R","B",null,"R","$","E","B"],"character_chosen":"THE_SILENT","items_purchased":["Infinite Blades","Cloak And Dagger","Apotheosis","Infinite Blades","HandDrill","Molten Egg 2","PowerPotion","Vajra","ClockworkSouvenir","Explosive Potion"],"campfire_rested":0,"item_purchase_floors":[19,19,19,21,29,46,46,48,48,53],"current_hp_per_floor":[63,63,49,49,49,49,49,49,49,44,27,27,27,27,39,31,57,41,41,75,75,75,71,67,67,67,61,55,55,55,48,63,58,71,71,71,68,68,59,66,82,78,78,78,78,78,70,70,82,13,65,82,82,82,0,0],"gold":47,"neow_bonus":"THREE_ENEMY_KILL","is_prod":false,"is_daily":false,"chose_seed":false,"campfire_upgraded":5,"win_rate":0,"timestamp":1607512503,"path_taken":["M","?","?","?","M","E","M","R","T","M","E","?","?","?","R","BOSS","M","$","?","?","?","E","?","?","T","E","?","$","?","?","R","BOSS","M","?","?","?","M","E","R","?","T","E","?","?","E","$","R","BOSS","R","$","E","BOSS"],"build_version":"2020-11-30","purchased_purges":1,"victory":false,"max_hp_per_floor":[70,70,70,65,65,65,65,65,65,65,65,65,65,65,65,65,65,65,65,75,75,75,75,75,75,75,75,75,75,75,75,75,75,75,75,75,75,75,75,82,82,82,82,82,82,82,82,82,82,82,82,82,82,82,82,82],"card_choices":[{"not_picked":["Deadly Poison","PiercingWail"],"picked":"Footwork","floor":1.0},{"not_picked":["Catalyst","Dash"],"picked":"Backflip","floor":5.0},{"not_picked":["All Out Attack","Deadly Poison"],"picked":"Terror","floor":6.0},{"not_picked":["Blur","Endless Agony"],"picked":"Reflex","floor":7.0},{"not_picked":["Deadly Poison","Flying Knee"],"picked":"Dagger Spray","floor":10.0},{"not_picked":["Outmaneuver","Deflect"],"picked":"Calculated Gamble","floor":11.0},{"not_picked":["Poisoned Stab","Escape Plan"],"picked":"PiercingWail","floor":12.0},{"not_picked":["Tools of the Trade","Wraith Form v2"],"picked":"A Thousand Cuts","floor":16.0},{"not_picked":["Quick Slash","Reflex"],"picked":"Blade Dance+1","floor":18.0},{"not_picked":["Quick Slash+1","Eviscerate"],"picked":"Escape Plan+1","floor":23.0},{"not_picked":["Backstab","Expertise"],"picked":"Blade Dance+1","floor":24.0},{"not_picked":["Bouncing Flask+1","Deadly Poison"],"picked":"Adrenaline","floor":27.0},{"not_picked":["Quick Slash","Cloak And Dagger","Deadly Poison"],"picked":"SKIP","floor":31.0},{"not_picked":["Phantasmal Killer","Bullet Time"],"picked":"Adrenaline","floor":33.0},{"not_picked":["Dagger Throw","Caltrops+1"],"picked":"Tactician+1","floor":35.0},{"not_picked":["Sucker Punch+1","Deadly Poison","Bane+1"],"picked":"SKIP","floor":37.0},{"not_picked":["Blur","Bouncing Flask+1","Backflip"],"picked":"SKIP","floor":39.0},{"not_picked":["Outmaneuver+1","Deadly Poison+1"],"picked":"Prepared+1","floor":40.0},{"not_picked":["Escape Plan+1","Skewer"],"picked":"Noxious Fumes+1","floor":44.0},{"not_picked":["Outmaneuver","Concentrate+1"],"picked":"Adrenaline","floor":45.0},{"not_picked":["Noxious Fumes+1","Catalyst+1","Dash+1"],"picked":"SKIP","floor":47.0},{"not_picked":["Bane+1","Flying Knee+1","Riddle With Holes+1"],"picked":"SKIP","floor":54}],"player_experience":159607,"relics_obtained":[{"floor":6.0,"key":"Akabeko"},{"floor":9.0,"key":"Eternal Feather"},{"floor":11.0,"key":"Dead Branch"},{"floor":13.0,"key":"Odd Mushroom"},{"floor":23.0,"key":"PreservedInsect"},{"floor":25.0,"key":"Red Mask"},{"floor":27.0,"key":"Pen Nib"},{"floor":40.0,"key":"Strawberry"},{"floor":42.0,"key":"Unceasing Top"},{"floor":43.0,"key":"Snake Skull"},{"floor":44.0,"key":"MawBank"},{"floor":47.0,"key":"Tingsha"},{"floor":54,"key":"Ginger"}],"event_choices":[{"damage_healed":0.0,"max_hp_gain":0.0,"max_hp_loss":0.0,"gold_gain":0.0,"event_name":"Big Fish","player_choice":"Box","floor":2.0,"gold_loss":0.0,"damage_taken":0.0,"relics_obtained":["Du-Vu Doll"],"cards_obtained":["Regret"]},{"damage_healed":0.0,"max_hp_gain":0.0,"max_hp_loss":0.0,"gold_gain":0.0,"event_name":"Shining Light","player_choice":"Entered Light","floor":3.0,"gold_loss":0.0,"damage_taken":14.0,"cards_upgraded":["Footwork","Strike_G"]},{"damage_healed":0.0,"max_hp_gain":0.0,"max_hp_loss":5.0,"gold_gain":0.0,"event_name":"Golden Idol","player_choice":"Lose Max HP","floor":4.0,"gold_loss":0.0,"damage_taken":0.0,"relics_obtained":["Golden Idol"]},{"damage_healed":0.0,"max_hp_gain":0.0,"max_hp_loss":0.0,"gold_gain":0.0,"event_name":"Mushrooms","player_choice":"Fought Mushrooms","floor":13.0,"gold_loss":0.0,"damage_taken":0.0},{"damage_healed":0.0,"max_hp_gain":0.0,"max_hp_loss":0.0,"gold_gain":0.0,"cards_transformed":["Strike_G"],"event_name":"Living Wall","player_choice":"Change","floor":14.0,"gold_loss":0.0,"damage_taken":0.0,"cards_obtained":["Outmaneuver"]},{"cards_removed":["A Thousand Cuts"],"damage_healed":24.0,"max_hp_gain":10.0,"max_hp_loss":0.0,"gold_gain":0.0,"event_name":"Bonfire Elementals","player_choice":"Offered Rare","floor":20.0,"gold_loss":0.0,"damage_taken":0.0},{"damage_healed":0.0,"max_hp_gain":0.0,"max_hp_loss":0.0,"gold_gain":0.0,"event_name":"Designer","player_choice":"Upgrade","floor":22.0,"gold_loss":40.0,"damage_taken":0.0,"cards_upgraded":["Apotheosis"]},{"damage_healed":0.0,"max_hp_gain":0.0,"max_hp_loss":0.0,"gold_gain":0.0,"event_name":"Masked Bandits","player_choice":"Fought Bandits","floor":25.0,"gold_loss":0.0,"damage_taken":0.0},{"damage_healed":0.0,"max_hp_gain":0.0,"max_hp_loss":0.0,"gold_gain":0.0,"event_name":"Nest","player_choice":"Joined the Cult","floor":28.0,"gold_loss":0.0,"damage_taken":6.0,"cards_obtained":["RitualDagger"]},{"damage_healed":0.0,"max_hp_gain":0.0,"max_hp_loss":0.0,"gold_gain":0.0,"event_name":"Lab","player_choice":"Got Potions","floor":30.0,"gold_loss":0.0,"damage_taken":0.0},{"cards_removed":["Caltrops"],"damage_healed":0.0,"max_hp_gain":0.0,"max_hp_loss":0.0,"gold_gain":0.0,"event_name":"WeMeetAgain","player_choice":"Gave Card","floor":36.0,"gold_loss":0.0,"damage_taken":0.0,"relics_obtained":["Frozen Egg 2"]},{"damage_healed":0.0,"max_hp_gain":0.0,"max_hp_loss":0.0,"gold_gain":222.0,"event_name":"Tomb of Lord Red Mask","player_choice":"Wore Mask","floor":38.0,"gold_loss":0.0,"damage_taken":0.0},{"damage_healed":0.0,"max_hp_gain":0.0,"max_hp_loss":0.0,"gold_gain":0.0,"event_name":"MindBloom","player_choice":"Fight","floor":42.0,"gold_loss":0.0,"damage_taken":0.0}],"is_beta":false,"boss_relics":[{"not_picked":["Runic Pyramid","Philosopher\u0027s Stone"],"picked":"Astrolabe"},{"not_picked":["Coffee Dripper","Snecko Eye"],"picked":"Ring of the Serpent"}],"items_purged_floors":[46],"is_endless":false,"potions_floor_spawned":[6,10,11,13,24,25,31,35,39,44],"killed_by":"The Heart","ascension_level":8}}