{"host":"j4g6ia6asvpyu2b0","time":1607519943,"event":{"gold_per_floor":[114,128,128,203,271,271,312,312,312,348,348,308,336,363,363,470,470,498,525,54,54,54,89,89,108,117,117,142,186,186,205,205,205,205],"floor_reached":33,"playtime":986,"items_purged":[],"score":402,"play_id":"61c27012-8c13-4ab8-8d44-4a17bf359d93","local_time":"20201209061903","is_ascension_mode":true,"campfire_choices":[{"data":"Bash","floor":6,"key":"SMITH"},{"floor":8,"key":"REST"},{"data":"Feed","floor":11,"key":"SMITH"},{"data":"Anger","floor":15,"key":"SMITH"},{"data":"Immolate","floor":24,"key":"SMITH"},{"data":"Uppercut","floor":27,"key":"SMITH"},{"data":"Feel No Pain","floor":30,"key":"SMITH"},{"data":"Disarm","floor":32,"key":"SMITH"}],"neow_cost":"PERCENT_DAMAGE","seed_source_timestamp":47773570983700,"circlet_count":0,"master_deck":["Strike_R","Strike_R","Strike_R+1","Strike_R","Strike_R","Defend_R","Defend_R","Defend_R","Defend_R","Bash+1","Iron Wave+1","Corruption","Feed+1","Impervious","Feel No Pain+1","Anger+1","Immolate+1","Battle Trance+1","Shrug It Off+1","Uppercut+1","Combust+1","Disarm+1","Normality","Thunderclap+1","Impervious","Headbutt"],"relics":["Burning Blood","CeramicFish","HornCleat","Blue Candle","Cursed Key","Ornamental Fan","ClockworkSouvenir","Nilry\u0027s Codex","Smiling Mask","Mercury Hourglass","Pantograph"],"potions_floor_usage":[14,16,18,19,23,29,33],"damage_taken":[{"damage":7,"enemies":"Jaw Worm","floor":1,"turns":3},{"damage":7,"enemies":"Small Slimes","floor":2,"turns":3},{"damage":18,"enemies":"Lagavulin","floor":7,"turns":7},{"damage":18,"enemies":"Gremlin Nob","floor":10,"turns":4},{"damage":8,"enemies":"2 Louse","floor":13,"turns":3},{"damage":12,"enemies":"Gremlin Gang","floor":14,"turns":5},{"damage":11,"enemies":"The Guardian","floor":16,"turns":12},{"damage":11,"enemies":"Chosen","floor":18,"turns":5},{"damage":4,"enemies":"Shell Parasite","floor":19,"turns":3},{"damage":13,"enemies":"Gremlin Leader","floor":23,"turns":4},{"damage":8,"enemies":"Snake Plant","floor":25,"turns":3},{"damage":9,"enemies":"Cultist and Chosen","floor":28,"turns":4},{"damage":21,"enemies":"Book of Stabbing","floor":29,"turns":5},{"damage":16,"enemies":"Sentry and Sphere","floor":31,"turns":4},{"damage":89,"enemies":"Collector","floor":33,"turns":7}],"seed_played":"-3676097821172858629","potions_obtained":[{"floor":10,"key":"BlessingOfTheForge"},{"floor":12,"key":"HeartOfIron"},{"floor":12,"key":"SkillPotion"},{"floor":14,"key":"BlessingOfTheForge"},{"floor":16,"key":"Energy Potion"},{"floor":18,"key":"PowerPotion"},{"floor":19,"key":"EssenceOfSteel"}],"is_trial":false,"path_per_floor":["M","M","?","?","T","R","E","R","T","E","R","?","M","M","R","B",null,"M","M","$","?","?","E","R","M","T","R","M","E","R","M","R","B"],"character_chosen":"IRONCLAD","items_purchased":["Ornamental Fan","ClockworkSouvenir","Uppercut"],"campfire_rested":1,"item_purchase_floors":[20,20,20],"current_hp_per_floor":[71,70,51,40,40,40,28,56,56,44,44,44,46,44,44,39,104,103,109,109,93,70,63,63,65,65,65,62,47,47,41,41,0,0],"gold":205,"neow_bonus":"TWENTY_PERCENT_HP_BONUS","is_prod":false,"is_daily":false,"chose_seed":false,"campfire_upgraded":7,"win_rate":0,"timestamp":1607519943,"path_taken":["M","M","?","?","?","R","E","R","T","E","R","?","?","M","R","BOSS","M","M","$","?","?","E","R","M","T","R","M","E","R","M","R","BOSS"],"build_version":"2020-11-30","purchased_purges":0,"victory":false,"max_hp_per_floor":[96,96,96,96,96,96,96,96,96,96,96,96,100,104,104,104,104,108,112,112,112,117,117,117,121,121,121,121,121,121,125,125,125,125],"relic_stats":{"counters":[15,71],"Ornamental Fan":[24],"CeramicFish":126,"Blue Candle":[4],"Pantograph":25,"Cursed Key":1,"Smiling Mask":0,"obtain_stats":[{"HornCleat":9,"Ornamental Fan":20,"Nilry\u0027s Codex":21,"CeramicFish":7,"Blue Candle":10,"Pantograph":29,"Cursed Key":17,"Smiling Mask":23,"Burning Blood":0,"ClockworkSouvenir":20,"Mercury Hourglass":26},{"HornCleat":3,"Ornamental Fan":9,"Nilry\u0027s Codex":9,"CeramicFish":3,"Blue Candle":4,"Pantograph":13,"Cursed Key":7,"Smiling Mask":10,"Burning Blood":0,"ClockworkSouvenir":9,"Mercury Hourglass":11},{"HornCleat":13,"Ornamental Fan":45,"Nilry\u0027s Codex":45,"CeramicFish":13,"Blue Candle":17,"Pantograph":60,"Cursed Key":37,"Smiling Mask":49,"Burning Blood":0,"ClockworkSouvenir":45,"Mercury Hourglass":52}],"Burning Blood":84,"Mercury Hourglass":[87]},"card_choices":[{"not_picked":["Sword Boomerang","Armaments"],"picked":"Iron Wave","floor":1},{"not_picked":["Pommel Strike","Thunderclap"],"picked":"Corruption","floor":2},{"not_picked":["Flame Barrier","Headbutt"],"picked":"Feed","floor":7},{"not_picked":["Second Wind","Wild Strike"],"picked":"Impervious","floor":10},{"not_picked":["Flex","Evolve"],"picked":"Feel No Pain","floor":13},{"not_picked":["Heavy Blade","Rupture"],"picked":"Anger","floor":14},{"not_picked":["Bludgeon","Berserk"],"picked":"Immolate","floor":16},{"not_picked":["True Grit","Headbutt"],"picked":"Battle Trance+1","floor":18},{"not_picked":["Heavy Blade+1","Pommel Strike"],"picked":"Shrug It Off+1","floor":19},{"not_picked":["True Grit","Sentinel"],"picked":"Combust+1","floor":23},{"not_picked":["Wild Strike+1","Headbutt+1"],"picked":"Disarm","floor":25},{"not_picked":["Heavy Blade+1","Perfected Strike"],"picked":"Thunderclap+1","floor":28},{"not_picked":["Fire Breathing","Havoc"],"picked":"Impervious","floor":29},{"not_picked":["Cleave","Bloodletting+1"],"picked":"Headbutt","floor":31}],"player_experience":593936,"relics_obtained":[{"floor":7,"key":"CeramicFish"},{"floor":9,"key":"HornCleat"},{"floor":10,"key":"Blue Candle"},{"floor":21,"key":"Nilry\u0027s Codex"},{"floor":23,"key":"Smiling Mask"},{"floor":26,"key":"Mercury Hourglass"},{"floor":29,"key":"Pantograph"}],"event_choices":[{"damage_healed":0,"gold_gain":0,"player_choice":"Entered Light","damage_taken":19,"max_hp_gain":0,"max_hp_loss":0,"event_name":"Shining Light","floor":3,"gold_loss":0,"cards_upgraded":["Iron Wave","Strike_R"]},{"damage_healed":0,"gold_gain":75,"player_choice":"Gather Gold","damage_taken":11,"max_hp_gain":0,"max_hp_loss":0,"event_name":"World of Goop","floor":4,"gold_loss":0},{"damage_healed":0,"gold_gain":0,"player_choice":"Bought 3 Potions","damage_taken":0,"max_hp_gain":0,"max_hp_loss":0,"event_name":"The Woman in Blue","floor":12,"gold_loss":0},{"damage_healed":0,"gold_gain":0,"player_choice":"Obtained Book","damage_taken":16,"max_hp_gain":0,"max_hp_loss":0,"event_name":"Cursed Tome","floor":21,"gold_loss":0},{"damage_healed":0,"gold_gain":0,"player_choice":"Shed Blood","damage_taken":28,"max_hp_gain":5,"max_hp_loss":0,"event_name":"Forgotten Altar","floor":22,"gold_loss":0}],"is_beta":false,"boss_relics":[{"not_picked":["Tiny House","Sozu"],"picked":"Cursed Key"}],"items_purged_floors":[],"is_endless":false,"potions_floor_spawned":[10,14,16,18,19],"killed_by":"Collector","ascension_level":4}}