{"host":"xenpv6dj5x1yxp66","time":1607518065,"event":{"gold_per_floor":[110,110,141,158,170,170,345,85,85,100,100,133,133,151,151,253,253,263,263,277,31,43,43,62,81,106,121,121,132,132,132,132,232,232,252,252,252],"floor_reached":36,"playtime":1472,"items_purged":["Doubt"],"score":366,"play_id":"b0bcbfd7-ecd8-4036-b0a8-bea9a97782d5","local_time":"20201209134745","is_ascension_mode":false,"campfire_choices":[{"data":"Poisoned Stab","floor":6,"key":"SMITH"},{"data":"Crippling Poison","floor":11,"key":"SMITH"},{"data":"Malaise","floor":13,"key":"SMITH"},{"data":"expansioncontent:DashGenerateEvil","floor":15,"key":"SMITH"},{"floor":30,"key":"REST"},{"floor":32,"key":"REST"}],"neow_cost":"NONE","seed_source_timestamp":2231697793302700,"circlet_count":0,"master_deck":["Strike_G+1","Strike_G+1","Strike_G+1","Strike_G+1","Strike_G+1","Defend_G+1","Defend_G+1","Defend_G+1","Defend_G+1","Defend_G+1","Survivor","Neutralize","Quick Slash+1","Poisoned Stab+1","Malaise+1","Crippling Poison+1","expansioncontent:DashGenerateEvil+1","Backflip","Tactician","Poisoned Stab","Corpse Explosion","Blade Dance+1","Hidden Blade+1","hubris:SlightOfHand","Acrobatics+1","Dagger Throw+1","Poisoned Stab+1","Glass Knife+1"],"relics":["Ring of the Snake","aspiration:Nostalgia","Sizzling Blood","Shuriken","Tingsha","Pen Nib","HoveringKite","hubris:Towel","Molten Egg 2","Vajra","conspire:SlowCooker"],"potions_floor_usage":[12,12,24,27],"damage_taken":[{"damage":0,"enemies":"Small Slimes","floor":1,"turns":5},{"damage":14,"enemies":"conspire:MimicChest","floor":3,"turns":6},{"damage":0,"enemies":"Jaw Worm","floor":4,"turns":3},{"damage":3,"enemies":"2 Louse","floor":5,"turns":2},{"damage":3,"enemies":"Red Slaver","floor":10,"turns":4},{"damage":3,"enemies":"Gremlin Nob","floor":12,"turns":4},{"damage":0,"enemies":"Looter","floor":14,"turns":2},{"damage":38,"enemies":"Fading Forest","floor":16,"turns":11},{"damage":26,"enemies":"conspire:FuzzyDice","floor":18,"turns":3},{"damage":14,"enemies":"2 Thieves","floor":20,"turns":3},{"damage":26,"enemies":"conspire:HollyBat","floor":22,"turns":7},{"damage":14,"enemies":"Centurion and Healer","floor":24,"turns":4},{"damage":13,"enemies":"Shelled Parasite and Fungi","floor":25,"turns":5},{"damage":0,"enemies":"Cultist and Chosen","floor":27,"turns":4},{"damage":1,"enemies":"Centurion and Healer","floor":29,"turns":3},{"damage":35,"enemies":"conspire:MysteriousRune","floor":33,"turns":9},{"damage":52,"enemies":"3 Shapes","floor":35,"turns":3},{"damage":28,"enemies":"3 Darklings","floor":36,"turns":2}],"seed_played":"-7773145635650867307","potions_obtained":[{"floor":3,"key":"Reflective Coating"},{"floor":5,"key":"SkillPotion"},{"floor":10,"key":"BlessingOfTheForge"},{"floor":12,"key":"Elixir"},{"floor":14,"key":"Languid Potion"},{"floor":18,"key":"Weak Potion"},{"floor":24,"key":"FairyPotion"},{"floor":33,"key":"Milkshake"},{"floor":35,"key":"sneckomod:MuddlingPotion"}],"is_trial":false,"path_per_floor":["M","?","?","M","M","R","?","$","T","M","R","E","R","M","R","B",null,"M","?","M","$","M","?","M","M","T","M","?","M","R","?","R","B",null,"M","M"],"character_chosen":"THE_SILENT","items_purchased":["expansioncontent:DashGenerateEvil","Molten Egg 2"],"campfire_rested":2,"item_purchase_floors":[8,21],"current_hp_per_floor":[74,74,64,68,69,69,69,69,69,70,70,71,71,74,74,40,74,52,52,42,42,20,20,10,26,26,30,30,33,55,55,74,43,74,26,0,0],"gold":252,"neow_bonus":"NOSTALGIA","is_prod":false,"is_daily":false,"chose_seed":false,"campfire_upgraded":4,"win_rate":0,"timestamp":1607518065,"path_taken":["M","?","?","?","M","R","?","$","T","M","R","E","R","M","R","BOSS","M","?","M","$","M","?","M","M","T","M","?","M","R","?","R","BOSS","M","M"],"build_version":"2020-11-30","purchased_purges":1,"victory":false,"max_hp_per_floor":[74,74,74,74,74,74,74,74,74,74,74,74,74,74,74,74,74,74,74,74,74,74,74,74,74,74,74,74,74,74,74,74,74,74,74,74,74],"card_choices":[{"not_picked":["Prepared","Underhanded Strike"],"picked":"Quick Slash","floor":1},{"not_picked":["PiercingWail","Catalyst"],"picked":"Poisoned Stab","floor":3},{"not_picked":["Quick Slash","Blade Dance"],"picked":"Malaise","floor":4},{"not_picked":["Well Laid Plans","Underhanded Strike"],"picked":"Crippling Poison","floor":5},{"not_picked":["Slice","Outmaneuver"],"picked":"Backflip","floor":10},{"not_picked":["Slice","Dodge and Roll"],"picked":"Tactician","floor":12},{"not_picked":["Slice","Choke"],"picked":"Poisoned Stab","floor":14},{"not_picked":["Malaise","Venomology"],"picked":"Corpse Explosion","floor":16},{"not_picked":["Flying Knee","Hidden Blade","Dodge and Roll"],"picked":"SKIP","floor":18},{"not_picked":["Hidden Blade","Leg Sweep"],"picked":"Blade Dance+1","floor":20},{"not_picked":["Deflect","Flying Knee+1"],"picked":"Hidden Blade+1","floor":22},{"not_picked":["Concentrate","Underhanded Strike+1"],"picked":"hubris:SlightOfHand","floor":24},{"not_picked":["Storm of Steel","Bane+1"],"picked":"Acrobatics+1","floor":25},{"not_picked":["ReplayTheSpireMod:The Works","Finisher+1"],"picked":"Dagger Throw+1","floor":27},{"not_picked":["ReplayTheSpireMod:Exploit Weakness+1","Bullet Time"],"picked":"Poisoned Stab+1","floor":29},{"not_picked":["Storm of Steel","Malaise"],"picked":"Glass Knife+1","floor":33},{"not_picked":["Hidden Blade","ReplayTheSpireMod:The Works","Blade Dance+1"],"picked":"SKIP","floor":35}],"player_experience":113933,"relics_obtained":[{"floor":3,"key":"Shuriken"},{"floor":9,"key":"Tingsha"},{"floor":12,"key":"Pen Nib"},{"floor":26,"key":"Vajra"}],"event_choices":[{"damage_healed":0,"gold_gain":0,"player_choice":"Grow","damage_taken":0,"max_hp_gain":0,"max_hp_loss":0,"event_name":"Living Wall","floor":2,"gold_loss":0,"cards_upgraded":["Quick Slash"]},{"damage_healed":0,"gold_gain":175,"player_choice":"AGREE","damage_taken":170,"max_hp_gain":0,"max_hp_loss":0,"event_name":"betterThird:BetterSerpent","floor":7,"gold_loss":0},{"damage_healed":0,"gold_gain":0,"player_choice":"Simplicity","damage_taken":0,"max_hp_gain":0,"max_hp_loss":10,"event_name":"betterThird:BetterWriting","floor":28,"gold_loss":0},{"damage_healed":0,"gold_gain":0,"player_choice":"Ignored","damage_taken":0,"max_hp_gain":0,"max_hp_loss":0,"event_name":"Cursed Tome","floor":31,"gold_loss":0}],"is_beta":false,"boss_relics":[{"not_picked":["Velvet Choker","Philosopher\u0027s Stone"],"picked":"HoveringKite"},{"not_picked":["aspiration:RunicSpoon","hubris:Backtick"],"picked":"conspire:SlowCooker"}],"items_purged_floors":[8],"is_endless":false,"potions_floor_spawned":[3,5,10,12,14,18,24,33,35],"killed_by":"3 Darklings","ascension_level":0}}