{"host":"4a74ahoqn3axhnkt","time":1607478588,"event":{"gold_per_floor":[217,60,60,14,33,64,75,105,105,135,135,135],"floor_reached":11,"playtime":721,"items_purged":[],"score":109,"play_id":"146b89c9-97cf-4cc8-9d4e-ad6ed33db82b","local_time":"20201208194948","is_ascension_mode":true,"campfire_choices":[],"neow_cost":"NONE","seed_source_timestamp":16438739784500,"circlet_count":0,"master_deck":["Strike_P","Strike_P","Strike_P","Strike_P","Defend_P","Defend_P","Defend_P","Eruption","Vigilance","ReachHeaven","Replay:BasicMightCard","ClearTheMind","Replay:Hum","ReachHeaven"],"relics":["PureWater","Membership Card","Replay:Baseball","Kunai","Omamori","Tiny Chest"],"potions_floor_usage":[7],"damage_taken":[{"damage":2,"enemies":"2 Louse","floor":1,"turns":3},{"damage":0,"enemies":"Cultist","floor":5,"turns":2},{"damage":27,"enemies":"3 Sentries","floor":6,"turns":3},{"damage":0,"enemies":"Jaw Worm","floor":7,"turns":1},{"damage":7,"enemies":"Gremlin Nob","floor":8,"turns":3},{"damage":31,"enemies":"Lagavulin","floor":10,"turns":4},{"damage":6,"enemies":"Blue Slaver","floor":11,"turns":3}],"seed_played":"-8594189779375953187","potions_obtained":[{"floor":6,"key":"FearPotion"}],"is_trial":false,"path_per_floor":["M","$","?","$","M","E","M","E","T","E","M"],"character_chosen":"WATCHER","items_purchased":["Membership Card","Replay:BasicMightCard"],"campfire_rested":0,"item_purchase_floors":[2,4],"current_hp_per_floor":[70,70,70,70,70,43,43,36,36,5,0,0],"gold":135,"neow_bonus":"HUNDRED_GOLD","is_prod":false,"is_daily":false,"chose_seed":false,"campfire_upgraded":0,"win_rate":0,"timestamp":1607478588,"path_taken":["M","$","?","$","M","E","M","E","T","E","M"],"build_version":"2020-11-30","purchased_purges":0,"victory":false,"max_hp_per_floor":[72,72,72,72,72,72,72,72,72,72,72,72],"card_choices":[{"not_picked":["CrushJoints","Perseverance"],"picked":"ReachHeaven","floor":1},{"not_picked":["JustLucky","InnerPeace"],"picked":"ClearTheMind","floor":5},{"not_picked":["EmptyMind","EmptyBody"],"picked":"Replay:Hum","floor":6},{"not_picked":["ThirdEye","Consecrate"],"picked":"ReachHeaven","floor":7},{"not_picked":["Establishment","InnerPeace","LikeWater"],"picked":"SKIP","floor":8},{"not_picked":["EmptyBody","JustLucky","MentalFortress"],"picked":"SKIP","floor":10}],"player_experience":269213,"relics_obtained":[{"floor":6,"key":"Replay:Baseball"},{"floor":8,"key":"Kunai"},{"floor":9,"key":"Omamori"},{"floor":10,"key":"Tiny Chest"}],"event_choices":[{"cards_removed":["Defend_P"],"damage_healed":0,"gold_gain":0,"player_choice":"Offered Basic","damage_taken":0,"max_hp_gain":0,"max_hp_loss":0,"event_name":"Bonfire Elementals","floor":3,"gold_loss":0}],"is_beta":false,"boss_relics":[],"items_purged_floors":[],"is_endless":false,"potions_floor_spawned":[6],"killed_by":"Blue Slaver","ascension_level":4}}