{"host":"5gc11emcm5chfr5t","time":1607546051,"event":{"gold_per_floor":[110,110,110,110,125,158,158,190,213,241,252,265,291,311,311,407,407,422,124,136,33,43,43,56,56,107,107,132,146,160,130,130,225,225,241,241,253,25,35,35,35],"floor_reached":40,"playtime":2262,"items_purged":[],"score":532,"play_id":"3fd646ae-34d3-47af-be88-c88ff1be8af5","local_time":"20201209153411","is_ascension_mode":true,"campfire_choices":[{"floor":7,"key":"RECALL"},{"floor":15,"key":"REST"},{"data":"Creative AI","floor":23,"key":"SMITH"},{"floor":25,"key":"REST"},{"floor":32,"key":"REST"}],"neow_cost":"NONE","seed_source_timestamp":235299900320700,"circlet_count":0,"master_deck":["Zap","Dualcast+1","Defragment","Genetic Algorithm","Chill","Coolheaded","Doom and Gloom","Genetic Algorithm","Redo","Hello World","Conserve Battery","Sunder","Creative AI+1","Hyperbeam","Consume","Multi-Cast","Double Energy","Echo Form","Loop","Steam","Glacier","Beam Cell+1","Recycle+1","White Noise","Melter+1","Buffer","Conserve Battery","Blizzard+1","Fission"],"relics":["Cracked Core","NeowsBlessing","NlothsMask","Dream Catcher","War Paint","Lantern","Smiling Mask","Pandora\u0027s Box","Molten Egg 2","Oddly Smooth Stone","Shuriken","Cursed Key","Strange Spoon"],"potions_floor_usage":[8,10,13,16,16,22,29,30,33,33,33,37,39,40],"damage_taken":[{"damage":0,"enemies":"2 Louse","floor":1,"turns":1},{"damage":0,"enemies":"Jaw Worm","floor":5,"turns":1},{"damage":0,"enemies":"Gremlin Nob","floor":6,"turns":1},{"damage":30,"enemies":"Lagavulin","floor":8,"turns":9},{"damage":9,"enemies":"Gremlin Nob","floor":10,"turns":3},{"damage":0,"enemies":"Cultist","floor":11,"turns":2},{"damage":5,"enemies":"Exordium Wildlife","floor":12,"turns":4},{"damage":2,"enemies":"3 Sentries","floor":13,"turns":6},{"damage":0,"enemies":"Large Slime","floor":14,"turns":5},{"damage":12,"enemies":"Slime Boss","floor":16,"turns":8},{"damage":0,"enemies":"Shell Parasite","floor":18,"turns":6},{"damage":1,"enemies":"Spheric Guardian","floor":20,"turns":5},{"damage":14,"enemies":"Shelled Parasite and Fungi","floor":22,"turns":13},{"damage":12,"enemies":"Snecko","floor":24,"turns":11},{"damage":57,"enemies":"Book of Stabbing","floor":28,"turns":10},{"damage":17,"enemies":"Chosen and Byrds","floor":29,"turns":9},{"damage":2,"enemies":"Sentry and Sphere","floor":30,"turns":5},{"damage":14,"enemies":"Automaton","floor":33,"turns":11},{"damage":0,"enemies":"Orb Walker","floor":35,"turns":6},{"damage":27,"enemies":"3 Shapes","floor":37,"turns":4},{"damage":29,"enemies":"Maw","floor":39,"turns":12},{"damage":25,"enemies":"Reptomancer","floor":40,"turns":2}],"seed_played":"-4235522259252614446","potions_obtained":[{"floor":1,"key":"Strength Potion"},{"floor":8,"key":"AttackPotion"},{"floor":11,"key":"SpeedPotion"},{"floor":12,"key":"Swift Potion"},{"floor":13,"key":"LiquidBronze"},{"floor":18,"key":"Block Potion"},{"floor":28,"key":"FearPotion"},{"floor":29,"key":"Weak Potion"},{"floor":30,"key":"LiquidBronze"},{"floor":31,"key":"Ancient Potion"},{"floor":31,"key":"Ancient Potion"},{"floor":35,"key":"LiquidMemories"},{"floor":39,"key":"AttackPotion"}],"is_trial":false,"path_per_floor":["M","?","?","$","M","E","R","E","T","E","M","M","E","M","R","B",null,"M","$","M","$","M","R","M","R","T","?","E","M","M","?","R","B",null,"M","$","M","$","M","E"],"character_chosen":"DEFECT","items_purchased":["Molten Egg 2","Beam Cell+1","FairyPotion","Strange Spoon","EssenceOfSteel"],"campfire_rested":3,"item_purchase_floors":[19,19,21,38,38],"current_hp_per_floor":[75,60,60,60,60,60,60,30,30,21,21,16,14,14,36,24,75,75,75,74,74,60,60,48,70,70,70,13,22,20,20,42,28,75,75,75,48,48,19,0,0],"gold":35,"neow_bonus":"THREE_ENEMY_KILL","is_prod":false,"is_daily":false,"chose_seed":false,"campfire_upgraded":1,"win_rate":0,"timestamp":1607546051,"path_taken":["M","?","?","$","M","E","R","E","T","E","M","M","E","M","R","BOSS","M","$","M","$","?","R","M","R","T","?","E","M","M","?","R","BOSS","M","?","M","$","M","E"],"build_version":"2020-11-30","purchased_purges":0,"victory":false,"max_hp_per_floor":[75,75,75,75,75,75,75,75,75,75,75,75,75,75,75,75,75,75,75,75,75,75,75,75,75,75,75,75,75,75,75,75,75,75,75,75,75,75,75,75,75],"card_choices":[{"not_picked":["White Noise","Rebound"],"picked":"Defragment","floor":1},{"not_picked":["Doom and Gloom","Storm"],"picked":"Genetic Algorithm","floor":5},{"not_picked":["Lockon","Beam Cell"],"picked":"Chill","floor":6},{"not_picked":["Skim","Gash"],"picked":"Coolheaded","floor":8},{"not_picked":["Conserve Battery","Chaos"],"picked":"Doom and Gloom","floor":10},{"not_picked":["Rebound","Beam Cell"],"picked":"Genetic Algorithm","floor":11},{"not_picked":["Hello World","Force Field"],"picked":"Redo","floor":12},{"not_picked":["Go for the Eyes","Sweeping Beam"],"picked":"Hello World","floor":13},{"not_picked":["Gash","Sweeping Beam"],"picked":"Conserve Battery","floor":14},{"not_picked":["Fusion","Leap"],"picked":"Sunder","floor":15},{"not_picked":["Echo Form","Electrodynamics"],"picked":"Creative AI","floor":16},{"not_picked":["Hello World","Sweeping Beam","Loop"],"picked":"SKIP","floor":18},{"not_picked":["Steam","Cold Snap+1"],"picked":"Recycle+1","floor":20},{"not_picked":["Redo","Coolheaded"],"picked":"White Noise","floor":22},{"not_picked":["Rebound+1","Turbo","Chaos"],"picked":"SKIP","floor":24},{"not_picked":["Turbo","Defragment"],"picked":"Melter+1","floor":25},{"not_picked":["Thunder Strike+1","Lockon+1"],"picked":"Conserve Battery","floor":28},{"not_picked":["Leap","Recycle","Melter+1"],"picked":"SKIP","floor":29},{"not_picked":["Streamline+1","Rip and Tear+1","Reprogram"],"picked":"SKIP","floor":30},{"not_picked":["Stack","Auto Shields+1"],"picked":"Blizzard+1","floor":32},{"not_picked":["Buffer","Echo Form"],"picked":"Fission","floor":33},{"not_picked":["Redo+1","Go for the Eyes+1","Coolheaded"],"picked":"SKIP","floor":35},{"not_picked":["Coolheaded+1","Conserve Battery+1","Steam"],"picked":"SKIP","floor":37},{"not_picked":["Heatsinks+1","Chill","Steam+1"],"picked":"SKIP","floor":39}],"player_experience":300255,"relics_obtained":[{"floor":6,"key":"Dream Catcher"},{"floor":8,"key":"War Paint"},{"floor":10,"key":"Lantern"},{"floor":13,"key":"Smiling Mask"},{"floor":26,"key":"Oddly Smooth Stone"},{"floor":28,"key":"Shuriken"}],"event_choices":[{"damage_healed":0,"gold_gain":0,"player_choice":"Entered Light","damage_taken":15,"max_hp_gain":0,"max_hp_loss":0,"event_name":"Shining Light","floor":2,"gold_loss":0,"cards_upgraded":["Strike_B","Defend_B"]},{"damage_healed":0,"gold_gain":0,"player_choice":"Trade","damage_taken":0,"relics_obtained":["NlothsMask"],"max_hp_gain":0,"max_hp_loss":0,"event_name":"FaceTrader","floor":3,"gold_loss":0},{"damage_healed":0,"gold_gain":0,"player_choice":"Read","damage_taken":0,"max_hp_gain":0,"max_hp_loss":0,"event_name":"The Library","floor":27,"gold_loss":0,"cards_obtained":["Buffer"]},{"damage_healed":0,"gold_gain":0,"player_choice":"Bought 2 Potions","damage_taken":0,"max_hp_gain":0,"max_hp_loss":0,"event_name":"The Woman in Blue","floor":31,"gold_loss":0}],"is_beta":false,"boss_relics":[{"not_picked":["FrozenCore","Snecko Eye"],"picked":"Pandora\u0027s Box"},{"not_picked":["Coffee Dripper","Velvet Choker"],"picked":"Cursed Key"}],"items_purged_floors":[],"is_endless":false,"potions_floor_spawned":[1,8,11,12,13,18,28,29,30,35,39],"killed_by":"Reptomancer","ascension_level":3}}