{"host":"lhth1efayex2023z","time":1607539744,"event":{"gold_per_floor":[115,115,115,131,147,178,178,190,190,190,219,219,144,177,177,275,275,295,310,310,310],"floor_reached":20,"playtime":757,"items_purged":["Strike_R"],"score":269,"play_id":"edeb53e3-759f-44d7-8cdc-8e5d25baf1b8","local_time":"20201209114904","is_ascension_mode":true,"campfire_choices":[{"data":"Sword Boomerang","floor":7,"key":"SMITH"},{"data":"Thunderclap","floor":10,"key":"SMITH"},{"data":"Double Tap","floor":12,"key":"SMITH"},{"data":"Berserk","floor":15,"key":"SMITH"}],"neow_cost":"TEN_PERCENT_HP_LOSS","seed_source_timestamp":1381314126595700,"circlet_count":0,"master_deck":["Strike_R+1","Strike_R","Strike_R","Defend_R","Defend_R","Defend_R","Defend_R","Bash+1","Thunderclap+1","Reckless Charge","Sword Boomerang+1","Shrug It Off","Limit Break","Double Tap+1","Berserk+1","Feed","Flex"],"relics":["Burning Blood","Prayer Wheel","HornCleat","Meat on the Bone","Bag of Marbles","Lizard Tail","Philosopher\u0027s Stone"],"potions_floor_usage":[6,16],"damage_taken":[{"damage":9,"enemies":"Jaw Worm","floor":1,"turns":4},{"damage":2,"enemies":"2 Louse","floor":4,"turns":3},{"damage":0,"enemies":"Cultist","floor":5,"turns":4},{"damage":32,"enemies":"3 Sentries","floor":6,"turns":8},{"damage":1,"enemies":"Looter","floor":8,"turns":3},{"damage":27,"enemies":"Gremlin Nob","floor":11,"turns":4},{"damage":2,"enemies":"3 Sentries","floor":14,"turns":4},{"damage":48,"enemies":"Slime Boss","floor":16,"turns":12},{"damage":43,"enemies":"3 Byrds","floor":18,"turns":5},{"damage":33,"enemies":"Chosen","floor":19,"turns":6},{"damage":5,"enemies":"Centurion and Healer","floor":20,"turns":3}],"seed_played":"1133916178544384875","potions_obtained":[{"floor":1,"key":"SpeedPotion"},{"floor":5,"key":"LiquidBronze"},{"floor":8,"key":"SmokeBomb"},{"floor":16,"key":"LiquidMemories"}],"is_trial":false,"path_per_floor":["M","?","?","M","M","E","R","M","T","R","E","R","$","E","R","B",null,"M","M","M"],"character_chosen":"IRONCLAD","items_purchased":[],"campfire_rested":0,"item_purchase_floors":[],"current_hp_per_floor":[69,55,55,59,65,39,39,44,44,44,35,35,35,51,51,21,59,37,22,17,17],"gold":310,"neow_bonus":"ONE_RARE_RELIC","is_prod":false,"is_daily":false,"chose_seed":false,"campfire_upgraded":4,"win_rate":0,"timestamp":1607539744,"path_taken":["M","?","?","?","M","E","R","M","T","R","E","R","$","E","R","BOSS","M","M","M"],"build_version":"2020-11-30","purchased_purges":1,"victory":false,"max_hp_per_floor":[72,72,72,72,72,72,72,72,72,72,72,72,72,72,72,72,72,75,75,75,75],"card_choices":[{"not_picked":["Ghostly Armor","Bloodletting"],"picked":"Thunderclap","floor":1},{"not_picked":["Clothesline","True Grit","Reckless Charge"],"picked":"SKIP","floor":1},{"not_picked":["Shrug It Off","Clothesline"],"picked":"Sword Boomerang","floor":4},{"not_picked":["Combust","Iron Wave","Bloodletting"],"picked":"SKIP","floor":4},{"not_picked":["Sentinel","Carnage"],"picked":"Shrug It Off","floor":5},{"not_picked":["Whirlwind","Clothesline","Wild Strike"],"picked":"SKIP","floor":5},{"not_picked":["Whirlwind","Second Wind"],"picked":"Limit Break","floor":6},{"not_picked":["Headbutt","Dual Wield","Burning Pact"],"picked":"SKIP","floor":8},{"not_picked":["Body Slam","Searing Blow","Heavy Blade"],"picked":"SKIP","floor":8},{"not_picked":["Juggernaut","Headbutt"],"picked":"Double Tap","floor":11},{"not_picked":["Sever Soul","Anger"],"picked":"Berserk","floor":14},{"not_picked":["Reaper","Barricade"],"picked":"Feed","floor":16},{"not_picked":["Feel No Pain","Disarm","True Grit"],"picked":"SKIP","floor":18},{"not_picked":["Headbutt+1","Dark Embrace","Sentinel"],"picked":"SKIP","floor":18},{"not_picked":["Feel No Pain","Disarm","True Grit"],"picked":"SKIP","floor":18},{"not_picked":["Headbutt+1","Dark Embrace","Sentinel"],"picked":"SKIP","floor":18},{"not_picked":["Feel No Pain","Disarm","True Grit"],"picked":"SKIP","floor":18},{"not_picked":["Headbutt+1","Dark Embrace","Sentinel"],"picked":"SKIP","floor":18},{"not_picked":["Perfected Strike","Ghostly Armor"],"picked":"Flex","floor":19},{"not_picked":["Headbutt","Havoc","Clothesline"],"picked":"SKIP","floor":19}],"player_experience":340563,"relics_obtained":[{"floor":6,"key":"HornCleat"},{"floor":9,"key":"Meat on the Bone"},{"floor":11,"key":"Bag of Marbles"},{"floor":14,"key":"Lizard Tail"}],"event_choices":[{"damage_healed":0,"gold_gain":0,"player_choice":"Entered Light","damage_taken":14,"max_hp_gain":0,"max_hp_loss":0,"event_name":"Shining Light","floor":2,"gold_loss":0,"cards_upgraded":["Bash","Strike_R"]},{"damage_healed":0,"gold_gain":0,"cards_transformed":["Strike_R"],"player_choice":"Transformed","damage_taken":0,"max_hp_gain":0,"max_hp_loss":0,"event_name":"Transmorgrifier","floor":3,"gold_loss":0,"cards_obtained":["Reckless Charge"]}],"is_beta":false,"boss_relics":[{"not_picked":["Astrolabe","Runic Cube"],"picked":"Philosopher\u0027s Stone"}],"items_purged_floors":[13],"is_endless":false,"potions_floor_spawned":[1,5,8,16],"killed_by":"Centurion and Healer","ascension_level":8}}