{"host":"on8rz1ayhhz269sg","time":1607503614,"event":{"gold_per_floor":[119,129,145,75,90,90,120,120,120,120,295,95,106,86,86,183,183,195,27,40,51,68,68,78,78,78],"floor_reached":25,"playtime":2119,"items_purged":[],"score":205,"play_id":"f86915b1-b42e-450e-9ea5-9b663ca567a7","local_time":"20201209164654","is_ascension_mode":false,"campfire_choices":[{"data":"TheCursedMod:CursedWand","floor":6,"key":"SMITH"},{"floor":8,"key":"RECALL"},{"data":"TheCursedMod:CursedBlade","floor":10,"key":"SMITH"},{"floor":15,"key":"REST"},{"floor":23,"key":"REST"}],"neow_cost":"NONE","seed_source_timestamp":99990778661400,"circlet_count":0,"master_deck":["TheCursedMod:Strike_TheCursed","TheCursedMod:Strike_TheCursed","TheCursedMod:Strike_TheCursed","TheCursedMod:Strike_TheCursed","TheCursedMod:Defend_TheCursed","TheCursedMod:Defend_TheCursed","TheCursedMod:Defend_TheCursed","TheCursedMod:Defend_TheCursed","TheCursedMod:CursedWand+1","TheCursedMod:CleanUpWorkshop","TheCursedMod:Dregs","TheCursedMod:RapidMovement","TheCursedMod:CursedBlade+1","TheCursedMod:CircleOfAbyss","TheCursedMod:SpreadPlague","TheCursedMod:SpitefulPlan","TheCursedMod:VitalStrike","Doubt","TheCursedMod:SpreadPlague","TheCursedMod:WearCloak","TheCursedMod:TacticalStrike","TheCursedMod:FuryStrike","TheCursedMod:SpitefulStrike","TheCursedMod:CollectTribute","CurseOfTheBell","TheCursedMod:LuckyCharm","TheCursedMod:BlessingInDisguise","TheCursedMod:HellfireBreathing","TheCursedMod:SmokeScreen","TheCursedMod:CircleOfFlame+1","TheCursedMod:DoubleShield+1","TheCursedMod:CursedAmulet+1","TheCursedMod:ReleasedKnowledge+1"],"relics":["TheCursedMod:BlackMagic101","NeowsBlessing","Ancient Tea Set","Happy Flower","Calling Bell","MealTicket","Kunai","Girya"],"potions_floor_usage":[7,16,20,25,25],"damage_taken":[{"damage":0,"enemies":"Jaw Worm","floor":1,"turns":1},{"damage":0,"enemies":"Small Slimes","floor":2,"turns":2},{"damage":0,"enemies":"Cultist","floor":3,"turns":1},{"damage":0,"enemies":"Red Slaver","floor":5,"turns":3},{"damage":21,"enemies":"Lagavulin","floor":7,"turns":9},{"damage":0,"enemies":"3 Louse","floor":13,"turns":2},{"damage":40,"enemies":"The Guardian","floor":16,"turns":9},{"damage":15,"enemies":"2 Thieves","floor":18,"turns":3},{"damage":10,"enemies":"3 Byrds","floor":20,"turns":3},{"damage":39,"enemies":"Cultist and Chosen","floor":21,"turns":7},{"damage":21,"enemies":"Snecko","floor":22,"turns":7},{"damage":21,"enemies":"Centurion and Healer","floor":24,"turns":7},{"damage":9,"enemies":"Chosen and Byrds","floor":25,"turns":4}],"seed_played":"-1972298200691326485","potions_obtained":[{"floor":2,"key":"Explosive Potion"},{"floor":3,"key":"ColorlessPotion"},{"floor":13,"key":"BlessingOfTheForge"},{"floor":14,"key":"SneckoOil"},{"floor":18,"key":"Explosive Potion"},{"floor":22,"key":"EntropicBrew"},{"floor":24,"key":"TheCursedMod:DregsPotion"}],"is_trial":false,"path_per_floor":["M","M","M","$","M","R","E","R","T","R","?","$","M","?","R","B",null,"M","$","M","M","M","R","M","M"],"character_chosen":"THE_CURSED","items_purchased":["TheCursedMod:SpreadPlague","TheCursedMod:SpreadPlague","TheCursedMod:WearCloak","TheCursedMod:TacticalStrike","TheCursedMod:FuryStrike","TheCursedMod:BlessingInDisguise","TheCursedMod:HellfireBreathing","TheCursedMod:SmokeScreen"],"campfire_rested":2,"item_purchase_floors":[4,12,12,12,12,19,19,19],"current_hp_per_floor":[75,75,75,75,75,75,54,54,54,54,54,54,54,54,75,35,75,60,75,65,26,5,27,6,0,0],"gold":78,"neow_bonus":"THREE_ENEMY_KILL","is_prod":false,"is_daily":false,"chose_seed":false,"campfire_upgraded":2,"win_rate":0.0,"timestamp":1607503614,"path_taken":["M","M","M","$","M","R","E","R","T","R","?","$","M","?","R","BOSS","M","$","M","M","M","R","M","M"],"build_version":"2020-11-30","purchased_purges":0,"victory":false,"max_hp_per_floor":[75,75,75,75,75,75,75,75,75,75,75,75,75,75,75,75,75,75,75,75,75,75,75,75,75,75],"card_choices":[{"not_picked":["TheCursedMod:CursedArmor","TheCursedMod:SpitefulStrike"],"picked":"TheCursedMod:RapidMovement","floor":1},{"not_picked":["TheCursedMod:SurpriseAttack","TheCursedMod:ManaBullet"],"picked":"TheCursedMod:CursedBlade","floor":2},{"not_picked":["TheCursedMod:FleshFromBone","TheCursedMod:CircleOfAmplification"],"picked":"TheCursedMod:CircleOfAbyss","floor":3},{"not_picked":["TheCursedMod:Wield","TheCursedMod:Stigma"],"picked":"TheCursedMod:SpitefulPlan","floor":5},{"not_picked":["TheCursedMod:SpitefulPray","TheCursedMod:CircleOfAmplification"],"picked":"TheCursedMod:VitalStrike","floor":7},{"not_picked":["TheCursedMod:RavingStaff","TheCursedMod:VitalStrike"],"picked":"TheCursedMod:SpitefulStrike","floor":13},{"not_picked":["TheCursedMod:OutForBlood","TheCursedMod:DemonicPact"],"picked":"TheCursedMod:CollectTribute","floor":16},{"not_picked":["TheCursedMod:HellsGateOpen","TheCursedMod:RapidMovement"],"picked":"TheCursedMod:LuckyCharm","floor":18},{"not_picked":["TheCursedMod:SmokeScreen","TheCursedMod:RavingStaff+1"],"picked":"TheCursedMod:CircleOfFlame+1","floor":20},{"not_picked":["TheCursedMod:CursedShiv","TheCursedMod:CursedMace+1"],"picked":"TheCursedMod:DoubleShield+1","floor":21},{"not_picked":["TheCursedMod:TacticalStrike","TheCursedMod:PrepareRite"],"picked":"TheCursedMod:CursedAmulet+1","floor":22},{"not_picked":["TheCursedMod:RapidMovement","TheCursedMod:LuckyCharm"],"picked":"TheCursedMod:ReleasedKnowledge+1","floor":24}],"player_experience":86903,"relics_obtained":[{"floor":7,"key":"Ancient Tea Set"},{"floor":9,"key":"Happy Flower"},{"floor":17,"key":"MealTicket"},{"floor":17,"key":"Kunai"},{"floor":17,"key":"Girya"}],"event_choices":[{"damage_healed":0,"gold_gain":175,"player_choice":"AGREE","damage_taken":0,"max_hp_gain":0,"max_hp_loss":0,"event_name":"Liars Game","floor":11,"gold_loss":0,"cards_obtained":["Doubt"]},{"damage_healed":0,"gold_gain":0,"player_choice":"Bought 1 Potion","damage_taken":0,"max_hp_gain":0,"max_hp_loss":0,"event_name":"The Woman in Blue","floor":14,"gold_loss":0}],"is_beta":false,"boss_relics":[{"not_picked":["Busted Crown","Sozu"],"picked":"Calling Bell"}],"items_purged_floors":[],"is_endless":false,"potions_floor_spawned":[2,3,13,18,22,24],"killed_by":"Chosen and Byrds","ascension_level":0}}