{"host":"ktoxvvst1mwxww91","time":1607497399,"event":{"gold_per_floor":[114,64,84,96,21,21,48,64,118,118,18,18,28,44,44,44,44],"floor_reached":16,"playtime":532,"items_purged":["Strike_G","Strike_G"],"score":158,"play_id":"61ee8a52-a8c3-429b-b0ac-ddaa25fcb648","local_time":"20201209080319","is_ascension_mode":true,"campfire_choices":[{"data":"Deadly Poison","floor":6,"key":"SMITH"},{"floor":12,"key":"REST"},{"floor":15,"key":"REST"}],"neow_cost":"NONE","seed_source_timestamp":491011941510600,"circlet_count":0,"master_deck":["AscendersBane","Strike_G","Defend_G","Defend_G","Defend_G","Defend_G","Defend_G","Survivor","Neutralize","Dagger Throw","PiercingWail","Deadly Poison+1","Deflect","Catalyst","Backflip"],"relics":["Ring of the Snake","Letter Opener","Potion Belt","Boot"],"potions_floor_usage":[7,7,14],"damage_taken":[{"damage":6,"enemies":"Jaw Worm","floor":1,"turns":6},{"damage":0,"enemies":"2 Louse","floor":3,"turns":2},{"damage":0,"enemies":"Small Slimes","floor":4,"turns":6},{"damage":21,"enemies":"3 Sentries","floor":7,"turns":9},{"damage":0,"enemies":"Looter","floor":8,"turns":4},{"damage":2,"enemies":"Exordium Wildlife","floor":13,"turns":5},{"damage":9,"enemies":"Exordium Thugs","floor":14,"turns":6},{"damage":42,"enemies":"Slime Boss","floor":16,"turns":8}],"seed_played":"7628675068504901374","potions_obtained":[{"floor":4,"key":"Fire Potion"},{"floor":7,"key":"Fruit Juice"},{"floor":13,"key":"Strength Potion"}],"is_trial":false,"path_per_floor":["M","?","M","M","$","R","E","M","T","?","$","R","M","M","R","B"],"character_chosen":"THE_SILENT","items_purchased":[],"campfire_rested":2,"item_purchase_floors":[],"current_hp_per_floor":[57,57,57,57,57,57,41,41,41,8,8,30,28,19,41,0,0],"gold":44,"neow_bonus":"TRANSFORM_CARD","is_prod":false,"is_daily":false,"chose_seed":false,"campfire_upgraded":1,"win_rate":0,"timestamp":1607497399,"path_taken":["M","?","M","M","$","R","E","M","T","?","$","R","M","M","R","BOSS"],"build_version":"2020-11-30","purchased_purges":2,"victory":false,"max_hp_per_floor":[70,70,70,70,70,70,75,75,75,75,75,75,75,75,75,75,75],"card_choices":[{"not_picked":["Prepared","Tactician"],"picked":"PiercingWail","floor":1},{"not_picked":["Outmaneuver","Dodge and Roll"],"picked":"Deadly Poison","floor":3},{"not_picked":["Reflex","Dodge and Roll","Skewer"],"picked":"SKIP","floor":4},{"not_picked":["Outmaneuver","Die Die Die"],"picked":"Deflect","floor":7},{"not_picked":["Underhanded Strike","Flechettes"],"picked":"Catalyst","floor":8},{"not_picked":["Prepared","Flying Knee","Dagger Throw"],"picked":"SKIP","floor":13},{"not_picked":["Dagger Throw","PiercingWail"],"picked":"Backflip","floor":14}],"player_experience":1000892,"relics_obtained":[{"floor":7,"key":"Letter Opener"},{"floor":9,"key":"Potion Belt"}],"event_choices":[{"cards_removed":["Strike_G"],"damage_healed":0,"gold_gain":0,"player_choice":"Card Removal","damage_taken":0,"max_hp_gain":0,"max_hp_loss":0,"event_name":"The Cleric","floor":2,"gold_loss":50},{"damage_healed":0,"gold_gain":0,"player_choice":"Success","damage_taken":33,"relics_obtained":["Boot"],"max_hp_gain":0,"max_hp_loss":0,"event_name":"Scrap Ooze","floor":10,"gold_loss":0}],"is_beta":false,"boss_relics":[],"items_purged_floors":[5,11],"is_endless":false,"potions_floor_spawned":[4,7,13],"killed_by":"Slime Boss","ascension_level":11}}