{"host":"l12hrjjiowxu1z6t","time":1607485069,"event":{"gold_per_floor":[116,18,34,34,49,81,81,106,133,150,150,160,160,189,189,285,285,296,150,176,51,51,81,96,96,96,122,122,136,165,165,165,261,261,273,292,292,40,40,40,70,84,84,45,45,45,73,86,86,86],"floor_reached":51,"playtime":3032,"items_purged":["Strike_R","Defend_R","Defend_R"],"score":974,"play_id":"2fe1b179-fa1b-4382-a4c7-04d90bc062f3","local_time":"20201208173749","is_ascension_mode":true,"campfire_choices":[{"data":"Perfected Strike","floor":7,"key":"SMITH"},{"data":"Perfected Strike","floor":11,"key":"SMITH"},{"data":"Pommel Strike","floor":13,"key":"SMITH"},{"data":"Shockwave","floor":15,"key":"SMITH"},{"data":"Fiend Fire","floor":25,"key":"SMITH"},{"data":"Shockwave","floor":28,"key":"SMITH"},{"data":"Rampage","floor":32,"key":"SMITH"},{"data":"1","floor":40,"key":"LIFT"},{"data":"2","floor":49,"key":"LIFT"}],"neow_cost":"NONE","seed_source_timestamp":16319812438500,"circlet_count":0,"master_deck":["Strike_R+1","Strike_R+1","Strike_R+1","Strike_R+1","Defend_R+1","Defend_R+1","Bash+1","Perfected Strike+1","Perfected Strike+1","Shrug It Off+1","Rampage+1","Pommel Strike+1","Shockwave+1","Headbutt+1","Pommel Strike+1","Fiend Fire+1","Shockwave+1","Clothesline+1","Clothesline+1","Juggernaut+1","Clothesline+1","Demon Form+1","Heavy Blade+1","Heavy Blade+1","Shrug It Off+1","Metallicize+1"],"relics":["Burning Blood","Centennial Puzzle","MealTicket","War Paint","Bag of Preparation","Omamori","Snecko Eye","Red Mask","FaceOfCleric","Sundial","Lantern","Bag of Marbles","Whetstone","Calling Bell","Potion Belt","Frozen Egg 2","Girya","TheAbacus","Red Skull","Orichalcum","Champion Belt","Mark of the Bloom","Bottled Tornado"],"potions_floor_usage":[6,16,50,50],"damage_taken":[{"damage":6,"enemies":"Cultist","floor":1,"turns":3},{"damage":8,"enemies":"Jaw Worm","floor":3,"turns":3},{"damage":2,"enemies":"Small Slimes","floor":5,"turns":3},{"damage":6,"enemies":"Gremlin Nob","floor":6,"turns":3},{"damage":20,"enemies":"3 Sentries","floor":8,"turns":6},{"damage":11,"enemies":"Gremlin Gang","floor":10,"turns":4},{"damage":1,"enemies":"2 Fungi Beasts","floor":12,"turns":2},{"damage":6,"enemies":"Gremlin Nob","floor":14,"turns":3},{"damage":0,"enemies":"Slime Boss","floor":16,"turns":5},{"damage":10,"enemies":"Spheric Guardian","floor":18,"turns":3},{"damage":0,"enemies":"Masked Bandits","floor":20,"turns":2},{"damage":27,"enemies":"Gremlin Leader","floor":23,"turns":3},{"damage":0,"enemies":"2 Thieves","floor":24,"turns":1},{"damage":1,"enemies":"Slavers","floor":27,"turns":2},{"damage":0,"enemies":"Centurion and Healer","floor":29,"turns":3},{"damage":0,"enemies":"Gremlin Leader","floor":30,"turns":1},{"damage":0,"enemies":"Collector","floor":33,"turns":2},{"damage":0,"enemies":"Orb Walker","floor":35,"turns":2},{"damage":6,"enemies":"3 Shapes","floor":36,"turns":2},{"damage":4,"enemies":"Reptomancer","floor":41,"turns":2},{"damage":10,"enemies":"Writhing Mass","floor":42,"turns":3},{"damage":0,"enemies":"Nemesis","floor":47,"turns":1},{"damage":0,"enemies":"Transient","floor":48,"turns":5},{"damage":27,"enemies":"Donu and Deca","floor":50,"turns":5}],"seed_played":"5598667873000708128","potions_obtained":[{"floor":3,"key":"LiquidMemories"},{"floor":8,"key":"LiquidBronze"},{"floor":10,"key":"Fire Potion"},{"floor":12,"key":"Ancient Potion"},{"floor":23,"key":"Explosive Potion"},{"floor":24,"key":"LiquidMemories"},{"floor":27,"key":"SneckoOil"},{"floor":41,"key":"EssenceOfSteel"},{"floor":42,"key":"SkillPotion"}],"is_trial":false,"path_per_floor":["M","$","M","$","M","E","R","E","T","M","R","M","R","E","R","B",null,"M","$","?","$","?","E","M","R","T","E","R","M","E","?","R","B",null,"M","M","?","$","?","R","E","M","T","$","?","$","E","M","R","B",null],"character_chosen":"IRONCLAD","items_purchased":["Perfected Strike","Clothesline","Heavy Blade","TheAbacus","Red Skull","Shrug It Off"],"campfire_rested":0,"item_purchase_floors":[2,19,38,38,38,44],"current_hp_per_floor":[80,80,78,78,80,80,80,66,66,61,61,66,66,66,66,72,80,76,80,80,80,80,60,67,67,67,73,73,80,85,85,85,86,86,87,88,88,88,88,88,89,86,86,90,90,90,90,90,90,63],"gold":86,"neow_bonus":"RANDOM_COMMON_RELIC","is_prod":false,"is_daily":false,"chose_seed":false,"campfire_upgraded":7,"win_rate":0,"timestamp":1607485069,"path_taken":["M","?","?","$","M","E","R","E","T","M","R","M","R","E","R","BOSS","M","?","?","$","?","E","?","R","T","E","R","M","E","?","R","BOSS","M","M","?","$","?","R","E","?","T","$","?","?","E","?","R","BOSS"],"build_version":"2020-11-30","purchased_purges":3,"victory":true,"max_hp_per_floor":[80,80,80,80,80,80,80,80,80,80,80,80,80,80,80,80,80,80,80,80,80,80,81,82,82,82,83,83,84,85,85,85,86,86,87,88,88,88,88,88,89,90,90,90,90,90,91,92,92,93],"relic_stats":{"Mark of the Bloom":36,"counters":[24,69],"Bag of Preparation":[38],"Whetstone":["Strike_R","Bash"],"War Paint":["Defend_R","Defend_R"],"Orichalcum":[24],"Burning Blood":102,"Centennial Puzzle":[45],"TheAbacus":[18],"FaceOfCleric":13,"Sundial":[2],"Snecko Eye":[80,90,87,96],"MealTicket":8,"Champion Belt":[8],"obtain_stats":[{"Potion Belt":34,"Girya":34,"Lantern":26,"Mark of the Bloom":45,"Bag of Preparation":9,"Omamori":14,"Whetstone":30,"War Paint":8,"Frozen Egg 2":34,"Orichalcum":41,"Bottled Tornado":47,"Burning Blood":0,"Calling Bell":34,"Centennial Puzzle":0,"TheAbacus":38,"FaceOfCleric":22,"Sundial":23,"Snecko Eye":17,"MealTicket":6,"Red Mask":20,"Bag of Marbles":27,"Champion Belt":43,"Red Skull":38},{"Potion Belt":17,"Girya":17,"Lantern":13,"Mark of the Bloom":21,"Bag of Preparation":5,"Omamori":8,"Whetstone":16,"War Paint":5,"Frozen Egg 2":17,"Orichalcum":20,"Bottled Tornado":22,"Burning Blood":0,"Calling Bell":17,"Centennial Puzzle":0,"TheAbacus":19,"FaceOfCleric":11,"Sundial":12,"Snecko Eye":9,"MealTicket":4,"Red Mask":11,"Bag of Marbles":14,"Champion Belt":21,"Red Skull":19},{"Potion Belt":49,"Girya":49,"Lantern":41,"Mark of the Bloom":58,"Bag of Preparation":18,"Omamori":27,"Whetstone":47,"War Paint":18,"Frozen Egg 2":49,"Orichalcum":55,"Bottled Tornado":59,"Burning Blood":0,"Calling Bell":49,"Centennial Puzzle":0,"TheAbacus":53,"FaceOfCleric":37,"Sundial":40,"Snecko Eye":32,"MealTicket":12,"Red Mask":37,"Bag of Marbles":43,"Champion Belt":58,"Red Skull":53}]},"card_choices":[{"not_picked":["Anger","Armaments"],"picked":"Perfected Strike","floor":1},{"not_picked":["Headbutt","Anger"],"picked":"Shrug It Off","floor":3},{"not_picked":["Shrug It Off","Flex"],"picked":"Rampage","floor":5},{"not_picked":["Clothesline","Bludgeon"],"picked":"Pommel Strike","floor":6},{"not_picked":["Pummel","Inflame"],"picked":"Shockwave","floor":8},{"not_picked":["Body Slam","Pommel Strike"],"picked":"Headbutt","floor":10},{"not_picked":["Metallicize","Fire Breathing"],"picked":"Pommel Strike","floor":12},{"not_picked":["Clothesline","Disarm","Dark Embrace"],"picked":"SKIP","floor":14},{"not_picked":["Brutality","Limit Break"],"picked":"Fiend Fire","floor":16},{"not_picked":["Warcry","Dual Wield"],"picked":"Shockwave","floor":18},{"not_picked":["Intimidate","Perfected Strike+1"],"picked":"Clothesline","floor":23},{"not_picked":["Cleave","Inflame+1","Headbutt"],"picked":"SKIP","floor":24},{"not_picked":["Ghostly Armor+1","Intimidate","Cleave"],"picked":"SKIP","floor":27},{"not_picked":["Warcry","Armaments"],"picked":"Juggernaut","floor":29},{"not_picked":["Sword Boomerang","Sever Soul","Pummel"],"picked":"SKIP","floor":30},{"not_picked":["Juggernaut","Reaper"],"picked":"Demon Form","floor":33},{"not_picked":["Twin Strike+1","Hemokinesis+1"],"picked":"Heavy Blade+1","floor":35},{"not_picked":["Anger","Fire Breathing+1","Armaments"],"picked":"SKIP","floor":36},{"not_picked":["Entrench","Warcry+1","Infernal Blade"],"picked":"SKIP","floor":41},{"not_picked":["Berserk+1","Headbutt","Blood for Blood"],"picked":"SKIP","floor":42},{"not_picked":["Hemokinesis","Flex+1"],"picked":"Metallicize+1","floor":47},{"not_picked":["Clash","Infernal Blade+1","Perfected Strike+1"],"picked":"SKIP","floor":48}],"player_experience":10248,"relics_obtained":[{"floor":6,"key":"MealTicket"},{"floor":8,"key":"War Paint"},{"floor":9,"key":"Bag of Preparation"},{"floor":14,"key":"Omamori"},{"floor":20,"key":"Red Mask"},{"floor":23,"key":"Sundial"},{"floor":26,"key":"Lantern"},{"floor":27,"key":"Bag of Marbles"},{"floor":30,"key":"Whetstone"},{"floor":34,"key":"Potion Belt"},{"floor":34,"key":"Frozen Egg 2"},{"floor":34,"key":"Girya"},{"floor":41,"key":"Orichalcum"},{"floor":43,"key":"Champion Belt"},{"floor":47,"key":"Bottled Tornado"}],"event_choices":[{"damage_healed":0,"gold_gain":0,"player_choice":"Fought Bandits","damage_taken":0,"max_hp_gain":0,"max_hp_loss":0,"event_name":"Masked Bandits","floor":20,"gold_loss":0},{"damage_healed":0,"gold_gain":0,"player_choice":"Trade","damage_taken":0,"relics_obtained":["FaceOfCleric"],"max_hp_gain":0,"max_hp_loss":0,"event_name":"FaceTrader","floor":22,"gold_loss":0},{"damage_healed":0,"gold_gain":0,"player_choice":"Read","damage_taken":0,"max_hp_gain":0,"max_hp_loss":0,"event_name":"The Library","floor":31,"gold_loss":0,"cards_obtained":["Clothesline"]},{"damage_healed":0,"gold_gain":0,"player_choice":"Ignored","damage_taken":0,"max_hp_gain":0,"max_hp_loss":0,"event_name":"Mysterious Sphere","floor":37,"gold_loss":0},{"damage_healed":0,"gold_gain":0,"player_choice":"0 cards matched","damage_taken":0,"max_hp_gain":0,"max_hp_loss":0,"event_name":"Match and Keep!","floor":39,"gold_loss":0,"cards_obtained":[]},{"damage_healed":0,"gold_gain":0,"player_choice":"Upgrade","damage_taken":0,"relics_obtained":["Mark of the Bloom"],"max_hp_gain":0,"max_hp_loss":0,"event_name":"MindBloom","floor":45,"gold_loss":0,"cards_upgraded":["Strike_R","Strike_R","Strike_R","Shrug It Off","Pommel Strike","Headbutt","Clothesline","Clothesline","Juggernaut","Clothesline","Demon Form","Heavy Blade","Shrug It Off"]}],"is_beta":false,"boss_relics":[{"not_picked":["Philosopher\u0027s Stone","Black Star"],"picked":"Snecko Eye"},{"not_picked":["Sozu","Empty Cage"],"picked":"Calling Bell"}],"items_purged_floors":[2,19,21],"is_endless":false,"potions_floor_spawned":[3,8,10,12,23,24,27,30,41,42],"ascension_level":1}}