{"host":"mrc3cf8wjlkkqes7","time":1607496858,"event":{"gold_per_floor":[111,122,53,67,67,67,67,94,139,149,149,160,177,193,193,290,290,301,301,312,312,323,354,354,365,417,24,38,38,54,74,74,178,178,201,234,263,300,348,348,348],"floor_reached":40,"playtime":3621,"items_purged":["Strike_P"],"score":491,"play_id":"7cd47ace-3273-4d36-ab7f-93011d1c9643","local_time":"20201209005418","is_ascension_mode":false,"campfire_choices":[{"data":"Eruption","floor":6,"key":"SMITH"},{"floor":15,"key":"REST"},{"floor":24,"key":"REST"},{"data":"TalkToTheHand","floor":32,"key":"SMITH"}],"neow_cost":"NONE","seed_source_timestamp":371326179998900,"circlet_count":0,"master_deck":["Strike_P","Strike_P","Strike_P+1","Defend_P","Defend_P","Defend_P+1","Defend_P","Eruption+1","Vigilance+1","Replay:BluntJabs","Replay:Anticipation","FlurryOfBlows","Brilliance","TalkToTheHand+1","infinitespire:FutureSight","SashWhip","DeceiveReality","LessonLearned","EmptyFist+1","FollowUp","Bash+1","Indignation+1","Prostrate","CarveReality+1","Consecrate+1","TalkToTheHand","Conclude","DevaForm","Tantrum","FlurryOfBlows+1","Scrawl","Replay:DivineShield","BowlingBash","Prostrate","Consecrate"],"relics":["PureWater","NeowsBlessing","Regal Pillow","Thread and Needle","Damaru","Replay:Bronze Core","Toolbox","Divine Protection","Bronze Scales","Nunchaku","Strange Spoon","infinitespire:EvilPickle","Ring of Chaos","Pocketwatch"],"potions_floor_usage":[22,22,33,33,33,35,38,39,39],"damage_taken":[{"damage":0,"enemies":"Cultist","floor":1,"turns":1},{"damage":0,"enemies":"Jaw Worm","floor":2,"turns":1},{"damage":0,"enemies":"infinitespire:Voidling","floor":4,"turns":1},{"damage":7,"enemies":"Gremlin Nob","floor":8,"turns":4},{"damage":0,"enemies":"Exordium Wildlife","floor":10,"turns":3},{"damage":0,"enemies":"Looter","floor":12,"turns":2},{"damage":3,"enemies":"Gremlin Gang","floor":13,"turns":4},{"damage":1,"enemies":"Blue Slaver","floor":14,"turns":3},{"damage":6,"enemies":"The Guardian","floor":16,"turns":15},{"damage":15,"enemies":"Spheric Guardian","floor":18,"turns":9},{"damage":1,"enemies":"3 Byrds","floor":20,"turns":4},{"damage":18,"enemies":"3 Cultists","floor":22,"turns":6},{"damage":27,"enemies":"Book of Stabbing","floor":23,"turns":7},{"damage":0,"enemies":"Centurion and Healer","floor":25,"turns":4},{"damage":2,"enemies":"Cultist and Chosen","floor":28,"turns":6},{"damage":0,"enemies":"3 Cultists","floor":30,"turns":6},{"damage":3,"enemies":"Chosen and Byrds","floor":31,"turns":4},{"damage":0,"enemies":"Pondfish","floor":33,"turns":6},{"damage":1,"enemies":"3 Darklings","floor":35,"turns":4},{"damage":0,"enemies":"Orb Walker","floor":36,"turns":3},{"damage":0,"enemies":"Jaw Worm Horde","floor":37,"turns":4},{"damage":17,"enemies":"Maw","floor":38,"turns":7},{"damage":48,"enemies":"2 Orb Walkers","floor":39,"turns":5},{"damage":21,"enemies":"Nemesis","floor":40,"turns":2}],"seed_played":"-7431300880834351097","potions_obtained":[{"floor":4,"key":"Regen Potion"},{"floor":8,"key":"Adrenaline Potion"},{"floor":16,"key":"Explosive Potion"},{"floor":23,"key":"EntropicBrew"},{"floor":25,"key":"Fire Potion"},{"floor":28,"key":"AttackPotion"},{"floor":36,"key":"Energy Potion"},{"floor":38,"key":"Strength Potion"}],"is_trial":false,"path_per_floor":["M","M","?","M","$","R","$","E","T","M","?","M","M","M","R","B",null,"M","AVR","M","?","M","E","R","M","T","$","M","?","M","M","R","B",null,"M","M","M","M","?","E"],"character_chosen":"WATCHER","items_purchased":["Consecrate","Nunchaku","Strange Spoon","TalkToTheHand"],"campfire_rested":2,"item_purchase_floors":[27,27,27,27],"current_hp_per_floor":[72,72,72,72,72,72,72,65,65,65,48,48,45,44,72,66,72,57,57,56,56,47,20,56,56,56,56,54,54,54,51,51,51,72,71,71,71,54,6,0,0],"gold":348,"neow_bonus":"THREE_ENEMY_KILL","is_prod":false,"is_daily":false,"chose_seed":false,"campfire_upgraded":2,"win_rate":0.0,"timestamp":1607496858,"path_taken":["M","M","?","M","?","R","?","E","T","?","?","M","M","M","R","BOSS","M","AVR","M","?","?","E","R","M","T","$","M","?","M","M","R","BOSS","M","M","M","M","?","E"],"build_version":"2020-11-30","purchased_purges":1,"victory":false,"max_hp_per_floor":[72,72,72,72,72,72,72,72,72,72,72,72,72,72,72,72,72,72,72,72,72,72,72,72,72,72,72,72,72,72,72,72,72,72,72,72,72,72,72,72,72],"card_choices":[{"not_picked":["Meditate","ClearTheMind"],"picked":"Replay:BluntJabs","floor":1},{"not_picked":["JustLucky","BattleHymn"],"picked":"Replay:Anticipation","floor":2},{"not_picked":["EmptyFist","WaveOfTheHand"],"picked":"FlurryOfBlows","floor":4},{"not_picked":["CutThroughFate","Study"],"picked":"Brilliance","floor":8},{"not_picked":["WreathOfFlame","CutThroughFate"],"picked":"TalkToTheHand","floor":10},{"not_picked":["ReplayTheSpireMod:Black Plague","infinitespire:SevenWalls"],"picked":"infinitespire:FutureSight","floor":11},{"not_picked":["Conclude","SignatureMove"],"picked":"Vault","floor":12},{"not_picked":["FollowUp","Replay:BluntJabs"],"picked":"SashWhip","floor":13},{"not_picked":["CrushJoints","CarveReality"],"picked":"DeceiveReality","floor":14},{"not_picked":["Vault","Establishment"],"picked":"LessonLearned","floor":16},{"not_picked":["ClearTheMind+1","JustLucky"],"picked":"EmptyFist+1","floor":18},{"not_picked":["Collect","CrushJoints"],"picked":"FollowUp","floor":20},{"not_picked":["Replay:BluntJabs","Replay:Battleflow"],"picked":"Indignation+1","floor":22},{"not_picked":["ClearTheMind","ConjureBlade"],"picked":"Prostrate","floor":23},{"not_picked":["CrushJoints","Replay:ManipulateFuture"],"picked":"CarveReality+1","floor":25},{"not_picked":["BattleHymn","WindmillStrike"],"picked":"Conclude","floor":28},{"not_picked":["WreathOfFlame","BowlingBash+1"],"picked":"Tantrum","floor":30},{"not_picked":["ThirdEye+1","Fasting2+1"],"picked":"FlurryOfBlows+1","floor":31},{"not_picked":["ConjureBlade","Devotion"],"picked":"Scrawl","floor":33},{"not_picked":["BattleHymn","CrushJoints"],"picked":"Replay:DivineShield","floor":35},{"not_picked":["SandsOfTime","PathToVictory","Replay:DivineShield"],"picked":"SKIP","floor":36},{"not_picked":["Consecrate+1","DeusExMachina"],"picked":"BowlingBash","floor":37},{"not_picked":["Crescendo+1","Protect+1"],"picked":"Prostrate","floor":38},{"not_picked":["Crescendo+1","Replay:ManipulateFuture+1"],"picked":"Consecrate","floor":39}],"player_experience":182224,"relics_obtained":[{"floor":8,"key":"Thread and Needle"},{"floor":9,"key":"Damaru"},{"floor":23,"key":"Divine Protection"},{"floor":26,"key":"Bronze Scales"},{"floor":39,"key":"Pocketwatch"}],"event_choices":[{"damage_healed":0,"gold_gain":0,"player_choice":"Paid Gold","damage_taken":0,"relics_obtained":["Regal Pillow"],"max_hp_gain":0,"max_hp_loss":0,"event_name":"WeMeetAgain","floor":3,"gold_loss":69},{"cards_removed":["Vault"],"damage_healed":0,"gold_gain":0,"player_choice":"Took Card","damage_taken":0,"max_hp_gain":0,"max_hp_loss":0,"event_name":"NoteForYourself","floor":21,"gold_loss":0,"cards_obtained":["Bash"]},{"damage_healed":0,"gold_gain":0,"player_choice":"Read","damage_taken":0,"max_hp_gain":0,"max_hp_loss":0,"event_name":"The Library","floor":29,"gold_loss":0,"cards_obtained":["DevaForm"]},{"damage_healed":0,"gold_gain":0,"player_choice":"Fight","damage_taken":0,"max_hp_gain":0,"max_hp_loss":0,"event_name":"Mysterious Sphere","floor":39,"gold_loss":0}],"is_beta":false,"boss_relics":[{"not_picked":["Tiny House","Ectoplasm"],"picked":"Replay:Bronze Core"},{"not_picked":["infinitespire:Cupcake","Busted Crown"],"picked":"Ring of Chaos"}],"items_purged_floors":[19],"is_endless":false,"potions_floor_spawned":[4,8,16,23,25,28,31,36,37,38],"killed_by":"Nemesis","ascension_level":0}}