{"host":"gcl3kjho9wmyw479","time":1607496298,"event":{"gold_per_floor":[110,110,59,59,59,59,88,116,140,140,140,140,169,169,235,335,335,350,368,382,382,307,307,307,335,417,317,317,192,192,192,192,296,346,357,357,186,205,225,260,294,294,294,320,320,19,49,81,81,81,81,81,9,40,40],"floor_reached":56,"playtime":2389,"items_purged":["Languid","Parasite","Sweeping Beam","Sweeping Beam+1"],"score":1407,"play_id":"6cd5ee4a-7bd6-4173-9607-abb78a907d9e","local_time":"20201209014458","daily_mods":["SealedDeck","Heirloom","Flight","DeadlyEvents","Elite Swarm"],"is_ascension_mode":true,"campfire_choices":[{"data":"Beam Cell","floor":6,"key":"SMITH"},{"data":"Gash","floor":10,"key":"SMITH"},{"data":"Coolheaded","floor":11,"key":"SMITH"},{"data":"Go for the Eyes","floor":12,"key":"SMITH"},{"data":"1","floor":23,"key":"LIFT"},{"data":"2","floor":24,"key":"LIFT"},{"data":"3","floor":28,"key":"LIFT"},{"floor":32,"key":"RECALL"},{"floor":42,"key":"REST"},{"data":"Machine Learning","floor":45,"key":"SMITH"},{"data":"Conserve Battery","floor":45,"key":"SMITH"},{"floor":49,"key":"REST"},{"floor":52,"key":"DIG"}],"neow_cost":"NONE","seed_source_timestamp":0,"circlet_count":0,"master_deck":["Chill+1","Gash+1","Coolheaded+1","Conserve Battery+1","Go for the Eyes+1","Gash+1","Beam Cell+1","Compile Driver+1","Skim+1","Sweeping Beam+1","Machine Learning+1"],"relics":["Ring of Chaos","TungstenRod","Pen Nib","Replay:Towering Pillar of Hats","Replay:Kaleidoscope","Replay:Arrowhead","Vajra","InkBottle","Girya","Gambling Chip","Tiny House","MerchantsRug","Happy Flower","Peace Pipe","HornCleat","Akabeko","Membership Card","Ornamental Fan","Replay:Multitool","Bag of Preparation","Chameleon Ring","Onion Ring","Incense Burner"],"potions_floor_usage":[16,39,44,55,55],"damage_taken":[{"damage":0,"enemies":"2 Louse","floor":1,"turns":2},{"damage":0,"enemies":"3 Sentries","floor":7,"turns":4},{"damage":3,"enemies":"Lagavulin","floor":8,"turns":3},{"damage":0,"enemies":"3 Sentries","floor":13,"turns":4},{"damage":0,"enemies":"Slime Boss","floor":16,"turns":4},{"damage":5,"enemies":"2 Thieves","floor":18,"turns":3},{"damage":0,"enemies":"Spheric Guardian","floor":19,"turns":2},{"damage":0,"enemies":"Centurion and Healer","floor":20,"turns":3},{"damage":4,"enemies":"Slavers","floor":25,"turns":2},{"damage":3,"enemies":"Pondfish","floor":33,"turns":4},{"damage":11,"enemies":"Orb Walker","floor":35,"turns":2},{"damage":8,"enemies":"3 Shapes","floor":38,"turns":1},{"damage":19,"enemies":"Sphere and 2 Shapes","floor":39,"turns":2},{"damage":0,"enemies":"Giant Head","floor":40,"turns":2},{"damage":3,"enemies":"Nemesis","floor":41,"turns":3},{"damage":12,"enemies":"R_Hoarder","floor":44,"turns":4},{"damage":0,"enemies":"Nemesis","floor":47,"turns":3},{"damage":0,"enemies":"R_Hoarder","floor":48,"turns":2},{"damage":0,"enemies":"Awakened One","floor":50,"turns":3},{"damage":0,"enemies":"Shield and Spear","floor":54,"turns":2},{"damage":4,"enemies":"The Heart","floor":55,"turns":4}],"seed_played":"7060104861837282488","potions_obtained":[{"floor":1,"key":"Toxic Potion"},{"floor":8,"key":"Energy Potion"},{"floor":18,"key":"ColorlessPotion"},{"floor":33,"key":"FocusPotion"},{"floor":39,"key":"BlessingOfTheForge"},{"floor":41,"key":"Energy Potion"},{"floor":48,"key":"FocusPotion"}],"is_trial":true,"path_per_floor":["M","WH","$","?","WH","R","E","E","T","R","R","R","E","WH","R","B",null,"M","M","M","WH","$","R","R","E","T","$","R","$","WH","WH","R","B",null,"M","WH","$","M","M","E","E","R","T","E","R","$","E","E","R","B",null,"R","$","E","B",null],"character_chosen":"DEFECT","items_purchased":["Beam Cell","MerchantsRug","Membership Card","Ornamental Fan","Replay:Multitool","Incense Burner"],"campfire_rested":2,"item_purchase_floors":[3,37,46,46,46,53],"current_hp_per_floor":[75,75,75,75,55,55,55,52,52,52,52,52,52,59,59,59,82,77,77,77,85,85,85,85,81,81,81,81,81,81,81,81,78,92,81,81,81,73,54,54,51,78,78,66,66,66,66,66,92,92,92,92,92,92,88],"gold":40,"neow_bonus":"UPGRADE_CARD","is_prod":false,"is_daily":false,"chose_seed":false,"campfire_upgraded":6,"win_rate":0,"timestamp":1607496298,"path_taken":["M","WH","$","?","WH","R","E","E","T","R","R","R","E","WH","R","BOSS","M","?","?","WH","$","R","R","E","T","$","R","$","WH","WH","R","BOSS","M","WH","$","?","?","E","E","R","T","E","R","$","E","E","R","BOSS","R","$","E","BOSS"],"build_version":"2020-11-30","purchased_purges":4,"victory":true,"max_hp_per_floor":[75,75,75,75,75,75,75,75,75,75,75,75,75,82,82,82,82,82,82,82,90,90,90,90,90,90,87,87,87,87,87,87,87,92,92,92,92,92,92,92,92,92,92,92,92,92,92,92,92,92,92,92,92,92,92],"card_choices":[{"not_picked":["Scrape","ReplayTheSpireMod:Calculation Training"],"picked":"Gash","floor":1},{"not_picked":["Electrodynamics","Amplify","Reboot"],"picked":"SKIP","floor":7},{"not_picked":["Rainbow","Hyperbeam","Electrodynamics"],"picked":"SKIP","floor":8},{"not_picked":["Meteor Strike","Reboot","All For One"],"picked":"SKIP","floor":13},{"not_picked":["ReplayTheSpireMod:IOU","Amnesia"],"picked":"Languid","floor":17},{"not_picked":["Spreading Infection","Replay:Hysterical Blindness"],"picked":"ReplayTheSpireMod:Faulty Equipment","floor":17},{"not_picked":["ReplayTheSpireMod:Splinters","Voices"],"picked":"Parasite","floor":17},{"not_picked":["Redo+1","Cold Snap"],"picked":"Compile Driver","floor":18},{"not_picked":["Compile Driver","Rebound+1"],"picked":"Skim+1","floor":19},{"not_picked":["Hologram","Leap","ReplayTheSpireMod:System Scan"],"picked":"SKIP","floor":20},{"not_picked":["Multi-Cast","Creative AI","Buffer"],"picked":"SKIP","floor":25},{"not_picked":["Steam","FIFO Queue"],"picked":"Sweeping Beam","floor":34},{"not_picked":["Stack+1","ReplayTheSpireMod:Reroute Power+1","Rebound"],"picked":"SKIP","floor":35},{"not_picked":["Turbo+1","Conserve Battery+1","Rebound"],"picked":"SKIP","floor":38},{"not_picked":["Static Discharge","Rebound","FTL"],"picked":"SKIP","floor":39},{"not_picked":["Static Discharge","Rebound","FTL"],"picked":"SKIP","floor":39},{"not_picked":["Echo Form","Reboot","Seek"],"picked":"SKIP","floor":40},{"not_picked":["Electrodynamics","Multi-Cast","Amplify"],"picked":"SKIP","floor":41},{"not_picked":["Buffer","Core Surge"],"picked":"Machine Learning","floor":44},{"not_picked":["All For One","Rainbow","ReplayTheSpireMod:Fabricate Wheel"],"picked":"SKIP","floor":47},{"not_picked":["Rainbow","Reboot","Echo Form"],"picked":"SKIP","floor":48},{"not_picked":["Seek","ReplayRNGCard","Reboot"],"picked":"SKIP","floor":54}],"player_experience":385716,"relics_obtained":[{"floor":7,"key":"Replay:Towering Pillar of Hats"},{"floor":8,"key":"Replay:Kaleidoscope"},{"floor":9,"key":"Whetstone"},{"floor":13,"key":"Replay:Arrowhead"},{"floor":25,"key":"Gambling Chip"},{"floor":40,"key":"Happy Flower"},{"floor":41,"key":"Peace Pipe"},{"floor":43,"key":"HornCleat"},{"floor":44,"key":"Akabeko"},{"floor":47,"key":"Bag of Preparation"},{"floor":48,"key":"Chameleon Ring"},{"floor":52,"key":"Onion Ring"}],"event_choices":[{"cards_removed":["Undo"],"damage_healed":0,"gold_gain":0,"player_choice":"Gave Card","damage_taken":0,"relics_obtained":["Pen Nib"],"max_hp_gain":0,"max_hp_loss":0,"event_name":"WeMeetAgain","floor":4,"gold_loss":0}],"is_beta":false,"boss_relics":[{"not_picked":["Nuclear Battery","Fusion Hammer"],"picked":"Replay:Ancient Bell"},{"not_picked":["Art of War","Omamori"],"picked":"Vajra"},{"not_picked":["Golden Egg","Mirror"],"picked":"InkBottle"},{"not_picked":["Ginger","Bird Faced Urn"],"picked":"Girya"},{"not_picked":["Astrolabe","Velvet Choker"],"picked":"Tiny House"}],"items_purged_floors":[22,27,29,37],"is_endless":false,"potions_floor_spawned":[1,8,18,33,35,39,41,48],"ascension_level":3}}