{"host":"kvh5342rl0c7vxi5","time":1607472517,"event":{"gold_per_floor":[214,214,229,46,46,46,46,46,46,60,60,78,111,128,128,227,227,240,251,251,268,26,26,61,61,61,61,80,100,134,148,159,159,159,254,254,271,71,71,82,117,117,167,198,279,279,298,298,298,315,315,320,320,320,28,53,58],"floor_reached":58,"playtime":2866,"items_purged":["DemoMod:Defend_Huntress","Decay","DemoMod:Defend_Huntress"],"score":934,"play_id":"0d3b094e-8756-4524-9e4c-dab0847661ac","local_time":"20201208190837","is_ascension_mode":false,"campfire_choices":[{"data":"DemoMod:ShadowBullets","floor":6.0,"key":"SMITH"},{"data":"DemoMod:ShadowBullets","floor":8.0,"key":"SMITH"},{"data":"DemoMod:ManualReload","floor":11.0,"key":"SMITH"},{"data":"DemoMod:MachoBrace","floor":15.0,"key":"SMITH"},{"data":"DemoMod:HungryBullets","floor":23.0,"key":"SMITH"},{"data":"infinitespire:Collect","floor":25.0,"key":"SMITH"},{"data":"DemoMod:BattleInHaste","floor":27.0,"key":"SMITH"},{"data":"DemoMod:Unmoved","floor":33.0,"key":"SMITH"},{"floor":42,"key":"RECALL"},{"data":"DemoMod:ShadowBullets","floor":48,"key":"SMITH"},{"data":"DemoMod:SpreadAmmo","floor":51,"key":"SMITH"},{"data":"DemoMod:RustySidearm","floor":54,"key":"SMITH"}],"neow_cost":"NONE","seed_source_timestamp":22202605572300,"circlet_count":0,"master_deck":["DemoMod:Defend_Huntress+1","DemoMod:Defend_Huntress","DemoMod:Roll","DemoMod:ManualReload+1","DemoMod:RustySidearm+1","DemoMod:CrossBow","DemoMod:ShadowBullets+1","DemoMod:ShadowBullets+1","DemoMod:CombinedRifle+1","DemoMod:SAA+1","DemoMod:MachoBrace+1","DemoMod:AbyssalTentacle+1","DemoMod:BSG+1","DemoMod:Unmoved+1","infinitespire:Collect+1","DemoMod:BattleInHaste+1","DemoMod:HungryBullets+1","DemoMod:FastSwitch+1","DemoMod:HungryBullets+1","DemoMod:GunslingerForm","DemoMod:Unmoved+1","DemoMod:FightSabre+1","AbeCurse","DemoMod:ShadowBullets+1","DemoMod:TableSutra+1","DemoMod:TeaPot+1","DemoMod:TeaPot+1","DemoMod:SpreadAmmo+1","DemoMod:ShadowBullets+1"],"special_seed":0,"relics":["DemoMod:Dog","FossilizedHelix","Molten Egg 2","Akabeko","Empty Cage","Replay:Rubber Ducky","ReplayTheSpireMod:CursedCoin","Ornamental Fan","Smiling Mask","DemoMod:RatBoots","DemoMod:ResourcefulSack","DemoMod:PartiallyEatenCheese","Ring of Chaos","Abe\u0027s Treasure","Pantograph","Ice Cream","Question Card","DollysMirror","Replay:Baseball","DemoMod:HoleyGrail"],"potions_floor_usage":[34,35,35,43,43,52,56],"damage_taken":[{"damage":3.0,"enemies":"Jaw Worm","floor":1.0,"turns":4.0},{"damage":3.0,"enemies":"Small Slimes","floor":3.0,"turns":10.0},{"damage":0.0,"enemies":"Cultist","floor":10.0,"turns":3.0},{"damage":0.0,"enemies":"2 Fungi Beasts","floor":12.0,"turns":3.0},{"damage":0.0,"enemies":"Lagavulin","floor":13.0,"turns":5.0},{"damage":0.0,"enemies":"Looter","floor":14.0,"turns":1.0},{"damage":34.0,"enemies":"Fading Forest","floor":16.0,"turns":11.0},{"damage":0.0,"enemies":"Spheric Guardian","floor":18.0,"turns":3.0},{"damage":0.0,"enemies":"Shell Parasite","floor":19.0,"turns":2.0},{"damage":0.0,"enemies":"Cultist and Chosen","floor":21.0,"turns":4.0},{"damage":20.0,"enemies":"Book of Stabbing","floor":24.0,"turns":6.0},{"damage":0.0,"enemies":"DemoMod:2_Veteran_bullet_kins_and_red_shotgun_kin","floor":28.0,"turns":3.0},{"damage":0.0,"enemies":"DemoMod:Veteran_shot_gun_kin_and_bullet_kin","floor":29.0,"turns":3.0},{"damage":12.0,"enemies":"DemoMod:Red_and_blue_shotgun_kin_with_gunsinger","floor":30.0,"turns":2.0},{"damage":0.0,"enemies":"DemoMod:Veteran_shot_gun_kin_and_blue_shotgun_kin","floor":31.0,"turns":1.0},{"damage":0.0,"enemies":"DemoMod:Veteran_shot_gun_kin_and_blue_shotgun_kin_with_gunsinger","floor":32.0,"turns":2.0},{"damage":7,"enemies":"DemoMod:ResourcefulRat","floor":35,"turns":26},{"damage":0,"enemies":"3 Darklings","floor":37,"turns":3},{"damage":0,"enemies":"Orb Walker","floor":40,"turns":3},{"damage":0,"enemies":"4 Shapes","floor":41,"turns":5},{"damage":0,"enemies":"2 Orb Walkers","floor":43,"turns":5},{"damage":0,"enemies":"Giant Head","floor":44,"turns":8},{"damage":0,"enemies":"4 Shapes","floor":47,"turns":5},{"damage":0,"enemies":"Transient","floor":50,"turns":5},{"damage":0,"enemies":"Replay:Hell Engine","floor":52,"turns":9},{"damage":0,"enemies":"Shield and Spear","floor":56,"turns":6},{"damage":28,"enemies":"The Heart","floor":57,"turns":9}],"seed_played":"7677379916220640116","potions_obtained":[{"floor":10.0,"key":"LifebloodPotion"},{"floor":12.0,"key":"LiquidMemories"},{"floor":13.0,"key":"Strength Potion"},{"floor":16.0,"key":"Weak Potion"},{"floor":18.0,"key":"Toxic Potion"},{"floor":21.0,"key":"ColorlessPotion"},{"floor":30.0,"key":"ColorlessPotion"},{"floor":32.0,"key":"Slimebound:ThreeZeroPotion"},{"floor":37,"key":"Energy Potion"},{"floor":43,"key":"DemoMod:LeadSkinPotion"},{"floor":44,"key":"LifebloodPotion"},{"floor":47,"key":"Fire Potion"}],"is_trial":false,"path_per_floor":["M","?","M","$","?","R","?","R","T","M","R","M","E","M","R","B",null,"M","M","AVR","M","$","R","E","R","T","R","M","M","M","M","M","R","B","B",null,"M","$","?","M","?","R","?","E","T","?","M","R","?","M","R","B",null,"R","$","E","B",null],"character_chosen":"HUNTRESS","items_purchased":["DemoMod:GnawedKey","DemoMod:ShadowBullets","DemoMod:HungryBullets","ReplayTheSpireMod:CursedCoin","Ornamental Fan","DemoMod:TableSutra+1","DemoMod:TeaPot+1","Block Potion","DollysMirror","Replay:Baseball"],"campfire_rested":0,"item_purchase_floors":[4,4,22,22,22,38,38,38,55,55],"current_hp_per_floor":[67,67,64,64,69,69,69,69,69,69,69,69,69,69,69,35,75,75,75,75,75,75,75,55,55,75,75,75,75,63,63,63,63,50,43,75,75,75,75,75,75,75,75,75,75,71,71,71,66,66,66,66,66,66,66,66,38],"gold":58,"neow_bonus":"HUNDRED_GOLD","is_prod":false,"is_daily":false,"chose_seed":false,"campfire_upgraded":11,"win_rate":0.0,"timestamp":1607472517,"path_taken":["M","?","M","$","?","R","?","R","T","M","R","M","E","M","R","BOSS","M","M","AVR","M","$","R","E","R","T","R","M","M","M","M","M","R","BOSS","BOSS","M","$","?","M","?","R","?","E","T","?","M","R","?","?","R","BOSS","R","$","E","BOSS"],"build_version":"2020-11-30","purchased_purges":3,"victory":true,"max_hp_per_floor":[70,70,70,70,75,75,75,75,75,75,75,75,75,75,75,75,75,75,75,75,75,75,75,75,75,75,75,75,75,75,75,75,75,75,75,75,75,75,75,75,75,75,75,75,75,71,71,71,66,66,66,66,66,66,66,66,66],"card_choices":[{"not_picked":["DemoMod:TeaPot","DemoMod:Camera"],"picked":"DemoMod:DirectionalPad","floor":1.0},{"not_picked":["DemoMod:BoxingGlove","DemoMod:ConditionalReflex"],"picked":"DemoMod:ShadowBullets","floor":3.0},{"not_picked":["DemoMod:TeaPot+1","DemoMod:TableSutra"],"picked":"DemoMod:CombinedRifle+1","floor":10.0},{"not_picked":["DemoMod:SAA+1","DemoMod:Slinger","DemoMod:Ejector"],"picked":"SKIP","floor":10.0},{"not_picked":["DemoMod:Slinger","DemoMod:Ejector"],"picked":"DemoMod:SAA+1","floor":10.0},{"not_picked":["DemoMod:PracticeMakesPerfect","DemoMod:HuntsMan+1"],"picked":"DemoMod:MachoBrace","floor":12.0},{"not_picked":["DemoMod:Purify+1","DemoMod:SkilledReload"],"picked":"DemoMod:AbyssalTentacle+1","floor":13.0},{"not_picked":["DemoMod:ZorGun+1","DemoMod:Camera+1","DemoMod:FeignSurrender"],"picked":"SKIP","floor":14.0},{"not_picked":["DemoMod:BlackHoleGun+1","DemoMod:ThirdPartyController+1"],"picked":"DemoMod:BSG+1","floor":16.0},{"not_picked":["DemoMod:ZorGun+1","DemoMod:MachoBrace"],"picked":"DemoMod:Unmoved","floor":18.0},{"not_picked":["DemoMod:HuntsMan+1","DemoMod:TeaPot+1","DemoMod:LifeOrb+1"],"picked":"SKIP","floor":19.0},{"not_picked":["DemoMod:BulletBore+1","DemoMod:AC15+1"],"picked":"DemoMod:BattleInHaste","floor":21.0},{"not_picked":["DemoMod:MachoBrace","DemoMod:BattleInHaste","DemoMod:PracticeMakesPerfect"],"picked":"SKIP","floor":24.0},{"not_picked":["DemoMod:JK47+1","DemoMod:ConditionalReflex+1"],"picked":"DemoMod:FastSwitch+1","floor":28.0},{"not_picked":["DemoMod:Purify+1","DemoMod:Rummage+1"],"picked":"DemoMod:HungryBullets+1","floor":29.0},{"not_picked":["DemoMod:HuntsMan+1","DemoMod:BattleInHaste"],"picked":"DemoMod:GunslingerForm","floor":29.0},{"not_picked":["DemoMod:HungryBullets","DemoMod:Ejector","DemoMod:PracticeMakesPerfect+1"],"picked":"SKIP","floor":30.0},{"not_picked":["DemoMod:DoubleSwitch+1","DemoMod:Camera+1","DemoMod:DirectionalPad+1"],"picked":"SKIP","floor":31.0},{"not_picked":["DemoMod:AC15+1","DemoMod:ConditionalReflex+1"],"picked":"DemoMod:Unmoved+1","floor":32.0},{"not_picked":["DemoMod:Desperate","DemoMod:BSG+1"],"picked":"DemoMod:FightSabre+1","floor":35},{"not_picked":["DemoMod:Unmoved+1","DemoMod:Camera+1"],"picked":"DemoMod:ShadowBullets","floor":37},{"not_picked":["DemoMod:MachoBrace+1","DemoMod:DirectionalPad+1","DemoMod:SAA+1"],"picked":"SKIP","floor":40},{"not_picked":["DemoMod:JK47+1","DemoMod:PotionOfGunFriendShip","DemoMod:ProbeStrike+1"],"picked":"SKIP","floor":41},{"not_picked":["DemoMod:FortunesFavor","DemoMod:ConditionalReflex","DemoMod:BoxingGlove+1"],"picked":"SKIP","floor":44},{"not_picked":["DemoMod:DirectionalPad+1","DemoMod:AC15+1","DemoMod:TripleGun+1"],"picked":"DemoMod:TeaPot+1","floor":47},{"not_picked":["DemoMod:GunslingerForm","DemoMod:AC15+1","DemoMod:DirectionalPad+1","DemoMod:Unmoved"],"picked":"SKIP","floor":50},{"not_picked":["DemoMod:GunslingerForm","DemoMod:AC15+1","DemoMod:DirectionalPad+1","DemoMod:Unmoved"],"picked":"SKIP","floor":50},{"not_picked":["DemoMod:Purify+1","DemoMod:Ejector","DemoMod:Camera+1","DemoMod:GunShield"],"picked":"SKIP","floor":56}],"player_experience":529400,"relics_obtained":[{"floor":3.0,"key":"FossilizedHelix"},{"floor":9.0,"key":"Molten Egg 2"},{"floor":13.0,"key":"Akabeko"},{"floor":24.0,"key":"Smiling Mask"},{"floor":36,"key":"DemoMod:RatBoots"},{"floor":36,"key":"DemoMod:ResourcefulSack"},{"floor":36,"key":"DemoMod:PartiallyEatenCheese"},{"floor":36,"key":"Ring of Chaos"},{"floor":36,"key":"Abe\u0027s Treasure"},{"floor":41,"key":"Pantograph"},{"floor":43,"key":"Ice Cream"},{"floor":44,"key":"Question Card"},{"floor":56,"key":"DemoMod:HoleyGrail"}],"event_choices":[{"damage_healed":0.0,"max_hp_gain":5.0,"max_hp_loss":0.0,"gold_gain":0.0,"event_name":"Big Fish","player_choice":"Donut","floor":5.0,"gold_loss":0.0,"damage_taken":0.0},{"cards_removed":["DemoMod:Strike_Huntress"],"damage_healed":0.0,"max_hp_gain":0.0,"max_hp_loss":0.0,"gold_gain":0.0,"event_name":"Purifier","player_choice":"Purged","floor":7.0,"gold_loss":0.0,"damage_taken":0.0},{"damage_healed":0,"gold_gain":0,"player_choice":"Memory 1","damage_taken":0,"max_hp_gain":0,"max_hp_loss":0,"event_name":"SensoryStone","floor":39,"gold_loss":0},{"damage_healed":0,"gold_gain":0,"player_choice":"Fight","damage_taken":0,"max_hp_gain":0,"max_hp_loss":0,"event_name":"Mysterious Sphere","floor":43,"gold_loss":0},{"damage_healed":0,"gold_gain":0,"player_choice":"Max HP","damage_taken":0,"max_hp_gain":0,"max_hp_loss":4,"event_name":"Winding Halls","floor":46,"gold_loss":0}],"is_beta":false,"boss_relics":[{"not_picked":["Kintsugi","Coffee Dripper"],"picked":"Empty Cage"},{"not_picked":[]}],"items_purged_floors":[20,22,38],"is_endless":false,"potions_floor_spawned":[10,12,13,16,18,21,30,32,37,43,44,47],"ascension_level":0}}