{"host":"zk71suw73lg2r165","time":1607527697,"event":{"gold_per_floor":[360,373,296,311,311,354,354,387,439,439,475,94,94,94],"floor_reached":13,"playtime":430,"items_purged":[],"score":202,"play_id":"e9f249fe-c819-49b4-8b57-5a2316308fe2","local_time":"20201209102817","is_ascension_mode":true,"campfire_choices":[{"floor":7.0,"key":"REST"}],"neow_cost":"PERCENT_DAMAGE","seed_source_timestamp":11682156863855,"circlet_count":0,"master_deck":["AscendersBane","Strike_R","Strike_R","Strike_R","Strike_R","Defend_R","Defend_R","Defend_R","Defend_R","Bash","Perfected Strike","Shrug It Off","Demon Form","Cleave","Ghostly Armor","Havoc","Heavy Blade","Anger","True Grit"],"special_seed":0,"relics":["Burning Blood","Golden Idol","StrikeDummy","Ancient Tea Set","Strawberry","Bronze Scales","Matryoshka"],"potions_floor_usage":[13],"damage_taken":[{"damage":7.0,"enemies":"Small Slimes","floor":1.0,"turns":4.0},{"damage":2.0,"enemies":"Cultist","floor":2.0,"turns":4.0},{"damage":7.0,"enemies":"2 Louse","floor":4.0,"turns":2.0},{"damage":56.0,"enemies":"Gremlin Nob","floor":6.0,"turns":5.0},{"damage":22.0,"enemies":"Lagavulin","floor":8.0,"turns":7.0},{"damage":34.0,"enemies":"3 Sentries","floor":11.0,"turns":9.0},{"damage":14,"enemies":"Lagavulin","floor":13,"turns":7}],"seed_played":"5409885250350885840","potions_obtained":[{"floor":4.0,"key":"Fruit Juice"},{"floor":6.0,"key":"FairyPotion"},{"floor":11,"key":"BlessingOfTheForge"}],"is_trial":false,"path_per_floor":["M","M","$","M","?","E","R","E","T","?","E","$","E"],"character_chosen":"IRONCLAD","items_purchased":["Demon Form","Matryoshka","Anger","True Grit"],"campfire_rested":1,"item_purchase_floors":[3,12,12,12],"current_hp_per_floor":[49,53,53,52,52,7,28,12,19,19,15,15,1,1],"gold":94,"neow_bonus":"TWO_FIFTY_GOLD","is_prod":false,"is_daily":false,"chose_seed":false,"campfire_upgraded":0,"win_rate":0,"timestamp":1607527697,"path_taken":["M","M","$","M","?","E","R","E","T","?","E","?","E"],"build_version":"2020-11-30","purchased_purges":0,"victory":false,"max_hp_per_floor":[75,75,75,75,68,73,73,73,80,80,80,80,80,80],"relic_stats":{"counters":[7,38],"Golden Idol":30,"Bronze Scales":[6],"obtain_stats":[{"Matryoshka":12,"Golden Idol":5,"Strawberry":9,"Bronze Scales":11,"StrikeDummy":6,"Ancient Tea Set":8,"Burning Blood":0},{"Matryoshka":6,"Golden Idol":3,"Strawberry":5,"Bronze Scales":6,"StrikeDummy":4,"Ancient Tea Set":5,"Burning Blood":0},{"Matryoshka":31,"Golden Idol":10,"Strawberry":22,"Bronze Scales":31,"StrikeDummy":15,"Ancient Tea Set":22,"Burning Blood":0}],"Burning Blood":36},"card_choices":[{"not_picked":["Shrug It Off","Twin Strike"],"picked":"Perfected Strike","floor":1.0},{"not_picked":["Thunderclap","Iron Wave"],"picked":"Shrug It Off","floor":2.0},{"not_picked":["Ghostly Armor","Rage"],"picked":"Cleave","floor":4.0},{"not_picked":["Uppercut","True Grit"],"picked":"Ghostly Armor","floor":6.0},{"not_picked":["Rage","Seeing Red"],"picked":"Havoc","floor":8.0},{"not_picked":["Cleave","True Grit"],"picked":"Heavy Blade","floor":11}],"player_experience":1301385,"relics_obtained":[{"floor":6.0,"key":"StrikeDummy"},{"floor":8.0,"key":"Ancient Tea Set"},{"floor":9.0,"key":"Strawberry"},{"floor":11,"key":"Bronze Scales"}],"event_choices":[{"damage_healed":0.0,"max_hp_gain":0.0,"max_hp_loss":7.0,"gold_gain":0.0,"event_name":"Golden Idol","player_choice":"Lose Max HP","floor":5.0,"gold_loss":0.0,"damage_taken":0.0,"relics_obtained":["Golden Idol"]},{"cards_removed":["Strike_R"],"damage_healed":0.0,"max_hp_gain":0.0,"max_hp_loss":0.0,"gold_gain":0.0,"event_name":"Bonfire Elementals","player_choice":"Offered Basic","floor":10.0,"gold_loss":0.0,"damage_taken":0.0}],"is_beta":false,"boss_relics":[],"items_purged_floors":[],"is_endless":false,"potions_floor_spawned":[4,6,11],"killed_by":"Lagavulin","ascension_level":20}}