{"host":"f14d6hm2349s9jse","time":1607485743,"event":{"gold_per_floor":[114,126,126,126,140,183,183,183,206,231,19,19,59,102,102,102,102],"floor_reached":16,"playtime":987,"items_purged":[],"score":110,"play_id":"1f6b499a-1c98-4846-950d-3f09f46c3615","local_time":"20201208224903","is_ascension_mode":false,"campfire_choices":[{"floor":12.0,"key":"REST"},{"floor":15,"key":"REST"}],"neow_cost":"NONE","seed_source_timestamp":1921027367715911,"circlet_count":0,"master_deck":["DemoMod:Strike_Huntress","DemoMod:Strike_Huntress","DemoMod:Strike_Huntress","DemoMod:Defend_Huntress","DemoMod:Defend_Huntress","DemoMod:Defend_Huntress","DemoMod:Defend_Huntress","DemoMod:Roll","DemoMod:ManualReload","DemoMod:RustySidearm","DemoMod:CrossBow","DemoMod:AWP","DemoMod:ShadowBullets+1","DemoMod:HungryBullets"],"special_seed":0,"relics":["DemoMod:Dog","NeowsBlessing","Golden Idol","PreservedInsect","DemoMod:LamentConfigurum","DemoMod:SilverBullets","Omamori","Membership Card","DemoMod:GnawedKey","Vajra"],"potions_floor_usage":[16],"damage_taken":[{"damage":0.0,"enemies":"2 Louse","floor":1.0,"turns":1.0},{"damage":0.0,"enemies":"Small Slimes","floor":2.0,"turns":1.0},{"damage":0.0,"enemies":"Cultist","floor":5.0,"turns":1.0},{"damage":23.0,"enemies":"Gremlin Nob","floor":6.0,"turns":4.0},{"damage":24.0,"enemies":"2 Fungi Beasts","floor":10.0,"turns":5.0},{"damage":2.0,"enemies":"Red Slaver","floor":13.0,"turns":3.0},{"damage":13,"enemies":"Lagavulin","floor":14,"turns":9},{"damage":30,"enemies":"Hexaghost","floor":16,"turns":9}],"seed_played":"-6104652251349661717","potions_obtained":[{"floor":2.0,"key":"EssenceOfSteel"},{"floor":5.0,"key":"BlessingOfTheForge"},{"floor":10.0,"key":"ColorlessPotion"}],"is_trial":false,"path_per_floor":["M","M","?","?","M","E","?","?","T","M","$","R","M","E","R","B"],"character_chosen":"HUNTRESS","items_purchased":["Membership Card","DemoMod:GnawedKey"],"campfire_rested":2,"item_purchase_floors":[11,11],"current_hp_per_floor":[70,70,53,53,53,30,27,27,27,3,3,24,22,9,30,0,0],"gold":102,"neow_bonus":"THREE_ENEMY_KILL","is_prod":false,"is_daily":false,"chose_seed":false,"campfire_upgraded":0,"win_rate":0.0,"timestamp":1607485743,"path_taken":["M","M","?","?","M","E","?","?","T","?","$","R","M","E","R","BOSS"],"build_version":"2020-11-30","purchased_purges":0,"victory":false,"max_hp_per_floor":[70,70,70,70,70,70,70,70,70,70,70,70,70,70,70,70,70],"card_choices":[{"not_picked":["DemoMod:StickyCrossBow","DemoMod:MachoBrace"],"picked":"DemoMod:AWP","floor":1.0},{"not_picked":["DemoMod:Polaris","DemoMod:AC15"],"picked":"DemoMod:ShadowBullets","floor":2.0},{"not_picked":["DemoMod:FastSwitch","DemoMod:PotionOfGunFriendShip"],"picked":"DemoMod:Purify","floor":5.0},{"not_picked":["DemoMod:JK47","DemoMod:StickyCrossBow","DemoMod:AC15"],"picked":"SKIP","floor":6.0},{"not_picked":["DemoMod:MachoBrace","DemoMod:PotionOfGunFriendShip","DemoMod:HuntsMan"],"picked":"SKIP","floor":10.0},{"not_picked":["DemoMod:Unmoved","DemoMod:Ejector"],"picked":"DemoMod:HungryBullets","floor":13.0},{"not_picked":["DemoMod:MachoBrace","DemoMod:ConditionalReflex","DemoMod:BlackHoleGun"],"picked":"SKIP","floor":14}],"player_experience":2463875,"relics_obtained":[{"floor":6.0,"key":"DemoMod:LamentConfigurum"},{"floor":9.0,"key":"Omamori"},{"floor":14,"key":"Vajra"}],"event_choices":[{"damage_healed":0.0,"max_hp_gain":0.0,"max_hp_loss":0.0,"gold_gain":0.0,"event_name":"Golden Idol","player_choice":"Take Damage","floor":3.0,"gold_loss":0.0,"damage_taken":17.0,"relics_obtained":["Golden Idol"]},{"damage_healed":0.0,"max_hp_gain":0.0,"max_hp_loss":0.0,"gold_gain":0.0,"event_name":"Big Fish","player_choice":"Box","floor":4.0,"gold_loss":0.0,"damage_taken":0.0,"relics_obtained":["PreservedInsect"],"cards_obtained":["Regret"]},{"damage_healed":0.0,"max_hp_gain":0.0,"max_hp_loss":0.0,"gold_gain":0.0,"event_name":"Scrap Ooze","player_choice":"Success","floor":7.0,"gold_loss":0.0,"damage_taken":3.0,"relics_obtained":["DemoMod:SilverBullets"]},{"damage_healed":0.0,"max_hp_gain":0.0,"max_hp_loss":0.0,"gold_gain":0.0,"event_name":"Accursed Blacksmith","player_choice":"Forge","floor":8.0,"gold_loss":0.0,"damage_taken":0.0,"cards_upgraded":["DemoMod:ShadowBullets"]}],"is_beta":false,"boss_relics":[],"items_purged_floors":[],"is_endless":false,"potions_floor_spawned":[2,5,10],"killed_by":"Hexaghost","ascension_level":0}}