{"host":"jm9833yuloeli2yd","time":1607546295,"event":{"gold_per_floor":[113,125,125,45,195,195,212,212,212,237,257,286,286,286,286],"floor_reached":14,"playtime":323,"items_purged":[],"score":196,"play_id":"e76b9126-8206-4437-9269-9eff876f782e","local_time":"20201209153815","is_ascension_mode":true,"campfire_choices":[{"data":"Beam Cell","floor":8.0,"key":"SMITH"},{"data":"Zap","floor":13,"key":"SMITH"}],"neow_cost":"TEN_PERCENT_HP_LOSS","seed_source_timestamp":772434463027100,"circlet_count":0,"master_deck":["AscendersBane","Strike_B","Strike_B","Strike_B","Strike_B","Defend_B+1","Defend_B","Defend_B+1","Defend_B","Zap+1","Dualcast","Go for the Eyes","Beam Cell+1","Ball Lightning","Multi-Cast","Undo","Ball Lightning"],"special_seed":0,"relics":["Cracked Core","Lizard Tail","Matryoshka","Turnip","Torii"],"potions_floor_usage":[11,14],"damage_taken":[{"damage":9.0,"enemies":"Jaw Worm","floor":1.0,"turns":4.0},{"damage":3.0,"enemies":"2 Louse","floor":2.0,"turns":2.0},{"damage":4.0,"enemies":"Small Slimes","floor":7.0,"turns":3.0},{"damage":16.0,"enemies":"3 Sentries","floor":10.0,"turns":8.0},{"damage":10,"enemies":"Gremlin Gang","floor":11,"turns":4},{"damage":19,"enemies":"Lagavulin","floor":12,"turns":6},{"damage":25,"enemies":"3 Sentries","floor":14,"turns":5}],"seed_played":"-7372112984768711740","potions_obtained":[{"floor":10.0,"key":"Swift Potion"},{"floor":12,"key":"GamblersBrew"}],"is_trial":false,"path_per_floor":["M","M","?","$","?","?","M","R","T","E","M","E","R","E"],"character_chosen":"DEFECT","items_purchased":["Ball Lightning","Dexterity Potion"],"campfire_rested":0,"item_purchase_floors":[4,4],"current_hp_per_floor":[55,52,33,33,33,33,29,29,29,13,3,25,25,0,0],"gold":286,"neow_bonus":"ONE_RARE_RELIC","is_prod":false,"is_daily":false,"chose_seed":false,"campfire_upgraded":2,"win_rate":0,"timestamp":1607546295,"path_taken":["M","M","?","$","?","?","?","R","T","E","M","E","R","E"],"build_version":"2020-11-30","purchased_purges":0,"victory":false,"max_hp_per_floor":[64,64,64,64,64,64,64,64,64,64,64,64,64,64,64],"card_choices":[{"not_picked":["Rebound","Beam Cell"],"picked":"Go for the Eyes","floor":1.0},{"not_picked":["Hologram","Gash"],"picked":"Beam Cell","floor":2.0},{"not_picked":["Skim","Conserve Battery"],"picked":"Multi-Cast","floor":7.0},{"not_picked":["Scrape","Leap"],"picked":"Undo","floor":10.0},{"not_picked":["Go for the Eyes","Steam","Stack"],"picked":"SKIP","floor":11},{"not_picked":["Static Discharge","BootSequence"],"picked":"Ball Lightning","floor":12}],"player_experience":982883,"relics_obtained":[{"floor":9.0,"key":"Matryoshka"},{"floor":10.0,"key":"Turnip"},{"floor":12,"key":"Torii"}],"event_choices":[{"damage_healed":0.0,"max_hp_gain":0.0,"max_hp_loss":0.0,"gold_gain":0.0,"event_name":"Shining Light","player_choice":"Entered Light","floor":3.0,"gold_loss":0.0,"damage_taken":19.0,"cards_upgraded":["Defend_B","Defend_B"]},{"damage_healed":0.0,"max_hp_gain":0.0,"max_hp_loss":0.0,"gold_gain":150.0,"event_name":"Liars Game","player_choice":"AGREE","floor":5.0,"gold_loss":0.0,"damage_taken":0.0,"cards_obtained":["Doubt"]},{"cards_removed":["Doubt"],"damage_healed":0.0,"max_hp_gain":0.0,"max_hp_loss":0.0,"gold_gain":0.0,"event_name":"Purifier","player_choice":"Purged","floor":6.0,"gold_loss":0.0,"damage_taken":0.0}],"is_beta":false,"boss_relics":[],"items_purged_floors":[],"is_endless":false,"potions_floor_spawned":[10,12],"killed_by":"3 Sentries","ascension_level":20}}