{"host":"Yggdrasil","time":1607538630,"event":{"gold_per_floor":[111,128,145,162,112,139,139,165,239,249,249,278,278,293,293,398,398,409,420,195,207,207,234,234,266,292,292,326,346,346,55,55,156,156,175,0,0,19,34,34,61,61,135,135,152,152,152,164,164,164,164],"floor_reached":50,"playtime":1821,"items_purged":[],"score":776,"play_id":"09aeba46-f0ec-4916-aec9-3a0ce089247e","local_time":"20201210033030","is_ascension_mode":true,"campfire_choices":[{"data":"Bash","floor":7,"key":"SMITH"},{"data":"Infernal Blade","floor":11,"key":"SMITH"},{"floor":15,"key":"REST"},{"data":"Sever Soul","floor":24,"key":"SMITH"},{"data":"Sever Soul","floor":27,"key":"SMITH"},{"data":"Armaments","floor":32,"key":"SMITH"},{"data":"Infernal Blade","floor":40,"key":"SMITH"},{"floor":44,"key":"REST"},{"data":"True Grit","floor":46,"key":"SMITH"},{"data":"Seeing Red","floor":49,"key":"SMITH"}],"neow_cost":"NONE","seed_source_timestamp":52591584713400,"circlet_count":0,"master_deck":["Bash+1","Wild Strike","Thunderclap","Immolate+1","Flame Barrier","Infernal Blade+1","Ghostly Armor","Havoc","Sever Soul+1","Exhume","Dark Embrace","Shockwave","Sever Soul+1","Infernal Blade+1","Armaments+1","Offering","Clash","Seeing Red+1","Reckless Charge","Rampage","Spot Weakness","Battle Trance","Flex","True Grit+1","Armaments+1"],"special_seed":0,"relics":["Burning Blood","Akabeko","Singing Bowl","Dead Branch","Eternal Feather","Centennial Puzzle","Mark of Pain","Pen Nib","Sundial","The Courier","Smiling Mask","Happy Flower","Ginger","Pandora\u0027s Box","Red Mask","Boot","Ornamental Fan"],"potions_floor_usage":[16,22,29,30,35,41,50,50],"damage_taken":[{"damage":0,"enemies":"Small Slimes","floor":1,"turns":4},{"damage":2,"enemies":"Jaw Worm","floor":2,"turns":3},{"damage":0,"enemies":"Cultist","floor":3,"turns":2},{"damage":0,"enemies":"Lots of Slimes","floor":4,"turns":1},{"damage":58,"enemies":"Lagavulin","floor":6,"turns":7},{"damage":10,"enemies":"3 Sentries","floor":8,"turns":5},{"damage":4,"enemies":"Blue Slaver","floor":10,"turns":3},{"damage":21,"enemies":"Gremlin Nob","floor":12,"turns":4},{"damage":0,"enemies":"Large Slime","floor":14,"turns":4},{"damage":44,"enemies":"The Guardian","floor":16,"turns":9},{"damage":11,"enemies":"Shell Parasite","floor":18,"turns":3},{"damage":13,"enemies":"3 Byrds","floor":19,"turns":2},{"damage":23,"enemies":"Centurion and Healer","floor":21,"turns":4},{"damage":0,"enemies":"Snecko","floor":22,"turns":1},{"damage":8,"enemies":"Gremlin Leader","floor":23,"turns":4},{"damage":23,"enemies":"Slavers","floor":25,"turns":4},{"damage":8,"enemies":"Gremlin Leader","floor":28,"turns":4},{"damage":2,"enemies":"Chosen and Byrds","floor":29,"turns":3},{"damage":0,"enemies":"Centurion and Healer","floor":30,"turns":1},{"damage":48,"enemies":"Collector","floor":33,"turns":5},{"damage":33,"enemies":"3 Shapes","floor":35,"turns":2},{"damage":6,"enemies":"Orb Walker","floor":38,"turns":2},{"damage":6,"enemies":"Sphere and 2 Shapes","floor":39,"turns":2},{"damage":76,"enemies":"Giant Head","floor":41,"turns":7},{"damage":6,"enemies":"3 Darklings","floor":45,"turns":2},{"damage":9,"enemies":"Maw","floor":48,"turns":5},{"damage":92,"enemies":"Awakened One","floor":50,"turns":9}],"seed_played":"8151125502126400816","potions_obtained":[{"floor":2,"key":"SmokeBomb"},{"floor":8,"key":"Energy Potion"},{"floor":10,"key":"GamblersBrew"},{"floor":21,"key":"SmokeBomb"},{"floor":25,"key":"SpeedPotion"},{"floor":29,"key":"BloodPotion"},{"floor":33,"key":"SteroidPotion"},{"floor":35,"key":"SteroidPotion"},{"floor":38,"key":"Energy Potion"},{"floor":45,"key":"SmokeBomb"}],"is_trial":false,"path_per_floor":["M","M","M","M","?","E","R","E","T","M","R","E","?","M","R","B",null,"M","M","$","M","M","E","R","E","T","R","E","M","M","$","R","B",null,"M","?","?","M","M","R","E","$","T","R","M","R","?","M","R","B"],"character_chosen":"IRONCLAD","items_purchased":["Pen Nib","Shockwave","Ginger","Armaments"],"campfire_rested":2,"item_purchase_floors":[20,20,31,31],"current_hp_per_floor":[78,80,80,80,80,30,30,26,26,28,37,22,22,28,61,23,67,62,57,57,42,48,46,58,43,43,55,53,59,65,65,77,35,76,69,69,69,69,69,84,16,16,16,57,59,74,74,73,88,0,0],"gold":164,"neow_bonus":"RANDOM_COMMON_RELIC","is_prod":false,"is_daily":false,"chose_seed":false,"campfire_upgraded":8,"win_rate":0.0,"timestamp":1607538630,"path_taken":["M","M","M","M","?","E","R","E","T","M","R","E","?","?","R","BOSS","M","M","?","M","M","E","R","E","T","R","E","M","M","$","R","BOSS","M","?","?","M","M","R","E","?","T","R","M","R","?","?","R","BOSS"],"build_version":"2020-12-07","purchased_purges":0,"victory":false,"max_hp_per_floor":[80,80,80,80,80,82,82,82,82,82,82,82,82,82,82,82,82,82,84,84,86,86,86,86,88,88,88,88,90,90,90,90,90,90,92,92,87,87,87,87,89,89,89,89,91,91,91,93,93,93,93],"card_choices":[{"not_picked":["Clash","Warcry"],"picked":"Wild Strike","floor":1},{"not_picked":["Disarm","Blood for Blood"],"picked":"Thunderclap","floor":2},{"not_picked":["Thunderclap","Wild Strike"],"picked":"Immolate","floor":3},{"not_picked":["Perfected Strike","Heavy Blade"],"picked":"Flame Barrier","floor":4},{"not_picked":["Havoc","Heavy Blade","Wild Strike"],"picked":"Singing Bowl","floor":6},{"not_picked":["Headbutt","Wild Strike"],"picked":"Infernal Blade","floor":8},{"not_picked":["Whirlwind","Intimidate"],"picked":"Ghostly Armor","floor":10},{"not_picked":["Anger","Uppercut"],"picked":"Havoc","floor":12},{"not_picked":["Rage","Iron Wave"],"picked":"Sever Soul","floor":14},{"not_picked":["Double Tap","Berserk"],"picked":"Exhume","floor":16},{"not_picked":["Hemokinesis","Blood for Blood"],"picked":"Dark Embrace","floor":18},{"not_picked":["Metallicize","Twin Strike+1","Iron Wave+1"],"picked":"Singing Bowl","floor":19},{"not_picked":["Heavy Blade+1","Cleave","Clothesline+1"],"picked":"Singing Bowl","floor":21},{"not_picked":["Heavy Blade","Pummel"],"picked":"Sever Soul","floor":23},{"not_picked":["Twin Strike","Sword Boomerang","Uppercut+1"],"picked":"Singing Bowl","floor":25},{"not_picked":["Wild Strike","Flex"],"picked":"Infernal Blade","floor":28},{"not_picked":["Cleave","Clash","Body Slam+1"],"picked":"Singing Bowl","floor":29},{"not_picked":["Double Tap","Impervious"],"picked":"Offering","floor":33},{"not_picked":["Infernal Blade","Carnage","Clothesline"],"picked":"Singing Bowl","floor":35},{"not_picked":["Havoc","Dropkick"],"picked":"True Grit","floor":38},{"not_picked":["Anger+1","Infernal Blade"],"picked":"Armaments+1","floor":39},{"not_picked":["Barricade","Pommel Strike+1","Flex"],"picked":"Singing Bowl","floor":41},{"not_picked":["Fire Breathing","Wild Strike","Spot Weakness+1"],"picked":"Singing Bowl","floor":45},{"not_picked":["Pommel Strike+1","Havoc","Infernal Blade"],"picked":"Singing Bowl","floor":48}],"player_experience":679834,"relics_obtained":[{"floor":6,"key":"Singing Bowl"},{"floor":8,"key":"Dead Branch"},{"floor":9,"key":"Eternal Feather"},{"floor":12,"key":"Centennial Puzzle"},{"floor":23,"key":"Sundial"},{"floor":25,"key":"The Courier"},{"floor":26,"key":"Smiling Mask"},{"floor":28,"key":"Happy Flower"},{"floor":41,"key":"Boot"},{"floor":43,"key":"Ornamental Fan"}],"event_choices":[{"cards_removed":["Strike_R"],"damage_healed":0,"gold_gain":0,"player_choice":"Card Removal","damage_taken":0,"max_hp_gain":0,"max_hp_loss":0,"event_name":"The Cleric","floor":5,"gold_loss":50},{"damage_healed":0,"gold_gain":0,"player_choice":"Upgraded","damage_taken":0,"max_hp_gain":0,"max_hp_loss":0,"event_name":"Upgrade Shrine","floor":13,"gold_loss":0,"cards_upgraded":["Immolate"]},{"damage_healed":0,"gold_gain":0,"player_choice":"Paid","damage_taken":0,"relics_obtained":["Red Mask"],"max_hp_gain":0,"max_hp_loss":0,"event_name":"Tomb of Lord Red Mask","floor":36,"gold_loss":175},{"damage_healed":0,"gold_gain":0,"player_choice":"Max HP","damage_taken":0,"max_hp_gain":0,"max_hp_loss":5,"event_name":"Winding Halls","floor":37,"gold_loss":0},{"cards_removed":["Iron Wave"],"damage_healed":0,"gold_gain":0,"player_choice":"Removed Attack","damage_taken":0,"max_hp_gain":0,"max_hp_loss":0,"event_name":"Falling","floor":47,"gold_loss":0}],"is_beta":true,"boss_relics":[{"not_picked":["Philosopher\u0027s Stone","Velvet Choker"],"picked":"Mark of Pain"},{"not_picked":["Calling Bell","SlaversCollar"],"picked":"Pandora\u0027s Box"}],"items_purged_floors":[],"is_endless":false,"potions_floor_spawned":[2,8,10,21,22,25,29,33,35,38,39,45],"killed_by":"Awakened One","ascension_level":8}}