{"host":"cglr1m0d8tytrlaz","time":1607516799,"event":{"gold_per_floor":[114,114,129,79,94,124,124,154,154,169,169,199,199,529,529,629,629,644,264,264,279,294,324,324,354,354,87,117,132,132,147,147,247,247,262,262,132,147,162,162,177,207,207,256,256,256,271,301,301,301],"floor_reached":51,"playtime":7634,"items_purged":["Pain","ForeignInfluence+1"],"score":968,"play_id":"f8d16fe5-7b38-4cbf-8a3a-53a80095b5da","local_time":"20201209062639","daily_mods":["SealedDeck","Purple Cards","Elite Swarm"],"is_ascension_mode":false,"campfire_choices":[{"data":"Defragment","floor":7,"key":"SMITH"},{"data":"Replay:LoomingThreat","floor":11,"key":"SMITH"},{"data":"Hologram","floor":13,"key":"SMITH"},{"data":"Chaos","floor":15,"key":"SMITH"},{"data":"ReplayTheSpireMod:Calculation Training","floor":24,"key":"SMITH"},{"data":"Biased Cognition","floor":30,"key":"SMITH"},{"data":"Evaluate","floor":32,"key":"SMITH"},{"data":"Echo Form","floor":40,"key":"SMITH"},{"data":"Pot Of Greed","floor":49,"key":"SMITH"}],"neow_cost":"","seed_source_timestamp":294127682916800,"circlet_count":0,"master_deck":["Conclude","Static Discharge","Protect","Evaluate+1","Replay:AtTheReady","Chill","Chill","Defragment+1","Ball Lightning","Tempest","ReplayTheSpireMod:System Scan","Chaos+1","Replay:LoomingThreat+1","Hologram+1","Conserve Battery","Electrodynamics+1","ReplayRNGCard+1","Go for the Eyes+1","White Noise","Perseverance","ReplayTheSpireMod:Calculation Training+1","Mirror Shield","Echo Form+1","Pot Of Greed+1","Pot Of Greed","Pot Of Greed","Leap","Leap","Biased Cognition+1","BasicCrystalCard+1","Seek+1","Replay:ManipulateFuture+1","Madness+1","Madness+1","ReplayTheSpireMod:Splinters","Replay:DivineShield+1","Gash","Pot Of Greed+1","Buffer","SandsOfTime+1","Glacier+1","Perseverance+1","Rainbow+1","Replay:Anticipation+1","Panic Button+1","Ball Lightning+1","Time Bomb+1","Scrawl+1"],"special_seed":18605,"relics":["Cracked Core","OrangePellets","Incense Burner","Ancient Tea Set","Mirror","DataDisk","Prayer Wheel","Geode","Old Coin","Replay:Ancient Bell","Replay:Rubber Ducky","The Courier","Ice Cream","Replay:Bottled Flurry","Guide Book","Solar Panel","Durian","Iron Hammer","Grinning Jar","Toxic Egg 2","Honey Jar","ReplayTheSpireMod:CursedCoin","Quantum Egg","Shuriken","Replay:Towering Pillar of Hats","Prayer Wheel","Boot"],"potions_floor_usage":[6,8,8,14,39,41,42,44,44,50],"damage_taken":[{"damage":0,"enemies":"2 Louse","floor":1,"turns":2},{"damage":0,"enemies":"Cultist","floor":3,"turns":2},{"damage":5,"enemies":"Jaw Worm","floor":5,"turns":3},{"damage":0,"enemies":"Lagavulin","floor":6,"turns":7},{"damage":0,"enemies":"Gremlin Nob","floor":8,"turns":2},{"damage":3,"enemies":"Lots of Slimes","floor":10,"turns":4},{"damage":0,"enemies":"Lagavulin","floor":12,"turns":5},{"damage":0,"enemies":"Gremlin Nob","floor":14,"turns":2},{"damage":0,"enemies":"Slime Boss","floor":16,"turns":5},{"damage":2,"enemies":"3 Byrds","floor":18,"turns":4},{"damage":0,"enemies":"Spheric Guardian","floor":21,"turns":4},{"damage":0,"enemies":"Snake Plant","floor":22,"turns":4},{"damage":5,"enemies":"Gremlin Leader","floor":23,"turns":4},{"damage":5,"enemies":"Slavers","floor":25,"turns":4},{"damage":1,"enemies":"Gremlin Leader","floor":28,"turns":5},{"damage":0,"enemies":"Centurion and Healer","floor":29,"turns":6},{"damage":0,"enemies":"Shelled Parasite and Fungi","floor":31,"turns":4},{"damage":0,"enemies":"Collector","floor":33,"turns":7},{"damage":0,"enemies":"3 Darklings","floor":35,"turns":5},{"damage":0,"enemies":"3 Shapes","floor":38,"turns":2},{"damage":0,"enemies":"Transient","floor":39,"turns":5},{"damage":5,"enemies":"3 Darklings","floor":41,"turns":4},{"damage":0,"enemies":"Nemesis","floor":42,"turns":9},{"damage":0,"enemies":"2 Orb Walkers","floor":44,"turns":3},{"damage":0,"enemies":"Jaw Worm Horde","floor":47,"turns":6},{"damage":0,"enemies":"Reptomancer","floor":48,"turns":3},{"damage":0,"enemies":"Replay:Hell Engine","floor":50,"turns":11}],"seed_played":"4494449258677458329","potions_obtained":[{"floor":1,"key":"Adrenaline Potion"},{"floor":3,"key":"Swift Potion"},{"floor":6,"key":"Dexterity Potion"},{"floor":10,"key":"ColorlessPotion"},{"floor":16,"key":"Milkshake"},{"floor":23,"key":"FearPotion"},{"floor":25,"key":"EssenceOfSteel"},{"floor":29,"key":"Adrenaline Potion"},{"floor":33,"key":"Dexterity Potion"},{"floor":38,"key":"Adrenaline Potion"},{"floor":39,"key":"BlessingOfTheForge"},{"floor":41,"key":"Fire Potion"},{"floor":42,"key":"DistilledChaos"}],"is_trial":false,"path_per_floor":["M","?","M","$","M","E","R","E","T","M","R","E","R","E","R","B",null,"M","$","?","M","M","E","R","E","T","$","E","M","R","M","R","B",null,"M","?","$","M","M","R","M","E","T","?","?","?","M","E","R","B",null],"character_chosen":"DEFECT","items_purchased":["PowerPotion","Replay:Bottled Flurry","Guide Book","OrangePellets","Grinning Jar","Leap","ReplayTheSpireMod:CursedCoin","Quantum Egg"],"campfire_rested":0,"item_purchase_floors":[4,19,19,27,27,27,37,37],"current_hp_per_floor":[75,75,75,75,70,70,70,70,70,67,67,67,67,67,67,67,75,73,73,73,73,73,68,68,68,68,68,69,71,71,77,77,80,80,80,70,70,76,80,80,79,80,80,80,80,80,80,80,80,80],"gold":301,"neow_bonus":"","is_prod":false,"is_daily":true,"chose_seed":false,"campfire_upgraded":9,"win_rate":0,"timestamp":1607516799,"path_taken":["M","?","M","$","?","E","R","E","T","M","R","E","R","E","R","BOSS","M","$","?","M","?","E","R","E","T","$","E","M","R","M","R","BOSS","M","?","$","M","M","R","M","E","T","?","?","?","?","E","R","BOSS"],"build_version":"2020-11-30","purchased_purges":2,"victory":true,"max_hp_per_floor":[75,75,75,75,75,75,75,75,75,75,75,75,75,75,75,75,75,75,75,75,75,75,75,75,80,80,80,80,80,80,80,80,80,80,80,80,80,80,80,80,80,80,80,80,80,80,80,80,80,80],"relic_stats":{"OrangePellets":[16],"counters":[27,122],"Shuriken":[2],"Prayer Wheel":11,"Boot":[7],"obtain_stats":[{"Ice Cream":17,"Solar Panel":23,"Incense Burner":44,"Ancient Tea Set":6,"Boot":48,"Old Coin":14,"Replay:Rubber Ducky":17,"Honey Jar":34,"Prayer Wheel":10,"Iron Hammer":26,"Replay:Bottled Flurry":19,"Toxic Egg 2":28,"Cracked Core":0,"Replay:Towering Pillar of Hats":43,"ReplayTheSpireMod:CursedCoin":37,"Guide Book":19,"Quantum Egg":37,"The Courier":17,"Geode":12,"Replay:Ancient Bell":17,"OrangePellets":27,"DataDisk":9,"Shuriken":42,"Durian":25,"Grinning Jar":27,"Mirror":8},{"Ice Cream":9,"Solar Panel":13,"Incense Burner":24,"Ancient Tea Set":4,"Boot":26,"Old Coin":8,"Replay:Rubber Ducky":9,"Honey Jar":18,"Prayer Wheel":6,"Iron Hammer":14,"Replay:Bottled Flurry":10,"Toxic Egg 2":15,"Cracked Core":0,"Replay:Towering Pillar of Hats":23,"ReplayTheSpireMod:CursedCoin":19,"Guide Book":10,"Quantum Egg":19,"The Courier":9,"Geode":7,"Replay:Ancient Bell":9,"OrangePellets":14,"DataDisk":5,"Shuriken":23,"Durian":14,"Grinning Jar":14,"Mirror":5},{"Ice Cream":32,"Solar Panel":48,"Incense Burner":102,"Ancient Tea Set":14,"Boot":111,"Old Coin":27,"Replay:Rubber Ducky":32,"Honey Jar":74,"Prayer Wheel":19,"Iron Hammer":52,"Replay:Bottled Flurry":36,"Toxic Egg 2":57,"Cracked Core":0,"Replay:Towering Pillar of Hats":99,"ReplayTheSpireMod:CursedCoin":79,"Guide Book":36,"Quantum Egg":79,"The Courier":32,"Geode":25,"Replay:Ancient Bell":32,"OrangePellets":52,"DataDisk":16,"Shuriken":99,"Durian":52,"Grinning Jar":52,"Mirror":16}]},"card_choices":[{"not_picked":["Rebound","Crescendo","Consecrate"],"picked":"SKIP","floor":1},{"not_picked":["InnerPeace","Tempest"],"picked":"ReplayTheSpireMod:System Scan","floor":3},{"not_picked":["Prostrate","Tempest"],"picked":"Chaos","floor":5},{"not_picked":["DeusExMachina","ConjureBlade"],"picked":"Replay:LoomingThreat","floor":6},{"not_picked":["SpiritShield","Blasphemy"],"picked":"ReplayTheSpireMod:Fabricate Wheel","floor":8},{"not_picked":["Crescendo","Gash"],"picked":"Hologram","floor":10},{"not_picked":["Streamline","Panic Button"],"picked":"Conserve Battery","floor":10},{"not_picked":["Establishment","ReplayRNGCard"],"picked":"Electrodynamics","floor":12},{"not_picked":["All For One","Replay:AllIn","Establishment"],"picked":"SKIP","floor":14},{"not_picked":["Blasphemy","All For One"],"picked":"ReplayRNGCard","floor":16},{"not_picked":["CurseOfTheBell","Amnesia"],"picked":"Doubt","floor":17},{"not_picked":["Amnesia","CurseOfTheBell"],"picked":"ReplayTheSpireMod:Doomed","floor":17},{"not_picked":["CurseOfTheBell","Amnesia"],"picked":"Pain","floor":17},{"not_picked":["Prostrate","Panic Button"],"picked":"Go for the Eyes+1","floor":18},{"not_picked":["Scrawl","Conserve Battery"],"picked":"White Noise","floor":18},{"not_picked":["EmptyBody","Chaos"],"picked":"Perseverance","floor":21},{"not_picked":["Collect+1","PathToVictory","Go for the Eyes"],"picked":"SKIP","floor":21},{"not_picked":["Turbo+1","Go for the Eyes"],"picked":"ReplayTheSpireMod:Calculation Training","floor":22},{"not_picked":["Conserve Battery+1","Gash","CarveReality"],"picked":"SKIP","floor":22},{"not_picked":["Core Surge","Reboot"],"picked":"Mirror Shield","floor":23},{"not_picked":["DevaForm","ReplayRNGCard"],"picked":"Echo Form","floor":25},{"not_picked":["ConjureBlade+1","Blasphemy+1"],"picked":"Biased Cognition","floor":28},{"not_picked":["FollowUp+1","Conserve Battery+1"],"picked":"BasicCrystalCard+1","floor":29},{"not_picked":["Replay:AtTheReady+1","Consecrate","Compile Driver"],"picked":"SKIP","floor":29},{"not_picked":["ThirdEye+1","EmptyBody+1","Replay:BluntJabs"],"picked":"SKIP","floor":31},{"not_picked":["Skim+1","Replay:BluntJabs","ReachHeaven"],"picked":"SKIP","floor":31},{"not_picked":["Core Surge","Buffer"],"picked":"Seek+1","floor":33},{"not_picked":["CrushJoints+1","WheelKick+1","Rebound+1"],"picked":"Replay:ManipulateFuture+1","floor":35},{"not_picked":["Rebound","Prostrate+1","Halt+1"],"picked":"ForeignInfluence+1","floor":35},{"not_picked":["EmptyBody+1","CrushJoints+1","ThirdEye+1"],"picked":"Replay:DivineShield+1","floor":38},{"not_picked":["BowlingBash","FlurryOfBlows+1","FollowUp"],"picked":"Gash","floor":38},{"not_picked":["Crescendo+1","FollowUp","CutThroughFate+1"],"picked":"Buffer","floor":39},{"not_picked":["Replay:Battleflow+1","BasicCrystalCard+1","PathToVictory+1"],"picked":"SandsOfTime+1","floor":39},{"not_picked":["Sanctity+1","Self Repair+1","SashWhip+1"],"picked":"Glacier+1","floor":41},{"not_picked":["Study+1","Steam+1","Scrape+1"],"picked":"Perseverance+1","floor":41},{"not_picked":["Establishment","Amplify+1","Omniscience+1"],"picked":"ReplayTheSpireMod:Fabricate Wheel+1","floor":42},{"not_picked":["Replay:Battleflow+1","Sweeping Beam+1","EmptyBody+1"],"picked":"Replay:Anticipation+1","floor":44},{"not_picked":["SandsOfTime+1","Rebound","Doom and Gloom"],"picked":"Panic Button+1","floor":47},{"not_picked":["Replay:Battleflow+1","CrushJoints+1","Consecrate+1"],"picked":"Ball Lightning+1","floor":47},{"not_picked":["FlyingSleeves","FearNoEvil","Replay:ManipulateFuture+1"],"picked":"Time Bomb+1","floor":47},{"not_picked":["Multi-Cast+1","DevaForm","ReplayTheSpireMod:Omega Cannon"],"picked":"Scrawl+1","floor":48}],"player_experience":1083675,"relics_obtained":[{"floor":6,"key":"Ancient Tea Set"},{"floor":8,"key":"Mirror"},{"floor":9,"key":"DataDisk"},{"floor":12,"key":"Geode"},{"floor":14,"key":"Old Coin"},{"floor":23,"key":"Solar Panel"},{"floor":25,"key":"Durian"},{"floor":26,"key":"Iron Hammer"},{"floor":28,"key":"Toxic Egg 2"},{"floor":42,"key":"Shuriken"},{"floor":43,"key":"Replay:Towering Pillar of Hats"},{"floor":44,"key":"Incense Burner"},{"floor":48,"key":"Boot"}],"event_choices":[{"damage_healed":0,"gold_gain":0,"player_choice":"1 cards matched","damage_taken":0,"max_hp_gain":0,"max_hp_loss":0,"event_name":"Match and Keep!","floor":2,"gold_loss":0,"cards_obtained":["Tempest"]},{"cards_removed":["ReplayTheSpireMod:Doomed","Doubt"],"damage_healed":0,"gold_gain":0,"player_choice":"Removed Curses","damage_taken":0,"max_hp_gain":0,"max_hp_loss":0,"event_name":"Fountain of Cleansing","floor":20,"gold_loss":0},{"damage_healed":0,"gold_gain":0,"player_choice":"Embrace Madness","damage_taken":10,"max_hp_gain":0,"max_hp_loss":0,"event_name":"Winding Halls","floor":36,"gold_loss":0,"cards_obtained":["Madness","Madness"]},{"damage_healed":0,"gold_gain":0,"player_choice":"Fight","damage_taken":0,"max_hp_gain":0,"max_hp_loss":0,"event_name":"Mysterious Sphere","floor":44,"gold_loss":0},{"damage_healed":0,"gold_gain":0,"player_choice":"Ignored","damage_taken":0,"max_hp_gain":0,"max_hp_loss":0,"event_name":"Tomb of Lord Red Mask","floor":45,"gold_loss":0},{"cards_removed":["Panic Button"],"damage_healed":0,"gold_gain":0,"player_choice":"Removed Skill","damage_taken":0,"max_hp_gain":0,"max_hp_loss":0,"event_name":"Falling","floor":46,"gold_loss":0}],"is_beta":false,"boss_relics":[{"not_picked":["Black Star","Snecko Eye"],"picked":"Replay:Ancient Bell"},{"not_picked":["ReplayTheSpireMod:TigerMarble","Blue Doll"],"picked":"Replay:Rubber Ducky"},{"not_picked":["Onion Ring","Meat on the Bone"],"picked":"The Courier"},{"not_picked":["Replay:PocketPolymizer","FossilizedHelix"],"picked":"Ice Cream"},{"not_picked":["Snecko Heart","Replay:Wanted Poster"],"picked":"Honey Jar"}],"items_purged_floors":[19,37],"is_endless":false,"potions_floor_spawned":[1,3,6,10,16,23,25,29,33,38,39,41,42],"ascension_level":0}}