{"host":"womlpxqjjlvrjm57","time":1607491066,"event":{"gold_per_floor":[119,119,139,153,9,34,49,67,105,105,119,135,135,135],"floor_reached":13,"playtime":723,"items_purged":[],"score":131,"play_id":"d88b5107-a243-42f5-aea9-4921a39a3ff8","local_time":"20201209001746","is_ascension_mode":true,"campfire_choices":[{"floor":10.0,"key":"REST"}],"neow_cost":"NONE","seed_source_timestamp":214659900750311,"circlet_count":0,"master_deck":["Strike_R","Strike_R","Strike_R","Strike_R","Strike_R","Defend_R","Defend_R","Defend_R","Bash","Bloodletting","StuffTheSpire:RockThrow","infinitespire:OneForAll","ReplayTheSpireMod:Limb From Limb","Rampage","Intimidate","Limit Break","Flex","Cleave","Thunderclap","Replay:Many Hands"],"special_seed":0,"relics":["Burning Blood","NeowsBlessing","Replay:Rubber Ducky"],"potions_floor_usage":[],"damage_taken":[{"damage":0.0,"enemies":"Jaw Worm","floor":1.0,"turns":1.0},{"damage":0.0,"enemies":"Cultist","floor":3.0,"turns":1.0},{"damage":0.0,"enemies":"2 Louse","floor":4.0,"turns":1.0},{"damage":3.0,"enemies":"Gremlin Nob","floor":6.0,"turns":2.0},{"damage":17.0,"enemies":"Red Slaver","floor":7.0,"turns":2.0},{"damage":30.0,"enemies":"2 Fungi Beasts","floor":8.0,"turns":5.0},{"damage":26.0,"enemies":"Exordium Thugs","floor":9.0,"turns":10.0},{"damage":14.0,"enemies":"Exordium Thugs","floor":11.0,"turns":4.0},{"damage":28.0,"enemies":"Gremlin Gang","floor":12.0,"turns":4.0},{"damage":30,"enemies":"Lagavulin","floor":13,"turns":4}],"seed_played":"5669487439615503940","potions_obtained":[{"floor":1.0,"key":"Adrenaline Potion"},{"floor":4.0,"key":"blueLaboratory:SavagePotion"},{"floor":11.0,"key":"blueLaboratory:FrostheartPotion"},{"floor":12.0,"key":"blueLaboratory:CorrosionFlask"}],"is_trial":false,"path_per_floor":["M","?","M","M","$","E","M","M","MIM","R","M","M","E"],"character_chosen":"IRONCLAD","items_purchased":["ReplayTheSpireMod:Limb From Limb","Rampage"],"campfire_rested":1,"item_purchase_floors":[5,5],"current_hp_per_floor":[80,80,80,80,80,80,69,45,25,49,41,19,0,0],"gold":135,"neow_bonus":"THREE_ENEMY_KILL","is_prod":false,"is_daily":false,"chose_seed":false,"campfire_upgraded":0,"win_rate":0,"timestamp":1607491066,"path_taken":["M","?","?","M","?","E","M","?","MIM","R","M","M","E"],"build_version":"2020-11-30","purchased_purges":0,"victory":false,"max_hp_per_floor":[80,80,80,80,80,80,80,80,80,80,80,80,80,80],"relic_stats":{"counters":[10,34],"obtain_stats":[{"NeowsBlessing":0,"Burning Blood":0,"Replay:Rubber Ducky":6},{"NeowsBlessing":0,"Burning Blood":0,"Replay:Rubber Ducky":4},{"NeowsBlessing":0,"Burning Blood":0,"Replay:Rubber Ducky":5}],"Burning Blood":33},"card_choices":[{"not_picked":["Replay:Undeath\u0027s Touch","Sword Boomerang"],"picked":"Bloodletting","floor":1.0},{"not_picked":["Replay:Undeath\u0027s Touch","Power Through"],"picked":"StuffTheSpire:RockThrow","floor":3.0},{"not_picked":["Armaments","StuffTheSpire:Incineration"],"picked":"infinitespire:OneForAll","floor":4.0},{"not_picked":["Body Slam","Whirlwind"],"picked":"Intimidate","floor":6.0},{"not_picked":["Twin Strike","Clash"],"picked":"Limit Break","floor":7.0},{"not_picked":["Searing Blow","StuffTheSpire:Resist"],"picked":"Flex","floor":8.0},{"not_picked":["Rage","ReplayReversal"],"picked":"Cleave","floor":9.0},{"not_picked":["Twin Strike","Warcry"],"picked":"Thunderclap","floor":11.0},{"not_picked":["Iron Wave","StuffTheSpire:Incineration"],"picked":"Replay:Many Hands","floor":12.0}],"player_experience":504998,"relics_obtained":[{"floor":6.0,"key":"Replay:Rubber Ducky"}],"event_choices":[{"cards_removed":["Defend_R"],"damage_healed":0.0,"max_hp_gain":0.0,"max_hp_loss":0.0,"gold_gain":0.0,"event_name":"Bonfire Elementals","player_choice":"Offered Basic","floor":2.0,"gold_loss":0.0,"damage_taken":0.0}],"is_beta":false,"boss_relics":[],"items_purged_floors":[],"is_endless":false,"potions_floor_spawned":[1,4,11,12],"killed_by":"Lagavulin","ascension_level":3}}