{"host":"u0f5uy314yz7olfc","time":1607492250,"event":{"gold_per_floor":[110,110,110,36,36,36,62,123,123,41,52,66,8,24,24,124,124,137,54,54,66,84,113,113,28,28,28,28,2,2,2,2,152,152,166,177,177,177],"floor_reached":37,"playtime":2217,"items_purged":[],"score":508,"play_id":"dc0446b9-4cd9-460c-a7ef-4c0e7a5e0658","local_time":"20201209123730","is_ascension_mode":false,"campfire_choices":[{"floor":6.0,"key":"REST"},{"floor":24.0,"key":"RECALL"},{"floor":27.0,"key":"REST"},{"floor":30.0,"key":"REST"},{"data":"MarkedMod:GentlePulse","floor":32.0,"key":"SMITH"}],"neow_cost":"","seed_source_timestamp":442320066091500,"circlet_count":1,"master_deck":["Strike_P+1","Strike_P","Strike_P","Strike_P","Defend_P","Defend_P","Defend_P+1","Defend_P","Eruption","Vigilance","Rage","MarkedMod:GentlePulse+1","Replay:DivineShield","Study","Dramatic Entrance+1","Replay:ManipulateFuture","FlurryOfBlows","MarkedMod:Acupuncture+1","PathToVictory","Halt","Swift Strike","Pot Of Greed","Pot Of Greed","Reckless Charge","PathToVictory","ReachHeaven","Pot Of Greed","Seeing Red","PathToVictory","MarkedMod:GracefulMovements+1","Pray+1","Tools of the Trade","CurseOfTheBell","PathToVictory","hubris:Fate+1","MarkedMod:FirstStrike","Study","Outmaneuver","MarkedMod:FirstStrike","Pot Of Greed","Wraith Form v2","FlurryOfBlows+1","Outmaneuver"],"special_seed":0,"relics":["PureWater","infinitespire:ShieldingShard","hubris:Icosahedron","Replay:Baseball","Grinning Jar","Calling Bell","Oddly Smooth Stone","hubris:MobiusCoin","Replay:Wax Seal","hubris:ToyBattleship","Circlet","Simple Rune","Replay:Ringing Soul","hubris:ScarierMask"],"potions_floor_usage":[],"damage_taken":[{"damage":4.0,"enemies":"2 Louse","floor":1.0,"turns":3.0},{"damage":53.0,"enemies":"Lagavulin","floor":7.0,"turns":6.0},{"damage":0.0,"enemies":"Gremlin Nob","floor":8.0,"turns":2.0},{"damage":2.0,"enemies":"Small Slimes","floor":11.0,"turns":3.0},{"damage":0.0,"enemies":"Jaw Worm","floor":12.0,"turns":2.0},{"damage":5.0,"enemies":"2 Fungi Beasts","floor":14.0,"turns":3.0},{"damage":69.0,"enemies":"Slime Boss","floor":16.0,"turns":10.0},{"damage":4.0,"enemies":"3 Byrds","floor":18.0,"turns":3.0},{"damage":10.0,"enemies":"Shell Parasite","floor":21.0,"turns":5.0},{"damage":21.0,"enemies":"Snecko","floor":22.0,"turns":5.0},{"damage":0.0,"enemies":"Gremlin Leader","floor":23.0,"turns":6.0},{"damage":4.0,"enemies":"Automaton","floor":33.0,"turns":5.0},{"damage":22.0,"enemies":"Orb Walker","floor":35.0,"turns":4.0},{"damage":0.0,"enemies":"3 Darklings","floor":36.0,"turns":4.0},{"damage":77,"enemies":"Maw","floor":37,"turns":8}],"seed_played":"3938588061963491617","potions_obtained":[{"floor":7.0,"key":"Swift Potion"},{"floor":8.0,"key":"Fruit Juice"},{"floor":11.0,"key":"Weak Potion"},{"floor":21.0,"key":"SpeedPotion"},{"floor":22.0,"key":"SneckoOil"}],"is_trial":false,"path_per_floor":["M","?","?","$","?","R","E","?","T","$","M","M","$","M","R_BF","B",null,"M","?","?","M","M","E","R","?","T","R","?","$","R","$","R","B",null,"M","M","M"],"character_chosen":"WATCHER","items_purchased":["infinitespire:ShieldingShard","Rage","MarkedMod:GentlePulse","Replay:DivineShield","Study","Dramatic Entrance","MentalFortress","PathToVictory","Halt","PathToVictory","ReachHeaven","MarkedMod:GracefulMovements+1","MarkedMod:FirstStrike"],"campfire_rested":3,"item_purchase_floors":[0,0,0,0,0,0,0,4,4,10,10,13,29],"current_hp_per_floor":[36,36,36,36,36,57,4,9,9,9,7,7,7,2,25,8,77,73,73,73,63,42,42,42,42,42,65,65,68,80,80,80,80,83,64,67,0,0],"gold":177,"neow_bonus":"","is_prod":false,"is_daily":false,"chose_seed":false,"campfire_upgraded":1,"win_rate":0,"timestamp":1607492250,"path_taken":["M","?","?","$","?","R","E","?","T","$","M","M","$","M","R_BF","BOSS","M","?","?","M","?","E","R","?","T","R","?","$","R","$","R","BOSS","M","M","M"],"build_version":"2020-11-30","purchased_purges":0,"victory":false,"max_hp_per_floor":[72,72,72,72,72,72,72,77,77,77,77,77,77,77,77,77,77,77,77,77,77,77,77,77,77,77,77,77,80,80,80,80,83,83,86,89,89,89],"relic_stats":{"counters":[230,955],"obtain_stats":[{"Replay:Accelerometer":6,"Whetstone":53,"Ginger":0,"hubris:MysteriousPyramids":4,"Blood Vial":3,"Replay:Ringing Soul":17,"infinitespire:ShieldingShard":13,"hubris:HerbalPaste":40,"MealTicket":3,"HandDrill":53,"Replay:Wax Seal":3,"Replay:Bottled Steam":42,"MerchantsRug":3,"hubris:MobiusCoin":17,"Pear":16,"Counterbalance":0,"ReplayTheSpireMod:Ring of Addiction":13,"ReplayTheSpireMod:SealedPack":17,"Akabeko":5,"infinitespire:EvilPickle":33,"infinitespire:Lychee Nut":4,"ReplayTheSpireMod:Ring of Collecting":3,"hubris:TenFootPole":54,"Kintsugi":17,"Abe\u0027s Treasure":19,"hubris:Reverence":3,"Lantern":10,"Regal Pillow":20,"Torii":17,"Singing Bowl":10,"Blue Doll":2,"hubris:EmptyBottle":2,"Ancient Tea Set":29,"Pet Ghost":17,"Burning Blood":22,"BranchBurnRelic":24,"Matryoshka":7,"hubris:Backtick":22,"Toolbox":7,"hubris:ScarierMask":34,"Chemical X":3,"Replay:Bottled Eggs":11,"infinitespire:Eraser":6,"Lee\u0027s Waffle":0,"Golden Idol":16,"Damaru":17,"Circlet":0,"infinitespire:Joker Card":13,"PreservedInsect":12,"Ring of Greed":3,"infinitespire:CheckeredPen":24,"hubris:Towel":14,"GoldenEye":0,"Replay:Arrowhead":36,"Ornamental Fan":21,"betterThird:SlimedRelic":12,"Ring of Misfortune":13,"Orrery":32,"Art of War":12,"Garlic":53,"ReplayTheSpireMod:Ring of Challenge":0,"ReplayTheSpireMod:Lightbulb":26,"Toy Ornithopter":13,"Ice Cream":0,"hubris:CrystalStatue":4,"Calipers":0,"CeramicFish":5,"MarkedMod:AcupunctureKit":3,"Sozu":34,"HornCleat":3,"Strawberry":2,"Toxic Egg 2":7,"Happy Flower":0,"ReplayTheSpireMod:CursedCoin":3,"Astrolabe":22,"Dead Branch":17,"Oddly Smooth Stone":17,"hubris:FruitBowl":3,"infinitespire:Beetle Shell":6,"War Paint":21,"WarpedTongs":21,"Du-Vu Doll":21,"Bottled Flame":13,"Replay:Baseball":19,"Shuriken":2,"hubris:PeanutButter":12,"Simple Rune":0,"Molten Egg 2":0,"ReplayTheSpireMod:TigerMarble":3,"hubris:ToyBattleship":27,"Black Star":17,"Grinning Jar":8,"ReplayFunnel":3,"Darkstone Periapt":2,"SacredBark":19,"Melange":2,"hubris:SlimyHat":2,"Incense Burner":0,"Nunchaku":2,"Replay:Bandana":3,"Dream Catcher":3,"hubris:Icosahedron":2,"Mummified Hand":4,"hubris:Stopwatch":17,"Tiny Chest":2,"Replay:Bottled Snecko":11,"Gremlin Food":4,"hubris:KleinBottle":10,"Replay:Towering Pillar of Hats":9,"infinitespire:CursedDice":22,"Replay:WaspNest":14,"infinitespire:FocusingShard":9,"Orichalcum":12,"Medical Kit":0,"White Beast Statue":9,"Calling Bell":21,"Anchor":7,"infinitespire:WardingShard":9,"HolyWater":17,"infinitespire:Satchel":28,"ChewingGum":19,"Snack Pack":11,"Membership Card":16,"PureWater":0,"hubris:OldNail":2,"ReplayTheSpireMod:ShopPack":29},{"Replay:Accelerometer":141,"Whetstone":119,"Ginger":214,"hubris:MysteriousPyramids":134,"Blood Vial":11,"Replay:Ringing Soul":103,"infinitespire:ShieldingShard":7,"hubris:HerbalPaste":61,"MealTicket":162,"HandDrill":119,"Replay:Wax Seal":77,"Replay:Bottled Steam":115,"MerchantsRug":11,"hubris:MobiusCoin":93,"Pear":53,"Counterbalance":121,"ReplayTheSpireMod:Ring of Addiction":123,"ReplayTheSpireMod:SealedPack":43,"Akabeko":140,"infinitespire:EvilPickle":111,"infinitespire:Lychee Nut":77,"ReplayTheSpireMod:Ring of Collecting":77,"hubris:TenFootPole":120,"Kintsugi":125,"Abe\u0027s Treasure":18,"hubris:Reverence":156,"Lantern":40,"Regal Pillow":45,"Torii":93,"Singing Bowl":150,"Blue Doll":162,"hubris:EmptyBottle":97,"Ancient Tea Set":57,"Pet Ghost":93,"Burning Blood":153,"BranchBurnRelic":226,"Matryoshka":127,"hubris:Backtick":153,"Toolbox":127,"hubris:ScarierMask":227,"Chemical X":48,"Replay:Bottled Eggs":14,"infinitespire:Eraser":28,"Lee\u0027s Waffle":203,"Golden Idol":17,"Damaru":103,"Circlet":0,"infinitespire:Joker Card":16,"PreservedInsect":85,"Ring of Greed":77,"infinitespire:CheckeredPen":106,"hubris:Towel":92,"GoldenEye":121,"Replay:Arrowhead":112,"Ornamental Fan":45,"betterThird:SlimedRelic":66,"Ring of Misfortune":123,"Orrery":57,"Art of War":85,"Garlic":119,"ReplayTheSpireMod:Ring of Challenge":19,"ReplayTheSpireMod:Lightbulb":107,"Toy Ornithopter":123,"Ice Cream":62,"hubris:CrystalStatue":156,"Calipers":210,"CeramicFish":213,"MarkedMod:AcupunctureKit":71,"Sozu":111,"HornCleat":48,"Strawberry":122,"Toxic Egg 2":122,"Happy Flower":35,"ReplayTheSpireMod:CursedCoin":11,"Astrolabe":56,"Dead Branch":222,"Oddly Smooth Stone":222,"hubris:FruitBowl":127,"infinitespire:Beetle Shell":65,"War Paint":45,"WarpedTongs":94,"Du-Vu Doll":45,"Bottled Flame":52,"Replay:Baseball":94,"Shuriken":146,"hubris:PeanutButter":101,"Simple Rune":183,"Molten Egg 2":214,"ReplayTheSpireMod:TigerMarble":48,"hubris:ToyBattleship":107,"Black Star":131,"Grinning Jar":218,"ReplayFunnel":26,"Darkstone Periapt":63,"SacredBark":54,"Melange":122,"hubris:SlimyHat":179,"Incense Burner":197,"Nunchaku":63,"Replay:Bandana":77,"Dream Catcher":127,"hubris:Icosahedron":216,"Mummified Hand":180,"hubris:Stopwatch":169,"Tiny Chest":97,"Replay:Bottled Snecko":129,"Gremlin Food":134,"hubris:KleinBottle":175,"Replay:Towering Pillar of Hats":127,"infinitespire:CursedDice":56,"Replay:WaspNest":42,"infinitespire:FocusingShard":65,"Orichalcum":129,"Medical Kit":19,"White Beast Statue":99,"Calling Bell":45,"Anchor":75,"infinitespire:WardingShard":127,"HolyWater":32,"infinitespire:Satchel":57,"ChewingGum":152,"Snack Pack":92,"Membership Card":53,"PureWater":0,"hubris:OldNail":122,"ReplayTheSpireMod:ShopPack":57},{"Replay:Accelerometer":613,"Whetstone":521,"Ginger":883,"hubris:MysteriousPyramids":591,"Blood Vial":45,"Replay:Ringing Soul":453,"infinitespire:ShieldingShard":25,"hubris:HerbalPaste":259,"MealTicket":700,"HandDrill":521,"Replay:Wax Seal":328,"Replay:Bottled Steam":505,"MerchantsRug":45,"hubris:MobiusCoin":387,"Pear":213,"Counterbalance":531,"ReplayTheSpireMod:Ring of Addiction":536,"ReplayTheSpireMod:SealedPack":174,"Akabeko":610,"infinitespire:EvilPickle":492,"infinitespire:Lychee Nut":328,"ReplayTheSpireMod:Ring of Collecting":328,"hubris:TenFootPole":528,"Kintsugi":555,"Abe\u0027s Treasure":73,"hubris:Reverence":680,"Lantern":160,"Regal Pillow":186,"Torii":387,"Singing Bowl":648,"Blue Doll":700,"hubris:EmptyBottle":412,"Ancient Tea Set":236,"Pet Ghost":387,"Burning Blood":672,"BranchBurnRelic":934,"Matryoshka":561,"hubris:Backtick":672,"Toolbox":561,"hubris:ScarierMask":939,"Chemical X":193,"Replay:Bottled Eggs":53,"infinitespire:Eraser":109,"Lee\u0027s Waffle":844,"Golden Idol":64,"Damaru":453,"Circlet":0,"infinitespire:Joker Card":60,"PreservedInsect":355,"Ring of Greed":328,"infinitespire:CheckeredPen":465,"hubris:Towel":376,"GoldenEye":531,"Replay:Arrowhead":495,"Ornamental Fan":186,"betterThird:SlimedRelic":275,"Ring of Misfortune":536,"Orrery":236,"Art of War":355,"Garlic":521,"ReplayTheSpireMod:Ring of Challenge":77,"ReplayTheSpireMod:Lightbulb":468,"Toy Ornithopter":536,"Ice Cream":261,"hubris:CrystalStatue":680,"Calipers":869,"CeramicFish":879,"MarkedMod:AcupunctureKit":297,"Sozu":492,"HornCleat":193,"Strawberry":534,"Toxic Egg 2":534,"Happy Flower":145,"ReplayTheSpireMod:CursedCoin":45,"Astrolabe":231,"Dead Branch":915,"Oddly Smooth Stone":915,"hubris:FruitBowl":561,"infinitespire:Beetle Shell":272,"War Paint":186,"WarpedTongs":396,"Du-Vu Doll":186,"Bottled Flame":208,"Replay:Baseball":396,"Shuriken":631,"hubris:PeanutButter":431,"Simple Rune":782,"Molten Egg 2":883,"ReplayTheSpireMod:TigerMarble":193,"hubris:ToyBattleship":468,"Black Star":579,"Grinning Jar":897,"ReplayFunnel":100,"Darkstone Periapt":263,"SacredBark":221,"Melange":534,"hubris:SlimyHat":769,"Incense Burner":829,"Nunchaku":263,"Replay:Bandana":328,"Dream Catcher":561,"hubris:Icosahedron":889,"Mummified Hand":773,"hubris:Stopwatch":731,"Tiny Chest":412,"Replay:Bottled Snecko":568,"Gremlin Food":591,"hubris:KleinBottle":754,"Replay:Towering Pillar of Hats":561,"infinitespire:CursedDice":231,"Replay:WaspNest":169,"infinitespire:FocusingShard":272,"Orichalcum":568,"Medical Kit":77,"White Beast Statue":423,"Calling Bell":186,"Anchor":321,"infinitespire:WardingShard":561,"HolyWater":131,"infinitespire:Satchel":236,"ChewingGum":664,"Snack Pack":376,"Membership Card":213,"PureWater":0,"hubris:OldNail":534,"ReplayTheSpireMod:ShopPack":236}]},"card_choices":[{"not_picked":["CutThroughFate","FlyingSleeves"],"picked":"FlurryOfBlows","floor":1.0},{"not_picked":["Replay:Vibes","Outmaneuver"],"picked":"Swift Strike","floor":7.0},{"not_picked":["Sentinel","Halt"],"picked":"Reckless Charge","floor":8.0},{"not_picked":["MarkedMod:GentlePulse","Halt"],"picked":"Seeing Red","floor":11.0},{"not_picked":["Replay:BluntJabs","Replay:Anticipation"],"picked":"PathToVictory","floor":12.0},{"not_picked":["Warcry","Replay:BluntJabs"],"picked":"Pray","floor":14.0},{"not_picked":["Blasphemy","Alpha"],"picked":"Tools of the Trade","floor":16.0},{"not_picked":["Stack","Underhanded Strike"],"picked":"PathToVictory","floor":18.0},{"not_picked":["FollowUp","Chill"],"picked":"MarkedMod:FirstStrike","floor":21.0},{"not_picked":["Tantrum+1","Adaptation"],"picked":"Study","floor":22.0},{"not_picked":["SashWhip+1","EmptyMind"],"picked":"Outmaneuver","floor":23.0},{"not_picked":["Blasphemy","Alpha"],"picked":"Wraith Form v2","floor":33.0},{"not_picked":["Pray+1","FlyingSleeves"],"picked":"FlurryOfBlows+1","floor":35.0},{"not_picked":["EmptyBody","MarkedMod:FirstStrike"],"picked":"Outmaneuver","floor":36.0}],"player_experience":262212,"relics_obtained":[{"floor":7.0,"key":"Replay:Baseball"},{"floor":8.0,"key":"Grinning Jar"},{"floor":17.0,"key":"Oddly Smooth Stone"},{"floor":17.0,"key":"hubris:MobiusCoin"},{"floor":17.0,"key":"Dead Branch"},{"floor":23.0,"key":"hubris:ToyBattleship"},{"floor":26.0,"key":"Replay:Ringing Soul"}],"event_choices":[{"damage_healed":0.0,"max_hp_gain":0.0,"max_hp_loss":0.0,"gold_gain":0.0,"event_name":"Dead Adventurer","player_choice":"Searched \u00271\u0027 times","floor":8.0,"gold_loss":0.0,"damage_taken":0.0},{"damage_healed":0.0,"max_hp_gain":0.0,"max_hp_loss":0.0,"gold_gain":0.0,"event_name":"WeMeetAgain","player_choice":"Paid Gold","floor":19.0,"gold_loss":83.0,"damage_taken":0.0,"relics_obtained":["Replay:Wax Seal"]},{"cards_removed":["PathToVictory"],"damage_healed":0.0,"max_hp_gain":0.0,"max_hp_loss":0.0,"gold_gain":0.0,"event_name":"betterNote:BetterNote","player_choice":"Take \u0026 Give","floor":20.0,"gold_loss":0.0,"damage_taken":0.0,"cards_obtained":["hubris:Fate"]},{"damage_healed":0.0,"max_hp_gain":0.0,"max_hp_loss":0.0,"gold_gain":0.0,"event_name":"Addict","player_choice":"Obtained Relic","floor":25.0,"gold_loss":85.0,"damage_taken":0.0,"relics_obtained":["Simple Rune"]},{"damage_healed":0.0,"max_hp_gain":0.0,"max_hp_loss":0.0,"gold_gain":0.0,"event_name":"Upgrade Shrine","player_choice":"Upgraded","floor":28.0,"gold_loss":0.0,"damage_taken":0.0,"cards_upgraded":["Dramatic Entrance"]}],"is_beta":false,"boss_relics":[{"not_picked":["Philosopher\u0027s Stone","SacredBark"],"picked":"Calling Bell"},{"not_picked":["Fusion Hammer","Abe\u0027s Treasure"],"picked":"hubris:ScarierMask"}],"items_purged_floors":[],"is_endless":false,"potions_floor_spawned":[7,8,11,21,22],"killed_by":"Maw","ascension_level":0}}