{"host":"kyy1kus4tsuq869y","time":1607508791,"event":{"gold_per_floor":[18,18,38,38,51,51,51,62,85,85,85,85,85,99,99,175,175,190,208,220,231,231,231,231,259,285,298,315,315,230,230,230],"floor_reached":31,"playtime":895,"items_purged":[],"score":432,"play_id":"8629640e-7a85-4f67-9080-9496d00faf28","local_time":"20201209181311","is_ascension_mode":true,"campfire_choices":[{"data":"Juggernaut","floor":6.0,"key":"SMITH"},{"data":"Fire Breathing","floor":10.0,"key":"SMITH"},{"floor":12.0,"key":"DIG"},{"floor":15.0,"key":"DIG"},{"floor":23.0,"key":"REST"},{"floor":29,"key":"REST"}],"neow_cost":"NO_GOLD","seed_source_timestamp":8433787576299,"circlet_count":0,"master_deck":["AscendersBane","Strike_R","Strike_R","Strike_R+1","Strike_R","Strike_R+1","Defend_R","Defend_R","Defend_R","Defend_R","Bash","Juggernaut+1","Second Wind","Infernal Blade","Infernal Blade","Fire Breathing+1","ReplayTheSpireMod:Stacked","Power Through","Juggernaut","Evolve","Exhume"],"special_seed":0,"relics":["Black Blood","hubris:Towel","Ring of Misfortune","Vajra","Shovel","Orichalcum","hubris:Metronome","Membership Card","hubris:FruitBowl","Simple Rune","Centennial Puzzle"],"potions_floor_usage":[],"damage_taken":[{"damage":10.0,"enemies":"Small Slimes","floor":1.0,"turns":4.0},{"damage":18.0,"enemies":"2 Louse","floor":3.0,"turns":4.0},{"damage":5.0,"enemies":"Jaw Worm","floor":5.0,"turns":5.0},{"damage":5.0,"enemies":"Gremlin Gang","floor":8.0,"turns":4.0},{"damage":11.0,"enemies":"Lots of Slimes","floor":14.0,"turns":3.0},{"damage":26.0,"enemies":"Fading Forest","floor":16.0,"turns":11.0},{"damage":18.0,"enemies":"Spheric Guardian","floor":18.0,"turns":4.0},{"damage":28.0,"enemies":"3 Byrds","floor":19.0,"turns":5.0},{"damage":12.0,"enemies":"Cultist and Chosen","floor":20.0,"turns":6.0},{"damage":16.0,"enemies":"Centurion and Healer","floor":21.0,"turns":6.0},{"damage":11.0,"enemies":"HollowMod:Nosk","floor":25.0,"turns":7.0},{"damage":23,"enemies":"Shelled Parasite and Fungi","floor":27,"turns":7},{"damage":23,"enemies":"Snecko","floor":28,"turns":5},{"damage":37,"enemies":"Book of Stabbing","floor":31,"turns":4}],"seed_played":"6984803665682912471","potions_obtained":[{"floor":1.0,"key":"DistilledChaos"},{"floor":3.0,"key":"SpeedPotion"},{"floor":16.0,"key":"Guardian:BlockOnCardUsePotion"},{"floor":28,"key":"ZuzhouPotion:ReiMu"}],"is_trial":false,"path_per_floor":["M","?","M","?","M","R","?","M","T","R","T","R","$","M","R","B",null,"M","M","M","M","$","R","?","E","T","M","M","R","?","E"],"character_chosen":"IRONCLAD","items_purchased":["Membership Card","hubris:FruitBowl"],"campfire_rested":2,"item_purchase_floors":[22,22],"current_hp_per_floor":[64,64,52,52,53,53,53,54,54,54,54,54,54,49,49,43,67,61,45,45,41,12,34,34,35,35,24,13,35,35,0,0],"gold":230,"neow_bonus":"THREE_RARE_CARDS","is_prod":false,"is_daily":false,"chose_seed":false,"campfire_upgraded":2,"win_rate":0,"timestamp":1607508791,"path_taken":["M","?","M","?","M","R","?","M","T","R","?","R","$","?","R","BOSS","M","?","M","M","?","R","?","E","T","M","M","R","?","E"],"build_version":"2020-11-30","purchased_purges":0,"victory":false,"max_hp_per_floor":[75,75,75,75,75,75,75,75,75,75,75,75,75,75,75,75,75,75,75,75,75,75,75,75,75,75,75,75,75,75,75,75],"card_choices":[{"not_picked":["Replay:Many Hands","Impervious"],"picked":"Juggernaut","floor":0.0},{"not_picked":["ReplayTheSpireMod:Limb From Limb","Pummel"],"picked":"Second Wind","floor":1.0},{"not_picked":["Seeing Red","Wild Strike"],"picked":"Infernal Blade","floor":3.0},{"not_picked":["Replay:Undeath\u0027s Touch","Carnage"],"picked":"Infernal Blade","floor":5.0},{"not_picked":["Clothesline","Pummel"],"picked":"ReplayTheSpireMod:Stacked","floor":8.0},{"not_picked":["ReplayTheSpireMod:Stacked","Thunderclap"],"picked":"Power Through","floor":14.0},{"not_picked":["Replay:Many Hands","hubris:StunningStrike"],"picked":"Juggernaut","floor":16.0},{"not_picked":["Sword Boomerang","Armaments"],"picked":"Evolve","floor":18.0},{"not_picked":["Warcry","True Grit","Thunderclap+1"],"picked":"SKIP","floor":19.0},{"not_picked":["True Grit","Flex","Dual Wield"],"picked":"SKIP","floor":20.0},{"not_picked":["Brutality","Warcry","Bloodletting"],"picked":"SKIP","floor":21.0},{"not_picked":["Perfected Strike","ReplayTheSpireMod:Strike From Hell","Uppercut"],"picked":"SKIP","floor":25.0},{"not_picked":["Armaments","Massacre","Iron Wave"],"picked":"SKIP","floor":27},{"not_picked":["Dropkick","Sword Boomerang"],"picked":"Exhume","floor":28}],"player_experience":426002,"relics_obtained":[{"floor":4.0,"key":"Ring of Misfortune"},{"floor":9.0,"key":"Vajra"},{"floor":11.0,"key":"Shovel"},{"floor":12.0,"key":"Orichalcum"},{"floor":15.0,"key":"hubris:Metronome"},{"floor":25.0,"key":"Simple Rune"}],"event_choices":[{"damage_healed":0,"gold_gain":0,"player_choice":"Obtained Relic","damage_taken":0,"relics_obtained":["Centennial Puzzle"],"max_hp_gain":0,"max_hp_loss":0,"event_name":"Addict","floor":30,"gold_loss":85}],"is_beta":false,"boss_relics":[{"not_picked":["Tiny House","Fusion Hammer"],"picked":"Black Blood"}],"items_purged_floors":[],"is_endless":false,"potions_floor_spawned":[1,3,5,16,19,28],"killed_by":"Book of Stabbing","ascension_level":15}}