{"host":"zekcc3vicrep0och","time":1607536409,"event":{"gold_per_floor":[110,123,136,149,168,168,194,194,217,217,217,289,289,307,307,432,432,453,453,3,16,16,16,55,55,55,99,99,143,143,7,7,135,135,151,151,151,170,170,170,170,170],"floor_reached":41,"playtime":2816,"items_purged":["Strike_G","Strike_G"],"score":626,"play_id":"69ab49dc-5dd1-42c6-ade5-401d3ee412be","local_time":"20201209205329","is_ascension_mode":true,"campfire_choices":[{"data":"Neutralize","floor":6.0,"key":"SMITH"},{"data":"Venomology","floor":8.0,"key":"SMITH"},{"data":"Bane","floor":10.0,"key":"SMITH"},{"data":"Dagger Spray","floor":13.0,"key":"SMITH"},{"data":"Caltrops","floor":15.0,"key":"SMITH"},{"data":"Footwork","floor":25.0,"key":"SMITH"},{"floor":28.0,"key":"REST"},{"floor":30.0,"key":"REST"},{"floor":32.0,"key":"REST"},{"data":"Madness","floor":40,"key":"SMITH"}],"neow_cost":"NONE","seed_source_timestamp":37825486467500,"circlet_count":0,"master_deck":["Strike_G","Strike_G","Strike_G","Defend_G","Defend_G","Defend_G","Defend_G","Defend_G","Survivor","Neutralize+1","Venomology+1","Flying Knee","Poisoned Stab","Escape Plan","Dagger Spray+1","Caltrops+1","Bane+1","Noxious Fumes","Adrenaline","Corpse Explosion","Backflip","PiercingWail","Footwork+1","Flying Knee","Madness+1","Madness","Acrobatics+1"],"special_seed":0,"relics":["Ring of the Snake","Omamori","PreservedInsect","Golden Idol","Black Star","Membership Card","HornCleat","Boot","Orichalcum","Singing Bowl","Bottled Tornado","Pantograph","Blood Vial","Dead Branch","Lantern","SacredBark"],"potions_floor_usage":[39,41,41],"damage_taken":[{"damage":4.0,"enemies":"Jaw Worm","floor":1.0,"turns":8.0},{"damage":0.0,"enemies":"Small Slimes","floor":2.0,"turns":4.0},{"damage":0.0,"enemies":"2 Louse","floor":3.0,"turns":3.0},{"damage":11.0,"enemies":"Large Slime","floor":4.0,"turns":5.0},{"damage":9.0,"enemies":"Blue Slaver","floor":5.0,"turns":5.0},{"damage":15.0,"enemies":"Lagavulin","floor":7.0,"turns":5.0},{"damage":0.0,"enemies":"3 Louse","floor":14.0,"turns":2.0},{"damage":9.0,"enemies":"The Guardian","floor":16.0,"turns":10.0},{"damage":18.0,"enemies":"Shell Parasite","floor":18.0,"turns":6.0},{"damage":7.0,"enemies":"2 Thieves","floor":21.0,"turns":3.0},{"damage":26.0,"enemies":"Book of Stabbing","floor":24.0,"turns":4.0},{"damage":23.0,"enemies":"Slavers","floor":27.0,"turns":2.0},{"damage":23.0,"enemies":"Book of Stabbing","floor":29.0,"turns":5.0},{"damage":51.0,"enemies":"Champ","floor":33.0,"turns":15.0},{"damage":3.0,"enemies":"3 Darklings","floor":35.0,"turns":4.0},{"damage":0.0,"enemies":"3 Shapes","floor":38.0,"turns":8.0},{"damage":0,"enemies":"Spire Growth","floor":39,"turns":3},{"damage":86,"enemies":"Giant Head","floor":41,"turns":9}],"seed_played":"-6028411532737450138","potions_obtained":[{"floor":1.0,"key":"AttackPotion"},{"floor":5.0,"key":"Block Potion"},{"floor":16.0,"key":"Ancient Potion"},{"floor":18.0,"key":"SmokeBomb"},{"floor":29.0,"key":"BlessingOfTheForge"},{"floor":33.0,"key":"AttackPotion"},{"floor":35.0,"key":"Ancient Potion"}],"is_trial":false,"path_per_floor":["M","M","M","M","M","R","E","R","T","R","?","?","R","M","R","B",null,"M","?","$","M","?","?","E","R","T","E","R","E","R","$","R","B",null,"M","?","?","M","M","R","E"],"character_chosen":"THE_SILENT","items_purchased":["Membership Card","HornCleat","Regen Potion","Corpse Explosion","Backflip","Lantern","Flying Knee"],"campfire_rested":3,"item_purchase_floors":[20,20,20,20,20,31,31],"current_hp_per_floor":[59,59,59,48,39,39,24,24,24,24,24,24,24,24,24,15,53,35,56,56,61,61,61,35,35,35,14,34,13,33,33,53,20,58,59,59,50,52,54,54,0,0],"gold":170,"neow_bonus":"ONE_RANDOM_RARE_CARD","is_prod":false,"is_daily":false,"chose_seed":false,"campfire_upgraded":7,"win_rate":0,"timestamp":1607536409,"path_taken":["M","M","M","M","M","R","E","R","T","R","?","?","R","M","R","BOSS","M","?","$","M","?","?","E","R","T","E","R","E","R","$","R","BOSS","M","?","?","M","M","R","E"],"build_version":"2020-11-30","purchased_purges":2,"victory":false,"max_hp_per_floor":[70,70,70,70,70,70,70,70,70,70,65,65,65,65,65,65,65,65,65,65,65,65,65,65,65,65,67,67,69,69,69,69,71,71,73,73,73,73,73,73,73,73],"relic_stats":{"Blood Vial":10,"Singing Bowl":8,"counters":[18,101],"Golden Idol":98,"Pantograph":14,"Dead Branch":[28],"PreservedInsect":257,"Black Star":3,"Orichalcum":[60],"Boot":[34],"obtain_stats":[{"Lantern":31,"Singing Bowl":26,"Golden Idol":11,"Dead Branch":29,"SacredBark":34,"PreservedInsect":9,"Omamori":7,"Orichalcum":24,"Bottled Tornado":27,"Boot":24,"Blood Vial":29,"HornCleat":20,"Pantograph":27,"Black Star":17,"Membership Card":20,"Ring of the Snake":0},{"Lantern":13,"Singing Bowl":11,"Golden Idol":6,"Dead Branch":13,"SacredBark":14,"PreservedInsect":6,"Omamori":6,"Orichalcum":11,"Bottled Tornado":12,"Boot":11,"Blood Vial":13,"HornCleat":9,"Pantograph":12,"Black Star":8,"Membership Card":9,"Ring of the Snake":0},{"Lantern":62,"Singing Bowl":55,"Golden Idol":30,"Dead Branch":62,"SacredBark":77,"PreservedInsect":30,"Omamori":30,"Orichalcum":55,"Bottled Tornado":57,"Boot":55,"Blood Vial":62,"HornCleat":48,"Pantograph":57,"Black Star":42,"Membership Card":48,"Ring of the Snake":0}],"Ring of the Snake":[36]},"card_choices":[{"not_picked":["Sucker Punch","Cloak And Dagger"],"picked":"Flying Knee","floor":1.0},{"not_picked":["Sucker Punch","Bane"],"picked":"Poisoned Stab","floor":2.0},{"not_picked":["Masterful Stab","Acrobatics"],"picked":"Escape Plan","floor":3.0},{"not_picked":["Caltrops","Grand Finale"],"picked":"Dagger Spray","floor":4.0},{"not_picked":["Quick Slash","Outmaneuver"],"picked":"Caltrops","floor":5.0},{"not_picked":["Flying Knee","Expertise"],"picked":"Bane","floor":7.0},{"not_picked":["Prepared","Setup"],"picked":"Noxious Fumes","floor":14.0},{"not_picked":["After Image","Storm of Steel"],"picked":"Adrenaline","floor":16.0},{"not_picked":["Reflex+1","Quick Slash","Skewer"],"picked":"SKIP","floor":18.0},{"not_picked":["Poisoned Stab+1","Sucker Punch"],"picked":"PiercingWail","floor":21.0},{"not_picked":["Quick Slash","Infinite Blades"],"picked":"Footwork","floor":24.0},{"not_picked":["Dagger Spray","Eviscerate","Deflect"],"picked":"Singing Bowl","floor":27.0},{"not_picked":["Catalyst","Prepared","Bouncing Flask"],"picked":"Singing Bowl","floor":29.0},{"not_picked":["Corpse Explosion","Wraith Form v2","Die Die Die"],"picked":"Singing Bowl","floor":33.0},{"not_picked":["Slice","Backflip","Cloak And Dagger+1"],"picked":"Singing Bowl","floor":35.0},{"not_picked":["Deadly Poison","Masterful Stab"],"picked":"Acrobatics+1","floor":38.0}],"player_experience":388999,"relics_obtained":[{"floor":7.0,"key":"Omamori"},{"floor":9.0,"key":"PreservedInsect"},{"floor":24.0,"key":"Boot"},{"floor":24.0,"key":"Orichalcum"},{"floor":26.0,"key":"Singing Bowl"},{"floor":27.0,"key":"Bottled Tornado"},{"floor":27.0,"key":"Pantograph"},{"floor":29.0,"key":"Blood Vial"},{"floor":29.0,"key":"Dead Branch"}],"event_choices":[{"damage_healed":0.0,"max_hp_gain":0.0,"max_hp_loss":5.0,"gold_gain":0.0,"event_name":"Golden Idol","player_choice":"Lose Max HP","floor":11.0,"gold_loss":0.0,"damage_taken":0.0,"relics_obtained":["Golden Idol"]},{"damage_healed":0.0,"max_hp_gain":0.0,"max_hp_loss":0.0,"gold_gain":72.0,"event_name":"Golden Wing","player_choice":"Gained Gold","floor":12.0,"gold_loss":0.0,"damage_taken":0.0},{"damage_healed":21.0,"max_hp_gain":0.0,"max_hp_loss":0.0,"gold_gain":0.0,"event_name":"The Library","player_choice":"Heal","floor":19.0,"gold_loss":0.0,"damage_taken":0.0},{"damage_healed":0.0,"max_hp_gain":0.0,"max_hp_loss":0.0,"gold_gain":0.0,"event_name":"Ghosts","player_choice":"Ignored","floor":22.0,"gold_loss":0.0,"damage_taken":0.0},{"damage_healed":0.0,"max_hp_gain":0.0,"max_hp_loss":0.0,"gold_gain":0.0,"event_name":"Vampires","player_choice":"Ignored","floor":23.0,"gold_loss":0.0,"damage_taken":0.0},{"damage_healed":0.0,"max_hp_gain":0.0,"max_hp_loss":0.0,"gold_gain":0.0,"event_name":"Tomb of Lord Red Mask","player_choice":"Ignored","floor":36.0,"gold_loss":0.0,"damage_taken":0.0},{"damage_healed":0.0,"max_hp_gain":0.0,"max_hp_loss":0.0,"gold_gain":0.0,"event_name":"Winding Halls","player_choice":"Embrace Madness","floor":37.0,"gold_loss":0.0,"damage_taken":9.0,"cards_obtained":["Madness","Madness"]}],"is_beta":false,"boss_relics":[{"not_picked":["Pandora\u0027s Box","Runic Dome"],"picked":"Black Star"},{"not_picked":["Busted Crown","Sozu"],"picked":"SacredBark"}],"items_purged_floors":[20,31],"is_endless":false,"potions_floor_spawned":[1,3,5,16,18,29,33,35],"killed_by":"Giant Head","ascension_level":8}}