{"host":"69rply1jf2d1wbmp","time":1607544391,"event":{"gold_per_floor":[17,29,29,39,54,82,95,114,141,166,166,166,11,31,31,133,133,149,165,181,96,96,96,195,195,195,230,230,246,263,277,277,379,379,397,152,152,171,191,191,191,191],"floor_reached":41,"playtime":1330,"items_purged":["Defend_B","Strike_B"],"score":452,"play_id":"c40144dc-2168-4005-b735-bd3ce2d7a051","local_time":"20201209150631","is_ascension_mode":false,"campfire_choices":[{"data":"Zap","floor":12,"key":"SMITH"},{"data":"Streamline","floor":15,"key":"SMITH"},{"floor":23,"key":"REST"},{"floor":25,"key":"REST"},{"floor":28,"key":"REST"},{"floor":32,"key":"REST"},{"floor":40,"key":"REST"}],"neow_cost":"NO_GOLD","seed_source_timestamp":1000603032028100,"circlet_count":0,"master_deck":["Strike_B","Strike_B","Defend_B","Defend_B","Defend_B","Zap+1","Dualcast","Mayhem+1","Static Discharge","Conserve Battery","Leap","Machine Learning","Ball Lightning","Machine Learning","Leap","Loop","Streamline+1","Biased Cognition","Defragment","Leap","White Noise","Core Surge"],"relics":["Cracked Core","Oddly Smooth Stone","Singing Bowl","Black Star","Bag of Preparation","MutagenicStrength","Anchor","Tiny Chest","Symbiotic Virus","SacredBark","Blood Vial"],"potions_floor_usage":[6,10,20,33,33,39,41],"damage_taken":[{"damage":11,"enemies":"Jaw Worm","floor":1,"turns":3},{"damage":0,"enemies":"Small Slimes","floor":2,"turns":4},{"damage":0,"enemies":"2 Louse","floor":4,"turns":3},{"damage":3,"enemies":"Red Slaver","floor":5,"turns":4},{"damage":14,"enemies":"Gremlin Nob","floor":6,"turns":4},{"damage":7,"enemies":"Lots of Slimes","floor":7,"turns":5},{"damage":0,"enemies":"Looter","floor":8,"turns":4},{"damage":6,"enemies":"3 Sentries","floor":10,"turns":7},{"damage":0,"enemies":"2 Fungi Beasts","floor":14,"turns":4},{"damage":40,"enemies":"Hexaghost","floor":16,"turns":8},{"damage":16,"enemies":"3 Byrds","floor":18,"turns":4},{"damage":10,"enemies":"Chosen","floor":19,"turns":4},{"damage":41,"enemies":"3 Cultists","floor":20,"turns":5},{"damage":22,"enemies":"Book of Stabbing","floor":27,"turns":5},{"damage":14,"enemies":"Shelled Parasite and Fungi","floor":29,"turns":5},{"damage":12,"enemies":"Snake Plant","floor":30,"turns":4},{"damage":13,"enemies":"Centurion and Healer","floor":31,"turns":5},{"damage":53,"enemies":"Automaton","floor":33,"turns":11},{"damage":20,"enemies":"3 Darklings","floor":35,"turns":8},{"damage":7,"enemies":"Orb Walker","floor":38,"turns":4},{"damage":48,"enemies":"Spire Growth","floor":39,"turns":4},{"damage":71,"enemies":"Reptomancer","floor":41,"turns":3}],"seed_played":"5096221978867512380","potions_obtained":[{"floor":2,"key":"DistilledChaos"},{"floor":5,"key":"FearPotion"},{"floor":7,"key":"SpeedPotion"},{"floor":8,"key":"Explosive Potion"},{"floor":16,"key":"DuplicationPotion"},{"floor":20,"key":"BlessingOfTheForge"},{"floor":33,"key":"ColorlessPotion"}],"is_trial":false,"path_per_floor":["M","M","?","M","M","E","M","M","T","E","?","R","$","M","R","B",null,"M","M","M","?","?","R","?","R","T","E","R","M","M","M","R","B",null,"M","$","?","M","M","R","E"],"character_chosen":"DEFECT","items_purchased":["Loop","Blood Vial"],"campfire_rested":5,"item_purchase_floors":[13,36],"current_hp_per_floor":[64,64,64,64,61,47,40,40,40,36,61,61,61,61,61,21,77,61,53,14,14,14,38,38,62,62,40,64,50,40,29,54,1,85,67,67,67,64,20,47,0,0],"gold":191,"neow_bonus":"RANDOM_COLORLESS_2","is_prod":false,"is_daily":false,"chose_seed":false,"campfire_upgraded":2,"win_rate":0,"timestamp":1607544391,"path_taken":["M","M","?","M","M","E","M","M","T","E","?","R","$","M","R","BOSS","M","M","M","?","?","R","?","R","T","E","R","M","M","M","R","BOSS","M","$","?","M","M","R","E"],"build_version":"2020-11-30","purchased_purges":2,"victory":false,"max_hp_per_floor":[75,75,75,75,75,75,75,75,75,77,77,77,77,77,77,77,77,77,79,81,81,81,81,81,81,81,81,81,81,83,85,85,85,85,87,87,87,89,91,91,91,91],"card_choices":[{"not_picked":["Master of Strategy","Magnetism"],"picked":"Mayhem","floor":0},{"not_picked":["Conserve Battery","Beam Cell"],"picked":"Static Discharge","floor":1},{"not_picked":["Reprogram","Steam"],"picked":"Conserve Battery","floor":2},{"not_picked":["Ball Lightning","Steam"],"picked":"Leap","floor":4},{"not_picked":["Go for the Eyes","Conserve Battery"],"picked":"Machine Learning","floor":5},{"not_picked":["Redo","Coolheaded"],"picked":"Ball Lightning","floor":6},{"not_picked":["Coolheaded","Barrage"],"picked":"Machine Learning","floor":7},{"not_picked":["Gash","Ball Lightning"],"picked":"Leap","floor":8},{"not_picked":["Recycle","Creative AI","Hologram"],"picked":"Singing Bowl","floor":10},{"not_picked":["Ball Lightning","Auto Shields"],"picked":"Streamline","floor":14},{"not_picked":["Seek","Meteor Strike"],"picked":"Biased Cognition","floor":16},{"not_picked":["Beam Cell","Glacier"],"picked":"Defragment","floor":18},{"not_picked":["Ball Lightning+1","Conserve Battery","Gash"],"picked":"Singing Bowl","floor":19},{"not_picked":["Steam","Stack","Cold Snap"],"picked":"Singing Bowl","floor":20},{"not_picked":["Sunder","Storm+1"],"picked":"Leap","floor":27},{"not_picked":["Consume","Go for the Eyes"],"picked":"White Noise","floor":29},{"not_picked":["Compile Driver+1","Consume","Leap"],"picked":"Singing Bowl","floor":30},{"not_picked":["Reprogram","Tempest+1","Storm"],"picked":"Singing Bowl","floor":31},{"not_picked":["Hyperbeam","Machine Learning"],"picked":"Core Surge","floor":33},{"not_picked":["Hologram+1","Turbo","Redo"],"picked":"Singing Bowl","floor":35},{"not_picked":["Ball Lightning+1","Turbo+1","Stack+1"],"picked":"Singing Bowl","floor":38},{"not_picked":["Barrage+1","BootSequence","Stack"],"picked":"Singing Bowl","floor":39}],"player_experience":324481,"relics_obtained":[{"floor":6,"key":"Oddly Smooth Stone"},{"floor":10,"key":"Singing Bowl"},{"floor":26,"key":"Anchor"},{"floor":27,"key":"Tiny Chest"},{"floor":27,"key":"Symbiotic Virus"}],"event_choices":[{"damage_healed":0,"gold_gain":0,"player_choice":"Grow","damage_taken":0,"max_hp_gain":0,"max_hp_loss":0,"event_name":"Living Wall","floor":3,"gold_loss":0,"cards_upgraded":["Mayhem"]},{"damage_healed":25,"gold_gain":0,"player_choice":"Banana","damage_taken":0,"max_hp_gain":0,"max_hp_loss":0,"event_name":"Big Fish","floor":11,"gold_loss":0},{"damage_healed":0,"gold_gain":0,"player_choice":"Obtained Relic","damage_taken":0,"relics_obtained":["Bag of Preparation"],"max_hp_gain":0,"max_hp_loss":0,"event_name":"Addict","floor":21,"gold_loss":85},{"damage_healed":0,"gold_gain":0,"player_choice":"Inject Mutagens","damage_taken":0,"relics_obtained":["MutagenicStrength"],"max_hp_gain":0,"max_hp_loss":0,"event_name":"Drug Dealer","floor":22,"gold_loss":0},{"damage_healed":0,"gold_gain":99,"player_choice":"Stole From Cult","damage_taken":0,"max_hp_gain":0,"max_hp_loss":0,"event_name":"Nest","floor":24,"gold_loss":0},{"cards_removed":["Strike_B"],"damage_healed":0,"gold_gain":0,"player_choice":"Offered Basic","damage_taken":0,"max_hp_gain":0,"max_hp_loss":0,"event_name":"Bonfire Elementals","floor":37,"gold_loss":0}],"is_beta":false,"boss_relics":[{"not_picked":["FrozenCore","Sozu"],"picked":"Black Star"},{"not_picked":["Nuclear Battery","Snecko Eye"],"picked":"SacredBark"}],"items_purged_floors":[13,36],"is_endless":false,"potions_floor_spawned":[2,5,7,8,16,20,30,33],"killed_by":"Reptomancer","ascension_level":0}}