{"host":"wbohk4batowjmcix","time":1607545315,"event":{"gold_per_floor":[3111,3111,3126,3137,3154,3154,3181,3197,3223,2619,2636,2601,2601,2701,2701,2801,2801,2821,2379,2379,2379,2379,2379,1774,1774,1800,1817,1268,1302,1302,1316,1316,1421,1421,1440,1540,1554,1554,1000,1000,1026,1043,1043,1043,501,515,525,544,544,544,544,544,84,113,113],"floor_reached":56,"playtime":2282,"items_purged":[],"score":1946,"play_id":"da01d37d-c9e0-4e88-a38b-47d6cbc1c1e2","local_time":"20201209142155","is_ascension_mode":true,"campfire_choices":[{"floor":6,"key":"RECALL"},{"floor":13,"key":"REST"},{"floor":15,"key":"REST"},{"floor":23,"key":"REST"},{"floor":32,"key":"REST"},{"floor":40,"key":"REST"},{"floor":49,"key":"REST"},{"floor":52,"key":"REST"}],"neow_cost":"NONE","seed_source_timestamp":523021400818400,"circlet_count":0,"master_deck":["TheCursedMod:CursedSpellbook+1","TheCursedMod:CursedBoomerang+1","TheCursedMod:BlessingInDisguise+1","TheCursedMod:SpitefulPlan+1","TheCursedMod:OutForBlood+1","TheCursedMod:UltimatePain+1","TheCursedMod:CollectTribute+1","TheCursedMod:ManaCirculation+1","TheCursedMod:SpitefulPray+1","TheCursedMod:CollectTribute+1","TheCursedMod:CursedSpellbook+1"],"relics":["TheCursedMod:BloodyHarpoon","TheCursedMod:FourLeafCloverCharm","Ice Cream","Anvil of the Gods","Hammer of Thor","Seething Fire","Toy Ornithopter","MerchantsRug","Frozen Eye","Bag of Marbles","Strawberry","Busted Crown","Orichalcum","ClockworkSouvenir","War Paint","MutagenicStrength","Calipers","Ancient Tea Set","HandDrill","MealTicket","Medical Kit","Bag of Preparation","White Beast Statue","Lantern","SlaversCollar","Eternal Feather","Oddly Smooth Stone","DollysMirror","Meat on the Bone","Bottled Lightning","Omamori","OrangePellets","TheCursedMod:Tack","FossilizedHelix","Whetstone"],"potions_floor_usage":[37,47,47,47,55,55],"damage_taken":[{"damage":0,"enemies":"Small Slimes","floor":1,"turns":3},{"damage":0,"enemies":"Jaw Worm","floor":3,"turns":1},{"damage":0,"enemies":"Cultist","floor":4,"turns":3},{"damage":0,"enemies":"Blue Slaver","floor":5,"turns":4},{"damage":0,"enemies":"3 Sentries","floor":7,"turns":5},{"damage":0,"enemies":"Looter","floor":8,"turns":1},{"damage":20,"enemies":"3 Louse","floor":11,"turns":2},{"damage":0,"enemies":"Slime Boss","floor":16,"turns":3},{"damage":22,"enemies":"2 Thieves","floor":18,"turns":3},{"damage":0,"enemies":"Shell Parasite","floor":27,"turns":1},{"damage":0,"enemies":"Slavers","floor":29,"turns":1},{"damage":0,"enemies":"Snecko","floor":31,"turns":2},{"damage":0,"enemies":"Champ","floor":33,"turns":2},{"damage":17,"enemies":"3 Shapes","floor":35,"turns":2},{"damage":13,"enemies":"3 Darklings","floor":37,"turns":2},{"damage":2,"enemies":"Giant Head","floor":41,"turns":3},{"damage":21,"enemies":"4 Shapes","floor":42,"turns":2},{"damage":0,"enemies":"Jaw Worm Horde","floor":46,"turns":2},{"damage":0,"enemies":"Transient","floor":47,"turns":4},{"damage":0,"enemies":"Spire Growth","floor":48,"turns":2},{"damage":0,"enemies":"Awakened One","floor":50,"turns":3},{"damage":0,"enemies":"Shield and Spear","floor":54,"turns":1},{"damage":5,"enemies":"The Heart","floor":55,"turns":3}],"seed_played":"-8172987581546736378","potions_obtained":[{"floor":1,"key":"Strength Potion"},{"floor":3,"key":"SmokeBomb"},{"floor":5,"key":"ColorlessPotion"},{"floor":16,"key":"CultistPotion"},{"floor":29,"key":"Explosive Potion"},{"floor":37,"key":"Block Potion"},{"floor":42,"key":"CultistPotion"},{"floor":46,"key":"DuplicationPotion"},{"floor":48,"key":"CultistPotion"},{"floor":54,"key":"Energy Potion"}],"is_trial":false,"path_per_floor":["M","?","M","M","M","R","E","M","T","$","M","?","R","?","R","B",null,"M","$","?","?","?","R","$","?","T","M","$","E","?","M","R","B",null,"M","?","M","?","$","R","E","M","T","?","$","M","M","M","R","B",null,"R","$","E","B",null],"character_chosen":"THE_CURSED","items_purchased":["MerchantsRug","Frozen Eye","Bag of Marbles","Strawberry","Orichalcum","ClockworkSouvenir","War Paint","Calipers","Ancient Tea Set","HandDrill","Medical Kit","Bag of Preparation","White Beast Statue","Eternal Feather","Oddly Smooth Stone","DollysMirror","Bottled Lightning","Omamori","OrangePellets","TheCursedMod:Tack","FossilizedHelix"],"campfire_rested":7,"item_purchase_floors":[10,10,10,10,19,19,19,24,24,24,28,28,28,39,39,39,45,45,45,53,53],"current_hp_per_floor":[75,59,59,59,59,59,59,59,59,66,46,68,89,89,89,89,89,67,67,67,67,67,89,89,89,89,89,89,89,89,89,89,89,89,72,72,64,53,68,89,87,66,66,66,81,81,89,89,89,89,89,89,89,89,84],"gold":113,"neow_bonus":"TEN_PERCENT_HP_BONUS","is_prod":false,"is_daily":false,"chose_seed":false,"campfire_upgraded":0,"win_rate":0,"timestamp":1607545315,"path_taken":["M","?","M","M","M","R","E","M","T","$","M","?","R","?","R","BOSS","M","$","?","?","?","R","$","?","T","M","$","E","?","M","R","BOSS","M","?","?","?","$","R","E","M","T","?","$","M","M","M","R","BOSS","R","$","E","BOSS"],"build_version":"2020-11-30","purchased_purges":0,"victory":true,"max_hp_per_floor":[82,82,82,82,82,82,82,82,82,89,89,89,89,89,89,89,89,89,89,89,89,89,89,89,89,89,89,89,89,89,89,89,89,89,89,89,89,89,89,89,89,89,89,89,89,89,89,89,89,89,89,89,89,89,89],"card_choices":[{"not_picked":["TheCursedMod:CursedBlade","TheCursedMod:VitalStrike","TheCursedMod:SurpriseAttack"],"picked":"SKIP","floor":1},{"not_picked":["TheCursedMod:CircleOfWindfury","TheCursedMod:StingEye","TheCursedMod:Stigma"],"picked":"SKIP","floor":3},{"not_picked":["TheCursedMod:CircleOfWindfury","TheCursedMod:Mangle","TheCursedMod:Wield"],"picked":"SKIP","floor":4},{"not_picked":["TheCursedMod:ReleasedKnowledge","TheCursedMod:CursedShiv","TheCursedMod:Obscuration"],"picked":"SKIP","floor":5},{"not_picked":["TheCursedMod:RavingStaff","TheCursedMod:Grudge","TheCursedMod:CircleOfFlame"],"picked":"SKIP","floor":7},{"not_picked":["TheCursedMod:BloodBarrier","TheCursedMod:Stigma","TheCursedMod:SaltUponWound"],"picked":"SKIP","floor":8},{"not_picked":["TheCursedMod:FuryStrike","TheCursedMod:LuckyCharm","TheCursedMod:DarkBarrier"],"picked":"SKIP","floor":11},{"not_picked":["TheCursedMod:SpitefulStrike"],"picked":"SKIP","floor":18},{"not_picked":["TheCursedMod:CursedMace"],"picked":"SKIP","floor":27},{"not_picked":["TheCursedMod:SpitefulPlan+1"],"picked":"SKIP","floor":29},{"not_picked":["TheCursedMod:ManaBullet"],"picked":"SKIP","floor":31},{"not_picked":["TheCursedMod:CircleOfCorruption"],"picked":"SKIP","floor":35},{"not_picked":["TheCursedMod:CursedMace"],"picked":"SKIP","floor":37},{"not_picked":["TheCursedMod:CircleOfCorruption+1"],"picked":"SKIP","floor":41},{"not_picked":["TheCursedMod:CircleOfCorruption+1"],"picked":"SKIP","floor":42},{"not_picked":["TheCursedMod:SpitefulStrike"],"picked":"SKIP","floor":46},{"not_picked":["TheCursedMod:SpitefulStrike"],"picked":"SKIP","floor":47},{"not_picked":["TheCursedMod:CursedStaff"],"picked":"SKIP","floor":48},{"not_picked":["TheCursedMod:CircleOfCorruption"],"picked":"SKIP","floor":54}],"player_experience":374402,"relics_obtained":[{"floor":7,"key":"Toy Ornithopter"},{"floor":26,"key":"MealTicket"},{"floor":29,"key":"Lantern"},{"floor":43,"key":"Meat on the Bone"},{"floor":54,"key":"Whetstone"}],"event_choices":[{"damage_healed":0,"gold_gain":0,"player_choice":"Entered Light","damage_taken":16,"max_hp_gain":0,"max_hp_loss":0,"event_name":"Shining Light","floor":2,"gold_loss":0,"cards_upgraded":["TheCursedMod:SpitefulPlan","TheCursedMod:UltimatePain"]},{"damage_healed":22,"gold_gain":0,"player_choice":"Healed","damage_taken":0,"max_hp_gain":0,"max_hp_loss":0,"event_name":"The Cleric","floor":12,"gold_loss":35},{"damage_healed":0,"gold_gain":100,"player_choice":"Pray","damage_taken":0,"max_hp_gain":0,"max_hp_loss":0,"event_name":"Golden Shrine","floor":14,"gold_loss":0},{"damage_healed":0,"gold_gain":0,"player_choice":"Inject Mutagens","damage_taken":0,"relics_obtained":["MutagenicStrength"],"max_hp_gain":0,"max_hp_loss":0,"event_name":"Drug Dealer","floor":20,"gold_loss":0},{"damage_healed":0,"gold_gain":0,"player_choice":"Ignored","damage_taken":0,"max_hp_gain":0,"max_hp_loss":0,"event_name":"Ghosts","floor":21,"gold_loss":0},{"damage_healed":0,"gold_gain":0,"player_choice":"Ignored","damage_taken":0,"max_hp_gain":0,"max_hp_loss":0,"event_name":"Cursed Tome","floor":22,"gold_loss":0},{"damage_healed":0,"gold_gain":0,"player_choice":"Simplicity","damage_taken":0,"max_hp_gain":0,"max_hp_loss":0,"event_name":"Back to Basics","floor":25,"gold_loss":0,"cards_upgraded":[]},{"damage_healed":0,"gold_gain":0,"player_choice":"Ignored","damage_taken":0,"max_hp_gain":0,"max_hp_loss":0,"event_name":"Beggar","floor":30,"gold_loss":0},{"damage_healed":0,"gold_gain":100,"player_choice":"Pray","damage_taken":0,"max_hp_gain":0,"max_hp_loss":0,"event_name":"Golden Shrine","floor":36,"gold_loss":0},{"damage_healed":0,"gold_gain":0,"player_choice":"Embrace Madness","damage_taken":11,"max_hp_gain":0,"max_hp_loss":0,"event_name":"Winding Halls","floor":38,"gold_loss":0,"cards_obtained":["Madness","Madness"]},{"damage_healed":0,"gold_gain":0,"player_choice":"Memory 1","damage_taken":0,"max_hp_gain":0,"max_hp_loss":0,"event_name":"SensoryStone","floor":44,"gold_loss":0}],"is_beta":false,"boss_relics":[{"not_picked":["TheCursedMod:FourLeafCloverCharm","Calling Bell"],"picked":"Busted Crown"},{"not_picked":["Pandora\u0027s Box","Black Star"],"picked":"SlaversCollar"}],"items_purged_floors":[],"is_endless":false,"potions_floor_spawned":[1,3,5,16,27,29,31,33,35,37,41,42,46,47,48,54],"ascension_level":6}}