{"host":"v0kr0xkqfgnh389p","time":1607552618,"event":{"gold_per_floor":[110,110,122,122,47,81,98,98,98,124,137,166,181,181,181],"floor_reached":14,"playtime":369,"items_purged":["Defend_P"],"score":142,"play_id":"886c4251-546f-492d-b5a6-43aa50453135","local_time":"20201209172338","is_ascension_mode":true,"campfire_choices":[],"neow_cost":"NONE","seed_source_timestamp":28444435608300,"circlet_count":0,"master_deck":["Strike_P","Strike_P","Defend_P+1","Defend_P","Eruption+1","Vigilance","LessonLearned+1","Strike_P+1","Alpha"],"relics":["PureWater","NeowsBlessing","Mummified Hand","Gremlin Food","Durian"],"potions_floor_usage":[10,12,14,14],"damage_taken":[{"damage":0,"enemies":"Small Slimes","floor":1,"turns":2},{"damage":0,"enemies":"2 Louse","floor":3,"turns":1},{"damage":0,"enemies":"Lagavulin","floor":6,"turns":1},{"damage":0,"enemies":"Cultist","floor":7,"turns":2},{"damage":14,"enemies":"3 Sentries","floor":10,"turns":5},{"damage":30,"enemies":"Exordium Thugs","floor":11,"turns":3},{"damage":18,"enemies":"Lagavulin","floor":12,"turns":6},{"damage":3,"enemies":"3 Louse","floor":13,"turns":2},{"damage":10,"enemies":"Gremlin Nob","floor":14,"turns":2}],"seed_played":"6911374118609133307","potions_obtained":[{"floor":6,"key":"DistilledChaos"},{"floor":11,"key":"CultistPotion"},{"floor":12,"key":"LiquidBronze"},{"floor":13,"key":"BottledMiracle"}],"is_trial":false,"path_per_floor":["M","?","M","?","$","E","M","?","T","E","M","E","M","E"],"character_chosen":"WATCHER","items_purchased":[],"campfire_rested":0,"item_purchase_floors":[],"current_hp_per_floor":[72,72,72,65,65,65,65,65,65,51,21,8,5,0,0],"gold":181,"neow_bonus":"THREE_ENEMY_KILL","is_prod":false,"is_daily":false,"chose_seed":false,"campfire_upgraded":0,"win_rate":0,"timestamp":1607552618,"path_taken":["M","?","M","?","$","E","M","?","T","E","?","E","M","E"],"build_version":"2020-11-30","purchased_purges":1,"victory":false,"max_hp_per_floor":[72,72,72,72,72,72,72,72,72,72,72,77,77,77,77],"card_choices":[{"not_picked":["JustLucky","Evaluate","Crescendo"],"picked":"SKIP","floor":1},{"not_picked":["CutThroughFate","WreathOfFlame","FlurryOfBlows"],"picked":"SKIP","floor":3},{"not_picked":["Pray","FlurryOfBlows","Replay:BluntJabs"],"picked":"SKIP","floor":6},{"not_picked":["Pray","FlurryOfBlows","Replay:BluntJabs"],"picked":"SKIP","floor":6},{"not_picked":["EmptyFist","SashWhip"],"picked":"LessonLearned","floor":7},{"not_picked":["CutThroughFate","Halt","InnerPeace"],"picked":"SKIP","floor":10},{"not_picked":["Protect","FollowUp","Crescendo"],"picked":"SKIP","floor":11},{"not_picked":["Judgement","Fasting2"],"picked":"Alpha","floor":12},{"not_picked":["Halt","CarveReality","EmptyBody"],"picked":"SKIP","floor":13}],"player_experience":676142,"relics_obtained":[{"floor":6,"key":"Mummified Hand"},{"floor":10,"key":"Gremlin Food"},{"floor":12,"key":"Durian"}],"event_choices":[{"cards_removed":["Strike_P"],"damage_healed":0,"gold_gain":0,"player_choice":"Forget","damage_taken":0,"max_hp_gain":0,"max_hp_loss":0,"event_name":"Living Wall","floor":2,"gold_loss":0},{"cards_removed":["Defend_P"],"damage_healed":0,"gold_gain":0,"player_choice":"Card Removal","damage_taken":7,"max_hp_gain":0,"max_hp_loss":0,"event_name":"Golden Wing","floor":4,"gold_loss":0},{"cards_removed":["Strike_P"],"damage_healed":0,"gold_gain":0,"player_choice":"Took Card","damage_taken":0,"max_hp_gain":0,"max_hp_loss":0,"event_name":"NoteForYourself","floor":8,"gold_loss":0,"cards_obtained":["Strike_P"]}],"is_beta":false,"boss_relics":[],"items_purged_floors":[5],"is_endless":false,"potions_floor_spawned":[6,11,12,13],"killed_by":"Gremlin Nob","ascension_level":1}}