{"host":"g0j05wwvpvh6wxob","time":1607492694,"event":{"gold_per_floor":[111,111,111,9,28,53,0,0,35,47,47,47,47,74,74,175,175,189,189,189,206,222,255,268,268,314,39,39,39],"floor_reached":28,"playtime":3094,"items_purged":[],"score":284,"play_id":"220a1ff9-4248-414a-add9-450f5836bb1d","local_time":"20201208214454","is_ascension_mode":false,"campfire_choices":[{"data":"Shade:Bite_Shade","floor":8,"key":"SMITH"},{"data":"Shade:TouchOfTheGrave","floor":15,"key":"SMITH"},{"data":"Shade:LichForm","floor":25,"key":"SMITH"}],"neow_cost":"NONE","seed_source_timestamp":562920948354800,"circlet_count":0,"master_deck":["Shade:Strike_Shade","Shade:Strike_Shade","Shade:Strike_Shade","Shade:Defend_Shade","Shade:Defend_Shade","Shade:Defend_Shade","Shade:Defend_Shade","Shade:AnimateDead","Shade:CarefulCut","Shade:FreshBones","Shade:Bite_Shade+1","Shade:TouchOfTheGrave+1","Shade:DangerousRitual","Enlightenment","Shade:Consume+1","Shade:GoDigging","Shade:LichForm+1","conspire:NecroticWound","Looming Evil","SwitchThreat","Shade:PressTheAttack","Looming Evil","Shade:Trample+1","Shade:Haruspicy","Shade:GreyBargain+1","Shade:PotionOfRestlessness","Shade:CallOfTheGrave","Shade:CommandSoldier","Shade:CommandSoldier","Shade:Doomsay"],"relics":["Shade:YorickSkull","NeowsBlessing","Quantum Egg","Vajra","Simple Rune","Replay:Ancient Bell","ReplayTheSpireMod:Lightbulb","trackpad:ByrdBGone","Replay:PocketPolymizer","Ring of Peace","ReplayTheSpireMod:Ring of Addiction","hubris:EmptyBottle","Chameleon Ring","Replay:Blank Codex","halation:KoshaPiece","Happy Flower","Membership Card"],"potions_floor_usage":[16,16,18,21,22,22,22,23,23,23,23,23],"damage_taken":[{"damage":0,"enemies":"2 Louse","floor":1,"turns":1},{"damage":0,"enemies":"conspire:RoseBush","floor":5,"turns":1},{"damage":0,"enemies":"Replay:BlueRogue","floor":6,"turns":1},{"damage":5,"enemies":"infinitespire:Voidling","floor":9,"turns":5},{"damage":9,"enemies":"infinitespire:Voidling","floor":10,"turns":2},{"damage":1,"enemies":"Fading Forest","floor":16,"turns":11},{"damage":20,"enemies":"Shell Parasite","floor":18,"turns":5},{"damage":0,"enemies":"Chosen","floor":21,"turns":5},{"damage":23,"enemies":"Shelled Parasite and Fungi","floor":22,"turns":6},{"damage":0,"enemies":"Nightmare","floor":23,"turns":5},{"damage":10,"enemies":"conspire:HollyBat","floor":24,"turns":8},{"damage":6,"enemies":"Centurion and Healer","floor":28,"turns":3}],"seed_played":"-7551950863779916732","potions_obtained":[{"floor":1,"key":"Dexterity Potion"},{"floor":6,"key":"Block Potion"},{"floor":10,"key":"PowerPotion"},{"floor":19,"key":"Fire Potion"},{"floor":19,"key":"Languid Potion"},{"floor":19,"key":"Block Potion"},{"floor":21,"key":"Guardian:BlockOnCardUsePotion"},{"floor":22,"key":"Adrenaline Potion"},{"floor":24,"key":"FearPotion"}],"is_trial":false,"path_per_floor":["M","?","?","$","M","E","?","R","MIM","M","?","?","?","T","R","B",null,"M","?","?","M","M","NM","M","R","T","$","M"],"character_chosen":"SHADE","items_purchased":["Shade:Bite_Shade","Membership Card","Shade:CallOfTheGrave","Shade:CommandSoldier","Shade:Doomsay"],"campfire_rested":0,"item_purchase_floors":[4,27,27,27,27],"current_hp_per_floor":[65,58,58,58,58,60,66,66,64,55,55,55,55,55,55,71,71,56,56,40,43,23,23,19,19,19,19,16,16],"gold":39,"neow_bonus":"THREE_ENEMY_KILL","is_prod":false,"is_daily":false,"chose_seed":false,"campfire_upgraded":3,"win_rate":0.0,"timestamp":1607492694,"path_taken":["M","?","?","$","?","E","?","R","MIM","M","?","?","?","?","R","BOSS","M","?","?","M","M","NM","M","R","T","$","?"],"build_version":"2020-11-30","purchased_purges":0,"victory":false,"max_hp_per_floor":[65,65,65,65,65,65,71,71,71,71,71,71,71,71,71,71,71,71,71,71,71,71,71,71,71,71,69,69,69],"card_choices":[{"not_picked":["Shade:GreyBargain","Shade:FuneraryArmor"],"picked":"Shade:FreshBones","floor":1},{"not_picked":["Shade:FeralStrike","Shade:BoneShards"],"picked":"Shade:TouchOfTheGrave","floor":5},{"not_picked":["Shade:Trample","Shade:Excise"],"picked":"Shade:DangerousRitual","floor":6},{"not_picked":["Shade:Trample","Shade:Premonition"],"picked":"Shade:Consume","floor":9},{"not_picked":["Shade:FleshToFlesh","Shade:Trample"],"picked":"Shade:GoDigging","floor":10},{"not_picked":["Shade:OfferingToTheBeyond","Shade:Consume"],"picked":"Shade:LichForm","floor":16},{"not_picked":["ReplayTheSpireMod:IOU","Delirium"],"picked":"conspire:NecroticWound","floor":17},{"not_picked":["Delirium","hexamod:Haunted"],"picked":"Looming Evil","floor":17},{"not_picked":["hubris:Compulsion","SwitchConfidence"],"picked":"SwitchThreat","floor":17},{"not_picked":["Shade:FuneraryJewels","Shade:AblativeArmor+1"],"picked":"Shade:PressTheAttack","floor":18},{"not_picked":["Shade:FeralStrike","Shade:FingerOfDeath"],"picked":"Shade:Trample+1","floor":21},{"not_picked":["Shade:FuneraryArmor","Shade:FreshBones"],"picked":"Shade:Haruspicy","floor":22},{"not_picked":["Shade:AncientSpear+1","Shade:ExtraLimbs"],"picked":"Shade:GreyBargain+1","floor":23},{"not_picked":["Shade:FuneraryArmor","Shade:GreyBargain"],"picked":"Shade:PotionOfRestlessness","floor":24}],"player_experience":149985,"relics_obtained":[{"floor":6,"key":"Quantum Egg"},{"floor":9,"key":"Vajra"},{"floor":14,"key":"Simple Rune"},{"floor":19,"key":"Ring of Peace"},{"floor":19,"key":"ReplayTheSpireMod:Ring of Addiction"},{"floor":19,"key":"hubris:EmptyBottle"},{"floor":19,"key":"Chameleon Ring"},{"floor":20,"key":"Replay:Blank Codex"},{"floor":23,"key":"halation:KoshaPiece"},{"floor":26,"key":"Happy Flower"}],"event_choices":[{"cards_removed":["Shade:Strike_Shade"],"damage_healed":0,"gold_gain":0,"player_choice":"Card Removal","damage_taken":7,"max_hp_gain":0,"max_hp_loss":0,"event_name":"Golden Wing","floor":2,"gold_loss":0},{"cards_removed":["Shade:Defend_Shade"],"damage_healed":0,"gold_gain":0,"player_choice":"Give","damage_taken":0,"max_hp_gain":0,"max_hp_loss":0,"event_name":"betterNote:BetterNote","floor":3,"gold_loss":0,"cards_obtained":["Parasite"]},{"damage_healed":0,"gold_gain":0,"player_choice":"RENOUNCE","damage_taken":53,"max_hp_gain":0,"max_hp_loss":0,"event_name":"betterThird:BetterSerpent","floor":7,"gold_loss":53,"cards_obtained":["Enlightenment"]},{"damage_healed":0,"gold_gain":0,"player_choice":"Grow","damage_taken":0,"max_hp_gain":0,"max_hp_loss":0,"event_name":"Living Wall","floor":11,"gold_loss":0,"cards_upgraded":["Shade:Consume"]},{"damage_healed":0,"gold_gain":0,"player_choice":"Leave","damage_taken":0,"max_hp_gain":0,"max_hp_loss":0,"event_name":"conspire:Investor","floor":13,"gold_loss":0},{"damage_healed":0,"gold_gain":0,"player_choice":"Obtained Book","damage_taken":16,"max_hp_gain":0,"max_hp_loss":0,"event_name":"Cursed Tome","floor":20,"gold_loss":0}],"is_beta":false,"boss_relics":[{"not_picked":["construct:ClawGrip","Ring of Chaos"],"picked":"Replay:Ancient Bell"},{"not_picked":["Akabeko","infinitespire:Satchel"],"picked":"ReplayTheSpireMod:Lightbulb"},{"not_picked":["halation:TwoAmDonut","Kunai"],"picked":"trackpad:ByrdBGone"},{"not_picked":["Turnip","Thread and Needle"],"picked":"Replay:PocketPolymizer"}],"items_purged_floors":[],"is_endless":true,"potions_floor_spawned":[1,6,10,21,22,24],"killed_by":"Centurion and Healer","ascension_level":0}}