{"host":"vvp4eihuvtuugjfx","time":1607514192,"event":{"gold_per_floor":[15,81,91,106,124,124,158,158,158,169,169,169,199,209,209,209,209,209,209],"floor_reached":18,"playtime":1738,"items_purged":[],"score":122,"play_id":"c8e5ba69-f510-4171-957a-a2338a48a0bf","local_time":"20201209124312","is_ascension_mode":false,"campfire_choices":[{"data":"HollowMod:MantisMark","floor":6,"key":"SMITH"},{"floor":11,"key":"REST"}],"neow_cost":"NO_GOLD","seed_source_timestamp":2365055161487700,"circlet_count":1,"master_deck":["HollowMod:NailStrikeStart","HollowMod:NailStrikeStart","HollowMod:NailStrikeStart","HollowMod:NailStrikeStart","HollowMod:QuickDashStart","HollowMod:QuickDashStart","HollowMod:QuickDashStart","HollowMod:QuickDashStart","HollowMod:FocusHealStart","HollowMod:PogoStrike","HollowMod:MantisMark+1","HollowMod:InfectedAttack","HollowMod:InfectionAssault","HollowMod:NewGlowingWomb","HollowMod:InfectedCysts","HollowMod:SlysStrikes","HollowMod:TaintedHusks","HollowMod:ChannelNail","HollowMod:MothsMistake","HollowMod:GoodIntentions","HollowMod:DoubleDash"],"relics":["HollowMod:VesselMask","Ancient Tea Set","Dream Catcher","Hallownest:DreamNailRelic","Letter Opener","Circlet","Shuriken"],"potions_floor_usage":[14,18,18],"damage_taken":[{"damage":1,"enemies":"Hallownest:monsterHuskWarrior","floor":1,"turns":5},{"damage":3,"enemies":"Hallownest:2_Tiktiks_and_1_Crawlid","floor":3,"turns":5},{"damage":2,"enemies":"Hallownest:2_Baldur","floor":4,"turns":3},{"damage":30,"enemies":"Hallownest:1_Baldur_1_Crawlid_1_Warrior","floor":5,"turns":8},{"damage":37,"enemies":"Hallownest:eliteCrystalGuardian","floor":7,"turns":4},{"damage":7,"enemies":"Hallownest:2_Tiktiks_1_Baldur_1_Crawlid","floor":10,"turns":3},{"damage":22,"enemies":"Hallownest:eliteVengeflyKing","floor":13,"turns":4},{"damage":3,"enemies":"Hallownest:1_Ooma_and_2_Uuma","floor":14,"turns":3},{"damage":12,"enemies":"Hallownest:BossHornet","floor":18,"turns":1}],"seed_played":"-1363087238189774798","potions_obtained":[{"floor":1,"key":"sneckomod:MuddlingPotion"},{"floor":2,"key":"FearPotion"},{"floor":2,"key":"SpeedPotion"},{"floor":7,"key":"ColorlessPotion"},{"floor":10,"key":"hexamod:EctoCoolerPotion"}],"is_trial":false,"path_per_floor":["M","?","M","M","M","R","E","?","T","M","R","?","E","M","PTL","PTL","R_BF","B"],"character_chosen":"THE_BUGKNIGHT","items_purchased":[],"campfire_rested":1,"item_purchase_floors":[],"current_hp_per_floor":[74,56,63,61,41,41,10,10,10,3,25,25,9,6,6,6,6,0,0],"gold":209,"neow_bonus":"THREE_RARE_CARDS","is_prod":false,"is_daily":false,"chose_seed":false,"campfire_upgraded":1,"win_rate":0.0,"timestamp":1607514192,"path_taken":["M","?","M","?","M","R","E","?","T","M","R","?","E","M","PTL","PTL","R_BF","BOSS"],"build_version":"2020-11-30","purchased_purges":0,"victory":false,"max_hp_per_floor":[75,75,75,75,75,75,75,75,75,75,75,75,75,75,75,75,75,75,75],"card_choices":[{"not_picked":["HollowMod:NewInfectedGuardian","HollowMod:VoidDash"],"picked":"HollowMod:SoulMaster","floor":0},{"not_picked":["HollowMod:FastStrike","HollowMod:InfectionAssault"],"picked":"HollowMod:MantisMark","floor":1},{"not_picked":["HollowMod:CornifersMapStart","HollowMod:SiblingsSouls"],"picked":"HollowMod:InfectedAttack","floor":2},{"not_picked":["HollowMod:WraithStrike","HollowMod:VengefulVoid"],"picked":"HollowMod:InfectionAssault","floor":3},{"not_picked":["HollowMod:MawleksShell","HollowMod:ShapeofUnn"],"picked":"HollowMod:NewGlowingWomb","floor":4},{"not_picked":["HollowMod:DashSlash","HollowMod:SoulVessel"],"picked":"HollowMod:InfectedCysts","floor":5},{"not_picked":["HollowMod:LifebloodCocoon","HollowMod:NewJinnsSoul"],"picked":"HollowMod:SlysStrikes","floor":7},{"not_picked":["HollowMod:ShadowDash","HollowMod:HowlingWraiths"],"picked":"HollowMod:TaintedHusks","floor":10},{"not_picked":["HollowMod:DescendingDark","HollowMod:SoulSplash"],"picked":"HollowMod:ChannelNail","floor":11},{"not_picked":["HollowMod:GoodIntentions","HollowMod:SoulMaster"],"picked":"HollowMod:MothsMistake","floor":13},{"not_picked":["HollowMod:TaintedHusks","HollowMod:NewJinnsSoul"],"picked":"HollowMod:GoodIntentions","floor":14}],"player_experience":675874,"relics_obtained":[{"floor":2,"key":"Ancient Tea Set"},{"floor":7,"key":"Dream Catcher"},{"floor":9,"key":"Letter Opener"},{"floor":13,"key":"Shuriken"}],"event_choices":[],"is_beta":false,"boss_relics":[],"items_purged_floors":[],"is_endless":false,"potions_floor_spawned":[1,7,10],"killed_by":"Hallownest:BossHornet","ascension_level":0}}