{"host":"ek3xvuouaw6vk9if","time":1607489072,"event":{"gold_per_floor":[114,126,139,151,58,87,87,100,100,100,100,112,125,50,50,154,154,174,174,174],"floor_reached":19,"playtime":748,"items_purged":["Strike_P"],"score":231,"play_id":"a4df2e7d-7a65-4bc0-9190-e076a0bfceb1","local_time":"20201208234432","is_ascension_mode":true,"campfire_choices":[{"floor":7,"key":"REST"},{"data":"Evaluate","floor":11,"key":"SMITH"},{"data":"Protect","floor":15,"key":"SMITH"}],"neow_cost":"NONE","seed_source_timestamp":19050654678900,"circlet_count":0,"master_deck":["Defend_P","Defend_P","Eruption","Vigilance","DevaForm+1","Halt","FearNoEvil","InnerPeace","Evaluate+1","Conclude","EmptyBody","BattleHymn","Protect+1","ConjureBlade","Injury","Doubt"],"relics":["PureWater","Letter Opener","InkBottle","Kintsugi"],"potions_floor_usage":[6,8,19],"damage_taken":[{"damage":0,"enemies":"Cultist","floor":1,"turns":4},{"damage":6,"enemies":"Jaw Worm","floor":2,"turns":5},{"damage":0,"enemies":"2 Louse","floor":3,"turns":3},{"damage":6,"enemies":"Exordium Thugs","floor":4,"turns":4},{"damage":35,"enemies":"Gremlin Nob","floor":6,"turns":5},{"damage":0,"enemies":"Exordium Wildlife","floor":8,"turns":1},{"damage":7,"enemies":"Large Slime","floor":12,"turns":6},{"damage":0,"enemies":"3 Louse","floor":13,"turns":2},{"damage":17,"enemies":"Slime Boss","floor":16,"turns":6},{"damage":4,"enemies":"Shell Parasite","floor":18,"turns":6},{"damage":65,"enemies":"3 Byrds","floor":19,"turns":5}],"seed_played":"-4568768827680334627","potions_obtained":[{"floor":3,"key":"Explosive Potion"},{"floor":4,"key":"GamblersBrew"},{"floor":8,"key":"Languid Potion"},{"floor":12,"key":"EssenceOfSteel"},{"floor":16,"key":"Dexterity Potion"}],"is_trial":false,"path_per_floor":["M","M","M","M","$","E","R","M","T","?","R","M","M","$","R","B",null,"M","M"],"character_chosen":"WATCHER","items_purchased":["Conclude","EmptyBody"],"campfire_rested":1,"item_purchase_floors":[5,5],"current_hp_per_floor":[65,59,59,53,53,18,39,39,39,39,39,32,32,32,32,15,58,54,0,0],"gold":174,"neow_bonus":"ONE_RANDOM_RARE_CARD","is_prod":false,"is_daily":false,"chose_seed":false,"campfire_upgraded":2,"win_rate":0,"timestamp":1607489072,"path_taken":["M","M","M","M","$","E","R","M","T","?","R","M","?","$","R","BOSS","M","M"],"build_version":"2020-11-30","purchased_purges":1,"victory":false,"max_hp_per_floor":[72,72,72,72,72,72,72,72,72,72,72,72,72,72,72,72,72,72,72,72],"card_choices":[{"not_picked":["Study","Crescendo"],"picked":"Halt","floor":1},{"not_picked":["BowlingBash","Crescendo"],"picked":"FearNoEvil","floor":2},{"not_picked":["BowlingBash","ClearTheMind"],"picked":"InnerPeace","floor":3},{"not_picked":["ThirdEye","CrushJoints"],"picked":"Evaluate","floor":4},{"not_picked":["SandsOfTime","Evaluate","CutThroughFate"],"picked":"SKIP","floor":6},{"not_picked":["Evaluate","Collect"],"picked":"BattleHymn","floor":8},{"not_picked":["Replay:Battleflow","SandsOfTime"],"picked":"Protect","floor":12},{"not_picked":["FlurryOfBlows","EmptyBody","CrushJoints"],"picked":"SKIP","floor":13},{"not_picked":["Omniscience","Brilliance"],"picked":"ConjureBlade","floor":16},{"not_picked":["CutThroughFate+1","BattleHymn","Crescendo"],"picked":"SKIP","floor":18}],"player_experience":456843,"relics_obtained":[{"floor":6,"key":"Letter Opener"},{"floor":9,"key":"InkBottle"}],"event_choices":[{"damage_healed":0,"gold_gain":0,"player_choice":"Forge","damage_taken":0,"max_hp_gain":0,"max_hp_loss":0,"event_name":"Accursed Blacksmith","floor":10,"gold_loss":0,"cards_upgraded":["DevaForm"]}],"is_beta":false,"boss_relics":[{"not_picked":["Snecko Heart","SacredBark"],"picked":"Kintsugi"}],"items_purged_floors":[14],"is_endless":false,"potions_floor_spawned":[3,4,8,12,16],"killed_by":"3 Byrds","ascension_level":7}}