{"host":"wxw8prxnvl2l5twp","time":1607498008,"event":{"gold_per_floor":[99999,98659,98670,98620,98620,98652,98732,98732,98758,98777,98792,98792,98824,98839,98839,98941,98941,98952,98952,98133,98058,98076,98105,97110,97140,97140,97140,97168,97083,97108,97108,97108,97203,97203,97220,97220,96008,96018,96018,96046,96046,96066,96066,96097,96114,96141,96154,95340,95340,95340,95340,95340,94445,94470,94470],"floor_reached":56,"playtime":3137,"items_purged":["Strike_B","Defend_B","Strike_B+1","Strike_B+1","Dualcast","Gash"],"score":1610,"play_id":"1f21db3a-22b2-4c80-a4d2-67d9af8c8d62","local_time":"20201209161328","is_ascension_mode":true,"campfire_choices":[{"data":"Seek","floor":8.0,"key":"SMITH"},{"data":"Secret Technique","floor":12.0,"key":"SMITH"},{"data":"Hologram","floor":15.0,"key":"SMITH"},{"data":"Chill","floor":27,"key":"SMITH"},{"data":"Zap","floor":32,"key":"SMITH"},{"data":"Amplify","floor":41,"key":"SMITH"},{"floor":49,"key":"RECALL"},{"data":"FTL","floor":52,"key":"SMITH"}],"neow_cost":"NONE","seed_source_timestamp":0,"circlet_count":0,"master_deck":["Zap+1","Coolheaded","Secret Technique+1","Madness+1","Chill+1","Static Discharge","Turbo+1","Seek+1","Steam","Hologram+1","Capacitor+1","Ball Lightning","Buffer+1","CurseOfTheBell","Genetic Algorithm","Lockon","Steam Power","Storm+1","Amplify+1","Go for the Eyes","Defragment+1","Reboot","Creative AI+1","Compile Driver","Master of Strategy","Finesse","FTL+1","Thunder Strike","Defragment+1","Undo+1","Double Energy+1","Recycle+1","Conserve Battery+1","Defragment+1","Loop+1","Force Field+1","Self Repair+1"],"special_seed":0,"relics":["Cracked Core","Whetstone","Frozen Eye","Oddly Smooth Stone","Torii","Frozen Egg 2","Gremlin Horn","Bronze Scales","Calling Bell","Tiny Chest","White Beast Statue","Ice Cream","TheAbacus","Orichalcum","War Paint","Ancient Tea Set","ClockworkSouvenir","Blue Candle","Shuriken","Mango","Ginger","Art of War","Toy Ornithopter","Lantern","Black Star","InkBottle","Pantograph","Bag of Marbles","Orrery","Peace Pipe","Sundial","Nunchaku","Boot","Regal Pillow","Pocketwatch","Sling","Juzu Bracelet","Potion Belt","Letter Opener","Gambling Chip","Cauldron","Calipers","Du-Vu Doll"],"potions_floor_usage":[25,28,28,33,44,53,55,55,55,55],"damage_taken":[{"damage":0.0,"enemies":"Cultist","floor":1.0,"turns":3.0},{"damage":1.0,"enemies":"2 Louse","floor":3.0,"turns":2.0},{"damage":26.0,"enemies":"3 Sentries","floor":6.0,"turns":10.0},{"damage":1.0,"enemies":"Jaw Worm","floor":10.0,"turns":3.0},{"damage":3.0,"enemies":"Gremlin Gang","floor":11.0,"turns":5.0},{"damage":14.0,"enemies":"Gremlin Nob","floor":13.0,"turns":4.0},{"damage":1.0,"enemies":"Large Slime","floor":14.0,"turns":6.0},{"damage":1.0,"enemies":"The Guardian","floor":16.0,"turns":10.0},{"damage":17,"enemies":"2 Thieves","floor":18,"turns":4},{"damage":0,"enemies":"3 Byrds","floor":22,"turns":3},{"damage":31,"enemies":"Slavers","floor":23,"turns":6},{"damage":9,"enemies":"Gremlin Leader","floor":25,"turns":4},{"damage":1,"enemies":"Book of Stabbing","floor":28,"turns":3},{"damage":8,"enemies":"Collector","floor":33,"turns":5},{"damage":8,"enemies":"3 Shapes","floor":35,"turns":6},{"damage":0,"enemies":"Orb Walker","floor":38,"turns":2},{"damage":1,"enemies":"Giant Head","floor":40,"turns":5},{"damage":0,"enemies":"Spire Growth","floor":42,"turns":3},{"damage":13,"enemies":"Nemesis","floor":44,"turns":3},{"damage":0,"enemies":"Maw","floor":45,"turns":4},{"damage":0,"enemies":"Reptomancer","floor":46,"turns":4},{"damage":2,"enemies":"4 Shapes","floor":47,"turns":3},{"damage":0,"enemies":"Awakened One","floor":50,"turns":5},{"damage":21,"enemies":"Shield and Spear","floor":54,"turns":4},{"damage":20,"enemies":"The Heart","floor":55,"turns":5}],"seed_played":"-8342046118362652537","potions_obtained":[{"floor":3.0,"key":"Block Potion"},{"floor":16.0,"key":"Weak Potion"},{"floor":23,"key":"AttackPotion"},{"floor":25,"key":"Swift Potion"},{"floor":28,"key":"FocusPotion"},{"floor":33,"key":"SteroidPotion"},{"floor":35,"key":"Regen Potion"},{"floor":44,"key":"DistilledChaos"},{"floor":53,"key":"Fruit Juice"},{"floor":53,"key":"LiquidMemories"}],"is_trial":false,"path_per_floor":["M","$","M","?","?","E","T","R","T","M","M","R","E","M","R","B",null,"M","?","$","?","M","E","$","E","T","R","E","?","T","?","R","B",null,"M","T","$","M","?","E","R","M","T","E","M","E","M","$","R","B",null,"R","$","E","B",null],"character_chosen":"DEFECT","items_purchased":["Frozen Eye","Oddly Smooth Stone","Torii","Secret Technique","Madness","Chill","Static Discharge","Fruit Juice","PotionOfCapacity","Fire Potion","Gash","TheAbacus","Orichalcum","Swift Potion","Genetic Algorithm","Lockon","Steam Power","War Paint","ClockworkSouvenir","Blue Candle","Shuriken","Amplify","Go for the Eyes","Pantograph","Bag of Marbles","Master of Strategy","Finesse","FTL","Thunder Strike","Defragment+1","Orrery","Sling","Juzu Bracelet","Potion Belt","Self Repair+1","DuplicationPotion","AttackPotion","Letter Opener","Gambling Chip","Cauldron"],"campfire_rested":0,"item_purchase_floors":[2,2,2,2,2,2,2,2,2,2,2,20,20,20,20,20,20,20,24,24,24,24,24,37,37,37,37,37,37,37,37,48,48,48,48,48,48,53,53,53],"current_hp_per_floor":[75,75,79,79,72,46,46,46,46,45,42,42,28,27,27,26,80,63,63,63,63,63,32,32,37,37,37,36,36,36,36,36,33,94,86,86,86,86,86,85,85,85,85,82,82,82,80,80,80,94,94,94,99,88,89],"gold":94470,"neow_bonus":"RANDOM_COMMON_RELIC","is_prod":false,"is_daily":false,"chose_seed":false,"campfire_upgraded":7,"win_rate":1,"timestamp":1607498008,"path_taken":["M","$","M","?","?","E","?","R","T","?","M","R","E","M","R","BOSS","M","?","$","?","M","E","$","E","T","R","E","?","?","?","R","BOSS","M","?","$","M","?","E","R","M","T","E","M","E","M","$","R","BOSS","R","$","E","BOSS"],"build_version":"2020-11-30","purchased_purges":6,"victory":true,"max_hp_per_floor":[75,75,80,80,80,80,80,80,80,80,80,80,80,80,80,80,80,80,80,80,80,80,80,80,94,94,94,94,94,94,94,94,94,94,94,94,94,94,94,94,94,94,94,94,94,94,94,94,94,94,94,94,99,99,99],"card_choices":[{"not_picked":["Beam Cell","Cold Snap"],"picked":"Coolheaded","floor":1.0},{"not_picked":["Leap","Go for the Eyes"],"picked":"Turbo","floor":3.0},{"not_picked":["Compile Driver","Blizzard"],"picked":"Seek","floor":6.0},{"not_picked":["Rebound","Hologram"],"picked":"Steam","floor":10.0},{"not_picked":["Doom and Gloom","Steam"],"picked":"Hologram","floor":11.0},{"not_picked":["Consume","Skim"],"picked":"Capacitor+1","floor":13.0},{"not_picked":["Leap","Coolheaded"],"picked":"Ball Lightning","floor":14.0},{"not_picked":["Seek","All For One"],"picked":"Buffer+1","floor":16.0},{"not_picked":["Cold Snap+1","Stack+1","Rebound"],"picked":"SKIP","floor":18},{"not_picked":["Rebound","Melter"],"picked":"Storm+1","floor":22},{"not_picked":["Steam+1","Streamline","Turbo"],"picked":"SKIP","floor":23},{"not_picked":["Redo","Chill"],"picked":"Defragment+1","floor":25},{"not_picked":["Consume+1","Turbo"],"picked":"Reboot","floor":28},{"not_picked":["Buffer+1","Seek"],"picked":"Creative AI+1","floor":33},{"not_picked":["Rebound+1","Steam+1"],"picked":"Compile Driver","floor":35},{"not_picked":["Ball Lightning+1","Steam"],"picked":"Undo+1","floor":37},{"not_picked":["Streamline+1","Stack+1"],"picked":"Double Energy+1","floor":37},{"not_picked":["Reinforced Body+1","Coolheaded+1"],"picked":"Recycle+1","floor":37},{"not_picked":["Redo+1","Coolheaded+1","Ball Lightning"],"picked":"SKIP","floor":38},{"not_picked":["Chill","Recycle+1","Heatsinks+1"],"picked":"SKIP","floor":40},{"not_picked":["Creative AI+1","Scrape+1"],"picked":"Conserve Battery+1","floor":42},{"not_picked":["Leap+1","Redo","Rebound"],"picked":"SKIP","floor":44},{"not_picked":["Undo+1","Genetic Algorithm+1"],"picked":"Defragment+1","floor":45},{"not_picked":["Blizzard","Compile Driver"],"picked":"Loop+1","floor":46},{"not_picked":["Biased Cognition+1","Conserve Battery+1"],"picked":"Force Field+1","floor":47},{"not_picked":["Hologram+1","FTL","Blizzard+1"],"picked":"SKIP","floor":54}],"player_experience":46340,"relics_obtained":[{"floor":6.0,"key":"Frozen Egg 2"},{"floor":7.0,"key":"Gremlin Horn"},{"floor":13.0,"key":"Bronze Scales"},{"floor":17,"key":"Tiny Chest"},{"floor":17,"key":"White Beast Statue"},{"floor":17,"key":"Ice Cream"},{"floor":23,"key":"Ancient Tea Set"},{"floor":25,"key":"Mango"},{"floor":26,"key":"Ginger"},{"floor":28,"key":"Art of War"},{"floor":30,"key":"Lantern"},{"floor":36,"key":"InkBottle"},{"floor":40,"key":"Peace Pipe"},{"floor":43,"key":"Sundial"},{"floor":44,"key":"Nunchaku"},{"floor":44,"key":"Boot"},{"floor":46,"key":"Regal Pillow"},{"floor":46,"key":"Pocketwatch"},{"floor":54,"key":"Calipers"},{"floor":54,"key":"Du-Vu Doll"}],"event_choices":[{"cards_removed":["Strike_B"],"damage_healed":0.0,"max_hp_gain":0.0,"max_hp_loss":0.0,"gold_gain":0.0,"event_name":"The Cleric","player_choice":"Card Removal","floor":4.0,"gold_loss":50.0,"damage_taken":0.0},{"cards_removed":["Defend_B"],"damage_healed":0.0,"max_hp_gain":0.0,"max_hp_loss":0.0,"gold_gain":0.0,"event_name":"Golden Wing","player_choice":"Card Removal","floor":5.0,"gold_loss":0.0,"damage_taken":7.0},{"cards_removed":["Defend_B"],"damage_healed":0,"gold_gain":0,"player_choice":"Elegance","damage_taken":0,"max_hp_gain":0,"max_hp_loss":0,"event_name":"Back to Basics","floor":19,"gold_loss":0},{"cards_removed":["Defend_B"],"damage_healed":0,"gold_gain":0,"player_choice":"Gave Gold","damage_taken":0,"max_hp_gain":0,"max_hp_loss":0,"event_name":"Beggar","floor":21,"gold_loss":75},{"damage_healed":0,"gold_gain":0,"player_choice":"Obtained Relic","damage_taken":0,"relics_obtained":["Toy Ornithopter"],"max_hp_gain":0,"max_hp_loss":0,"event_name":"Addict","floor":29,"gold_loss":85},{"damage_healed":0,"gold_gain":0,"player_choice":"Ignored","damage_taken":0,"max_hp_gain":0,"max_hp_loss":0,"event_name":"N\u0027loth","floor":31,"gold_loss":0},{"damage_healed":0,"gold_gain":0,"player_choice":"Ignored","damage_taken":0,"max_hp_gain":0,"max_hp_loss":0,"event_name":"SecretPortal","floor":39,"gold_loss":0}],"is_beta":false,"boss_relics":[{"not_picked":["Runic Dome","Velvet Choker"],"picked":"Calling Bell"},{"not_picked":["Astrolabe","Sozu"],"picked":"Black Star"}],"items_purged_floors":[2,20,24,37,48,53],"is_endless":false,"potions_floor_spawned":[3,6,16,18,22,23,25,28,33,35,38,40,42,44,45,46,47,54],"ascension_level":3}}