{"host":"biuqh2cwo4v0ovkf","time":1607540675,"event":{"gold_per_floor":[392,105,30,85,275,275,275],"floor_reached":6,"playtime":1550,"items_purged":["DemoMod:GunslingerForm"],"score":63,"play_id":"528d412e-ceca-4225-affd-7da02500d2d4","local_time":"20201209200435","daily_mods":["Vintage","Heirloom","Flight","downfall:Lament","DeadlyEvents","Elite Swarm","Midas"],"is_ascension_mode":true,"campfire_choices":[],"neow_cost":"","seed_source_timestamp":0,"circlet_count":0,"master_deck":["Demon Form+1","Wraith Form v2","Echo Form","DevaForm","hexamod:ParanormalForm","construct:SiegeForm","potionbrewer:AlchemistForm","sneckomod:SerpentMind","Guardian:ConstructionForm","Slimebound:DuplicatedForm","Runesmith:CreatorForm","elementalist:Strike+Elemblue","elementalist:Defend_Elemblue","elementalist:Defend_Elemblue","elementalist:Defend_Elemblue","elementalist:Defend_Elemblue","elementalist:Defend_Elemblue","elementalist:Firestrike","elementalist:Earthstrike","elementalist:Waterstrike","elementalist:Airstrike","elementalist:Crystal_Chalk","elementalist:Confluence","elementalist:Monument+1","StuffTheSpire:PlasmaPulse+1"],"relics":["elementalistmod:MagusStaff","elementalistmod:GraduationLetter","NeowsBlessing","CaptainsWheel","Black Star","trackpad:ZombieHeart","White Beast Statue","conspire:TreasureMap","StuffTheSpire:TintedRock","Singing Bowl","DemoMod:SerJunkan","construct:RocketBooster","Replay:Ringing Soul","Question Card","Prayer Wheel","DemoMod:LamentConfigurum","halation:IllGainedPizza","conspire:GlowingRock","DemoMod:Dog","StrikeDummy","MerchantsRug","Membership Card","DemoMod:Junk","Guardian:PocketSentry"],"potions_floor_usage":[1],"damage_taken":[{"damage":2,"enemies":"2 Louse","floor":1,"turns":1},{"damage":1,"enemies":"Jaw Worm","floor":4,"turns":1},{"damage":1,"enemies":"Cultist","floor":5,"turns":1},{"damage":0,"enemies":"Lagavulin","floor":6,"turns":1}],"seed_played":"-430056095311602291","potions_obtained":[{"floor":0,"key":"Slimebound:ThreeZeroPotion"},{"floor":1,"key":"DistilledChaos"},{"floor":4,"key":"Elixir"},{"floor":5,"key":"potionbrewer:SplittingPotion"}],"is_trial":true,"path_per_floor":["M","$","?","M","M","E"],"character_chosen":"THE_ELEMENTALIST","items_purchased":["MerchantsRug","Membership Card","elementalist:Confluence"],"campfire_rested":0,"item_purchase_floors":[2,2,2],"current_hp_per_floor":[77,80,83,83,83,83,83],"gold":275,"neow_bonus":"","is_prod":false,"is_daily":false,"chose_seed":false,"campfire_upgraded":0,"win_rate":0.0,"timestamp":1607540675,"path_taken":["M","$","?","?","?","E"],"build_version":"2020-11-30","purchased_purges":1,"victory":false,"max_hp_per_floor":[79,82,85,86,87,87,87],"card_choices":[{"not_picked":["elementalist:Breeze","elementalist:Blaze","elementalist:Cauterize","elementalist:Pressurize"],"picked":"Singing Bowl","floor":0},{"not_picked":["elementalist:Breeze+1","elementalist:Flame+1","elementalist:Caution+1"],"picked":"elementalist:Monument+1","floor":3},{"not_picked":["expansioncontent:HyperBeam+1","Survey Options+1","StuffTheSpire:PlasmaPunch+1"],"picked":"StuffTheSpire:PlasmaPulse+1","floor":3}],"player_experience":762506,"relics_obtained":[{"floor":1,"key":"StrikeDummy"},{"floor":4,"key":"DemoMod:Junk"},{"floor":5,"key":"Guardian:PocketSentry"}],"event_choices":[{"damage_healed":0,"gold_gain":0,"player_choice":"2","damage_taken":0,"max_hp_gain":0,"max_hp_loss":0,"event_name":"betterMatch:BetterMatch","floor":3,"gold_loss":0,"cards_obtained":["betterMatch:CommonCard","betterMatch:ColorlessUncommonCard"]}],"is_beta":false,"boss_relics":[],"items_purged_floors":[2],"is_endless":false,"potions_floor_spawned":[1,4,5],"killed_by":"Lagavulin","ascension_level":1}}