{"host":"jtxptf9isiqyc7jm","time":1607557079,"event":{"gold_per_floor":[112,112,112,127,0,33,33,33,58,58,83,83,105,121,121,117,117],"floor_reached":16,"playtime":647,"items_purged":[],"score":100,"play_id":"91b3906b-9ef0-46ba-8dfb-c121ec985fb8","local_time":"20201209233759","is_ascension_mode":false,"campfire_choices":[{"data":"hierophant:Martyrdom","floor":7,"key":"SMITH"},{"data":"hierophant:CursedGold","floor":10,"key":"SMITH"},{"floor":15,"key":"DIG"}],"neow_cost":"TEN_PERCENT_HP_LOSS","seed_source_timestamp":381765587279300,"circlet_count":0,"master_deck":["hierophant:Strike_Hierophant","hierophant:Strike_Hierophant","hierophant:Strike_Hierophant","hierophant:Strike_Hierophant","hierophant:Punish","hierophant:Defend_Hierophant","hierophant:Defend_Hierophant","hierophant:Defend_Hierophant","hierophant:Defend_Hierophant","hierophant:ChurchCoffers+1","hierophant:RepressedViolence+1","hierophant:HolyVerse","hierophant:Martyrdom+1","hierophant:Repentance+1","hierophant:Zeal","hierophant:Doubloon","hierophant:CursedGold+1","hierophant:RepressedViolence","hierophant:Doubloon","hierophant:Remorse","hierophant:FieryStrike"],"relics":["hierophant:PropheticMaskRelic","Lizard Tail","hubris:CrystalStatue","Toy Ornithopter","hubris:DeckOfHolding"],"potions_floor_usage":[16],"damage_taken":[{"damage":2,"enemies":"Small Slimes","floor":1,"turns":3},{"damage":6,"enemies":"Cultist","floor":4,"turns":3},{"damage":63,"enemies":"Lagavulin","floor":6,"turns":9},{"damage":0,"enemies":"2 Louse","floor":11,"turns":2},{"damage":0,"enemies":"Exordium Wildlife","floor":13,"turns":2},{"damage":10,"enemies":"Looter","floor":14,"turns":2},{"damage":30,"enemies":"Slime Boss","floor":16,"turns":3}],"seed_played":"-178908075830794424","potions_obtained":[{"floor":11,"key":"SteroidPotion"},{"floor":14,"key":"SkillPotion"}],"is_trial":false,"path_per_floor":["M","?","$","M","$","E","R","?","T","R","M","?","M","M","R","B"],"character_chosen":"HIEROPHANT","items_purchased":["hierophant:Martyrdom","hierophant:Repentance+1"],"campfire_rested":0,"item_purchase_floors":[5,5],"current_hp_per_floor":[66,66,66,60,60,34,34,34,34,34,34,34,34,24,24,0,0],"gold":117,"neow_bonus":"ONE_RARE_RELIC","is_prod":false,"is_daily":false,"chose_seed":false,"campfire_upgraded":2,"win_rate":0.0,"timestamp":1607557079,"path_taken":["M","?","$","M","?","E","R","?","T","R","?","?","M","M","R","BOSS"],"build_version":"2020-11-30","purchased_purges":0,"victory":false,"max_hp_per_floor":[68,68,68,68,68,68,68,68,68,68,68,68,68,68,68,68,68],"card_choices":[{"not_picked":["hierophant:Smite","hierophant:ThreeLashes"],"picked":"hierophant:RepressedViolence","floor":1},{"not_picked":["hierophant:Encroach","hierophant:Prophecy"],"picked":"hierophant:HolyVerse","floor":4},{"not_picked":["hierophant:Mercenaries","hierophant:Remorse"],"picked":"hierophant:Zeal","floor":6},{"not_picked":["hierophant:SealAway","hierophant:FlamingChariot"],"picked":"hierophant:RepressedViolence","floor":11},{"not_picked":["hierophant:FieryStrike","hierophant:Alms"],"picked":"hierophant:Remorse","floor":13},{"not_picked":["hierophant:FlamingChariot","hierophant:Determination"],"picked":"hierophant:FieryStrike","floor":14}],"player_experience":70372,"relics_obtained":[{"floor":6,"key":"hubris:CrystalStatue"},{"floor":9,"key":"Toy Ornithopter"},{"floor":15,"key":"hubris:DeckOfHolding"}],"event_choices":[{"damage_healed":0,"gold_gain":0,"player_choice":"Upgraded","damage_taken":0,"max_hp_gain":0,"max_hp_loss":0,"event_name":"Upgrade Shrine","floor":2,"gold_loss":0,"cards_upgraded":["hierophant:RepressedViolence"]},{"damage_healed":0,"gold_gain":0,"player_choice":"Grow","damage_taken":0,"max_hp_gain":0,"max_hp_loss":0,"event_name":"Living Wall","floor":12,"gold_loss":0,"cards_upgraded":["hierophant:ChurchCoffers"]}],"is_beta":false,"boss_relics":[],"items_purged_floors":[],"is_endless":false,"potions_floor_spawned":[11,14],"killed_by":"Slime Boss","ascension_level":0}}