{"host":"rtzugiook38pfdmd","time":1607520487,"event":{"gold_per_floor":[179,189,189,208,198,198,223,223,223,251,251,279,296,324,324,436,436,454,454,479,524,601,646,217,232,281,313,313,343,343,373,464,575,575,599,599,636,303,303,348,348,396,396,396,396,396,64,146,146,296,296,342,342,342,20,80,102],"floor_reached":58,"playtime":6010,"items_purged":["ReplayTheSpireMod:Splinters","BadLadyScramble+1","Decay"],"score":2282,"play_id":"74b2e32c-0101-46aa-b9fc-19a346153fd1","local_time":"20201209212807","is_ascension_mode":true,"campfire_choices":[{"data":"BloodCoagulation","floor":6,"key":"SMITH"},{"data":"RedMagic","floor":8,"key":"SMITH"},{"floor":11,"key":"REST"},{"data":"BathedInBlood","floor":15,"key":"SMITH"},{"data":"DoubleEdge","floor":15,"key":"SMITH"},{"floor":28,"key":"RECALL"},{"data":"FitfulNightmare","floor":30,"key":"SMITH"},{"data":"Paradox","floor":30,"key":"SMITH"},{"data":"MillenniumVampire","floor":41,"key":"SMITH"},{"data":"FitfulNightmare","floor":41,"key":"SMITH"},{"data":"FitfulNightmare","floor":49,"key":"SMITH"},{"data":"RedtheNightlessCastle","floor":49,"key":"SMITH"},{"floor":51,"key":"REST"},{"data":"Culling","floor":54,"key":"SMITH"},{"data":"AllTheWorldInNightmare","floor":54,"key":"SMITH"}],"neow_cost":"NONE","seed_source_timestamp":6771960173860530658,"circlet_count":0,"master_deck":["AscendersBane","Strike_Remiria","Strike_Remiria","Strike_Remiria","Strike_Remiria","Defend_Remirira","Defend_Remirira","Defend_Remirira","Defend_Remirira","Absorbed","Scratch","rmod:chargemoney+1","SeparateFleshBlood","DoubleEdge","BathedInBlood+1","FateMeister","BloodCoagulation+1","RedMagic+1","DoubleEdge+1","ScarletNetherworld","VampireKiss_Remiria","DoubleEdge","RedtheNightlessCastle+1","CurseOfTheBell","BloodCleaner+1","Paradox+1","CurseofVladTepes+1","BloodCollect+1","LifeBreak","RemiliaStretch_Remiria+1","BodyStrengthen+1","Feint+1","Paradox+1","CurseofVladTepes+1","DoubleEdge","BloodyMagicSquare","ReplayUltimateDefense","expansioncontent:YouAreMine","Culling+1","RocketKickup","DamonLordCradle_Remiria","ServantFlier+1","AllTheWorldInNightmare+1","FitfulNightmare+1","DemonsDinnerFork_Remiria+1","MillenniumVampire+1","FitfulNightmare+1","FierceSweep+1","Coercion","FitfulNightmare+1","Culling+1","BathedInBlood+1","Parasite","RemiliaStalker+1"],"relics":["ThirstyCrossSpe","REME_ComplimentaryCards","DaveBox","testmod-TestBox","HereWithMe","testmod-AscensionHeart","Question Card","hubris:Towel","Replay:Bandana","Replay:Arrowhead","ImportantClient","Calling Bell","DemoMod:MonsterBlood","Dota2Spire:LinkenSphere","ThornShield","Nilry\u0027s Codex","DemoMod:NanoMachines","hubris:ToyBattleship","Bottled Tornado","BargainBundle","Orrery","testmod-Justice","REME_PuzzleBoxRelic","Philosopher\u0027s Stone","Guide Book","DemoMod:MeltedRock","DemoMod:PinkGuonStone","PlanX","Dota2Spire:ArmletOfMordiggian","Golden Egg","Toxic Egg 2","Hololive_LightStick","DemoMod:BigBoy","ReplayTheSpireMod:CursedCoin","GodSword6","DemoMod:WhiteGuonStone","ZombieArmy","Boot","GodSword3","Toolbox","DemoMod:Antibody","DemoMod:GreenGuonStone","Replay:Ringing Soul","Dota2Spire:ShivaGuard","Replay:Wax Seal","testmod-Antiphasic"],"potions_floor_usage":[10,18,22,25,40,40,52,56],"damage_taken":[{"damage":2,"enemies":"Small Slimes","floor":1,"turns":3},{"damage":10,"enemies":"2 Louse","floor":2,"turns":3},{"damage":8,"enemies":"Jaw Worm","floor":4,"turns":3},{"damage":54,"enemies":"Lagavulin","floor":7,"turns":7},{"damage":8,"enemies":"Exordium Thugs","floor":10,"turns":5},{"damage":0,"enemies":"Lots of Slimes","floor":12,"turns":4},{"damage":2,"enemies":"3 Louse","floor":13,"turns":5},{"damage":9,"enemies":"Exordium Thugs","floor":14,"turns":5},{"damage":8,"enemies":"Hexaghost","floor":16,"turns":7},{"damage":0,"enemies":"3 Byrds","floor":18,"turns":3},{"damage":6,"enemies":"Spheric Guardian","floor":20,"turns":4},{"damage":15,"enemies":"conspire:MimicChest","floor":21,"turns":6},{"damage":0,"enemies":"HollowMod:Nosk","floor":23,"turns":5},{"damage":13,"enemies":"Shelled Parasite and Fungi","floor":25,"turns":4},{"damage":81,"enemies":"Gremlin Leader","floor":27,"turns":6},{"damage":0,"enemies":"HollowMod:Nosk","floor":29,"turns":4},{"damage":9,"enemies":"Cultist and Chosen","floor":31,"turns":2},{"damage":5,"enemies":"hubris:MusketHawk","floor":33,"turns":3},{"damage":17,"enemies":"3 Shapes","floor":35,"turns":3},{"damage":0,"enemies":"3 Darklings","floor":37,"turns":5},{"damage":15,"enemies":"Reptomancer","floor":40,"turns":5},{"damage":30,"enemies":"Nemesis","floor":42,"turns":5},{"damage":0,"enemies":"Mind Bloom Boss Battle","floor":48,"turns":3},{"damage":2,"enemies":"hubris:GrandSnecko","floor":52,"turns":4},{"damage":41,"enemies":"Shield and Spear","floor":56,"turns":3},{"damage":0,"enemies":"The Heart","floor":57,"turns":5}],"seed_played":"-4867276144677451500","potions_obtained":[{"floor":2,"key":"Dexterity Potion"},{"floor":4,"key":"EssenceOfSteel"},{"floor":12,"key":"AttackPotion"},{"floor":13,"key":"Explosive Potion"},{"floor":18,"key":"Fire Potion"},{"floor":22,"key":"Fruit Juice"},{"floor":31,"key":"Fire Potion"},{"floor":37,"key":"FearPotion"}],"is_trial":false,"path_per_floor":["M","M","?","M","?","R","E","R","T","M","R","M","M","M","R","B",null,"M","?","M","?","?","E","$","M","T","E","R","E","R","M","R","B",null,"M","?","M","$","T","E","R","E","T","?","PTL","PTL","$","?","R","$","R","B",null,"R","$","E","B",null],"character_chosen":"RemiriaScarlet","items_purchased":["BargainBundle","Orrery","BloodyMagicSquare","ReplayUltimateDefense","expansioncontent:YouAreMine","Culling","RocketKickup","BadLadyScramble","DamonLordCradle_Remiria","Guide Book","DemoMod:MeltedRock","Toxic Egg 2","Hololive_LightStick","ReplayTheSpireMod:CursedCoin","GodSword6","DemoMod:WhiteGuonStone","ZombieArmy","Boot","GodSword3","Toolbox","DemoMod:Antibody","DemoMod:GreenGuonStone","Replay:Ringing Soul","BathedInBlood","Dota2Spire:ShivaGuard","Replay:Wax Seal"],"campfire_rested":2,"item_purchase_floors":[24,24,24,24,24,24,24,24,24,38,38,47,47,50,50,50,50,50,50,50,50,50,50,55,55,55],"current_hp_per_floor":[89,80,80,73,73,73,20,20,20,15,45,46,46,46,46,69,103,105,89,84,81,86,117,117,112,112,62,62,101,101,93,93,118,121,109,109,117,117,124,121,121,118,118,118,118,118,118,129,129,1,39,89,134,134,137,140,145],"gold":102,"neow_bonus":"UPGRADE_CARD","is_prod":false,"is_daily":false,"chose_seed":false,"campfire_upgraded":12,"win_rate":0,"timestamp":1607520487,"path_taken":["M","M","?","M","?","R","E","R","T","M","R","M","M","M","R","BOSS","M","?","M","?","?","E","?","M","T","E","R","E","R","?","R","BOSS","M","?","M","$","?","E","R","E","T","?","PTL","PTL","$","?","R","?","R","BOSS","R","$","E","BOSS"],"build_version":"2020-11-30","purchased_purges":3,"victory":true,"max_hp_per_floor":[100,100,100,100,100,100,100,100,100,100,100,100,100,100,100,105,112,112,112,112,112,117,117,117,117,117,117,117,117,117,117,117,122,122,122,122,122,122,129,129,129,129,129,129,129,129,129,129,129,129,129,134,134,134,137,140,145],"card_choices":[{"not_picked":["FateCollect","FateMeister"],"picked":"SeparateFleshBlood","floor":1},{"not_picked":["FateSonata","FateEnsemble","DemonsDinnerFork_Remiria"],"picked":"DoubleEdge","floor":2},{"not_picked":["ScarletNetherworld","Warpath","FierceSweep"],"picked":"BathedInBlood","floor":4},{"not_picked":[],"picked":"FateMeister","floor":5},{"not_picked":[],"picked":"BloodCoagulation","floor":5},{"not_picked":["QueenOfMidnight","QueenOfMidnight","FateSonata"],"picked":"RedMagic","floor":7},{"not_picked":["DamonLordCradle_Remiria","ThirstForBlood","BloodPact"],"picked":"DoubleEdge","floor":10},{"not_picked":["FastHealing","Warpath","FierceSweep"],"picked":"ScarletNetherworld","floor":12},{"not_picked":["FateMeister","SeparateFleshBlood","Tepes"],"picked":"VampireKiss_Remiria","floor":13},{"not_picked":["Warpath","BadLadyScramble","BloodySuit"],"picked":"DoubleEdge","floor":14},{"not_picked":["FitfulNightmare","Septette","MillenniumVampire"],"picked":"RedtheNightlessCastle","floor":16},{"not_picked":["SeparateFleshBlood","TrickFate","RocketKickup"],"picked":"BloodCleaner+1","floor":18},{"not_picked":["RocketKickup","BodyStrengthen+1","ThirstForBlood"],"picked":"Paradox+1","floor":20},{"not_picked":["DoubleEdge","SeparateFleshBlood","PainBurst"],"picked":"CurseofVladTepes+1","floor":21},{"not_picked":["Tepes","RocketKickup","Warpath"],"picked":"BloodCollect+1","floor":22},{"not_picked":["FierceSweep","ThePrice+1","DamonLordCradle_Remiria"],"picked":"LifeBreak","floor":22},{"not_picked":["BombardNight","Coercion","RedMagic"],"picked":"RemiliaStretch_Remiria","floor":23},{"not_picked":["TricksterDevil","SealingFear","FierceSweep"],"picked":"BodyStrengthen+1","floor":24},{"not_picked":["Cripple","DamonLordCradle_Remiria","ChainGang"],"picked":"Feint+1","floor":24},{"not_picked":["PartStrengthen+1","StigmaNizer","MillenniumVampire"],"picked":"Paradox","floor":24},{"not_picked":["Cripple","ThirstForBlood+1","RemiliaStalker"],"picked":"CurseofVladTepes+1","floor":24},{"not_picked":["BloodySuit","CruelSlaughter","Warpath"],"picked":"DoubleEdge","floor":24},{"not_picked":["BloodySuit+1","YoungDemonLord","FateEnsemble+1"],"picked":"ServantFlier+1","floor":25},{"not_picked":["QueenOfMidnight","QueenOfMidnight","FateSonata"],"picked":"AllTheWorldInNightmare","floor":27},{"not_picked":["ScarletDestiny","FateConcerto","FitfulNightmare"],"picked":"FitfulNightmare","floor":29},{"not_picked":["BodyStrengthen","BloodySuit","ThePrice"],"picked":"DemonsDinnerFork_Remiria+1","floor":31},{"not_picked":["MiserableFate_Remiria","ScarletDestiny","FitfulNightmare"],"picked":"MillenniumVampire","floor":33},{"not_picked":["FastHealing","BodyStrengthen","DemonsDinnerFork_Remiria"],"picked":"FitfulNightmare","floor":35},{"not_picked":["ServantFlier+1","BloodCleaner","Cripple"],"picked":"FierceSweep+1","floor":37},{"not_picked":["AllTheWorldInNightmare","ScarletDestiny","AllTheWorldInNightmare"],"picked":"Coercion","floor":40},{"not_picked":["BadLadyScramble","RemiliaStretch_Remiria","ScarletDestiny"],"picked":"FitfulNightmare","floor":42},{"not_picked":["BodyStrengthen+1","RocketKickup+1","FateMeister"],"picked":"Culling+1","floor":48},{"not_picked":["Coercion","BadLadyScramble","Septette"],"picked":"RemiliaStalker","floor":56}],"player_experience":596233,"relics_obtained":[{"floor":1,"key":"Question Card"},{"floor":7,"key":"Replay:Bandana"},{"floor":9,"key":"Replay:Arrowhead"},{"floor":16,"key":"ImportantClient"},{"floor":17,"key":"DemoMod:MonsterBlood"},{"floor":17,"key":"Dota2Spire:LinkenSphere"},{"floor":17,"key":"ThornShield"},{"floor":19,"key":"Nilry\u0027s Codex"},{"floor":21,"key":"DemoMod:NanoMachines"},{"floor":22,"key":"hubris:ToyBattleship"},{"floor":23,"key":"Bottled Tornado"},{"floor":27,"key":"testmod-Justice"},{"floor":29,"key":"REME_PuzzleBoxRelic"},{"floor":39,"key":"DemoMod:PinkGuonStone"},{"floor":40,"key":"PlanX"},{"floor":42,"key":"Dota2Spire:ArmletOfMordiggian"},{"floor":43,"key":"Golden Egg"},{"floor":48,"key":"DemoMod:BigBoy"},{"floor":56,"key":"testmod-Antiphasic"}],"event_choices":[{"damage_healed":0,"gold_gain":0,"player_choice":"Obtained Book","damage_taken":16,"max_hp_gain":0,"max_hp_loss":0,"event_name":"Cursed Tome","floor":19,"gold_loss":0},{"damage_healed":0,"gold_gain":0,"player_choice":"Ignored","damage_taken":0,"max_hp_gain":0,"max_hp_loss":0,"event_name":"SecretPortal","floor":36,"gold_loss":0},{"damage_healed":0,"gold_gain":0,"player_choice":"Ignored","damage_taken":0,"max_hp_gain":0,"max_hp_loss":0,"event_name":"Tomb of Lord Red Mask","floor":44,"gold_loss":0},{"damage_healed":0,"gold_gain":0,"player_choice":"Fight","damage_taken":0,"max_hp_gain":0,"max_hp_loss":0,"event_name":"MindBloom","floor":48,"gold_loss":0}],"is_beta":false,"boss_relics":[{"not_picked":["testmod-PortableAltar","Transparent"],"picked":"Calling Bell"},{"not_picked":["testmod-DeterminationOfClimber","testmod-SaigiyounoYou"],"picked":"Philosopher\u0027s Stone"}],"items_purged_floors":[24,38,55],"is_endless":false,"potions_floor_spawned":[2,4,12,13,18,20,21,31,37],"ascension_level":10}}