{"host":"jm9833yuloeli2yd","time":1607551518,"event":{"gold_per_floor":[119,134,134,5,16,48,48,83,83,110,123,123,123],"floor_reached":12,"playtime":314,"items_purged":["Defend_B"],"score":196,"play_id":"796099a8-1b2c-45f5-a709-6b86817ec83f","local_time":"20201209170518","is_ascension_mode":true,"campfire_choices":[{"floor":7,"key":"REST"}],"neow_cost":"NONE","seed_source_timestamp":777712253303600,"circlet_count":0,"master_deck":["AscendersBane","Strike_B","Strike_B+1","Strike_B","Strike_B","Defend_B","Defend_B","Defend_B","Zap","Dualcast","Compile Driver","Chaos","Reinforced Body","Doom and Gloom+1","Genetic Algorithm","Capacitor","Auto Shields"],"special_seed":0,"relics":["Cracked Core","Mummified Hand","Kunai","StrikeDummy","Whetstone"],"potions_floor_usage":[8,8],"damage_taken":[{"damage":9,"enemies":"Jaw Worm","floor":1,"turns":3},{"damage":1,"enemies":"Cultist","floor":2,"turns":3},{"damage":8,"enemies":"Small Slimes","floor":5,"turns":3},{"damage":18,"enemies":"3 Sentries","floor":6,"turns":6},{"damage":17,"enemies":"Lagavulin","floor":8,"turns":6},{"damage":32,"enemies":"Gremlin Nob","floor":10,"turns":5},{"damage":8,"enemies":"Blue Slaver","floor":11,"turns":4},{"damage":7,"enemies":"3 Sentries","floor":12,"turns":2}],"seed_played":"4435493720814945423","potions_obtained":[{"floor":1,"key":"Strength Potion"},{"floor":6,"key":"Regen Potion"}],"is_trial":false,"path_per_floor":["M","M","?","$","M","E","R","E","T","E","M","E"],"character_chosen":"DEFECT","items_purchased":["FocusPotion"],"campfire_rested":1,"item_purchase_floors":[4],"current_hp_per_floor":[55,54,54,54,46,28,49,47,47,15,7,0,0],"gold":123,"neow_bonus":"ONE_RANDOM_RARE_CARD","is_prod":false,"is_daily":false,"chose_seed":false,"campfire_upgraded":0,"win_rate":0,"timestamp":1607551518,"path_taken":["M","M","?","$","M","E","R","E","T","E","M","E"],"build_version":"2020-11-30","purchased_purges":1,"victory":false,"max_hp_per_floor":[71,71,71,71,71,71,71,71,71,71,71,71,71],"card_choices":[{"not_picked":["Aggregate","Sweeping Beam"],"picked":"Compile Driver","floor":1},{"not_picked":["Gash","White Noise"],"picked":"Chaos","floor":2},{"not_picked":["Stack","Turbo"],"picked":"Doom and Gloom","floor":5},{"not_picked":["Hologram","Go for the Eyes"],"picked":"Genetic Algorithm","floor":6},{"not_picked":["Streamline","Rainbow"],"picked":"Capacitor","floor":8},{"not_picked":["Rebound","Compile Driver","Scrape"],"picked":"SKIP","floor":10},{"not_picked":["Rebound","Gash"],"picked":"Auto Shields","floor":11}],"player_experience":982883,"relics_obtained":[{"floor":6,"key":"Mummified Hand"},{"floor":8,"key":"Kunai"},{"floor":9,"key":"StrikeDummy"},{"floor":10,"key":"Whetstone"}],"event_choices":[{"damage_healed":0,"gold_gain":0,"cards_transformed":["Meteor Strike"],"player_choice":"Transformed","damage_taken":0,"max_hp_gain":0,"max_hp_loss":0,"event_name":"Transmorgrifier","floor":3,"gold_loss":0,"cards_obtained":["Reinforced Body"]}],"is_beta":false,"boss_relics":[],"items_purged_floors":[4],"is_endless":false,"potions_floor_spawned":[1,6],"killed_by":"3 Sentries","ascension_level":20}}