{"host":"zt56gx41altgtukx","time":1607543526,"event":{"gold_per_floor":[114,114,129,50,68,102,102,119,154,166,224,258,271,271,271,373,373,385,404,47,65,115,115,126,142,168,168,281,301,301],"floor_reached":29,"playtime":5209,"items_purged":[],"score":239,"play_id":"e44f939f-6a77-49fc-acd2-d6991e3f2c9c","local_time":"20201209135206","is_ascension_mode":false,"campfire_choices":[{"data":"Feel No Pain","floor":7,"key":"SMITH"},{"data":"StuffTheSpire:Incineration","floor":15,"key":"SMITH"},{"data":"expansioncontent:Corrupt","floor":23,"key":"SMITH"}],"neow_cost":"","seed_source_timestamp":1605871254540800,"circlet_count":0,"master_deck":["Strike_R","Strike_R","Strike_R","Strike_R","Strike_R","Defend_R","Defend_R","Defend_R","Defend_R","Bash","StuffTheSpire:Incineration+1","Apotheosis+1","Fire Breathing","Feel No Pain+1","Whirlwind","Twin Strike","Thunderclap","ReplayTheSpireMod:Stacked","Life Link","Run Through","Pummel","conspire:HitWhereItHurts","ClearTheMind","Thunderclap+1","expansioncontent:Corrupt+1","EmptyMind","StuffTheSpire:Incineration+1","FollowUp","Clothesline+1","Hallownest:attackAdjustingAction","Crescendo","Hallownest:attackMasterCycloneSlash"],"relics":["Burning Blood","Replay:Rubber Ducky","ReplayFunnel","hubris:ChampionShield","Pet Ghost","aspiration:WatcherSkillbook","Blood Vial","Replay:Baseball"],"potions_floor_usage":[16],"damage_taken":[{"damage":7,"enemies":"Small Slimes","floor":1,"turns":5},{"damage":0,"enemies":"conspire:RoseBush","floor":3,"turns":4},{"damage":0,"enemies":"Cultist","floor":5,"turns":3},{"damage":24,"enemies":"3 Sentries","floor":6,"turns":7},{"damage":0,"enemies":"conspire:2 RoseBushes","floor":8,"turns":5},{"damage":0,"enemies":"Exordium Wildlife","floor":9,"turns":7},{"damage":10,"enemies":"Exordium Wildlife","floor":10,"turns":3},{"damage":9,"enemies":"Gremlin Nob","floor":11,"turns":4},{"damage":18,"enemies":"Gremlin Nob","floor":12,"turns":4},{"damage":1,"enemies":"2 Fungi Beasts","floor":13,"turns":4},{"damage":39,"enemies":"The Guardian","floor":16,"turns":14},{"damage":3,"enemies":"Hallownest:Guard_and_Sentry","floor":18,"turns":7},{"damage":4,"enemies":"Hallownest:3_Youths","floor":19,"turns":7},{"damage":0,"enemies":"Hallownest:Warrior_and_Youth","floor":21,"turns":7},{"damage":34,"enemies":"Hallownest:Glutton_and_Coward","floor":22,"turns":6},{"damage":11,"enemies":"Hallownest:2_Husk_Sentries","floor":24,"turns":6},{"damage":16,"enemies":"Hallownest:monsterMisterMushroom","floor":25,"turns":9},{"damage":37,"enemies":"Hallownest:Glutton_and_Coward","floor":29,"turns":4}],"seed_played":"-8587462548368183341","potions_obtained":[{"floor":1,"key":"Reflective Coating"},{"floor":3,"key":"Guardian:BlockOnCardUsePotion"},{"floor":5,"key":"Swift Potion"},{"floor":13,"key":"SteroidPotion"},{"floor":16,"key":"Adrenaline Potion"}],"is_trial":false,"path_per_floor":["M","?","M","$","M","E","R","M","MIM","M","?","E","M","?","R","B",null,"M","M","$","M","M","R","M","M","T","?","?","M"],"character_chosen":"IRONCLAD","items_purchased":["Feel No Pain","expansioncontent:Corrupt","Blood Vial","EmptyMind"],"campfire_rested":0,"item_purchase_floors":[4,20,20,20],"current_hp_per_floor":[79,79,80,80,80,62,62,68,74,70,67,55,60,60,60,27,80,80,80,80,80,52,52,49,41,41,41,31,0,0],"gold":301,"neow_bonus":"","is_prod":false,"is_daily":false,"chose_seed":false,"campfire_upgraded":3,"win_rate":0.0,"timestamp":1607543526,"path_taken":["M","?","M","$","M","E","R","M","MIM","M","?","E","M","?","R","BOSS","M","M","$","M","M","R","M","M","T","?","?","M"],"build_version":"2020-11-30","purchased_purges":0,"victory":false,"max_hp_per_floor":[80,80,80,80,80,80,80,80,80,80,80,80,80,80,80,80,80,80,80,80,80,80,80,80,80,80,80,80,80,80],"card_choices":[{"not_picked":["Rage","Run Through"],"picked":"StuffTheSpire:Incineration","floor":1},{"not_picked":["Dropkick","Dual Wield"],"picked":"Fire Breathing","floor":3},{"not_picked":["Iron Wave","Perfected Strike"],"picked":"Whirlwind","floor":5},{"not_picked":["True Grit","Armaments"],"picked":"Twin Strike","floor":6},{"not_picked":["StuffTheSpire:Slingshot","Replay:Undeath\u0027s Touch","Rage"],"picked":"SKIP","floor":8},{"not_picked":["Clash","Cleave"],"picked":"Thunderclap","floor":9},{"not_picked":["Shrug It Off","Pummel"],"picked":"ReplayTheSpireMod:Stacked","floor":10},{"not_picked":["Combust","Fiend Fire"],"picked":"Life Link","floor":11},{"not_picked":["Warcry","Anger"],"picked":"Run Through","floor":12},{"not_picked":["Clothesline","Sword Boomerang"],"picked":"Pummel","floor":13},{"not_picked":["Replay:Many Hands","Bludgeon"],"picked":"conspire:HitWhereItHurts","floor":16},{"not_picked":["EmptyFist","Evaluate","Sever Soul"],"picked":"ClearTheMind","floor":18},{"not_picked":["ReplayTheSpireMod:Strike From Hell+1","Berserk","Run Through"],"picked":"Thunderclap+1","floor":19},{"not_picked":["Feel No Pain","Evaluate","CutThroughFate"],"picked":"StuffTheSpire:Incineration+1","floor":21},{"not_picked":["Wallop","Cleave","Twin Strike"],"picked":"FollowUp","floor":22},{"not_picked":["ReplayReversal","Warcry","Headbutt"],"picked":"Clothesline+1","floor":24},{"not_picked":["Abandon","StuffTheSpire:Slingshot","Iron Wave"],"picked":"Crescendo","floor":25}],"player_experience":0,"relics_obtained":[{"floor":6,"key":"Replay:Rubber Ducky"},{"floor":9,"key":"ReplayFunnel"},{"floor":11,"key":"hubris:ChampionShield"},{"floor":12,"key":"Pet Ghost"},{"floor":26,"key":"Replay:Baseball"}],"event_choices":[{"damage_healed":79,"gold_gain":0,"player_choice":"Embrace","damage_taken":0,"max_hp_gain":0,"max_hp_loss":80,"event_name":"betterThird:BetterShining","floor":2,"gold_loss":0},{"damage_healed":0,"gold_gain":0,"player_choice":"Searched \u00272\u0027 times","damage_taken":0,"max_hp_gain":0,"max_hp_loss":0,"event_name":"Dead Adventurer","floor":11,"gold_loss":0},{"damage_healed":0,"gold_gain":113,"player_choice":"GO ","damage_taken":11,"relics_obtained":[],"max_hp_gain":0,"max_hp_loss":0,"event_name":"betterSkull:BetterSkull","floor":28,"gold_loss":0,"cards_upgraded":[]}],"is_beta":false,"boss_relics":[{"not_picked":["halation:LoveArrow","Electric Blood"],"picked":"aspiration:WatcherSkillbook"}],"items_purged_floors":[],"is_endless":false,"potions_floor_spawned":[1,3,5,13,16,22,25],"killed_by":"Hallownest:Glutton_and_Coward","ascension_level":0}}