{"host":"x1qj4d8ympd5jdqh","time":1607517484,"event":{"gold_per_floor":[116,116,126,426,454,6,106,106,106,131,201,217,217,40,40,144,144,155,168,267,382,382,382,417,74,97,215,215,286,303,387,387,482,482,534,534,632,396,396,396,486,486,555,634,652,456,468,468,468,468,468,468,39,67,67],"floor_reached":56,"playtime":2311,"items_purged":["Strike_MRS","Strike_MRS","Strike_MRS","DC+1","ChargeUpSpray+1","Robbery"],"score":1351,"play_id":"cc475316-4ac7-419d-a01d-1a3b79c57eaa","local_time":"20201209213804","is_ascension_mode":true,"campfire_choices":[{"data":"MilkyWay","floor":8.0,"key":"SMITH"},{"data":"GalacticHalo","floor":13.0,"key":"SMITH"},{"data":"EnergyFlow","floor":15.0,"key":"SMITH"},{"floor":23.0,"key":"REST"},{"floor":28,"key":"REST"},{"floor":32,"key":"REST"},{"floor":40,"key":"REST"},{"floor":42,"key":"RECALL"},{"data":"MillisecondPulsars","floor":49,"key":"SMITH"},{"data":"ManaConvection","floor":52,"key":"SMITH"}],"neow_cost":"NONE","seed_source_timestamp":205630123559600,"circlet_count":0,"master_deck":["Defend_MRS+1","Defend_MRS","MasterSpark","UpSweep","MilkyWay+1","AlicesGift","EnergyFlow+1","GalacticHalo+1","Acceleration+1","ManaConvection+1","MillisecondPulsars+1","SporeBomb+1","GalacticHalo","ChargingUp+1","MilkyWay","SprinkleStarSeal+1","WitchOfGreed+1","FairyDestructionRay+1","Acceleration+1","Acceleration+1","EarthLightRay+1"],"special_seed":0,"relics":["MiniHakkero","Old Coin","SimpleLauncher","Eternal Feather","Molten Egg 2","SacredBark","Ornamental Fan","Membership Card","Pen Nib","Potion Belt","Anchor","StrikeDummy","Astrolabe","Toy Ornithopter","Calipers","CatCart","Happy Flower","Frozen Eye","Mercury Hourglass","War Paint"],"potions_floor_usage":[27,29,31,44,44,44,45,47,48,55,55,55,55,55,55,55,55],"damage_taken":[{"damage":15.0,"enemies":"Small Slimes","floor":1.0,"turns":3.0},{"damage":0.0,"enemies":"Jaw Worm","floor":3.0,"turns":3.0},{"damage":6.0,"enemies":"Cultist","floor":5.0,"turns":4.0},{"damage":9.0,"enemies":"Red Slaver","floor":10.0,"turns":4.0},{"damage":13.0,"enemies":"Lagavulin","floor":11.0,"turns":5.0},{"damage":6.0,"enemies":"Looter","floor":12.0,"turns":3.0},{"damage":14.0,"enemies":"Hexaghost","floor":16.0,"turns":6.0},{"damage":16.0,"enemies":"Spheric Guardian","floor":18.0,"turns":4.0},{"damage":14.0,"enemies":"Shell Parasite","floor":19.0,"turns":5.0},{"damage":26.0,"enemies":"Centurion and Healer","floor":21.0,"turns":4.0},{"damage":11.0,"enemies":"Gremlin Leader","floor":24.0,"turns":4.0},{"damage":34,"enemies":"Slavers","floor":27,"turns":7},{"damage":21,"enemies":"Gremlin Leader","floor":29,"turns":4},{"damage":5,"enemies":"Snecko","floor":30,"turns":4},{"damage":3,"enemies":"Colosseum Slavers","floor":31,"turns":4},{"damage":33,"enemies":"Collector","floor":33,"turns":4},{"damage":51,"enemies":"3 Darklings","floor":35,"turns":9},{"damage":0,"enemies":"3 Shapes","floor":37,"turns":6},{"damage":23,"enemies":"Sphere and 2 Shapes","floor":41,"turns":6},{"damage":0,"enemies":"Orin","floor":44,"turns":3},{"damage":32,"enemies":"Jaw Worm Horde","floor":45,"turns":4},{"damage":0,"enemies":"Spire Growth","floor":47,"turns":3},{"damage":0,"enemies":"Reptomancer","floor":48,"turns":1},{"damage":31,"enemies":"Time Eater","floor":50,"turns":5},{"damage":41,"enemies":"Shield and Spear","floor":54,"turns":6},{"damage":45,"enemies":"The Heart","floor":55,"turns":6}],"seed_played":"6484015237247356007","potions_obtained":[{"floor":1.0,"key":"SteroidPotion"},{"floor":10.0,"key":"PowerPotion"},{"floor":18.0,"key":"Swift Potion"},{"floor":21.0,"key":"Strength Potion"},{"floor":30,"key":"Fire Potion"},{"floor":33,"key":"Energy Potion"},{"floor":35,"key":"LiquidBronze"},{"floor":37,"key":"FearPotion"},{"floor":44,"key":"AttackPotion"},{"floor":47,"key":"Strength Potion"}],"is_trial":false,"path_per_floor":["M","?","M","?","M","$","?","R","T","M","E","M","R","$","R","B",null,"M","M","?","M","?","R","E","$","T","E","R","E","M","?","R","B",null,"M","?","M","$","T","R","M","R","T","?","M","$","M","E","R","B",null,"R","$","E","B",null],"character_chosen":"MARISA","items_purchased":["AlicesGift","SimpleLauncher","ManaConvection","Membership Card","GalacticHalo","Pen Nib","Swift Potion","FairyDestructionRay+1","Toy Ornithopter","PowerPotion","SteroidPotion","Weak Potion","EssenceOfSteel","SmokeBomb","Happy Flower","EntropicBrew","Frozen Eye","Mercury Hourglass"],"campfire_rested":4,"item_purchase_floors":[6,6,14,25,25,25,25,38,38,38,38,46,46,46,53,53,53,53],"current_hp_per_floor":[60,60,60,60,54,54,54,54,54,45,32,26,35,35,44,30,75,59,45,45,19,19,50,39,39,39,5,36,15,10,7,38,5,75,24,24,24,24,24,58,35,47,47,62,35,35,46,51,63,38,75,75,75,40,35],"gold":67,"neow_bonus":"THREE_CARDS","is_prod":false,"is_daily":false,"chose_seed":false,"campfire_upgraded":5,"win_rate":0,"timestamp":1607517484,"path_taken":["M","?","M","?","?","?","?","R","T","M","E","?","R","$","R","BOSS","M","M","?","M","?","R","E","$","T","E","R","E","M","?","R","BOSS","M","?","M","$","?","R","M","R","T","?","M","$","?","E","R","BOSS","R","$","E","BOSS"],"build_version":"2020-11-30","purchased_purges":6,"victory":true,"max_hp_per_floor":[75,75,75,75,75,75,75,75,75,75,75,75,75,75,75,75,75,75,75,75,75,75,75,75,75,75,75,75,75,75,75,75,75,75,75,75,75,75,75,75,75,75,75,75,75,75,75,75,75,75,75,75,75,75,75],"card_choices":[{"not_picked":["MilkyWay","6A"],"picked":"Robbery","floor":0.0},{"not_picked":["StarlightTyphoon","WitchLeyline"],"picked":"MilkyWay","floor":1.0},{"not_picked":["6A","MagicChant","PowerUp"],"picked":"SKIP","floor":3.0},{"not_picked":["GasGiant","ShootingEcho","MilkyWay"],"picked":"SKIP","floor":5.0},{"not_picked":["AsteroidBelt","WitchLeyline"],"picked":"EnergyFlow","floor":10.0},{"not_picked":["6A+1","ShootingEcho+1"],"picked":"GalacticHalo","floor":11.0},{"not_picked":["6A+1","MysteriousBeam+1"],"picked":"Acceleration","floor":12.0},{"not_picked":["MaximisePower","StarDustReverie"],"picked":"MillisecondPulsars","floor":16.0},{"not_picked":["Acceleration","SuperPerseids+1"],"picked":"SporeBomb","floor":18.0},{"not_picked":["6A+1","BlazeAway","PulseMagic"],"picked":"SKIP","floor":19.0},{"not_picked":["GrandCross+1","6A+1","Singularity"],"picked":"SKIP","floor":21.0},{"not_picked":["PropBag","SuperPerseids","FinalSpark+1"],"picked":"SKIP","floor":24.0},{"not_picked":["GasGiant","DoubleSpark+1"],"picked":"ChargingUp+1","floor":27},{"not_picked":["GalacticHalo","DarkMatter","6A+1"],"picked":"SKIP","floor":29},{"not_picked":["MachineGunSpark+1","LuminesStrike+1"],"picked":"MilkyWay","floor":30},{"not_picked":["DoubleSpark+1","StarBarrage+1"],"picked":"WitchOfGreed+1","floor":35},{"not_picked":["RefractionSpark+1","MilkyWay+1","DarkMatter"],"picked":"SKIP","floor":37},{"not_picked":["FairyDestructionRay+1","PowerUp"],"picked":"Acceleration+1","floor":41},{"not_picked":["WitchLeyline+1","DoubleSpark+1"],"picked":"Acceleration+1","floor":44},{"not_picked":["MachineGunSpark+1","UnstableBomb+1"],"picked":"EarthLightRay+1","floor":45},{"not_picked":["GrandCross+1","Acceleration","UnstableBomb+1"],"picked":"SKIP","floor":47},{"not_picked":["Robbery+1","DarkMatter+1","SatelliteIllusion"],"picked":"SKIP","floor":54}],"player_experience":1290980,"relics_obtained":[{"floor":9.0,"key":"Eternal Feather"},{"floor":11.0,"key":"Molten Egg 2"},{"floor":24.0,"key":"Ornamental Fan"},{"floor":26.0,"key":"Potion Belt"},{"floor":27,"key":"Anchor"},{"floor":29,"key":"StrikeDummy"},{"floor":39,"key":"Calipers"},{"floor":44,"key":"CatCart"},{"floor":54,"key":"War Paint"}],"event_choices":[{"damage_healed":0.0,"max_hp_gain":0.0,"max_hp_loss":0.0,"gold_gain":0.0,"event_name":"Liars Game","player_choice":"Ignored","floor":2.0,"gold_loss":0.0,"damage_taken":0.0},{"damage_healed":0.0,"max_hp_gain":0.0,"max_hp_loss":0.0,"gold_gain":0.0,"event_name":"WeMeetAgain","player_choice":"Gave Potion","floor":4.0,"gold_loss":0.0,"damage_taken":0.0,"relics_obtained":["Old Coin"]},{"damage_healed":0.0,"max_hp_gain":0.0,"max_hp_loss":0.0,"gold_gain":100.0,"event_name":"Golden Shrine","player_choice":"Pray","floor":7.0,"gold_loss":0.0,"damage_taken":0.0},{"damage_healed":0.0,"max_hp_gain":0.0,"max_hp_loss":0.0,"gold_gain":99.0,"event_name":"Nest","player_choice":"Stole From Cult","floor":20.0,"gold_loss":0.0,"damage_taken":0.0},{"damage_healed":0.0,"max_hp_gain":0.0,"max_hp_loss":0.0,"gold_gain":0.0,"event_name":"Cursed Tome","player_choice":"Ignored","floor":22.0,"gold_loss":0.0,"damage_taken":0.0},{"damage_healed":0,"gold_gain":0,"player_choice":"Fight","damage_taken":0,"max_hp_gain":0,"max_hp_loss":0,"event_name":"Colosseum","floor":31,"gold_loss":0},{"damage_healed":0,"gold_gain":0,"player_choice":"Fled From Nobs","damage_taken":0,"max_hp_gain":0,"max_hp_loss":0,"event_name":"Colosseum","floor":31,"gold_loss":0},{"damage_healed":0,"gold_gain":0,"player_choice":"Forge","damage_taken":0,"max_hp_gain":0,"max_hp_loss":0,"event_name":"Accursed Blacksmith","floor":36,"gold_loss":0,"cards_upgraded":["Acceleration"]},{"damage_healed":0,"gold_gain":0,"player_choice":"Fight","damage_taken":0,"max_hp_gain":0,"max_hp_loss":0,"event_name":"OrinTheCat","floor":44,"gold_loss":0}],"is_beta":false,"boss_relics":[{"not_picked":["Velvet Choker","Busted Crown"],"picked":"SacredBark"},{"not_picked":["BewitchedHakkero","Tiny House"],"picked":"Astrolabe"}],"items_purged_floors":[6,14,25,38,46,53],"is_endless":false,"potions_floor_spawned":[1,10,18,21,30,31,33,35,47,48],"ascension_level":2}}