{"host":"4wa3ho6pk3pud1fu","time":1607485829,"event":{"gold_per_floor":[117,292,292,292,310,310,340,340,340,25,25,25,41,59,59,59,59],"floor_reached":16,"playtime":781,"items_purged":["Strike_W"],"score":98,"play_id":"8303c0c5-4395-4006-9240-c5d0b6bd3e63","local_time":"20201208215029","is_ascension_mode":false,"campfire_choices":[{"data":"Vampiric_Strike","floor":6,"key":"SMITH"},{"floor":8,"key":"REST"},{"data":"Negative_Energy_Javelin","floor":15,"key":"SMITH"}],"neow_cost":"NONE","seed_source_timestamp":47143521255700,"circlet_count":0,"master_deck":["Strike_W","Strike_W","Strike_W","Defend_W","Defend_W","Defend_W","Negative_Energy_Arrows","Bone_Wall","Death_March_Dance+1","Doubt","Summon_Lich","Vampiric_Strike+1","Bone_Armory","Negative_Energy_Bomb","Negative_Energy_Javelin+1"],"relics":["Vampire_Amulet","InkBottle","Unceasing Top","Darkstone Periapt"],"potions_floor_usage":[14,16,16],"damage_taken":[{"damage":0,"enemies":"Small Slimes","floor":1,"turns":3},{"damage":6,"enemies":"Jaw Worm","floor":5,"turns":5},{"damage":64,"enemies":"Lagavulin","floor":7,"turns":10},{"damage":1,"enemies":"2 Louse","floor":13,"turns":4},{"damage":9,"enemies":"Looter","floor":14,"turns":3},{"damage":70,"enemies":"Fading Forest","floor":16,"turns":7}],"seed_played":"6533493108680049656","potions_obtained":[{"floor":11,"key":"DuplicationPotion"},{"floor":11,"key":"Doom Potion"},{"floor":11,"key":"GamblersBrew"},{"floor":14,"key":"EssenceOfSteel"}],"is_trial":false,"path_per_floor":["M","?","?","?","M","R","E","R","T","$","?","$","M","M","R_BF","B"],"character_chosen":"NECROMANCER","items_purchased":["Darkstone Periapt"],"campfire_rested":1,"item_purchase_floors":[10],"current_hp_per_floor":[82,82,82,82,78,78,21,45,45,45,45,45,48,44,44,0,0],"gold":59,"neow_bonus":"TEN_PERCENT_HP_BONUS","is_prod":false,"is_daily":false,"chose_seed":false,"campfire_upgraded":2,"win_rate":0.0,"timestamp":1607485829,"path_taken":["M","?","?","?","M","R","E","R","T","$","?","$","M","M","R_BF","BOSS"],"build_version":"2020-11-30","purchased_purges":1,"victory":false,"max_hp_per_floor":[82,82,82,82,82,82,82,82,82,82,82,82,82,82,82,82,82],"card_choices":[{"not_picked":["Scare","Negative_Energy_Shield"],"picked":"Death_March_Dance","floor":1},{"not_picked":["Scare","Chill_Blood"],"picked":"Vampiric_Strike","floor":5},{"not_picked":["Corrupt","Shackles_Of_Pain"],"picked":"Bone_Armory","floor":7},{"not_picked":["Negative_Energy_Sphere","Bone_Armor"],"picked":"Negative_Energy_Bomb","floor":13},{"not_picked":["Bone_Armory","Bones_to_Steel"],"picked":"Negative_Energy_Javelin","floor":14}],"player_experience":85261,"relics_obtained":[{"floor":7,"key":"InkBottle"},{"floor":9,"key":"Unceasing Top"}],"event_choices":[{"damage_healed":0,"gold_gain":175,"player_choice":"AGREE","damage_taken":0,"max_hp_gain":0,"max_hp_loss":0,"event_name":"Liars Game","floor":2,"gold_loss":0,"cards_obtained":["Doubt"]},{"damage_healed":0,"gold_gain":0,"cards_transformed":["Defend_W"],"player_choice":"Change","damage_taken":0,"max_hp_gain":0,"max_hp_loss":0,"event_name":"Living Wall","floor":3,"gold_loss":0,"cards_obtained":["Summon_Lich"]},{"damage_healed":0,"gold_gain":0,"player_choice":"Got Potions","damage_taken":0,"max_hp_gain":0,"max_hp_loss":0,"event_name":"Lab","floor":11,"gold_loss":0}],"is_beta":false,"boss_relics":[],"items_purged_floors":[10],"is_endless":false,"potions_floor_spawned":[13,14],"killed_by":"Fading Forest","ascension_level":0}}