{"host":"1637j8siz7lzgd5k","time":1607516773,"event":{"gold_per_floor":[113,126,126,126,51,79,79,79,153,166,183,202,217,117,117,191,191,164,39,89,109,109,109,109,109],"floor_reached":24,"playtime":347,"items_purged":["Strike_G","Strike_G","Strike_G"],"score":442,"play_id":"6f9d90f2-028a-40bd-bef9-d1520a56c01c","local_time":"20201209212613","is_ascension_mode":true,"campfire_choices":[{"data":"Bouncing Flask","floor":8.0,"key":"SMITH"},{"floor":15.0,"key":"REST"},{"floor":23.0,"key":"REST"}],"neow_cost":"NONE","seed_source_timestamp":2569907105000,"circlet_count":0,"master_deck":["AscendersBane","Strike_G","Defend_G","Defend_G","Defend_G","Defend_G","Defend_G","Survivor","Neutralize","Bouncing Flask+1","Distraction"],"special_seed":0,"relics":["Ring of the Snake","NeowsBlessing","Akabeko","Potion Belt","Blue Candle","Philosopher\u0027s Stone"],"potions_floor_usage":[24,24,24],"damage_taken":[{"damage":0.0,"enemies":"2 Louse","floor":1.0,"turns":1.0},{"damage":0.0,"enemies":"Jaw Worm","floor":2.0,"turns":1.0},{"damage":0.0,"enemies":"3 Sentries","floor":6.0,"turns":2.0},{"damage":0.0,"enemies":"Small Slimes","floor":10.0,"turns":3.0},{"damage":13.0,"enemies":"Gremlin Gang","floor":11.0,"turns":4.0},{"damage":1.0,"enemies":"Blue Slaver","floor":12.0,"turns":3.0},{"damage":7.0,"enemies":"Exordium Wildlife","floor":13.0,"turns":5.0},{"damage":25.0,"enemies":"The Guardian","floor":16.0,"turns":8.0},{"damage":14.0,"enemies":"2 Thieves","floor":18.0,"turns":4.0},{"damage":15.0,"enemies":"Spheric Guardian","floor":21.0,"turns":4.0},{"damage":39,"enemies":"Gremlin Leader","floor":24,"turns":7}],"seed_played":"5538553824850302708","potions_obtained":[{"floor":1.0,"key":"Poison Potion"},{"floor":2.0,"key":"PowerPotion"},{"floor":7.0,"key":"Swift Potion"},{"floor":7.0,"key":"LiquidMemories"},{"floor":12.0,"key":"FearPotion"},{"floor":16.0,"key":"Weak Potion"},{"floor":18.0,"key":"Explosive Potion"},{"floor":21.0,"key":"ColorlessPotion"}],"is_trial":false,"path_per_floor":["M","M","?","?","$","E","?","R","T","M","M","M","M","$","R","B",null,"M","$","?","M","$","R","E"],"character_chosen":"THE_SILENT","items_purchased":[],"campfire_rested":2,"item_purchase_floors":[],"current_hp_per_floor":[59,59,33,33,33,33,33,33,33,33,20,19,12,12,31,6,51,37,37,37,22,22,41,2,2],"gold":109,"neow_bonus":"THREE_ENEMY_KILL","is_prod":false,"is_daily":false,"chose_seed":false,"campfire_upgraded":1,"win_rate":0,"timestamp":1607516773,"path_taken":["M","M","?","?","?","E","?","R","T","?","M","M","M","$","R","BOSS","M","$","?","M","$","R","E"],"build_version":"2020-11-30","purchased_purges":3,"victory":false,"max_hp_per_floor":[66,66,66,66,66,66,66,66,66,66,66,66,66,66,66,66,66,66,66,66,66,66,66,66,66],"card_choices":[{"not_picked":["Concentrate","Poisoned Stab"],"picked":"Bouncing Flask","floor":1.0},{"not_picked":["Finisher","Sucker Punch","Endless Agony"],"picked":"SKIP","floor":2.0},{"not_picked":["Poisoned Stab","Prepared","Leg Sweep"],"picked":"SKIP","floor":6.0},{"not_picked":["Acrobatics","Distraction","Leg Sweep"],"picked":"SKIP","floor":10.0},{"not_picked":["Acrobatics","Blur","Flying Knee"],"picked":"SKIP","floor":11.0},{"not_picked":["Prepared","Dagger Throw","Sucker Punch"],"picked":"SKIP","floor":12.0},{"not_picked":["Blade Dance","Flying Knee","Poisoned Stab"],"picked":"SKIP","floor":13.0},{"not_picked":["Bane","Flying Knee","Prepared"],"picked":"SKIP","floor":18.0},{"not_picked":["Well Laid Plans","Blade Dance"],"picked":"Distraction","floor":21.0}],"player_experience":807470,"relics_obtained":[{"floor":6.0,"key":"Potion Belt"},{"floor":9.0,"key":"Blue Candle"}],"event_choices":[{"damage_healed":0.0,"max_hp_gain":0.0,"max_hp_loss":0.0,"gold_gain":0.0,"event_name":"Scrap Ooze","player_choice":"Success","floor":3.0,"gold_loss":0.0,"damage_taken":26.0,"relics_obtained":["Akabeko"]},{"cards_removed":["Strike_G"],"damage_healed":0.0,"max_hp_gain":0.0,"max_hp_loss":0.0,"gold_gain":0.0,"event_name":"Living Wall","player_choice":"Forget","floor":4.0,"gold_loss":0.0,"damage_taken":0.0},{"damage_healed":0.0,"max_hp_gain":0.0,"max_hp_loss":0.0,"gold_gain":0.0,"event_name":"Lab","player_choice":"Got Potions","floor":7.0,"gold_loss":0.0,"damage_taken":0.0},{"damage_healed":0.0,"max_hp_gain":0.0,"max_hp_loss":0.0,"gold_gain":50.0,"event_name":"Nest","player_choice":"Stole From Cult","floor":20.0,"gold_loss":0.0,"damage_taken":0.0}],"is_beta":false,"boss_relics":[{"not_picked":["Tiny House","Ring of the Serpent"],"picked":"Philosopher\u0027s Stone"}],"items_purged_floors":[5,14,19],"is_endless":false,"potions_floor_spawned":[1,2,12,16,18,21],"killed_by":"Gremlin Leader","ascension_level":20}}