{"host":"7pe9xwx78c6nlay8","time":1607529674,"event":{"gold_per_floor":[113,128,128,148,98,125,136,161,161,178,188,204,229,241,241,343,343,355,355,455,29,44,78,95,137,188,206,206,241,340,353,353,460,469,493,509,523,535,546,546,600,600,600],"floor_reached":42,"playtime":2291,"items_purged":["Strike_P"],"score":769,"play_id":"f995acd5-f989-4a5b-bc0a-82d3f3561ee0","local_time":"20201210000114","is_ascension_mode":true,"campfire_choices":[{"floor":15.0,"key":"REST"},{"data":"MentalFortress","floor":28.0,"key":"SMITH"},{"data":"Scrawl","floor":32.0,"key":"SMITH"},{"floor":40,"key":"REST"}],"neow_cost":"NONE","seed_source_timestamp":1197160307686300,"circlet_count":0,"master_deck":["Strike_P","Defend_P","Defend_P+1","Eruption","Vigilance+1","FollowUp","FollowUp","Prostrate","Establishment","FollowUp","MentalFortress+1","Tantrum","CutThroughFate","Consecrate","BattleHymn","SashWhip","FearNoEvil","ReachHeaven","Conclude","Scrawl+1","DevaForm","CurseOfTheBell","WaveOfTheHand","MentalFortress+1"],"special_seed":0,"relics":["Runic Pyramid","Singing Bowl","Boot","Strawberry","Meat on the Bone","SlaversCollar","Sling","Vajra","War Paint","CeramicFish","Potion Belt","Matryoshka","Calling Bell","Centennial Puzzle","Question Card","Mango","FossilizedHelix"],"potions_floor_usage":[39],"damage_taken":[{"damage":0.0,"enemies":"Jaw Worm","floor":1.0,"turns":3.0},{"damage":0.0,"enemies":"Small Slimes","floor":2.0,"turns":3.0},{"damage":0.0,"enemies":"2 Louse","floor":4.0,"turns":2.0},{"damage":4.0,"enemies":"Lagavulin","floor":6.0,"turns":4.0},{"damage":10.0,"enemies":"Lots of Slimes","floor":7.0,"turns":4.0},{"damage":8.0,"enemies":"Gremlin Nob","floor":8.0,"turns":3.0},{"damage":4.0,"enemies":"Blue Slaver","floor":10.0,"turns":3.0},{"damage":2.0,"enemies":"Large Slime","floor":11.0,"turns":3.0},{"damage":7.0,"enemies":"Looter","floor":12.0,"turns":3.0},{"damage":32.0,"enemies":"3 Sentries","floor":13.0,"turns":6.0},{"damage":15.0,"enemies":"3 Louse","floor":14.0,"turns":2.0},{"damage":0.0,"enemies":"Slime Boss","floor":16.0,"turns":6.0},{"damage":14.0,"enemies":"Shell Parasite","floor":18.0,"turns":5.0},{"damage":2.0,"enemies":"Chosen","floor":22.0,"turns":4.0},{"damage":35.0,"enemies":"Slavers","floor":23.0,"turns":4.0},{"damage":6.0,"enemies":"Centurion and Healer","floor":24.0,"turns":4.0},{"damage":1.0,"enemies":"Gremlin Leader","floor":25.0,"turns":2.0},{"damage":20.0,"enemies":"Slavers","floor":29.0,"turns":3.0},{"damage":4.0,"enemies":"Chosen and Byrds","floor":31.0,"turns":3.0},{"damage":14.0,"enemies":"Collector","floor":33.0,"turns":5.0},{"damage":39.0,"enemies":"3 Shapes","floor":35.0,"turns":5.0},{"damage":12.0,"enemies":"3 Darklings","floor":36.0,"turns":3.0},{"damage":42.0,"enemies":"4 Shapes","floor":37.0,"turns":7.0},{"damage":29.0,"enemies":"Jaw Worm Horde","floor":38.0,"turns":4.0},{"damage":30,"enemies":"3 Darklings","floor":39,"turns":4},{"damage":46,"enemies":"2 Orb Walkers","floor":41,"turns":4},{"damage":25,"enemies":"Reptomancer","floor":42,"turns":2}],"seed_played":"8862402881098304053","potions_obtained":[{"floor":4.0,"key":"EssenceOfSteel"},{"floor":7.0,"key":"GamblersBrew"},{"floor":10.0,"key":"Regen Potion"},{"floor":12.0,"key":"PowerPotion"},{"floor":13.0,"key":"Ambrosia"},{"floor":14.0,"key":"AttackPotion"},{"floor":18.0,"key":"AttackPotion"},{"floor":24.0,"key":"SpeedPotion"},{"floor":31.0,"key":"Regen Potion"},{"floor":33.0,"key":"Block Potion"},{"floor":35.0,"key":"Ancient Potion"},{"floor":38.0,"key":"BlessingOfTheForge"},{"floor":41,"key":"FearPotion"}],"is_trial":false,"path_per_floor":["M","M","?","M","?","E","M","E","T","M","M","M","E","M","R","B",null,"M","?","?","$","M","E","M","E","T","?","R","E","?","M","R","B",null,"M","M","M","M","M","R","?","E"],"character_chosen":"WATCHER","items_purchased":["Sling","Consecrate","Vajra"],"campfire_rested":2,"item_purchase_floors":[21,21,21],"current_hp_per_floor":[65,65,58,58,58,54,44,38,45,41,41,36,16,15,41,55,81,67,50,50,50,48,25,31,42,42,42,42,36,36,46,46,44,99,60,62,34,31,15,51,17,0,0],"gold":600,"neow_bonus":"BOSS_RELIC","is_prod":false,"is_daily":false,"chose_seed":false,"campfire_upgraded":2,"win_rate":0,"timestamp":1607529674,"path_taken":["M","M","?","M","?","E","M","E","T","M","M","M","E","M","R","BOSS","M","?","?","$","M","E","?","E","T","?","R","E","?","M","R","BOSS","M","M","M","M","M","R","?","E"],"build_version":"2020-11-30","purchased_purges":1,"victory":false,"max_hp_per_floor":[72,72,72,72,72,72,72,74,81,81,83,85,85,87,87,89,89,89,94,94,94,94,94,94,94,94,94,94,96,96,98,98,98,112,112,114,116,118,120,120,120,120,120],"card_choices":[{"not_picked":["LikeWater","Evaluate"],"picked":"FollowUp","floor":1.0},{"not_picked":["FlyingSleeves","Vengeance"],"picked":"FollowUp","floor":2.0},{"not_picked":["JustLucky","Sanctity"],"picked":"Prostrate","floor":4.0},{"not_picked":["CrushJoints","Perseverance"],"picked":"Establishment","floor":6.0},{"not_picked":["LikeWater","ClearTheMind"],"picked":"FollowUp","floor":7.0},{"not_picked":["Brilliance","Sanctity","EmptyBody"],"picked":"Singing Bowl","floor":8.0},{"not_picked":["WreathOfFlame","FlurryOfBlows"],"picked":"MentalFortress","floor":10.0},{"not_picked":["FlurryOfBlows","Fasting2","InnerPeace"],"picked":"Singing Bowl","floor":11.0},{"not_picked":["LikeWater","Indignation","WheelKick"],"picked":"Singing Bowl","floor":12.0},{"not_picked":["Conclude","EmptyFist"],"picked":"Tantrum","floor":13.0},{"not_picked":["BowlingBash","Consecrate","CrushJoints"],"picked":"Singing Bowl","floor":14.0},{"not_picked":["ConjureBlade","Judgement","Brilliance"],"picked":"Singing Bowl","floor":16.0},{"not_picked":["Worship","WreathOfFlame+1"],"picked":"CutThroughFate","floor":18.0},{"not_picked":["EmptyBody","Protect"],"picked":"BattleHymn","floor":22.0},{"not_picked":["SignatureMove","Brilliance"],"picked":"SashWhip","floor":23.0},{"not_picked":["JustLucky","Crescendo+1"],"picked":"FearNoEvil","floor":24.0},{"not_picked":["DeceiveReality+1","WindmillStrike"],"picked":"ReachHeaven","floor":25.0},{"not_picked":["BattleHymn","TalkToTheHand","Evaluate"],"picked":"Singing Bowl","floor":29.0},{"not_picked":["Tantrum","SashWhip","Fasting2+1"],"picked":"Singing Bowl","floor":31.0},{"not_picked":["Establishment","Blasphemy"],"picked":"DevaForm","floor":33.0},{"not_picked":["SignatureMove+1","Perseverance","PathToVictory+1"],"picked":"WaveOfTheHand","floor":35.0},{"not_picked":["WaveOfTheHand+1","EmptyBody+1","Vengeance","Halt"],"picked":"Singing Bowl","floor":36.0},{"not_picked":["Wireheading+1","FlurryOfBlows","FearNoEvil+1","BowlingBash+1"],"picked":"Singing Bowl","floor":37.0},{"not_picked":["ThirdEye+1","Collect","Protect","FlyingSleeves+1"],"picked":"Singing Bowl","floor":38.0},{"not_picked":["Halt+1","CrushJoints","SashWhip","BowlingBash"],"picked":"Singing Bowl","floor":39},{"not_picked":["Wish","EmptyBody","EmptyFist"],"picked":"MentalFortress+1","floor":41}],"player_experience":1475466,"relics_obtained":[{"floor":6.0,"key":"Singing Bowl"},{"floor":8.0,"key":"Boot"},{"floor":9.0,"key":"Strawberry"},{"floor":13.0,"key":"Meat on the Bone"},{"floor":23.0,"key":"War Paint"},{"floor":25.0,"key":"CeramicFish"},{"floor":26.0,"key":"Potion Belt"},{"floor":29.0,"key":"Matryoshka"},{"floor":34.0,"key":"Centennial Puzzle"},{"floor":34.0,"key":"Question Card"},{"floor":34.0,"key":"Mango"},{"floor":41,"key":"FossilizedHelix"}],"event_choices":[{"cards_removed":["Defend_P"],"damage_healed":0.0,"max_hp_gain":0.0,"max_hp_loss":0.0,"gold_gain":0.0,"event_name":"Golden Wing","player_choice":"Card Removal","floor":3.0,"gold_loss":0.0,"damage_taken":7.0},{"cards_removed":["Strike_P"],"damage_healed":0.0,"max_hp_gain":0.0,"max_hp_loss":0.0,"gold_gain":0.0,"event_name":"The Cleric","player_choice":"Card Removal","floor":5.0,"gold_loss":50.0,"damage_taken":0.0},{"damage_healed":0.0,"max_hp_gain":5.0,"max_hp_loss":0.0,"gold_gain":0.0,"event_name":"Forgotten Altar","player_choice":"Shed Blood","floor":19.0,"gold_loss":0.0,"damage_taken":22.0},{"damage_healed":0.0,"max_hp_gain":0.0,"max_hp_loss":0.0,"gold_gain":100.0,"event_name":"Golden Shrine","player_choice":"Pray","floor":20.0,"gold_loss":0.0,"damage_taken":0.0},{"damage_healed":0.0,"max_hp_gain":0.0,"max_hp_loss":0.0,"gold_gain":0.0,"cards_transformed":["Strike_P","Defend_P"],"event_name":"Drug Dealer","player_choice":"Became Test Subject","floor":27.0,"gold_loss":0.0,"damage_taken":0.0,"cards_obtained":["Conclude","Scrawl"]},{"damage_healed":0.0,"max_hp_gain":0.0,"max_hp_loss":0.0,"gold_gain":99.0,"event_name":"Nest","player_choice":"Stole From Cult","floor":30.0,"gold_loss":0.0,"damage_taken":0.0},{"damage_healed":0,"gold_gain":0,"player_choice":"Fight","damage_taken":0,"max_hp_gain":0,"max_hp_loss":0,"event_name":"Mysterious Sphere","floor":41,"gold_loss":0}],"is_beta":false,"boss_relics":[{"not_picked":["Pandora\u0027s Box","Astrolabe"],"picked":"SlaversCollar"},{"not_picked":["Runic Dome","Tiny House"],"picked":"Calling Bell"}],"items_purged_floors":[21],"is_endless":false,"potions_floor_spawned":[4,7,10,12,13,14,18,24,31,33,35,38,41],"killed_by":"Reptomancer","ascension_level":6}}