{"host":"by8i6f8xc0ywpsd5","time":1607520057,"event":{"gold_per_floor":[110,285,285,285,300,300,3,36,36,55,67,94,114,142,142,142,142],"floor_reached":16,"playtime":807,"items_purged":[],"score":272,"play_id":"fe9b8795-7df3-4dac-848e-fd7bc6f7bd53","local_time":"20201209152057","is_ascension_mode":true,"campfire_choices":[{"data":"EmptyFist","floor":6,"key":"SMITH"},{"data":"Study","floor":15,"key":"SMITH"}],"neow_cost":"NONE","seed_source_timestamp":2083358785765500,"circlet_count":0,"master_deck":["AscendersBane","Strike_P","Strike_P","Strike_P","Defend_P","Defend_P","Defend_P","Defend_P","Eruption","Vigilance","EmptyFist+1","Protect","Study+1","FlurryOfBlows","MentalFortress","FlurryOfBlows"],"special_seed":0,"relics":["PureWater","Bird Faced Urn","PreservedInsect","WingedGreaves","Art of War","Singing Bowl"],"potions_floor_usage":[11,12,16],"damage_taken":[{"damage":4.0,"enemies":"Small Slimes","floor":1.0,"turns":3.0},{"damage":1,"enemies":"2 Louse","floor":5,"turns":3},{"damage":31,"enemies":"Lagavulin","floor":8,"turns":10},{"damage":0,"enemies":"Cultist","floor":10,"turns":3},{"damage":0,"enemies":"Lots of Slimes","floor":11,"turns":7},{"damage":0,"enemies":"Gremlin Nob","floor":12,"turns":2},{"damage":15,"enemies":"Exordium Wildlife","floor":13,"turns":4},{"damage":0,"enemies":"Lagavulin","floor":14,"turns":5},{"damage":38,"enemies":"Hexaghost","floor":16,"turns":12}],"seed_played":"368797623035010130","potions_obtained":[{"floor":5,"key":"SpeedPotion"},{"floor":8,"key":"SkillPotion"},{"floor":11,"key":"AttackPotion"},{"floor":14,"key":"Dexterity Potion"}],"is_trial":false,"path_per_floor":["M","?","?","?","M","R","$","E","T","M","M","E","M","E","R","B"],"character_chosen":"WATCHER","items_purchased":["Bird Faced Urn"],"campfire_rested":0,"item_purchase_floors":[7],"current_hp_per_floor":[68,68,68,68,67,67,67,36,36,36,38,38,27,33,33,0,0],"gold":142,"neow_bonus":"TEN_PERCENT_HP_BONUS","is_prod":false,"is_daily":false,"chose_seed":false,"campfire_upgraded":2,"win_rate":0,"timestamp":1607520057,"path_taken":["M","?","?","?","M","R","$","E","T","M","?","E","M","E","R","BOSS"],"build_version":"2020-11-30","purchased_purges":0,"victory":false,"max_hp_per_floor":[79,79,79,79,79,79,79,79,79,79,79,79,79,81,81,81,81],"relic_stats":{"Singing Bowl":2,"counters":[9,49],"Bird Faced Urn":[14],"PreservedInsect":52,"Art of War":[4],"obtain_stats":[{"Singing Bowl":14,"Bird Faced Urn":7,"PreservedInsect":8,"WingedGreaves":9,"Art of War":12,"PureWater":0},{"Singing Bowl":8,"Bird Faced Urn":2,"PreservedInsect":3,"WingedGreaves":3,"Art of War":6,"PureWater":0},{"Singing Bowl":37,"Bird Faced Urn":6,"PreservedInsect":16,"WingedGreaves":16,"Art of War":28,"PureWater":0}]},"card_choices":[{"not_picked":["BowlingBash","FollowUp"],"picked":"EmptyFist","floor":1.0},{"not_picked":["FollowUp","CrushJoints","Fasting2"],"picked":"SKIP","floor":5},{"not_picked":["Weave","Nirvana"],"picked":"Protect","floor":8},{"not_picked":["Collect","FlurryOfBlows"],"picked":"Study","floor":10},{"not_picked":["Study","Swivel"],"picked":"FlurryOfBlows","floor":11},{"not_picked":["FlurryOfBlows","Crescendo"],"picked":"MentalFortress","floor":12},{"not_picked":["Consecrate","SignatureMove"],"picked":"FlurryOfBlows","floor":13},{"not_picked":["Evaluate","EmptyBody","Prostrate"],"picked":"Singing Bowl","floor":14}],"player_experience":1621215,"relics_obtained":[{"floor":8,"key":"PreservedInsect"},{"floor":9,"key":"WingedGreaves"},{"floor":12,"key":"Art of War"},{"floor":14,"key":"Singing Bowl"}],"event_choices":[{"damage_healed":0.0,"max_hp_gain":0.0,"max_hp_loss":0.0,"gold_gain":175.0,"event_name":"Liars Game","player_choice":"AGREE","floor":2.0,"gold_loss":0.0,"damage_taken":0.0,"cards_obtained":["Doubt"]},{"cards_removed":["Doubt"],"damage_healed":0,"gold_gain":0,"player_choice":"Forget","damage_taken":0,"max_hp_gain":0,"max_hp_loss":0,"event_name":"Living Wall","floor":3,"gold_loss":0},{"cards_removed":["Strike_P"],"damage_healed":0,"gold_gain":0,"player_choice":"Purged","damage_taken":0,"max_hp_gain":0,"max_hp_loss":0,"event_name":"Purifier","floor":4,"gold_loss":0}],"is_beta":false,"boss_relics":[],"items_purged_floors":[],"is_endless":false,"potions_floor_spawned":[5,8,11,14],"killed_by":"Hexaghost","ascension_level":12}}