{"host":"zxgdr4fkkh57nqy4","time":1607511230,"event":{"gold_per_floor":[112,123,48,68,83,98,98,98,98],"floor_reached":8,"playtime":551,"items_purged":["TheCursedMod:Strike_TheCursed"],"score":50,"play_id":"0053149d-6b20-46d0-87ed-5c28d1e43a18","local_time":"20201209185350","is_ascension_mode":false,"campfire_choices":[{"floor":7,"key":"REST"}],"neow_cost":"TEN_PERCENT_HP_LOSS","seed_source_timestamp":0,"circlet_count":0,"master_deck":["TheCursedMod:Strike_TheCursed","TheCursedMod:Strike_TheCursed","TheCursedMod:Strike_TheCursed","TheCursedMod:Defend_TheCursed","TheCursedMod:Defend_TheCursed","TheCursedMod:Defend_TheCursed","TheCursedMod:Defend_TheCursed","TheCursedMod:CursedWand","TheCursedMod:CleanUpWorkshop","TheCursedMod:Dregs","Chrysalis","TheCursedMod:PrepareRite","TheCursedMod:SpitefulPlan","TheCursedMod:SmokeScreen","TheCursedMod:CircleOfBlood"],"special_seed":0,"relics":["TheCursedMod:BlackMagic101","LetterFromLob"],"potions_floor_usage":[],"damage_taken":[{"damage":0.0,"enemies":"2 Louse","floor":1.0,"turns":2.0},{"damage":10.0,"enemies":"Small Slimes","floor":2.0,"turns":6.0},{"damage":4.0,"enemies":"Cultist","floor":4.0,"turns":5.0},{"damage":1.0,"enemies":"Red Slaver","floor":5.0,"turns":3.0},{"damage":37,"enemies":"Large Slime","floor":6,"turns":12},{"damage":28,"enemies":"Gremlin Nob","floor":8,"turns":5}],"seed_played":"7252672102885708142","potions_obtained":[{"floor":1.0,"key":"FearPotion"}],"is_trial":false,"path_per_floor":["M","M","$","M","M","M","R","E"],"character_chosen":"THE_CURSED","items_purchased":[],"campfire_rested":1,"item_purchase_floors":[],"current_hp_per_floor":[68,58,58,54,53,16,36,10,10],"gold":98,"neow_bonus":"RANDOM_COLORLESS_2","is_prod":false,"is_daily":false,"chose_seed":false,"campfire_upgraded":0,"win_rate":0.0,"timestamp":1607511230,"path_taken":["M","M","$","M","M","M","R","E"],"build_version":"2020-11-30","purchased_purges":1,"victory":false,"max_hp_per_floor":[68,68,68,68,68,68,68,68,68],"card_choices":[{"not_picked":["Panache","HandOfGreed"],"picked":"Chrysalis","floor":0.0},{"not_picked":["TheCursedMod:TroublousMinions","TheCursedMod:SmokeScreen"],"picked":"TheCursedMod:PrepareRite","floor":1.0},{"not_picked":["TheCursedMod:Stretching","TheCursedMod:Torture"],"picked":"TheCursedMod:SpitefulPlan","floor":2.0},{"not_picked":["TheCursedMod:Mangle","TheCursedMod:CursedMace"],"picked":"TheCursedMod:SmokeScreen","floor":4.0},{"not_picked":["TheCursedMod:CursedMace","TheCursedMod:FuryStrike","TheCursedMod:TacticalStrike"],"picked":"SKIP","floor":5.0},{"not_picked":["TheCursedMod:CursedArmor","TheCursedMod:ManaBullet"],"picked":"TheCursedMod:CircleOfBlood","floor":6}],"player_experience":479142,"relics_obtained":[{"floor":1.0,"key":"LetterFromLob"}],"event_choices":[],"is_beta":false,"boss_relics":[],"items_purged_floors":[3],"is_endless":false,"potions_floor_spawned":[1],"killed_by":"Gremlin Nob","ascension_level":0}}