{"host":"7bu9q13m6bmpbxjk","time":1607510924,"event":{"gold_per_floor":[113,130,130,142,107,107,118,118,169,169,188,232,259,271,271,383,383,410,439,462,481,490,490,510,510,535,558,558,558,558],"floor_reached":29,"playtime":1371,"items_purged":[],"score":281,"play_id":"722919d0-7e35-407d-858b-3bac9f9b6e7d","local_time":"20201209114844","is_ascension_mode":false,"campfire_choices":[{"data":"PathToVictory","floor":6,"key":"SMITH"},{"data":"PathToVictory","floor":8,"key":"SMITH"},{"data":"Eruption","floor":10,"key":"SMITH"},{"floor":15,"key":"REST"},{"floor":23,"key":"REST"},{"floor":25,"key":"REST"}],"neow_cost":"NONE","seed_source_timestamp":13805063490000,"circlet_count":0,"master_deck":["Strike_P","Strike_P","Strike_P","Strike_P","Defend_P","Defend_P","Defend_P","Defend_P","Eruption+1","Vigilance","Protect","PathToVictory+1","Protect","Prostrate","BattleHymn","PathToVictory+1","TalkToTheHand","Pray","Judgement","Establishment","SandsOfTime","Protect","Worship","Wallop","Eruption"],"relics":["PureWater","CeramicFish","Juzu Bracelet","SlaversCollar","Bag of Preparation"],"potions_floor_usage":[11,12,19,24],"damage_taken":[{"damage":2,"enemies":"2 Louse","floor":1,"turns":3},{"damage":1,"enemies":"Cultist","floor":2,"turns":6},{"damage":2,"enemies":"Jaw Worm","floor":4,"turns":6},{"damage":10,"enemies":"Looter","floor":7,"turns":4},{"damage":13,"enemies":"3 Louse","floor":11,"turns":3},{"damage":6,"enemies":"3 Sentries","floor":12,"turns":6},{"damage":13,"enemies":"Large Slime","floor":13,"turns":4},{"damage":0,"enemies":"Looter","floor":14,"turns":2},{"damage":0,"enemies":"Slime Boss","floor":16,"turns":6},{"damage":0,"enemies":"Spheric Guardian","floor":18,"turns":1},{"damage":41,"enemies":"2 Thieves","floor":19,"turns":4},{"damage":22,"enemies":"3 Cultists","floor":20,"turns":5},{"damage":8,"enemies":"Centurion and Healer","floor":21,"turns":6},{"damage":30,"enemies":"Cultist and Chosen","floor":24,"turns":8},{"damage":16,"enemies":"Snecko","floor":27,"turns":5},{"damage":19,"enemies":"Shelled Parasite and Fungi","floor":29,"turns":5}],"seed_played":"4474880093152286874","potions_obtained":[{"floor":2,"key":"AttackPotion"},{"floor":3,"key":"Regen Potion"},{"floor":3,"key":"SkillPotion"},{"floor":21,"key":"Fire Potion"}],"is_trial":false,"path_per_floor":["M","M","?","M","$","R","M","R","T","R","M","E","M","M","R","B",null,"M","M","M","M","?","R","M","R","T","M","?","M"],"character_chosen":"WATCHER","items_purchased":["BattleHymn"],"campfire_rested":3,"item_purchase_floors":[5],"current_hp_per_floor":[70,69,69,67,67,67,57,57,57,57,44,38,25,25,46,46,72,72,40,18,10,10,31,1,22,22,6,6,0,0],"gold":558,"neow_bonus":"THREE_CARDS","is_prod":false,"is_daily":false,"chose_seed":false,"campfire_upgraded":3,"win_rate":0,"timestamp":1607510924,"path_taken":["M","M","?","M","$","R","M","R","T","R","M","E","M","M","R","BOSS","M","M","M","M","?","R","M","R","T","M","?","M"],"build_version":"2020-11-30","purchased_purges":0,"victory":false,"max_hp_per_floor":[72,72,72,72,72,72,72,72,72,72,72,72,72,72,72,72,72,72,72,72,72,72,72,72,72,72,72,72,72,72],"relic_stats":{"counters":[16,74],"CeramicFish":90,"Juzu Bracelet":1,"Bag of Preparation":[2],"obtain_stats":[{"SlaversCollar":17,"CeramicFish":9,"Juzu Bracelet":12,"Bag of Preparation":28,"PureWater":0},{"SlaversCollar":9,"CeramicFish":4,"Juzu Bracelet":6,"Bag of Preparation":15,"PureWater":0},{"SlaversCollar":40,"CeramicFish":19,"Juzu Bracelet":28,"Bag of Preparation":69,"PureWater":0}]},"card_choices":[{"not_picked":["Pray","Crescendo"],"picked":"Protect","floor":0},{"not_picked":["FollowUp","EmptyFist"],"picked":"PathToVictory","floor":1},{"not_picked":["Nirvana","Halt"],"picked":"Protect","floor":2},{"not_picked":["Pray","BowlingBash"],"picked":"Prostrate","floor":4},{"not_picked":["FlurryOfBlows","WaveOfTheHand"],"picked":"PathToVictory","floor":7},{"not_picked":["Halt","SashWhip"],"picked":"TalkToTheHand","floor":11},{"not_picked":["Vengeance","JustLucky"],"picked":"Pray","floor":12},{"not_picked":["Prostrate","Adaptation"],"picked":"Judgement","floor":13},{"not_picked":["SashWhip","WaveOfTheHand","BowlingBash"],"picked":"SKIP","floor":14},{"not_picked":["Wish","Scrawl"],"picked":"Establishment","floor":16},{"not_picked":["Halt","InnerPeace"],"picked":"SandsOfTime","floor":18},{"not_picked":["JustLucky","SashWhip"],"picked":"Protect","floor":19},{"not_picked":["EmptyFist","Wallop"],"picked":"Worship","floor":20},{"not_picked":["EmptyFist","CrushJoints"],"picked":"Wallop","floor":21},{"not_picked":["CrushJoints","JustLucky+1","Consecrate"],"picked":"SKIP","floor":24},{"not_picked":["Ragnarok","CutThroughFate+1"],"picked":"FlurryOfBlows+1","floor":27}],"player_experience":501974,"relics_obtained":[{"floor":9,"key":"CeramicFish"},{"floor":12,"key":"Juzu Bracelet"}],"event_choices":[{"damage_healed":0,"gold_gain":0,"player_choice":"Got Potions","damage_taken":0,"max_hp_gain":0,"max_hp_loss":0,"event_name":"Lab","floor":3,"gold_loss":0},{"damage_healed":0,"gold_gain":0,"player_choice":"1 cards matched","damage_taken":0,"max_hp_gain":0,"max_hp_loss":0,"event_name":"Match and Keep!","floor":22,"gold_loss":0,"cards_obtained":["Eruption"]},{"cards_removed":["FlurryOfBlows"],"damage_healed":0,"gold_gain":0,"player_choice":"Gave Card","damage_taken":0,"relics_obtained":["Bag of Preparation"],"max_hp_gain":0,"max_hp_loss":0,"event_name":"WeMeetAgain","floor":28,"gold_loss":0}],"is_beta":false,"boss_relics":[{"not_picked":["Ectoplasm","Black Star"],"picked":"SlaversCollar"}],"items_purged_floors":[],"is_endless":false,"potions_floor_spawned":[2,4,7,21],"killed_by":"Shelled Parasite and Fungi","ascension_level":0}}