{"host":"jm9833yuloeli2yd","time":1607542647,"event":{"gold_per_floor":[16,16,16,27,39,65,65,79,79,114,114,4,34,51,51,124,124,139,159,27,27,27],"floor_reached":21,"playtime":497,"items_purged":[],"score":398,"play_id":"9726a923-5703-4635-963a-485f1f74ef94","local_time":"20201209143727","is_ascension_mode":true,"campfire_choices":[{"data":"Apotheosis","floor":7.0,"key":"SMITH"},{"floor":15,"key":"REST"}],"neow_cost":"NO_GOLD","seed_source_timestamp":768621117583500,"circlet_count":0,"master_deck":["AscendersBane","Defend_B","Defend_B","Defend_B","Defend_B","Zap","Dualcast","Apotheosis+1","Hello World","Rebound","Sweeping Beam","Ball Lightning","Defragment+1","Steam","Go for the Eyes","Conserve Battery","Loop","Amplify","Hyperbeam+1","Thunder Strike+1","Amplify+1","Cold Snap+1","Steam","Self Repair","Leap"],"special_seed":0,"relics":["Cracked Core","DataDisk","Blue Candle","Torii","Dream Catcher","Astrolabe"],"potions_floor_usage":[14],"damage_taken":[{"damage":9.0,"enemies":"2 Louse","floor":1.0,"turns":3.0},{"damage":0.0,"enemies":"Cultist","floor":4.0,"turns":3.0},{"damage":3.0,"enemies":"Small Slimes","floor":5.0,"turns":4.0},{"damage":16.0,"enemies":"Lagavulin","floor":6.0,"turns":6.0},{"damage":6.0,"enemies":"Exordium Thugs","floor":8.0,"turns":3.0},{"damage":10.0,"enemies":"Gremlin Nob","floor":10.0,"turns":3.0},{"damage":3,"enemies":"3 Sentries","floor":13,"turns":5},{"damage":7,"enemies":"Lots of Slimes","floor":14,"turns":2},{"damage":28,"enemies":"Slime Boss","floor":16,"turns":6},{"damage":26,"enemies":"Shell Parasite","floor":18,"turns":5},{"damage":27,"enemies":"Chosen","floor":19,"turns":5},{"damage":0,"enemies":"Sentry and Sphere","floor":21,"turns":2}],"seed_played":"-4708562197557799731","potions_obtained":[{"floor":4.0,"key":"Swift Potion"},{"floor":5.0,"key":"Block Potion"},{"floor":14,"key":"Dexterity Potion"},{"floor":19,"key":"FearPotion"}],"is_trial":false,"path_per_floor":["M","?","$","M","M","E","R","M","T","E","?","$","E","M","R","B",null,"M","M","$","M"],"character_chosen":"DEFECT","items_purchased":["AttackPotion","Go for the Eyes","Self Repair","Leap"],"campfire_rested":1,"item_purchase_floors":[12,12,20,20],"current_hp_per_floor":[55,55,55,55,52,36,36,30,30,20,20,20,17,10,31,3,54,28,1,1,1,1],"gold":27,"neow_bonus":"RANDOM_COLORLESS_2","is_prod":false,"is_daily":false,"chose_seed":false,"campfire_upgraded":1,"win_rate":0,"timestamp":1607542647,"path_taken":["M","?","$","M","?","E","R","M","T","E","?","$","E","?","R","BOSS","M","M","$","?"],"build_version":"2020-11-30","purchased_purges":0,"victory":false,"max_hp_per_floor":[71,71,71,71,71,71,71,71,71,71,71,71,71,71,71,71,71,71,71,71,71,71],"card_choices":[{"not_picked":["Violence","Secret Weapon"],"picked":"Apotheosis","floor":0.0},{"not_picked":["Steam Power","Auto Shields"],"picked":"Hello World","floor":1.0},{"not_picked":["Force Field","Hello World"],"picked":"Rebound","floor":4.0},{"not_picked":["Barrage","Melter"],"picked":"Sweeping Beam","floor":5.0},{"not_picked":["Sweeping Beam","Force Field"],"picked":"Ball Lightning","floor":6.0},{"not_picked":["Lockon","Redo"],"picked":"Defragment","floor":8.0},{"not_picked":["Tempest","Barrage"],"picked":"Steam","floor":10.0},{"not_picked":["Turbo","Thunder Strike"],"picked":"Conserve Battery","floor":13},{"not_picked":["Chaos","Beam Cell","Go for the Eyes"],"picked":"SKIP","floor":14},{"not_picked":["Doom and Gloom","Turbo"],"picked":"Loop","floor":15},{"not_picked":["Rainbow","All For One"],"picked":"Amplify","floor":16},{"not_picked":["Leap+1","Steam Power"],"picked":"Cold Snap+1","floor":18},{"not_picked":["BootSequence","Stack"],"picked":"Steam","floor":19}],"player_experience":982883,"relics_obtained":[{"floor":6.0,"key":"DataDisk"},{"floor":9.0,"key":"Blue Candle"},{"floor":10.0,"key":"Torii"},{"floor":13,"key":"Dream Catcher"}],"event_choices":[{"cards_removed":["Strike_B"],"damage_healed":0.0,"max_hp_gain":0.0,"max_hp_loss":0.0,"gold_gain":0.0,"event_name":"Purifier","player_choice":"Purged","floor":2.0,"gold_loss":0.0,"damage_taken":0.0},{"damage_healed":0.0,"max_hp_gain":0.0,"max_hp_loss":0.0,"gold_gain":0.0,"event_name":"Upgrade Shrine","player_choice":"Upgraded","floor":11.0,"gold_loss":0.0,"damage_taken":0.0,"cards_upgraded":["Defragment"]}],"is_beta":false,"boss_relics":[{"not_picked":["SacredBark","Runic Pyramid"],"picked":"Astrolabe"}],"items_purged_floors":[],"is_endless":false,"potions_floor_spawned":[4,5,14,19],"killed_by":"Sentry and Sphere","ascension_level":20}}