{"host":"6bsan6hkua32tfq7","time":1607506532,"event":{"gold_per_floor":[114,131,131,143,58,58,58,93,93,109,109,124,20,56,56,147,147,161,177,177,227,248,248,248],"floor_reached":23,"playtime":662,"items_purged":["Strike_R"],"score":402,"play_id":"db465525-c7c6-47da-8d23-3ef72f742d6b","local_time":"20201209103532","is_ascension_mode":true,"campfire_choices":[{"data":"Rampage","floor":6,"key":"SMITH"},{"data":"Searing Blow+1","floor":11,"key":"SMITH"},{"data":"True Grit","floor":15,"key":"SMITH"}],"neow_cost":"TEN_PERCENT_HP_LOSS","seed_source_timestamp":152627668659000,"circlet_count":0,"master_deck":["AscendersBane","Strike_R","Strike_R","Defend_R","Defend_R","Bash","Heavy Blade","Clothesline","Infernal Blade","Fire Breathing","Rampage+1","Fire Breathing","Searing Blow+2","Reaper+1","True Grit+1","Feed+1","Sword Boomerang+1","Hemokinesis+1","Spot Weakness+1","Metallicize+1"],"relics":["Burning Blood","Lizard Tail","Golden Idol","Molten Egg 2","TungstenRod","White Beast Statue","Astrolabe"],"potions_floor_usage":[14,19,22,23],"damage_taken":[{"damage":6,"enemies":"Cultist","floor":1,"turns":3},{"damage":1,"enemies":"2 Louse","floor":2,"turns":2},{"damage":13,"enemies":"Small Slimes","floor":4,"turns":3},{"damage":45,"enemies":"3 Sentries","floor":8,"turns":5},{"damage":7,"enemies":"2 Fungi Beasts","floor":10,"turns":4},{"damage":9,"enemies":"Looter","floor":12,"turns":3},{"damage":35,"enemies":"Lagavulin","floor":14,"turns":8},{"damage":65,"enemies":"The Guardian","floor":16,"turns":16},{"damage":28,"enemies":"Shell Parasite","floor":18,"turns":4},{"damage":21,"enemies":"2 Thieves","floor":19,"turns":4},{"damage":36,"enemies":"Snake Plant","floor":22,"turns":5},{"damage":23,"enemies":"Book of Stabbing","floor":23,"turns":3}],"seed_played":"461658988689840720","potions_obtained":[{"floor":4,"key":"SteroidPotion"},{"floor":10,"key":"Strength Potion"},{"floor":12,"key":"FairyPotion"},{"floor":16,"key":"FearPotion"},{"floor":18,"key":"Weak Potion"},{"floor":19,"key":"BlessingOfTheForge"},{"floor":22,"key":"Swift Potion"}],"is_trial":false,"path_per_floor":["M","M","?","M","$","R","?","E","T","M","R","M","$","E","R","B",null,"M","M","?","?","M","E"],"character_chosen":"IRONCLAD","items_purchased":["Rampage","True Grit"],"campfire_rested":0,"item_purchase_floors":[5,13],"current_hp_per_floor":[68,68,68,61,61,61,61,22,22,21,21,18,18,24,24,12,50,37,31,43,43,22,0,0],"gold":248,"neow_bonus":"ONE_RARE_RELIC","is_prod":false,"is_daily":false,"chose_seed":false,"campfire_upgraded":3,"win_rate":0,"timestamp":1607506532,"path_taken":["M","?","?","?","?","R","?","E","T","M","R","M","$","E","R","BOSS","M","M","?","?","?","E"],"build_version":"2020-11-30","purchased_purges":1,"victory":false,"max_hp_per_floor":[68,68,68,68,68,68,62,62,62,62,62,62,62,62,62,62,62,62,62,62,62,66,66,66],"card_choices":[{"not_picked":["Evolve","Pommel Strike"],"picked":"Heavy Blade","floor":1},{"not_picked":["Body Slam","Armaments"],"picked":"Clothesline","floor":2},{"not_picked":["Perfected Strike","Twin Strike"],"picked":"Fire Breathing","floor":4},{"not_picked":["Dropkick+1","Burning Pact"],"picked":"Fire Breathing","floor":8},{"not_picked":["Thunderclap+1","Headbutt+1"],"picked":"Searing Blow+1","floor":10},{"not_picked":["Heavy Blade+1","Sword Boomerang+1"],"picked":"Reaper+1","floor":12},{"not_picked":["Headbutt+1","Sever Soul+1","Iron Wave+1"],"picked":"SKIP","floor":14},{"not_picked":["Immolate+1","Fiend Fire+1"],"picked":"Feed+1","floor":16},{"not_picked":["Clash+1","Pommel Strike+1","Clothesline+1"],"picked":"SKIP","floor":18},{"not_picked":["Seeing Red","Twin Strike+1"],"picked":"Metallicize+1","floor":19},{"not_picked":["Fire Breathing+1","Combust","Sever Soul+1"],"picked":"SKIP","floor":22}],"player_experience":5130700,"relics_obtained":[{"floor":8,"key":"Molten Egg 2"},{"floor":9,"key":"TungstenRod"},{"floor":14,"key":"White Beast Statue"}],"event_choices":[{"damage_healed":0,"gold_gain":0,"cards_transformed":["Defend_R"],"player_choice":"Transformed","damage_taken":0,"max_hp_gain":0,"max_hp_loss":0,"event_name":"Transmorgrifier","floor":3,"gold_loss":0,"cards_obtained":["Infernal Blade"]},{"damage_healed":0,"gold_gain":0,"player_choice":"Lose Max HP","damage_taken":0,"relics_obtained":["Golden Idol"],"max_hp_gain":0,"max_hp_loss":6,"event_name":"Golden Idol","floor":7,"gold_loss":0},{"damage_healed":12,"gold_gain":0,"player_choice":"Heal","damage_taken":0,"max_hp_gain":0,"max_hp_loss":0,"event_name":"The Library","floor":20,"gold_loss":0},{"damage_healed":0,"gold_gain":100,"player_choice":"Bet on Murderer","damage_taken":0,"max_hp_gain":0,"max_hp_loss":0,"event_name":"The Joust","floor":21,"gold_loss":50}],"is_beta":false,"boss_relics":[{"not_picked":["Sozu","Runic Cube"],"picked":"Astrolabe"}],"items_purged_floors":[13],"is_endless":false,"potions_floor_spawned":[4,10,12,16,18,19,22],"killed_by":"Book of Stabbing","ascension_level":20}}