{"host":"3q9keoo8j4hzgybw","time":1607531374,"event":{"gold_per_floor":[109,60,135,149,162,191,191,217,289,324,324,324,324,352,352,457,457,477,489,520,532,532,563,563,591,591,223,223,223,223,255,255,356,356,367,379,432,176,176],"floor_reached":40,"playtime":1810,"items_purged":["Strike_R","Strike_R"],"score":722,"play_id":"ccfd1fb0-92ea-4d3a-a24f-bfbd96a4d9f2","local_time":"20201209172934","is_ascension_mode":true,"campfire_choices":[{"data":"Rampage","floor":7,"key":"SMITH"},{"data":"Pommel Strike","floor":12,"key":"SMITH"},{"data":"Rage","floor":15,"key":"SMITH"},{"data":"Metallicize","floor":24,"key":"SMITH"},{"data":"Juggernaut","floor":28,"key":"SMITH"},{"data":"Shrug It Off","floor":30,"key":"SMITH"},{"data":"Iron Wave","floor":32,"key":"SMITH"}],"neow_cost":"TEN_PERCENT_HP_LOSS","seed_source_timestamp":6771966913900,"circlet_count":0,"master_deck":["Strike_R","Strike_R","Defend_R","Defend_R","Defend_R","Defend_R","Bash","Metallicize+1","Iron Wave+1","Twin Strike","Pommel Strike+1","Rampage+1","Headbutt+1","Rage+1","Juggernaut+1","Anger+1","Clash+1","Headbutt+1","Shrug It Off","Shrug It Off+1","Double Tap","Anger+1","Iron Wave+1","Flex+1"],"relics":["Burning Blood","Unceasing Top","Mango","Bronze Scales","Molten Egg 2","Matryoshka","Pear","Runic Dome","Red Mask","MutagenicStrength","White Beast Statue","MealTicket","Oddly Smooth Stone","Ornamental Fan","Lantern","Busted Crown","WingedGreaves","ScarletDevilRocket"],"potions_floor_usage":[10,33,39],"damage_taken":[{"damage":5,"enemies":"Small Slimes","floor":1,"turns":4},{"damage":0,"enemies":"Jaw Worm","floor":4,"turns":6},{"damage":8,"enemies":"2 Louse","floor":5,"turns":3},{"damage":44,"enemies":"Lagavulin","floor":6,"turns":7},{"damage":16,"enemies":"Gremlin Nob","floor":8,"turns":4},{"damage":23,"enemies":"Lagavulin","floor":10,"turns":6},{"damage":15,"enemies":"Gremlin Nob","floor":14,"turns":4},{"damage":11,"enemies":"Slime Boss","floor":16,"turns":13},{"damage":29,"enemies":"Shell Parasite","floor":18,"turns":4},{"damage":10,"enemies":"2 Thieves","floor":19,"turns":3},{"damage":18,"enemies":"Masked Bandits","floor":20,"turns":4},{"damage":15,"enemies":"Centurion and Healer","floor":21,"turns":3},{"damage":29,"enemies":"Book of Stabbing","floor":23,"turns":4},{"damage":31,"enemies":"Gremlin Leader","floor":25,"turns":7},{"damage":13,"enemies":"Slavers","floor":31,"turns":4},{"damage":31,"enemies":"Automaton","floor":33,"turns":8},{"damage":0,"enemies":"3 Shapes","floor":35,"turns":3},{"damage":0,"enemies":"Orb Walker","floor":36,"turns":1},{"damage":19,"enemies":"2 Orb Walkers","floor":37,"turns":4},{"damage":49,"enemies":"Awakened One","floor":39,"turns":10}],"seed_played":"-5500172038347158796","potions_obtained":[{"floor":1,"key":"DistilledChaos"},{"floor":8,"key":"FairyPotion"},{"floor":10,"key":"Block Potion"},{"floor":16,"key":"PowerPotion"},{"floor":31,"key":"SpeedPotion"},{"floor":33,"key":"LiquidMemories"},{"floor":35,"key":"DuplicationPotion"}],"is_trial":false,"path_per_floor":["M","$","?","M","M","E","R","E","T","E","?","R","?","E","R","B",null,"M","M","?","M","?","E","R","E","T","$","R","?","R","E","R","B",null,"M","M","?","$","B",null],"character_chosen":"IRONCLAD","items_purchased":["Iron Wave","Ornamental Fan","Shrug It Off","ScarletDevilRocket"],"campfire_rested":0,"item_purchase_floors":[2,27,27,38],"current_hp_per_floor":[72,72,61,67,65,41,41,31,31,14,42,42,42,43,43,38,96,73,69,57,48,48,25,25,34,34,49,49,81,81,74,74,49,96,96,96,83,96,53],"gold":176,"neow_bonus":"ONE_RARE_RELIC","is_prod":false,"is_daily":false,"chose_seed":false,"campfire_upgraded":7,"win_rate":0,"timestamp":1607531374,"path_taken":["M","$","?","M","M","E","R","E","T","E","?","R","?","E","R","BOSS","M","M","?","M","?","E","R","E","T","$","R","?","R","E","R","BOSS","M","M","?","$","BOSS"],"build_version":"2020-11-30","purchased_purges":2,"victory":true,"max_hp_per_floor":[72,72,72,72,72,86,86,86,86,86,86,86,86,96,96,96,96,96,96,96,96,96,96,96,96,96,96,96,96,96,96,96,96,96,96,96,96,96,96],"card_choices":[{"not_picked":["Flame Barrier","Sword Boomerang"],"picked":"Metallicize","floor":1},{"not_picked":["Warcry","Seeing Red"],"picked":"Twin Strike","floor":4},{"not_picked":["Body Slam","Clothesline"],"picked":"Pommel Strike","floor":5},{"not_picked":["Pommel Strike","Sword Boomerang"],"picked":"Rampage","floor":6},{"not_picked":["Whirlwind","Rupture","Pommel Strike"],"picked":"SKIP","floor":8},{"not_picked":["Flex","Shrug It Off"],"picked":"Headbutt+1","floor":10},{"not_picked":["Shrug It Off","Blood for Blood+1"],"picked":"Rage","floor":14},{"not_picked":["Brutality","Berserk"],"picked":"Juggernaut","floor":16},{"not_picked":["Cleave+1","Carnage+1"],"picked":"Anger+1","floor":18},{"not_picked":["Perfected Strike+1","Searing Blow+1"],"picked":"Clash+1","floor":19},{"not_picked":["Clothesline+1","Flex"],"picked":"Headbutt+1","floor":20},{"not_picked":["Clothesline+1","Brutality","True Grit"],"picked":"SKIP","floor":21},{"not_picked":["Headbutt+1","Heavy Blade+1"],"picked":"Shrug It Off","floor":23},{"not_picked":["Hemokinesis+1","Thunderclap+1","Shockwave"],"picked":"SKIP","floor":25},{"not_picked":["Clash+1","Clothesline+1","True Grit"],"picked":"SKIP","floor":31},{"not_picked":["Demon Form","Reaper+1"],"picked":"Double Tap","floor":33},{"not_picked":[],"picked":"Anger+1","floor":35},{"not_picked":[],"picked":"Iron Wave+1","floor":36},{"not_picked":[],"picked":"Flex+1","floor":37}],"player_experience":47987,"relics_obtained":[{"floor":6,"key":"Mango"},{"floor":8,"key":"Bronze Scales"},{"floor":9,"key":"Molten Egg 2"},{"floor":10,"key":"Matryoshka"},{"floor":14,"key":"Pear"},{"floor":20,"key":"Red Mask"},{"floor":23,"key":"White Beast Statue"},{"floor":25,"key":"MealTicket"},{"floor":26,"key":"Oddly Smooth Stone"},{"floor":31,"key":"Lantern"},{"floor":37,"key":"WingedGreaves"}],"event_choices":[{"damage_healed":0,"gold_gain":75,"player_choice":"Gather Gold","damage_taken":11,"max_hp_gain":0,"max_hp_loss":0,"event_name":"World of Goop","floor":3,"gold_loss":0},{"damage_healed":28,"gold_gain":0,"player_choice":"Banana","damage_taken":0,"max_hp_gain":0,"max_hp_loss":0,"event_name":"Big Fish","floor":11,"gold_loss":0},{"cards_removed":["Strike_R"],"damage_healed":0,"gold_gain":0,"player_choice":"Forget","damage_taken":0,"max_hp_gain":0,"max_hp_loss":0,"event_name":"Living Wall","floor":13,"gold_loss":0},{"damage_healed":0,"gold_gain":0,"player_choice":"Fought Bandits","damage_taken":0,"max_hp_gain":0,"max_hp_loss":0,"event_name":"Masked Bandits","floor":20,"gold_loss":0},{"damage_healed":0,"gold_gain":0,"player_choice":"Inject Mutagens","damage_taken":0,"relics_obtained":["MutagenicStrength"],"max_hp_gain":0,"max_hp_loss":0,"event_name":"Drug Dealer","floor":22,"gold_loss":0},{"damage_healed":32,"gold_gain":0,"player_choice":"Heal","damage_taken":0,"max_hp_gain":0,"max_hp_loss":0,"event_name":"The Library","floor":29,"gold_loss":0},{"damage_healed":0,"gold_gain":0,"player_choice":"Fight","damage_taken":0,"max_hp_gain":0,"max_hp_loss":0,"event_name":"Mysterious Sphere","floor":37,"gold_loss":0}],"is_beta":false,"boss_relics":[{"not_picked":["Runic Pyramid","Black Star"],"picked":"Runic Dome"},{"not_picked":["Tiny House","Coffee Dripper"],"picked":"Busted Crown"}],"items_purged_floors":[27,38],"is_endless":false,"potions_floor_spawned":[1,8,10,16,18,25,31,33,35,36,37],"ascension_level":1}}