{"host":"Elrepavo","time":1607489987,"event":{"gold_per_floor":[114,129,141,154,167,196,196,251,251,251,251,281,281,297,297,395,395,405,405,405,422,441,441,474,474,474,474,489,509,509,520,520,520,520],"floor_reached":33,"playtime":2454,"items_purged":[],"score":294,"play_id":"74eb2735-afed-46d9-b130-5e8b8fb87a6f","local_time":"20201208225947","is_ascension_mode":false,"campfire_choices":[{"data":"TheCursedMod:Torture","floor":7.0,"key":"SMITH"},{"data":"TheCursedMod:CircleOfWindfury","floor":10.0,"key":"SMITH"},{"data":"TheCursedMod:ManaBullet","floor":13.0,"key":"SMITH"},{"floor":15.0,"key":"RECALL"},{"data":"TheCursedMod:ManaCirculation","floor":23,"key":"SMITH"},{"floor":25,"key":"REST"},{"data":"TheCursedMod:HellsGateOpen","floor":32,"key":"SMITH"}],"neow_cost":"NONE","seed_source_timestamp":0,"circlet_count":0,"master_deck":["TheCursedMod:CursedWand","TheCursedMod:CleanUpWorkshop+1","TheCursedMod:CursedShiv","TheCursedMod:Wield","TheCursedMod:ManaBullet+1","TheCursedMod:CircleOfFlame","TheCursedMod:CircleOfWindfury+1","TheCursedMod:CircleOfCorruption","TheCursedMod:CircleOfAbyss","Finesse+1","TheCursedMod:Stretching","TheCursedMod:Torture+1","TheCursedMod:SpitefulStrike","TheCursedMod:ManaCirculation+1","TheCursedMod:BlessingInDisguise","TheCursedMod:SurpriseAttack","TheCursedMod:DemonSword","TheCursedMod:LuckyCharm","TheCursedMod:CursedMace","TheCursedMod:CircleOfAbyss","TheCursedMod:StingEye","TheCursedMod:CircleOfBlood","Writhe","TheCursedMod:CursedBlade","TheCursedMod:SpitefulPray","TheCursedMod:ManaBullet+1","TheCursedMod:CircleOfFocus","TheCursedMod:VitalStrike+1","TheCursedMod:HellsGateOpen+1"],"special_seed":0,"relics":["TheCursedMod:MagicCandle","TheCursedMod:BloodyHarpoon","HornCleat","Odd Mushroom","Pandora\u0027s Box","Ancient Tea Set","TheCursedMod:SoulVessel","Bottled Flame","Meat on the Bone"],"potions_floor_usage":[29,33],"damage_taken":[{"damage":0.0,"enemies":"Small Slimes","floor":1.0,"turns":1.0},{"damage":0.0,"enemies":"2 Louse","floor":2.0,"turns":1.0},{"damage":0.0,"enemies":"Jaw Worm","floor":3.0,"turns":1.0},{"damage":0.0,"enemies":"Blue Slaver","floor":4.0,"turns":3.0},{"damage":0.0,"enemies":"Exordium Thugs","floor":5.0,"turns":1.0},{"damage":0.0,"enemies":"Gremlin Nob","floor":6.0,"turns":2.0},{"damage":0.0,"enemies":"Gremlin Nob","floor":8.0,"turns":3.0},{"damage":0.0,"enemies":"The Mushroom Lair","floor":12.0,"turns":3.0},{"damage":0.0,"enemies":"2 Fungi Beasts","floor":14.0,"turns":2.0},{"damage":11.0,"enemies":"The Guardian","floor":16.0,"turns":6.0},{"damage":6,"enemies":"Chosen","floor":18,"turns":3},{"damage":5,"enemies":"Shell Parasite","floor":21,"turns":4},{"damage":25,"enemies":"Chosen and Byrds","floor":22,"turns":6},{"damage":24,"enemies":"Book of Stabbing","floor":24,"turns":4},{"damage":0,"enemies":"Centurion and Healer","floor":28,"turns":2},{"damage":7,"enemies":"Snake Plant","floor":29,"turns":2},{"damage":7,"enemies":"Shelled Parasite and Fungi","floor":31,"turns":4},{"damage":58,"enemies":"Collector","floor":33,"turns":9}],"seed_played":"-6589952443271005283","potions_obtained":[{"floor":0.0,"key":"SmokeBomb"},{"floor":0.0,"key":"TheCursedMod:DregsPotion"},{"floor":0.0,"key":"AttackPotion"},{"floor":5.0,"key":"AttackPotion"},{"floor":8.0,"key":"Weak Potion"},{"floor":14.0,"key":"CultistPotion"},{"floor":18,"key":"Dexterity Potion"},{"floor":21,"key":"Dexterity Potion"},{"floor":28,"key":"Block Potion"}],"is_trial":false,"path_per_floor":["M","M","M","M","M","E","R","?","T","R","?","?","R","M","R","B",null,"M","?","?","M","M","R","E","R","T","$","M","M","T","M","R","B"],"character_chosen":"THE_CURSED","items_purchased":[],"campfire_rested":1,"item_purchase_floors":[],"current_hp_per_floor":[75,75,75,75,75,75,75,75,75,75,60,60,60,60,60,49,75,69,69,69,64,45,45,25,47,47,47,51,44,44,40,40,0,0],"gold":520,"neow_bonus":"THREE_SMALL_POTIONS","is_prod":false,"is_daily":false,"chose_seed":false,"campfire_upgraded":5,"win_rate":0.0,"timestamp":1607489987,"path_taken":["M","M","M","M","M","E","R","?","T","R","?","?","R","M","R","BOSS","M","?","?","M","M","R","E","R","T","$","M","M","?","?","R","BOSS"],"build_version":"2020-12-07","purchased_purges":0,"victory":false,"max_hp_per_floor":[75,75,75,75,75,75,75,75,75,75,75,75,75,75,75,75,75,75,75,75,75,75,75,75,75,75,75,75,75,75,75,75,75,75],"card_choices":[{"not_picked":["TheCursedMod:CursedBlade","TheCursedMod:Torture"],"picked":"TheCursedMod:Stretching","floor":1.0},{"not_picked":["TheCursedMod:CircleOfCorruption","TheCursedMod:CircleOfFlame"],"picked":"TheCursedMod:Torture","floor":2.0},{"not_picked":["TheCursedMod:TacticalStrike","TheCursedMod:PrepareRite"],"picked":"TheCursedMod:SpitefulStrike","floor":3.0},{"not_picked":["TheCursedMod:AshesToAshes","TheCursedMod:Stretching"],"picked":"TheCursedMod:ManaCirculation","floor":4.0},{"not_picked":["TheCursedMod:CursedMace","TheCursedMod:Stigma"],"picked":"TheCursedMod:BlessingInDisguise","floor":5.0},{"not_picked":["TheCursedMod:CircleOfCorruption","TheCursedMod:Stretching"],"picked":"TheCursedMod:SurpriseAttack","floor":6.0},{"not_picked":["TheCursedMod:Stigma","TheCursedMod:SoulCrush"],"picked":"TheCursedMod:DemonSword","floor":8.0},{"not_picked":["TheCursedMod:SmokeScreen","TheCursedMod:RapidMovement"],"picked":"TheCursedMod:LuckyCharm","floor":12.0},{"not_picked":["TheCursedMod:Obscuration","TheCursedMod:Torture"],"picked":"TheCursedMod:CursedMace","floor":14.0},{"not_picked":["TheCursedMod:CollectTribute","TheCursedMod:UltimatePain"],"picked":"TheCursedMod:CircleOfAbyss","floor":16.0},{"not_picked":["TheCursedMod:Stretching+1","TheCursedMod:RapidMovement"],"picked":"TheCursedMod:StingEye","floor":18},{"not_picked":["TheCursedMod:CircleOfBlood","TheCursedMod:SoulCrush"],"picked":"TheCursedMod:CursedBlade","floor":21},{"not_picked":["TheCursedMod:CursedBlade","TheCursedMod:RavingStaff"],"picked":"TheCursedMod:SpitefulPray","floor":22},{"not_picked":["TheCursedMod:SoulReap+1","TheCursedMod:TacticalStrike"],"picked":"TheCursedMod:ManaBullet+1","floor":24},{"not_picked":["TheCursedMod:Stigma","TheCursedMod:SmokeScreen"],"picked":"TheCursedMod:CircleOfFocus","floor":28},{"not_picked":["TheCursedMod:Obscuration","TheCursedMod:Stigma+1"],"picked":"TheCursedMod:VitalStrike+1","floor":29},{"not_picked":["TheCursedMod:Neurasthenia","TheCursedMod:BlessingInDisguise+1"],"picked":"TheCursedMod:HellsGateOpen","floor":31}],"player_experience":194306,"relics_obtained":[{"floor":6.0,"key":"TheCursedMod:BloodyHarpoon"},{"floor":8.0,"key":"HornCleat"},{"floor":12.0,"key":"Odd Mushroom"},{"floor":24,"key":"TheCursedMod:SoulVessel"},{"floor":26,"key":"Bottled Flame"},{"floor":30,"key":"Meat on the Bone"}],"event_choices":[{"damage_healed":0.0,"max_hp_gain":0.0,"max_hp_loss":0.0,"gold_gain":30.0,"event_name":"Dead Adventurer","player_choice":"Searched \u00273\u0027 times","floor":8.0,"gold_loss":0.0,"damage_taken":0.0},{"damage_healed":0.0,"max_hp_gain":0.0,"max_hp_loss":0.0,"gold_gain":0.0,"event_name":"Shining Light","player_choice":"Entered Light","floor":11.0,"gold_loss":0.0,"damage_taken":15.0,"cards_upgraded":["Finesse","TheCursedMod:CleanUpWorkshop"]},{"damage_healed":0.0,"max_hp_gain":0.0,"max_hp_loss":0.0,"gold_gain":0.0,"event_name":"Mushrooms","player_choice":"Fought Mushrooms","floor":12.0,"gold_loss":0.0,"damage_taken":0.0},{"damage_healed":0,"gold_gain":0,"player_choice":"Read","damage_taken":0,"max_hp_gain":0,"max_hp_loss":0,"event_name":"The Library","floor":19,"gold_loss":0,"cards_obtained":["TheCursedMod:CircleOfBlood"]},{"damage_healed":0,"gold_gain":0,"player_choice":"Opened","damage_taken":0,"relics_obtained":["Ancient Tea Set"],"max_hp_gain":0,"max_hp_loss":0,"event_name":"The Mausoleum","floor":20,"gold_loss":0,"cards_obtained":["Writhe"]}],"is_beta":true,"boss_relics":[{"not_picked":["Cursed Key","Coffee Dripper"],"picked":"Pandora\u0027s Box"}],"items_purged_floors":[],"is_endless":false,"potions_floor_spawned":[2,5,8,14,18,21,28],"killed_by":"Collector","ascension_level":0}}