{"host":"6jcxerjfmuawfds2","time":1607525408,"event":{"gold_per_floor":[116,116,132,57,57,82,32,32,56,66,91,111,11,31,31,130,130,148,148,148,185,185,185,29,29,56,98,150,150,150,162,174,289,301,329,341,353,19,39,91,91,144,198,0,20,55,55,107,107,107],"floor_reached":51,"playtime":1611,"items_purged":["Strike_P","Strike_P","Vigilance"],"score":829,"play_id":"9d27045a-075a-4084-b24e-60559ff6fa9b","local_time":"20201209235008","is_ascension_mode":false,"campfire_choices":[{"data":"PathToVictory","floor":8,"key":"SMITH"},{"floor":15,"key":"REST"},{"data":"Alpha","floor":23,"key":"SMITH"},{"data":"Ghostly","floor":32,"key":"SMITH"},{"data":"Ghostly","floor":41,"key":"SMITH"},{"floor":47,"key":"REST"},{"floor":49,"key":"REST"}],"neow_cost":"NONE","seed_source_timestamp":20179536663800,"circlet_count":0,"master_deck":["Defend_P+1","Defend_P+1","Defend_P+1","Defend_P+1","CutThroughFate+1","PathToVictory+1","Alpha+1","Wish","FlurryOfBlows","PathToVictory","Ghostly+1","Ghostly+1","Ghostly","Ghostly","Ghostly+1","Conclude","Nirvana","MasterReality","Bandage Up"],"relics":["PureWater","NeowsBlessing","Omamori","Toy Ornithopter","Incense Burner","Calling Bell","Happy Flower","Sundial","Ice Cream","Frozen Eye","Boot","Anchor","Juzu Bracelet","MawBank","Black Star","Melange","Unceasing Top","Ancient Tea Set","StoneCalendar","Potion Belt","Red Mask","Vajra","Regal Pillow"],"potions_floor_usage":[16,16,16,33,35,48,50],"damage_taken":[{"damage":0,"enemies":"Jaw Worm","floor":1,"turns":1},{"damage":0,"enemies":"Cultist","floor":3,"turns":1},{"damage":0,"enemies":"Gremlin Nob","floor":6,"turns":1},{"damage":3,"enemies":"Small Slimes","floor":10,"turns":3},{"damage":42,"enemies":"3 Sentries","floor":11,"turns":17},{"damage":8,"enemies":"Exordium Wildlife","floor":12,"turns":3},{"damage":12,"enemies":"Red Slaver","floor":14,"turns":4},{"damage":23,"enemies":"Hexaghost","floor":16,"turns":6},{"damage":0,"enemies":"Chosen","floor":18,"turns":4},{"damage":12,"enemies":"Shell Parasite","floor":21,"turns":6},{"damage":5,"enemies":"Cultist and Chosen","floor":27,"turns":5},{"damage":18,"enemies":"Book of Stabbing","floor":28,"turns":6},{"damage":1,"enemies":"Champ","floor":33,"turns":8},{"damage":2,"enemies":"3 Shapes","floor":35,"turns":4},{"damage":4,"enemies":"Orb Walker","floor":39,"turns":4},{"damage":6,"enemies":"2 Orb Walkers","floor":40,"turns":5},{"damage":4,"enemies":"Nemesis","floor":42,"turns":7},{"damage":24,"enemies":"Jaw Worm Horde","floor":45,"turns":3},{"damage":7,"enemies":"Sphere and 2 Shapes","floor":46,"turns":5},{"damage":30,"enemies":"Giant Head","floor":48,"turns":8},{"damage":17,"enemies":"Time Eater","floor":50,"turns":7}],"seed_played":"791951166480996450","potions_obtained":[{"floor":6,"key":"BlessingOfTheForge"},{"floor":11,"key":"DuplicationPotion"},{"floor":12,"key":"Swift Potion"},{"floor":27,"key":"BottledMiracle"},{"floor":28,"key":"SkillPotion"},{"floor":35,"key":"Energy Potion"},{"floor":45,"key":"SneckoOil"},{"floor":46,"key":"Regen Potion"}],"is_trial":false,"path_per_floor":["M","?","M","$","?","E","$","R","T","M","E","M","$","M","R","B",null,"M","?","?","M","?","R","$","?","T","M","E","T","?","?","R","B",null,"M","?","?","$","M","?","R","E","T","?","M","M","R","E","R","B",null],"character_chosen":"WATCHER","items_purchased":["PathToVictory","Frozen Eye","DuplicationPotion","Melange"],"campfire_rested":3,"item_purchase_floors":[7,24,38,38],"current_hp_per_floor":[72,72,72,72,72,72,72,72,72,69,27,19,19,7,28,20,72,72,72,72,60,60,60,60,36,36,31,13,13,13,13,13,17,36,36,36,36,36,36,33,33,33,33,33,9,6,16,8,33,23],"gold":107,"neow_bonus":"THREE_ENEMY_KILL","is_prod":false,"is_daily":false,"chose_seed":false,"campfire_upgraded":4,"win_rate":0.0,"timestamp":1607525408,"path_taken":["M","?","?","$","?","E","?","R","T","M","E","M","$","?","R","BOSS","M","?","?","?","?","R","$","?","T","M","E","?","?","?","R","BOSS","M","?","?","$","M","?","R","E","T","?","M","M","R","E","R","BOSS"],"build_version":"2020-11-30","purchased_purges":3,"victory":true,"max_hp_per_floor":[72,72,72,72,72,72,72,72,72,72,72,72,72,72,72,72,72,72,72,72,72,72,72,72,36,36,36,36,36,36,36,36,36,36,36,36,36,36,36,36,36,36,36,36,36,36,36,36,36,36],"card_choices":[{"not_picked":["EmptyBody","Evaluate"],"picked":"CutThroughFate","floor":1},{"not_picked":["BowlingBash","Study","FearNoEvil"],"picked":"SKIP","floor":3},{"not_picked":["EmptyBody","Vault","Fasting2"],"picked":"SKIP","floor":6},{"not_picked":["BowlingBash","ReachHeaven","Fasting2"],"picked":"SKIP","floor":10},{"not_picked":["Crescendo","Protect"],"picked":"Alpha","floor":11},{"not_picked":["ThirdEye","BowlingBash","JustLucky"],"picked":"SKIP","floor":12},{"not_picked":["ThirdEye","InnerPeace","Brilliance"],"picked":"SKIP","floor":14},{"not_picked":["Brilliance","DevaForm"],"picked":"Wish","floor":16},{"not_picked":["Adaptation","Crescendo","JustLucky"],"picked":"SKIP","floor":18},{"not_picked":["FlurryOfBlows+1","LikeWater","Sanctity"],"picked":"SKIP","floor":21},{"not_picked":["WheelKick+1","BowlingBash+1","FearNoEvil"],"picked":"SKIP","floor":27},{"not_picked":["Worship+1","Omniscience","FlurryOfBlows"],"picked":"SKIP","floor":28},{"not_picked":["Judgement","DevaForm"],"picked":"MasterReality","floor":33},{"not_picked":["Wireheading+1","SashWhip+1","ReachHeaven"],"picked":"SKIP","floor":35},{"not_picked":["Blind","Mayhem"],"picked":"Bandage Up","floor":36},{"not_picked":["FlurryOfBlows","WheelKick+1","InnerPeace"],"picked":"SKIP","floor":39},{"not_picked":["CutThroughFate","LessonLearned","Prostrate"],"picked":"SKIP","floor":42},{"not_picked":["Prostrate","EmptyBody+1","WaveOfTheHand+1"],"picked":"SKIP","floor":45},{"not_picked":["WaveOfTheHand","FlyingSleeves","PathToVictory"],"picked":"SKIP","floor":46},{"not_picked":["EmptyBody+1","BattleHymn","Consecrate+1"],"picked":"SKIP","floor":48}],"player_experience":113977,"relics_obtained":[{"floor":6,"key":"Omamori"},{"floor":9,"key":"Toy Ornithopter"},{"floor":11,"key":"Incense Burner"},{"floor":17,"key":"Happy Flower"},{"floor":17,"key":"Sundial"},{"floor":17,"key":"Ice Cream"},{"floor":26,"key":"Boot"},{"floor":28,"key":"Anchor"},{"floor":29,"key":"Juzu Bracelet"},{"floor":40,"key":"Unceasing Top"},{"floor":42,"key":"Ancient Tea Set"},{"floor":42,"key":"StoneCalendar"},{"floor":43,"key":"Potion Belt"},{"floor":48,"key":"Vajra"},{"floor":48,"key":"Regal Pillow"}],"event_choices":[{"damage_healed":0,"gold_gain":0,"player_choice":"Upgraded","damage_taken":0,"max_hp_gain":0,"max_hp_loss":0,"event_name":"Upgrade Shrine","floor":2,"gold_loss":0,"cards_upgraded":["CutThroughFate"]},{"damage_healed":0,"gold_gain":0,"player_choice":"Ignored","damage_taken":0,"max_hp_gain":0,"max_hp_loss":0,"event_name":"Liars Game","floor":5,"gold_loss":0},{"damage_healed":0,"gold_gain":0,"player_choice":"Simplicity","damage_taken":0,"max_hp_gain":0,"max_hp_loss":0,"event_name":"Back to Basics","floor":19,"gold_loss":0,"cards_upgraded":["Strike_P","Strike_P","Defend_P","Defend_P","Defend_P","Defend_P"]},{"damage_healed":0,"gold_gain":0,"cards_transformed":["Strike_P"],"player_choice":"Transformed","damage_taken":0,"max_hp_gain":0,"max_hp_loss":0,"event_name":"Transmorgrifier","floor":20,"gold_loss":0,"cards_obtained":["FlurryOfBlows"]},{"damage_healed":0,"gold_gain":0,"player_choice":"Read","damage_taken":0,"max_hp_gain":0,"max_hp_loss":0,"event_name":"The Library","floor":22,"gold_loss":0,"cards_obtained":["PathToVictory"]},{"damage_healed":0,"gold_gain":0,"player_choice":"Became a Ghost","damage_taken":0,"max_hp_gain":0,"max_hp_loss":36,"event_name":"Ghosts","floor":25,"gold_loss":0,"cards_obtained":["Ghostly","Ghostly","Ghostly","Ghostly","Ghostly"]},{"damage_healed":0,"gold_gain":0,"player_choice":"Opened","damage_taken":0,"relics_obtained":["MawBank"],"max_hp_gain":0,"max_hp_loss":0,"event_name":"The Mausoleum","floor":30,"gold_loss":0},{"damage_healed":0,"gold_gain":0,"cards_transformed":["Strike_P","Eruption"],"player_choice":"Became Test Subject","damage_taken":0,"max_hp_gain":0,"max_hp_loss":0,"event_name":"Drug Dealer","floor":31,"gold_loss":0,"cards_obtained":["Conclude","Nirvana"]},{"damage_healed":0,"gold_gain":0,"player_choice":"Memory 1","damage_taken":0,"max_hp_gain":0,"max_hp_loss":0,"event_name":"SensoryStone","floor":36,"gold_loss":0},{"damage_healed":0,"gold_gain":0,"player_choice":"Upgraded","damage_taken":0,"max_hp_gain":0,"max_hp_loss":0,"event_name":"Upgrade Shrine","floor":37,"gold_loss":0,"cards_upgraded":["Ghostly"]},{"damage_healed":0,"gold_gain":0,"player_choice":"Fight","damage_taken":0,"max_hp_gain":0,"max_hp_loss":0,"event_name":"Mysterious Sphere","floor":40,"gold_loss":0},{"damage_healed":0,"gold_gain":0,"player_choice":"Paid","damage_taken":0,"relics_obtained":["Red Mask"],"max_hp_gain":0,"max_hp_loss":0,"event_name":"Tomb of Lord Red Mask","floor":44,"gold_loss":198}],"is_beta":false,"boss_relics":[{"not_picked":["Pandora\u0027s Box","Cursed Key"],"picked":"Calling Bell"},{"not_picked":["Sozu","Runic Dome"],"picked":"Black Star"}],"items_purged_floors":[4,13,38],"is_endless":false,"potions_floor_spawned":[6,11,12,14,27,28,35,45,46],"ascension_level":0}}