{"host":"k8gerrcpv9xe1nxe","time":1607521501,"event":{"gold_per_floor":[111,61,76,93,110,435,435,445,468,493,493,493],"floor_reached":11,"playtime":381,"items_purged":[],"score":94,"play_id":"8ac0684b-0558-42f5-9773-9654587bab2c","local_time":"20201209084501","is_ascension_mode":true,"campfire_choices":[],"neow_cost":"NONE","seed_source_timestamp":3460462204775100,"circlet_count":0,"master_deck":["Strike_R","Strike_R","Strike_R","Strike_R","Defend_R","Defend_R","Defend_R","Defend_R+1","Bash","CurseOfTheBell","Perfected Strike","Cleave+1","Inflame"],"relics":["Calling Bell","Ice Cream","Mummified Hand","Ancient Tea Set","Old Coin","Boot","MealTicket"],"potions_floor_usage":[8,10],"damage_taken":[{"damage":1,"enemies":"Small Slimes","floor":1,"turns":4},{"damage":7,"enemies":"Jaw Worm","floor":3,"turns":3},{"damage":0,"enemies":"Cultist","floor":4,"turns":2},{"damage":9,"enemies":"Blue Slaver","floor":5,"turns":5},{"damage":26,"enemies":"3 Sentries","floor":6,"turns":8},{"damage":0,"enemies":"Large Slime","floor":8,"turns":4},{"damage":8,"enemies":"Lagavulin","floor":10,"turns":4},{"damage":13,"enemies":"Lots of Slimes","floor":11,"turns":2}],"seed_played":"7173643479137951798","potions_obtained":[{"floor":4,"key":"FearPotion"},{"floor":6,"key":"AttackPotion"},{"floor":8,"key":"SneckoOil"}],"is_trial":false,"path_per_floor":["M","?","M","M","M","E","?","M","T","E","M"],"character_chosen":"IRONCLAD","items_purchased":[],"campfire_rested":0,"item_purchase_floors":[],"current_hp_per_floor":[79,79,72,72,63,37,21,21,21,13,0,0],"gold":493,"neow_bonus":"BOSS_RELIC","is_prod":false,"is_daily":false,"chose_seed":false,"campfire_upgraded":0,"win_rate":0,"timestamp":1607521501,"path_taken":["M","?","M","M","M","E","?","M","T","E","M"],"build_version":"2020-11-30","purchased_purges":0,"victory":false,"max_hp_per_floor":[80,80,80,80,80,80,80,80,80,80,80,80],"card_choices":[{"not_picked":["Heavy Blade","Warcry"],"picked":"Perfected Strike","floor":1},{"not_picked":["Headbutt","Armaments","Wild Strike"],"picked":"SKIP","floor":3},{"not_picked":["Pummel","Iron Wave"],"picked":"Cleave","floor":4},{"not_picked":["Twin Strike","Carnage","Wild Strike"],"picked":"SKIP","floor":5},{"not_picked":["Metallicize","Armaments","Fire Breathing"],"picked":"SKIP","floor":6},{"not_picked":["Evolve","Armaments"],"picked":"Inflame","floor":8},{"not_picked":["Clash","Wild Strike","True Grit"],"picked":"SKIP","floor":10}],"player_experience":21362,"relics_obtained":[{"floor":0,"key":"Ice Cream"},{"floor":0,"key":"Mummified Hand"},{"floor":0,"key":"Ancient Tea Set"},{"floor":6,"key":"Old Coin"},{"floor":9,"key":"Boot"},{"floor":10,"key":"MealTicket"}],"event_choices":[{"cards_removed":["Strike_R"],"damage_healed":0,"gold_gain":0,"player_choice":"Card Removal","damage_taken":0,"max_hp_gain":0,"max_hp_loss":0,"event_name":"The Cleric","floor":2,"gold_loss":50},{"damage_healed":0,"gold_gain":0,"player_choice":"Entered Light","damage_taken":16,"max_hp_gain":0,"max_hp_loss":0,"event_name":"Shining Light","floor":7,"gold_loss":0,"cards_upgraded":["Defend_R","Cleave"]}],"is_beta":false,"boss_relics":[],"items_purged_floors":[],"is_endless":false,"potions_floor_spawned":[4,6,8],"killed_by":"Lots of Slimes","ascension_level":2}}