{"host":"ev90652pwodlruol","time":1607512735,"event":{"gold_per_floor":[110,110,110,110,129,129,157,157,157,174,34,51,51,67,67,167,167,187,198,218,230,245,271,271,284,333,345,355,373,393,193,193,294,294,312,327,347,362,362,390,390,425,425,442,462,54,69,89,89,89,89,89,41,41,41],"floor_reached":54,"playtime":2398,"items_purged":["Luminous:Dark_Abyssal_Drop","Luminous:Dark_Abyssal_Drop"],"score":976,"play_id":"01b64c06-fee4-4671-a818-411b6a7b17e3","local_time":"20201209191855","is_ascension_mode":false,"campfire_choices":[{"data":"Luminous:Balance_Death_Scythe","floor":6.0,"key":"SMITH"},{"data":"Luminous:Dusk_Guard_Luminous","floor":8.0,"key":"SMITH"},{"data":"Luminous:Light_Reflection","floor":13.0,"key":"SMITH"},{"data":"Luminous:Light_Disperse","floor":15.0,"key":"SMITH"},{"floor":24.0,"key":"REST"},{"floor":32.0,"key":"REST"},{"data":"Luminous:Mirror_Force_Luminous","floor":41,"key":"SMITH"},{"floor":49,"key":"RECALL"},{"data":"Luminous:Dark_Crescendo_Luminous","floor":52,"key":"SMITH"}],"neow_cost":"","seed_source_timestamp":0,"circlet_count":0,"master_deck":["Luminous:Light_Flash_Shower","Luminous:Light_Flash_Shower","Luminous:Light_Flash_Shower","Luminous:Dark_Abyssal_Drop","Luminous:Defend_Luminous","Luminous:Defend_Luminous","Luminous:Defend_Luminous","Luminous:Defend_Luminous","Luminous:Light_Wash_Luminous+1","Luminous:Balance_Death_Scythe+1","Luminous:Light_Gather","Injury","Luminous:Light_Disperse+1","Luminous:Dusk_Guard_Luminous+1","Luminous:Light_Ray_of_Redemption","Luminous:Concentrate_Luminous","Luminous:Light_Reflection+1","Luminous:Flash_Blink_Luminous","Luminous:Blinding_Pillar_Luminous","Luminous:Chaos_Field_Luminous","Luminous:Hero_Will_Luminous","Luminous:Fast_Spell_Luminous","Luminous:Sympathy_Luminous+1","Luminous:Flash_Blink_Luminous+1","Luminous:Mirror_Force_Luminous+1","Luminous:Light_Gather+1","Luminous:Light_Glare+1","Luminous:Light_Sylvan_Lance","Luminous:Lunar_Tide_Luminous+1","Luminous:Dark_Crescendo_Luminous","Luminous:Concentrate_Luminous+1","Luminous:Light_Gather+1","Luminous:Fast_Spell_Luminous","Luminous:Light_Track","Luminous:Darks_Surge_Luminous+1","Luminous:Phantom_Treasure_Luminous","Luminous:Mana_Well_Luminous","Luminous:Dark_Crescendo_Luminous+1","CurseOfTheBell","Luminous:Light_Ray_of_Redemption+1","Luminous:Magic_Accelerate_Luminous+1","Luminous:Hero_Will_Luminous+1","Luminous:Light_Wash_Luminous+1","Luminous:Light_Disperse+1","Luminous:Shadow_Shell_Luminous+1","Luminous:Accumulation_Luminous+1","Luminous:Photic_Meditation_Luminous","Luminous:Lunar_Tide_Luminous+1","Luminous:Concentrate_Luminous+1","Luminous:Dusk_Guard_Luminous+1","Luminous:Equalize_Luminous","Luminous:Light_Glare+1"],"special_seed":0,"relics":["Luminous:MirrorRelic","vexMod:TimeEaterHat","Pen Nib","HornCleat","Gensokyo:Justice","aspiration:FetidBarrel","Prayer Wheel","Ginger","Painkiller Herb","hubris:Reverence","aspiration:Lifesprig","BargainBundle","Calling Bell","Potion Belt","vexMod:Dragonfruit","Du-Vu Doll","hubris:Towel","Shuriken","Anchor","conspire:InfiniteJournal"],"potions_floor_usage":[38,50],"damage_taken":[{"damage":4.0,"enemies":"Gensokyo:3_Fairies","floor":1.0,"turns":3.0},{"damage":0.0,"enemies":"Gensokyo:2_Kodama","floor":5.0,"turns":3.0},{"damage":7.0,"enemies":"Gensokyo:Mamizou","floor":7.0,"turns":6.0},{"damage":7.0,"enemies":"Gensokyo:Gryphon","floor":10.0,"turns":3.0},{"damage":0.0,"enemies":"Gensokyo:3_Kodama","floor":12.0,"turns":1.0},{"damage":0.0,"enemies":"Gensokyo:Gryphon_and_Rabbit","floor":14.0,"turns":3.0},{"damage":6.0,"enemies":"Gensokyo:Kokoro","floor":16.0,"turns":9.0},{"damage":6.0,"enemies":"Gensokyo:CosmicMonolith","floor":18.0,"turns":3.0},{"damage":27.0,"enemies":"Gensokyo:3_Dogs","floor":19.0,"turns":5.0},{"damage":3.0,"enemies":"Gensokyo:Chomper_and_Gloop","floor":20.0,"turns":4.0},{"damage":24.0,"enemies":"Gensokyo:Slime_Group","floor":21.0,"turns":5.0},{"damage":0.0,"enemies":"Gensokyo:Monolith_and_Dog","floor":22.0,"turns":4.0},{"damage":24.0,"enemies":"Gensokyo:Reisen","floor":23.0,"turns":6.0},{"damage":0.0,"enemies":"Gensokyo:Chomper_and_Gloop","floor":25.0,"turns":5.0},{"damage":11.0,"enemies":"Gensokyo:Slime_Group","floor":27.0,"turns":5.0},{"damage":0.0,"enemies":"Gensokyo:3_Gloops","floor":28.0,"turns":5.0},{"damage":0.0,"enemies":"Gensokyo:Swordslinger","floor":29.0,"turns":3.0},{"damage":0.0,"enemies":"Gensokyo:Wraith","floor":30.0,"turns":6.0},{"damage":1.0,"enemies":"Gensokyo:Eiki","floor":33.0,"turns":7.0},{"damage":7,"enemies":"Orb Walker","floor":35,"turns":2},{"damage":17,"enemies":"3 Shapes","floor":36,"turns":5},{"damage":12,"enemies":"Maw","floor":37,"turns":7},{"damage":9,"enemies":"Spire Growth","floor":38,"turns":3},{"damage":0,"enemies":"Reptomancer","floor":40,"turns":4},{"damage":0,"enemies":"conspire:MimicChest","floor":42,"turns":7},{"damage":2,"enemies":"3 Darklings","floor":44,"turns":3},{"damage":0,"enemies":"Maw","floor":45,"turns":6},{"damage":19,"enemies":"4 Shapes","floor":47,"turns":5},{"damage":12,"enemies":"3 Darklings","floor":48,"turns":5},{"damage":20,"enemies":"hubris:GrandSnecko","floor":50,"turns":5},{"damage":94,"enemies":"Shield and Spear","floor":54,"turns":5}],"seed_played":"3583286449223756043","potions_obtained":[{"floor":10.0,"key":"Adrenaline Potion"},{"floor":12.0,"key":"Venom Potion"},{"floor":14.0,"key":"Explosive Potion"},{"floor":18.0,"key":"SneckoOil"},{"floor":25.0,"key":"SkillPotion"},{"floor":28.0,"key":"SteroidPotion"},{"floor":29.0,"key":"SteroidPotion"},{"floor":30.0,"key":"Venom Potion"},{"floor":33.0,"key":"FearPotion"},{"floor":35,"key":"FearPotion"},{"floor":44,"key":"GamblersBrew"},{"floor":47,"key":"Toxic Potion"}],"is_trial":false,"path_per_floor":["M","?","?","?","M","R","E","R","T","M","?","M","R","M","R","B",null,"?","?","?","?","?","E","T","?","T","?","?","?","?","T","T","B",null,"?","?","?","?","?","E","T","?","T","?","?","T","?","?","T","B",null,"T","T","E"],"character_chosen":"LuminousClass","items_purchased":["vexMod:TimeEaterHat","Luminous:Light_Wash_Luminous+1","Luminous:Balance_Death_Scythe","Pen Nib","BargainBundle","Adrenaline Potion","Slimebound:ThreeZeroPotion","conspire:InfiniteJournal","AttackPotion"],"campfire_rested":2,"item_purchase_floors":[0,0,0,0,31,31,31,46,53],"current_hp_per_floor":[57,57,57,75,75,75,68,68,68,61,61,61,61,61,61,59,75,69,42,42,24,27,3,25,28,28,21,29,29,29,29,51,54,80,73,66,63,54,54,80,80,80,80,78,78,78,61,49,49,80,80,80,80,0,0],"gold":41,"neow_bonus":"","is_prod":false,"is_daily":false,"chose_seed":false,"campfire_upgraded":6,"win_rate":0,"timestamp":1607512735,"path_taken":["M","?","?","?","M","R","E","R","T","M","?","M","R","?","R","BOSS","?","?","?","?","?","E","T","?","T","?","?","?","?","T","T","BOSS","?","?","?","?","?","E","T","?","T","?","?","?","?","?","T","BOSS","T","T","E"],"build_version":"2020-11-30","purchased_purges":2,"victory":false,"max_hp_per_floor":[75,75,75,75,75,75,75,75,75,75,75,75,75,75,75,75,75,75,75,75,75,75,75,75,75,75,75,75,75,75,75,75,75,80,80,80,80,80,80,80,80,80,80,80,80,80,80,80,80,80,80,80,80,80,80],"card_choices":[{"not_picked":["Luminous:Dark_Pressure_Void","Luminous:Light_Sylvan_Lance"],"picked":"Luminous:Light_Gather","floor":1.0},{"not_picked":["Luminous:Light_Gather","Luminous:Dark_Raid"],"picked":"Luminous:Light_Disperse","floor":5.0},{"not_picked":["Luminous:Darks_Surge_Luminous","Luminous:Accumulation_Luminous"],"picked":"Luminous:Dusk_Guard_Luminous","floor":7.0},{"not_picked":["Luminous:Light_Glare","Luminous:Hero_Will_Luminous"],"picked":"Luminous:Light_Ray_of_Redemption","floor":10.0},{"not_picked":["Luminous:Light_Disperse","Luminous:Dusk_Guard_Luminous"],"picked":"Luminous:Concentrate_Luminous","floor":10.0},{"not_picked":["Luminous:Hero_Will_Luminous","Luminous:Darkness_Mastery_Luminous"],"picked":"Luminous:Light_Reflection","floor":12.0},{"not_picked":["Luminous:Light_Glare","Luminous:Chase_Spell_Luminous"],"picked":"Luminous:Flash_Blink_Luminous","floor":12.0},{"not_picked":["Luminous:Light_Spectral_Light","Luminous:Light_Gather"],"picked":"Luminous:Blinding_Pillar_Luminous","floor":14.0},{"not_picked":["Luminous:Light_Sylvan_Lance","Luminous:Balance_Baptism","Luminous:Light_Wash_Luminous"],"picked":"SKIP","floor":14.0},{"not_picked":["Luminous:Date_of_Light_Luminous","Luminous:Balance_Aether_Conduit"],"picked":"Luminous:Chaos_Field_Luminous","floor":16.0},{"not_picked":["Luminous:Dark_Dim_Erosion","Luminous:Light_Spectral_Light+1"],"picked":"Luminous:Hero_Will_Luminous","floor":18.0},{"not_picked":["Luminous:Light_Disperse","Luminous:Dark_Apocalypse+1","Luminous:Dark_Pressure_Void"],"picked":"SKIP","floor":18.0},{"not_picked":["Luminous:Light_Wash_Luminous","Luminous:Dark_Raid"],"picked":"Luminous:Fast_Spell_Luminous","floor":19.0},{"not_picked":["Luminous:Dark_Pressure_Void","Luminous:Concentrate_Luminous"],"picked":"Luminous:Sympathy_Luminous+1","floor":19.0},{"not_picked":["Luminous:Light_Disperse","Luminous:Concentrate_Luminous+1"],"picked":"Luminous:Flash_Blink_Luminous+1","floor":20.0},{"not_picked":["Luminous:Light_Ray_of_Redemption","Luminous:Dark_Apocalypse+1"],"picked":"Luminous:Mirror_Force_Luminous","floor":20.0},{"not_picked":["Luminous:Blinding_Pillar_Luminous","Luminous:Dusk_Guard_Luminous+1"],"picked":"Luminous:Light_Gather+1","floor":21.0},{"not_picked":["Luminous:Concentrate_Luminous","Luminous:Dark_Pressure_Void"],"picked":"Luminous:Light_Glare+1","floor":21.0},{"not_picked":["Luminous:Darkness_Mastery_Luminous+1","Luminous:Dark_Apocalypse"],"picked":"Luminous:Light_Sylvan_Lance","floor":22.0},{"not_picked":["Luminous:Sympathy_Luminous","Luminous:Dark_Dim_Erosion"],"picked":"Luminous:Lunar_Tide_Luminous+1","floor":22.0},{"not_picked":["Luminous:Balance_Baptism","Luminous:Accumulation_Luminous+1"],"picked":"Luminous:Dark_Crescendo_Luminous","floor":23.0},{"not_picked":["Luminous:Mana_Well_Luminous","Luminous:Darks_Surge_Luminous"],"picked":"Luminous:Concentrate_Luminous+1","floor":25.0},{"not_picked":["Luminous:Light_Glare","Luminous:Darkness_Mastery_Luminous"],"picked":"Luminous:Light_Gather+1","floor":25.0},{"not_picked":["Luminous:Light_Gather","Luminous:Light_Disperse"],"picked":"Luminous:Fast_Spell_Luminous","floor":27.0},{"not_picked":["Luminous:Concentrate_Luminous","Luminous:Dark_Pressure_Void","Luminous:Dark_Dim_Erosion+1"],"picked":"SKIP","floor":27.0},{"not_picked":["Luminous:Blinding_Pillar_Luminous","Luminous:Dark_Extract"],"picked":"Luminous:Light_Track","floor":28.0},{"not_picked":["Luminous:Lunar_Tide_Luminous","Luminous:Light_Glare+1"],"picked":"Luminous:Darks_Surge_Luminous+1","floor":28.0},{"not_picked":["Luminous:Dark_Raid+1","Luminous:Shadow_Shell_Luminous"],"picked":"Luminous:Phantom_Treasure_Luminous","floor":29.0},{"not_picked":["Luminous:Dark_Pressure_Void","Luminous:Dark_Raid","Luminous:Light_Sylvan_Lance"],"picked":"SKIP","floor":29.0},{"not_picked":["Luminous:Lunar_Tide_Luminous","Luminous:Light_Wash_Luminous"],"picked":"Luminous:Mana_Well_Luminous","floor":30.0},{"not_picked":["Luminous:Concentrate_Luminous","Luminous:Balance_Aether_Conduit","Luminous:Dark_Moonlight_Spear+1"],"picked":"SKIP","floor":30.0},{"not_picked":["Luminous:Erosion_Luminous","Luminous:Balance_Aether_Conduit"],"picked":"Luminous:Dark_Crescendo_Luminous","floor":33.0},{"not_picked":["Luminous:Concentrate_Luminous+1","Luminous:Light_Glare"],"picked":"Luminous:Light_Ray_of_Redemption+1","floor":35},{"not_picked":["Luminous:Dark_Arcane_Pitch","Luminous:Light_Track+1"],"picked":"Luminous:Magic_Accelerate_Luminous+1","floor":35},{"not_picked":["Luminous:Dark_Apocalypse","Luminous:Fast_Spell_Luminous+1"],"picked":"Luminous:Hero_Will_Luminous+1","floor":36},{"not_picked":["Luminous:Magic_Boost_Luminous","Luminous:Light_Disperse","Luminous:Dark_Moonlight_Spear"],"picked":"SKIP","floor":36},{"not_picked":["Luminous:Blinding_Pillar_Luminous+1","Luminous:Light_Reflection"],"picked":"Luminous:Light_Wash_Luminous+1","floor":37},{"not_picked":["Luminous:Dark_Raid+1","Luminous:Accumulation_Luminous","Luminous:Light_Spectral_Light"],"picked":"SKIP","floor":37},{"not_picked":["Luminous:Darkness_Mastery_Luminous+1","Luminous:Light_Sylvan_Lance","Luminous:Light_Spectral_Light+1"],"picked":"SKIP","floor":38},{"not_picked":["Luminous:Light_Disperse","Luminous:Reverse_Spell_Luminous+1","Luminous:Dark_Morning_Star"],"picked":"SKIP","floor":38},{"not_picked":["Luminous:Armageddon_Luminous","Luminous:Dark_Moonlight_Spear"],"picked":"Luminous:Light_Disperse+1","floor":40},{"not_picked":["Luminous:Light_Gather+1","Luminous:Light_Wash_Luminous+1"],"picked":"Luminous:Shadow_Shell_Luminous+1","floor":42},{"not_picked":["Luminous:Concentrate_Luminous","Luminous:Light_Disperse+1"],"picked":"Luminous:Accumulation_Luminous+1","floor":44},{"not_picked":["Luminous:Dark_Morning_Star","Luminous:Light_Glare","Luminous:Accumulation_Luminous"],"picked":"SKIP","floor":44},{"not_picked":["Luminous:Phantom_Treasure_Luminous+1","Luminous:Shadow_Shell_Luminous+1"],"picked":"Luminous:Photic_Meditation_Luminous","floor":45},{"not_picked":["Luminous:Dark_Raid","Luminous:Light_Glare+1"],"picked":"Luminous:Lunar_Tide_Luminous+1","floor":45},{"not_picked":["Luminous:Light_Track","Luminous:Light_Wash_Luminous"],"picked":"Luminous:Concentrate_Luminous+1","floor":47},{"not_picked":["Luminous:Light_Glare","Luminous:Light_Spectral_Light+1"],"picked":"Luminous:Dusk_Guard_Luminous+1","floor":47},{"not_picked":["Luminous:Darkness_Mastery_Luminous+1","Luminous:Dark_Moonlight_Spear+1"],"picked":"Luminous:Equalize_Luminous","floor":48},{"not_picked":["Luminous:Light_Gather+1","Luminous:Concentrate_Luminous+1"],"picked":"Luminous:Light_Glare+1","floor":48}],"player_experience":238811,"relics_obtained":[{"floor":7.0,"key":"aspiration:FetidBarrel"},{"floor":9.0,"key":"Prayer Wheel"},{"floor":23.0,"key":"hubris:Reverence"},{"floor":26.0,"key":"aspiration:Lifesprig"},{"floor":34,"key":"Potion Belt"},{"floor":34,"key":"vexMod:Dragonfruit"},{"floor":34,"key":"Du-Vu Doll"},{"floor":40,"key":"Shuriken"},{"floor":42,"key":"Anchor"}],"event_choices":[],"is_beta":false,"boss_relics":[{"not_picked":["Runic Dome","aspiration:RitualDagger"],"picked":"Painkiller Herb"},{"not_picked":["conspire:SlowCooker","hubris:GrandSneckoEye"],"picked":"Calling Bell"}],"items_purged_floors":[31,46],"is_endless":false,"potions_floor_spawned":[10,12,14,18,25,28,29,30,33,35,44,47],"killed_by":"Shield and Spear","ascension_level":0}}