{"host":"911u4hh7ls61a7px","time":1607544347,"event":{"gold_per_floor":[118,130,130,130,143,175,175,208,208,234,254,285,296,309,309,309,309],"floor_reached":16,"playtime":1294,"items_purged":[],"score":165,"play_id":"490fe50f-5ffa-4270-a2e1-b86ac5b37d5a","local_time":"20201209200547","is_ascension_mode":true,"campfire_choices":[{"data":"Crystallizer","floor":7.0,"key":"SMITH"},{"floor":15,"key":"REST"}],"neow_cost":"","seed_source_timestamp":198392026975300,"circlet_count":0,"master_deck":["Strike_B","Strike_B","Strike_B","Defend_B","Defend_B","Defend_B","Defend_B","Zap","Blizzard","Ball Lightning","Conserve Battery","Crystallizer+1","Glacier","Cold Snap","Sweeping Beam","Panic Button","Hello World","Stack"],"special_seed":0,"relics":["Cracked Core","hubris:Icosahedron","hubris:Zylophone","Toy Ornithopter","InkBottle","infinitespire:SolderingIron","Replay:Rubber Ducky"],"potions_floor_usage":[8,12,14,16],"damage_taken":[{"damage":1.0,"enemies":"2 Louse","floor":1.0,"turns":3.0},{"damage":0.0,"enemies":"Jaw Worm","floor":2.0,"turns":4.0},{"damage":0.0,"enemies":"Small Slimes","floor":5.0,"turns":3.0},{"damage":22.0,"enemies":"Lagavulin","floor":6.0,"turns":7.0},{"damage":0,"enemies":"3 Sentries","floor":8,"turns":7},{"damage":8,"enemies":"Lagavulin","floor":10,"turns":4},{"damage":1,"enemies":"Exordium Wildlife","floor":11,"turns":4},{"damage":8,"enemies":"Gremlin Nob","floor":12,"turns":3},{"damage":0,"enemies":"Large Slime","floor":13,"turns":3},{"damage":20,"enemies":"Exordium Thugs","floor":14,"turns":4},{"damage":74,"enemies":"Fading Forest","floor":16,"turns":11}],"seed_played":"2328210462852026309","potions_obtained":[{"floor":1.0,"key":"SkillPotion"},{"floor":2.0,"key":"Dexterity Potion"},{"floor":6.0,"key":"FocusPotion"},{"floor":10,"key":"Adrenaline Potion"}],"is_trial":false,"path_per_floor":["M","M","?","?","M","E","R","E","T","E","M","E","M","M","R","B"],"character_chosen":"DEFECT","items_purchased":["Ball Lightning"],"campfire_rested":1,"item_purchase_floors":[0],"current_hp_per_floor":[74,74,74,79,79,57,57,57,57,49,48,45,45,30,54,0,0],"gold":309,"neow_bonus":"","is_prod":false,"is_daily":false,"chose_seed":false,"campfire_upgraded":1,"win_rate":0,"timestamp":1607544347,"path_taken":["M","M","?","?","?","E","R","E","T","E","M","E","M","M","R","BOSS"],"build_version":"2020-11-30","purchased_purges":0,"victory":false,"max_hp_per_floor":[75,75,75,80,80,80,80,80,80,80,80,80,80,80,80,80,80],"card_choices":[{"not_picked":["Sweeping Beam","Chaos"],"picked":"Conserve Battery","floor":1.0},{"not_picked":["Recycle","Hologram"],"picked":"Crystallizer","floor":2.0},{"not_picked":["Skim","Barrage"],"picked":"Glacier","floor":5.0},{"not_picked":["Hologram","Ball Lightning"],"picked":"Cold Snap","floor":6.0},{"not_picked":["Hologram","Compile Driver"],"picked":"Sweeping Beam","floor":8},{"not_picked":["Hologram","Steam Power"],"picked":"Panic Button","floor":10},{"not_picked":["Steam","Darkness"],"picked":"Hello World","floor":11},{"not_picked":["Undo","Compile Driver"],"picked":"Stack","floor":12},{"not_picked":["Leap","Barrage","Steam Power"],"picked":"SKIP","floor":13},{"not_picked":["Leap","Panic Button","Sweeping Beam"],"picked":"SKIP","floor":14}],"player_experience":240032,"relics_obtained":[{"floor":6.0,"key":"hubris:Zylophone"},{"floor":8,"key":"Toy Ornithopter"},{"floor":9,"key":"InkBottle"},{"floor":10,"key":"infinitespire:SolderingIron"},{"floor":12,"key":"Replay:Rubber Ducky"}],"event_choices":[{"damage_healed":0.0,"max_hp_gain":5.0,"max_hp_loss":0.0,"gold_gain":0.0,"event_name":"Big Fish","player_choice":"Donut","floor":4.0,"gold_loss":0.0,"damage_taken":0.0}],"is_beta":false,"boss_relics":[],"items_purged_floors":[],"is_endless":false,"potions_floor_spawned":[1,2,6,10],"killed_by":"Fading Forest","ascension_level":1}}