{"host":"gn6ds4edjslinxdh","time":1607496082,"event":{"gold_per_floor":[117,134,149,149,170,170,209,59,59,73,73,73,73,87,87,213,213,231,244,244,20,36,36,67,80,104,135,260,185,220,236,236,355,355,373,391,391,409,152,152,152,152,175,206,231,83,43,64,64,64],"floor_reached":51,"playtime":17412,"items_purged":["Strike_R","Defend_R+1","Defend_R+1"],"score":1094,"play_id":"5fd38828-cac3-47ae-af84-fe41d112eba0","local_time":"20201208224122","is_ascension_mode":true,"campfire_choices":[{"data":"Uppercut","floor":6,"key":"SMITH"},{"floor":11,"key":"REST"},{"data":"Pommel Strike","floor":15,"key":"SMITH"},{"data":"Perfected Strike","floor":23,"key":"SMITH"},{"data":"Demon Form","floor":32,"key":"SMITH"},{"floor":40,"key":"REST"},{"floor":42,"key":"REST"},{"floor":49,"key":"REST"}],"neow_cost":"NONE","seed_source_timestamp":377634874362500,"circlet_count":0,"master_deck":["Strike_R+1","Strike_R+1","Strike_R+1","Defend_R+1","Defend_R+1","Bash","Uppercut+1","Flame Barrier","Offering+1","Pummel","Disarm","Pommel Strike+1","Demon Form+1","Carnage","Perfected Strike+1","Juggernaut","Heavy Blade","Demon Form+1","Limit Break+1","Perfected Strike","Perfected Strike","Double Tap+1","Limit Break+1","Metallicize+1","Perfected Strike"],"relics":["Runic Dome","Golden Idol","Self Forming Clay","InkBottle","Snecko Eye","War Paint","White Beast Statue","Toy Ornithopter","Toxic Egg 2","Lizard Tail","HornCleat","TungstenRod","Empty Cage","Anchor","Art of War"],"potions_floor_usage":[22,24,27,28,30,33,33,36,38,44,50,50,50],"damage_taken":[{"damage":12,"enemies":"2 Louse","floor":1,"turns":3},{"damage":0,"enemies":"Small Slimes","floor":2,"turns":3},{"damage":0,"enemies":"Cultist","floor":3,"turns":3},{"damage":8,"enemies":"3 Louse","floor":5,"turns":3},{"damage":26,"enemies":"Gremlin Nob","floor":7,"turns":5},{"damage":7,"enemies":"Red Slaver","floor":10,"turns":4},{"damage":12,"enemies":"2 Fungi Beasts","floor":14,"turns":4},{"damage":4,"enemies":"Hexaghost","floor":16,"turns":10},{"damage":2,"enemies":"Chosen","floor":18,"turns":5},{"damage":6,"enemies":"Spheric Guardian","floor":19,"turns":3},{"damage":12,"enemies":"Snake Plant","floor":22,"turns":2},{"damage":8,"enemies":"Book of Stabbing","floor":24,"turns":4},{"damage":1,"enemies":"Centurion and Healer","floor":25,"turns":4},{"damage":18,"enemies":"Gremlin Leader","floor":27,"turns":3},{"damage":16,"enemies":"Colosseum Slavers","floor":28,"turns":4},{"damage":0,"enemies":"Colosseum Nobs","floor":28,"turns":4},{"damage":2,"enemies":"Book of Stabbing","floor":30,"turns":3},{"damage":0,"enemies":"Sentry and Sphere","floor":31,"turns":3},{"damage":22,"enemies":"Champ","floor":33,"turns":4},{"damage":12,"enemies":"3 Shapes","floor":35,"turns":6},{"damage":39,"enemies":"3 Darklings","floor":36,"turns":5},{"damage":1,"enemies":"Spire Growth","floor":38,"turns":3},{"damage":5,"enemies":"Nemesis","floor":44,"turns":3},{"damage":5,"enemies":"Sphere and 2 Shapes","floor":45,"turns":5},{"damage":2,"enemies":"4 Shapes","floor":48,"turns":5},{"damage":58,"enemies":"Awakened One","floor":50,"turns":8}],"seed_played":"231235850575586079","potions_obtained":[{"floor":1,"key":"Energy Potion"},{"floor":2,"key":"EssenceOfSteel"},{"floor":7,"key":"Energy Potion"},{"floor":14,"key":"SkillPotion"},{"floor":24,"key":"BloodPotion"},{"floor":25,"key":"Dexterity Potion"},{"floor":27,"key":"ElixirPotion"},{"floor":28,"key":"FearPotion"},{"floor":30,"key":"ColorlessPotion"},{"floor":33,"key":"LiquidMemories"},{"floor":35,"key":"BlessingOfTheForge"},{"floor":36,"key":"SteroidPotion"},{"floor":38,"key":"EssenceOfSteel"},{"floor":44,"key":"Swift Potion"}],"is_trial":false,"path_per_floor":["M","M","M","?","M","R","E","$","T","M","R","?","?","M","R","B",null,"M","M","?","$","M","R","E","M","T","E","?","?","E","M","R","B",null,"M","M","?","M","$","R","?","R","T","E","M","$","?","M","R","B",null],"character_chosen":"IRONCLAD","items_purchased":["Disarm","Carnage","War Paint","Double Tap+1","Perfected Strike"],"campfire_rested":4,"item_purchase_floors":[8,21,21,39,46],"current_hp_per_floor":[60,60,60,60,52,52,26,26,26,19,41,26,44,32,32,28,63,61,55,55,55,43,43,35,34,34,35,24,24,27,27,27,15,57,45,11,11,15,15,36,36,57,57,57,52,52,52,50,71,28],"gold":64,"neow_bonus":"BOSS_RELIC","is_prod":false,"is_daily":false,"chose_seed":false,"campfire_upgraded":4,"win_rate":0,"timestamp":1607496082,"path_taken":["M","M","M","?","M","R","E","$","T","M","R","?","?","M","R","BOSS","M","M","?","$","M","R","E","M","T","E","?","?","E","M","R","BOSS","M","M","?","M","$","R","?","R","T","E","?","$","?","M","R","BOSS"],"build_version":"2020-11-30","purchased_purges":3,"victory":true,"max_hp_per_floor":[80,80,80,74,74,74,74,74,74,74,74,74,74,74,74,74,74,74,74,74,74,74,74,74,74,74,74,74,71,71,71,71,71,71,71,71,71,71,71,71,71,71,71,71,71,71,71,71,71,71],"relic_stats":{"Lizard Tail":0,"counters":[26,109],"Golden Idol":179,"Self Forming Clay":[111],"Snecko Eye":[159,129,153,138],"Art of War":[2],"War Paint":["Offering","Flex"],"obtain_stats":[{"Golden Idol":4,"Self Forming Clay":7,"War Paint":21,"Empty Cage":34,"Burning Blood":0,"White Beast Statue":24,"Runic Dome":0,"Lizard Tail":28,"Anchor":43,"HornCleat":28,"Snecko Eye":17,"Art of War":44,"Toxic Egg 2":27,"InkBottle":9,"Toy Ornithopter":26,"TungstenRod":30},{"Golden Idol":3,"Self Forming Clay":5,"War Paint":10,"Empty Cage":19,"Burning Blood":0,"White Beast Statue":12,"Runic Dome":0,"Lizard Tail":16,"Anchor":22,"HornCleat":16,"Snecko Eye":8,"Art of War":23,"Toxic Egg 2":14,"InkBottle":5,"Toy Ornithopter":13,"TungstenRod":17},{"Golden Idol":9,"Self Forming Clay":17,"War Paint":43,"Empty Cage":74,"Burning Blood":0,"White Beast Statue":49,"Runic Dome":0,"Lizard Tail":64,"Anchor":88,"HornCleat":64,"Snecko Eye":35,"Art of War":91,"Toxic Egg 2":56,"InkBottle":17,"Toy Ornithopter":53,"TungstenRod":67}],"InkBottle":[32],"Toy Ornithopter":55,"TungstenRod":23},"card_choices":[{"not_picked":["Wild Strike","Cleave"],"picked":"Uppercut","floor":1},{"not_picked":["True Grit","Metallicize"],"picked":"Flame Barrier","floor":2},{"not_picked":["Headbutt","Clash"],"picked":"Flex","floor":3},{"not_picked":["Cleave","Iron Wave"],"picked":"Offering","floor":5},{"not_picked":["Twin Strike","Sever Soul"],"picked":"Pummel","floor":7},{"not_picked":["Flex","Headbutt"],"picked":"Pommel Strike","floor":10},{"not_picked":["Twin Strike","Warcry","Clash"],"picked":"SKIP","floor":14},{"not_picked":["Offering","Exhume"],"picked":"Demon Form","floor":16},{"not_picked":["Thunderclap+1","Rupture","Second Wind"],"picked":"SKIP","floor":18},{"not_picked":["Havoc","Body Slam","Iron Wave"],"picked":"SKIP","floor":19},{"not_picked":["Twin Strike","Clash+1"],"picked":"Perfected Strike","floor":22},{"not_picked":["Shrug It Off","Evolve","Thunderclap"],"picked":"SKIP","floor":24},{"not_picked":["Dark Embrace","Flex+1"],"picked":"Juggernaut","floor":25},{"not_picked":["Reckless Charge","Metallicize","Headbutt"],"picked":"SKIP","floor":27},{"not_picked":["Twin Strike","Shockwave+1"],"picked":"Heavy Blade","floor":30},{"not_picked":["Clothesline+1","Perfected Strike"],"picked":"Demon Form","floor":31},{"not_picked":["Exhume+1","Impervious+1"],"picked":"Limit Break+1","floor":33},{"not_picked":["Sever Soul","Warcry+1","Cleave"],"picked":"SKIP","floor":35},{"not_picked":["Iron Wave","Clash+1"],"picked":"Perfected Strike","floor":36},{"not_picked":["True Grit+1","Body Slam"],"picked":"Perfected Strike","floor":38},{"not_picked":["Headbutt","Rampage","Wild Strike"],"picked":"SKIP","floor":44},{"not_picked":["Sever Soul","Flex+1"],"picked":"Metallicize+1","floor":45},{"not_picked":["Brutality","Warcry+1","Twin Strike+1"],"picked":"SKIP","floor":48}],"player_experience":465687,"relics_obtained":[{"floor":7,"key":"Self Forming Clay"},{"floor":9,"key":"InkBottle"},{"floor":24,"key":"White Beast Statue"},{"floor":26,"key":"Toy Ornithopter"},{"floor":27,"key":"Toxic Egg 2"},{"floor":28,"key":"Lizard Tail"},{"floor":28,"key":"HornCleat"},{"floor":30,"key":"TungstenRod"},{"floor":43,"key":"Anchor"},{"floor":44,"key":"Art of War"}],"event_choices":[{"damage_healed":0,"gold_gain":0,"player_choice":"Lose Max HP","damage_taken":0,"relics_obtained":["Golden Idol"],"max_hp_gain":0,"max_hp_loss":6,"event_name":"Golden Idol","floor":4,"gold_loss":0},{"damage_healed":0,"gold_gain":0,"player_choice":"Entered Light","damage_taken":15,"max_hp_gain":0,"max_hp_loss":0,"event_name":"Shining Light","floor":12,"gold_loss":0,"cards_upgraded":["Defend_R","Defend_R"]},{"damage_healed":18,"gold_gain":0,"player_choice":"Healed and dodged fight","damage_taken":0,"max_hp_gain":0,"max_hp_loss":0,"event_name":"Mushrooms","floor":13,"gold_loss":0,"cards_obtained":["Parasite"]},{"damage_healed":0,"gold_gain":0,"player_choice":"Simplicity","damage_taken":0,"max_hp_gain":0,"max_hp_loss":0,"event_name":"Back to Basics","floor":20,"gold_loss":0,"cards_upgraded":["Strike_R","Strike_R","Strike_R","Strike_R","Defend_R","Defend_R"]},{"damage_healed":0,"gold_gain":0,"player_choice":"Fight","damage_taken":0,"max_hp_gain":0,"max_hp_loss":0,"event_name":"Colosseum","floor":28,"gold_loss":0},{"damage_healed":0,"gold_gain":0,"player_choice":"Fought Nobs","damage_taken":0,"max_hp_gain":0,"max_hp_loss":0,"event_name":"Colosseum","floor":28,"gold_loss":0},{"cards_removed":["Parasite"],"damage_healed":0,"gold_gain":0,"player_choice":"Gave Gold","damage_taken":0,"max_hp_gain":0,"max_hp_loss":0,"event_name":"Beggar","floor":29,"gold_loss":75},{"damage_healed":0,"gold_gain":0,"player_choice":"Ignored","damage_taken":0,"max_hp_gain":0,"max_hp_loss":0,"event_name":"Tomb of Lord Red Mask","floor":37,"gold_loss":0},{"damage_healed":0,"gold_gain":0,"player_choice":"Copied","damage_taken":0,"max_hp_gain":0,"max_hp_loss":0,"event_name":"Duplicator","floor":41,"gold_loss":0,"cards_obtained":["Limit Break"]},{"damage_healed":0,"gold_gain":0,"player_choice":"Upgrade","damage_taken":0,"max_hp_gain":0,"max_hp_loss":0,"event_name":"Designer","floor":47,"gold_loss":40,"cards_upgraded":["Demon Form"]}],"is_beta":false,"boss_relics":[{"not_picked":["Black Star","Tiny House"],"picked":"Snecko Eye"},{"not_picked":["Mark of Pain","Pandora\u0027s Box"],"picked":"Empty Cage"}],"items_purged_floors":[8,39,46],"is_endless":false,"potions_floor_spawned":[1,2,7,14,24,25,27,28,28,30,31,33,35,36,38,44,45,48],"ascension_level":9}}