{"host":"d1za9dvx43o9v494","time":1607515386,"event":{"gold_per_floor":[99,99,24,24,9,27,103,103,131,131,149,299,299,316,335,436,436,361,372,403,403,417,417,443,475,475,507,520,520,520,313,325,421,421,421,421,451,315,333,349,373,385,414,339,349,349,47,65,78,78,78,113,43,43,43],"floor_reached":56,"playtime":4565,"items_purged":["Slimebound:Icky"],"score":1613,"play_id":"f32acc05-29de-4298-8834-45f7b0d48d3d","local_time":"20201209150306","is_ascension_mode":false,"campfire_choices":[{"floor":1.0,"key":"RECALL"},{"data":"champ:Execute","floor":3.0,"key":"SMITH"},{"data":"champ:StanceDance","floor":8.0,"key":"SMITH"},{"data":"champ:Taunt","floor":10.0,"key":"SMITH"},{"data":"champ:Improvising","floor":18.0,"key":"SMITH"},{"data":"champ:GutPunch","floor":26.0,"key":"SMITH"},{"data":"champ:SteelEdge","floor":35,"key":"SMITH"},{"data":"expansioncontent:GuardianWhirl","floor":44,"key":"SMITH"},{"data":"champ:Lariat","floor":54,"key":"SMITH"}],"neow_cost":"NONE","seed_source_timestamp":655166474167078,"circlet_count":0,"master_deck":["champ:Strike","champ:Strike","champ:Strike","champ:Defend+1","champ:Defend","champ:Defend","champ:Defend+1","champ:Execute+1","champ:Taunt+1","expansioncontent:GuardianWhirl+1","champ:GutPunch+1","champ:StanceDance+1","champ:GutPunch+1","champ:Improvising+1","champ:Duel+1","champ:Circumvent+1","champ:FlashCut+1","champ:SteelEdge+1","champ:Haymaker+1","expansioncontent:CaCaw+1","champ:BladeFlurry+1","champ:IronFortress+1","champ:Lariat+1","champ:IronFortress+1","champ:StanceDance+1","champ:DefensiveStyle+1"],"special_seed":0,"relics":["champ:ChampionCrown","downfall:HeartBlessingRed","downfall:BrokenWingStatue","White Beast Statue","Matryoshka","War Paint","Eternal Feather","SlaversCollar","downfall:HeartBlessingGreen","Meat on the Bone","Nilry\u0027s Codex","Shuriken","MealTicket","Mummified Hand","Art of War","champ:BerserkersGuideToSlaughter","Chemical X","Velvet Choker","Frozen Egg 2","Torii","Ice Cream","downfall:HeartBlessingBlue","DollysMirror","TheAbacus","Strawberry"],"potions_floor_usage":[38,55,55,55],"damage_taken":[{"damage":10.0,"enemies":"downfall:FleeingMerchant","floor":5.0,"turns":4.0},{"damage":5.0,"enemies":"Jaw Worm","floor":6.0,"turns":3.0},{"damage":34.0,"enemies":"3 Sentries","floor":9.0,"turns":6.0},{"damage":0.0,"enemies":"2 Louse","floor":11.0,"turns":1.0},{"damage":23.0,"enemies":"Small Slimes","floor":14.0,"turns":4.0},{"damage":0.0,"enemies":"3 Louse","floor":15.0,"turns":1.0},{"damage":39.0,"enemies":"downfall:Watcher","floor":16.0,"turns":8.0},{"damage":59.0,"enemies":"Spheric Guardian","floor":19.0,"turns":7.0},{"damage":34.0,"enemies":"Slavers","floor":20.0,"turns":7.0},{"damage":16.0,"enemies":"3 Byrds","floor":22.0,"turns":5.0},{"damage":52.0,"enemies":"Book of Stabbing","floor":25.0,"turns":5.0},{"damage":28.0,"enemies":"Gremlin Leader","floor":27.0,"turns":6.0},{"damage":28.0,"enemies":"Shelled Parasite and Fungi","floor":28.0,"turns":4.0},{"damage":12,"enemies":"downfall:FleeingMerchant","floor":31,"turns":4},{"damage":42,"enemies":"Snake Plant","floor":32,"turns":3},{"damage":75,"enemies":"downfall:Ironclad","floor":33,"turns":6},{"damage":26,"enemies":"Giant Head","floor":37,"turns":6},{"damage":27,"enemies":"downfall:FleeingMerchant","floor":38,"turns":4},{"damage":17,"enemies":"Orb Walker","floor":39,"turns":3},{"damage":40,"enemies":"3 Darklings","floor":40,"turns":5},{"damage":44,"enemies":"Sphere and 2 Shapes","floor":42,"turns":5},{"damage":71,"enemies":"Reptomancer","floor":43,"turns":5},{"damage":39,"enemies":"Jaw Worm Horde","floor":45,"turns":4},{"damage":10,"enemies":"3 Darklings","floor":48,"turns":3},{"damage":4,"enemies":"Sphere and 2 Shapes","floor":49,"turns":4},{"damage":23,"enemies":"downfall:Defect","floor":50,"turns":6},{"damage":71,"enemies":"downfall:CharBossMerchant","floor":52,"turns":7},{"damage":120,"enemies":"downfall:NeowBoss","floor":55,"turns":16}],"seed_played":"-8658220575894823776","potions_obtained":[{"floor":9.0,"key":"Strength Potion"},{"floor":11.0,"key":"sneckomod:MuddlingPotion"},{"floor":14.0,"key":"BlessingOfTheForge"},{"floor":15.0,"key":"Fire Potion"},{"floor":20.0,"key":"Dexterity Potion"},{"floor":22.0,"key":"FearPotion"},{"floor":27.0,"key":"Explosive Potion"},{"floor":33,"key":"FearPotion"},{"floor":37,"key":"DuplicationPotion"},{"floor":39,"key":"CultistPotion"},{"floor":52,"key":"DuplicationPotion"}],"is_trial":false,"path_per_floor":["R","?","R","?","$","M","T","R","E","R","M","?","T","M","M","B",null,"R","M","E","?","M","?","T","E","R","E","M","?","?","$","M","B",null,"R","?","E","$","M","M","T","M","E","R","M","$","$","M","M","B",null,"E","$","R","B",null],"character_chosen":"THE_CHAMP","items_purchased":["Chemical X","champ:SteelEdge","Torii","expansioncontent:CaCaw+1","champ:IronFortress+1","champ:Lariat","DollysMirror","champ:DefensiveStyle+1"],"campfire_rested":0,"item_purchase_floors":[31,31,38,38,47,47,47,53],"current_hp_per_floor":[90,90,90,90,90,90,90,90,81,81,81,81,81,67,67,65,90,90,65,45,29,51,51,51,47,56,59,76,76,76,90,90,82,90,90,90,90,90,90,73,73,52,50,72,100,100,100,100,98,98,100,107,107,107,92],"gold":43,"neow_bonus":"RANDOM_COLORLESS","is_prod":false,"is_daily":false,"chose_seed":false,"campfire_upgraded":8,"win_rate":0,"timestamp":1607515386,"path_taken":["R","?","R","?","$","M","T","R","E","R","M","?","?","M","M","BOSS","R","M","E","?","M","?","T","E","R","E","?","?","?","$","M","BOSS","R","?","E","?","M","M","T","?","E","R","M","$","$","M","M","BOSS","E","$","R","BOSS"],"build_version":"2020-11-30","purchased_purges":1,"victory":true,"max_hp_per_floor":[90,90,90,90,90,90,90,90,90,90,90,90,90,90,90,90,90,90,90,90,90,90,90,90,90,90,90,90,90,90,90,90,90,90,90,90,90,90,90,90,90,90,90,100,100,100,100,100,100,100,100,107,107,107,107],"card_choices":[{"not_picked":["Dramatic Entrance","expansioncontent:Hexaburn"],"picked":"expansioncontent:GuardianWhirl","floor":0.0},{"not_picked":["champ:TornadoPunch","champ:BladeFlurry"],"picked":"champ:GutPunch","floor":5.0},{"not_picked":["champ:Haymaker","champ:PreciseThrust"],"picked":"champ:StanceDance","floor":6.0},{"not_picked":["champ:CalledShot","champ:PerfectedStrike","champ:GladiatorsShout"],"picked":"SKIP","floor":9.0},{"not_picked":["champ:Haymaker","champ:BerserkersShout"],"picked":"champ:GutPunch","floor":11.0},{"not_picked":["champ:ArenaPreparation","champ:Balance","champ:GladiatorsShout"],"picked":"SKIP","floor":14.0},{"not_picked":["champ:GladiatorStyle","champ:Circumvent","champ:TornadoPunch"],"picked":"SKIP","floor":15.0},{"not_picked":["champ:ShieldThrow","champ:LastStand"],"picked":"champ:Improvising","floor":16.0},{"not_picked":["champ:TornadoPunch","champ:BringItOn+1","champ:DefensiveShout"],"picked":"SKIP","floor":19.0},{"not_picked":["champ:BerserkersShout+1","champ:MurderStrike"],"picked":"champ:Duel+1","floor":20.0},{"not_picked":["champ:StanceDance","champ:RisingSlash+1"],"picked":"champ:Circumvent+1","floor":22.0},{"not_picked":["champ:BringItOn","champ:FlashCut","champ:FanOfKnives"],"picked":"SKIP","floor":25.0},{"not_picked":["champ:IronFortress","champ:GladiatorsShout"],"picked":"champ:FlashCut+1","floor":27.0},{"not_picked":["champ:DeathBlow","champ:Balance","champ:FanOfKnives"],"picked":"SKIP","floor":28.0},{"not_picked":["champ:Circumvent","champ:StanceDance","champ:GladiatorStyle"],"picked":"SKIP","floor":31},{"not_picked":["champ:Circumvent","champ:StanceDance","champ:GladiatorStyle"],"picked":"SKIP","floor":31},{"not_picked":["champ:Riposte","champ:GladiatorsShout+1","champ:FlashCut+1"],"picked":"SKIP","floor":32},{"not_picked":["champ:FocusedGladiator","champ:DefensiveShout"],"picked":"champ:Haymaker+1","floor":37},{"not_picked":["champ:Control","champ:Haymaker+1","champ:ShieldWall+1"],"picked":"SKIP","floor":39},{"not_picked":["champ:Balance+1","champ:ArenaPreparation+1"],"picked":"champ:BladeFlurry+1","floor":40},{"not_picked":["champ:BladeFlurry+1","champ:EnGarde","champ:RapidStrikes+1"],"picked":"SKIP","floor":42},{"not_picked":["champ:TornadoPunch","champ:FocusedBerserking+1","champ:FanOfKnives"],"picked":"SKIP","floor":43},{"not_picked":["champ:CrookedStrike","champ:BringItOn+1","champ:DeathBlow+1"],"picked":"SKIP","floor":45},{"not_picked":["champ:BringItOn+1","champ:DeathBlow","champ:CrownThrow"],"picked":"SKIP","floor":48},{"not_picked":["champ:GladiatorsShout+1","champ:EnragedBash+1"],"picked":"champ:StanceDance+1","floor":49},{"not_picked":["champ:Circumvent+1","champ:RisingSlash","champ:AdrenalArmor"],"picked":"SKIP","floor":52}],"player_experience":524559,"relics_obtained":[{"floor":7.0,"key":"White Beast Statue"},{"floor":9.0,"key":"Matryoshka"},{"floor":13.0,"key":"War Paint"},{"floor":13.0,"key":"Eternal Feather"},{"floor":20.0,"key":"Meat on the Bone"},{"floor":21.0,"key":"Nilry\u0027s Codex"},{"floor":24.0,"key":"Shuriken"},{"floor":24.0,"key":"MealTicket"},{"floor":25.0,"key":"Mummified Hand"},{"floor":27.0,"key":"Art of War"},{"floor":37,"key":"Frozen Egg 2"},{"floor":43,"key":"Ice Cream"},{"floor":52,"key":"TheAbacus"},{"floor":52,"key":"Strawberry"}],"event_choices":[{"cards_removed":["champ:Strike"],"damage_healed":0.0,"max_hp_gain":0.0,"max_hp_loss":0.0,"gold_gain":0.0,"event_name":"The Cleric","player_choice":"Card Removal","floor":2.0,"gold_loss":0.0,"damage_taken":0.0},{"damage_healed":0.0,"max_hp_gain":0.0,"max_hp_loss":0.0,"gold_gain":0.0,"event_name":"NoteForYourself","player_choice":"Ignored","floor":23.0,"gold_loss":0.0,"damage_taken":0.0},{"damage_healed":0.0,"max_hp_gain":0.0,"max_hp_loss":0.0,"gold_gain":0.0,"event_name":"Vampires","player_choice":"Ignored","floor":29.0,"gold_loss":0.0,"damage_taken":0.0},{"damage_healed":0,"gold_gain":0,"player_choice":"Upgraded","damage_taken":0,"max_hp_gain":0,"max_hp_loss":0,"event_name":"Upgrade Shrine","floor":36,"gold_loss":0,"cards_upgraded":["champ:GutPunch"]}],"is_beta":false,"boss_relics":[{"not_picked":["Snecko Eye","Black Star"],"picked":"SlaversCollar"},{"not_picked":["Cursed Key","SacredBark"],"picked":"Velvet Choker"}],"items_purged_floors":[38],"is_endless":false,"potions_floor_spawned":[9,11,14,15,16,19,20,22,25,27,28,32,33,37,39,40,42,43,45,48,49,52],"ascension_level":0}}