{"host":"0vd2boh2oi7jm085","time":1607505989,"event":{"gold_per_floor":[109,24,39,39,39,73,73,97,97,116,41,41,82,95,95,188,188,207,221,246,272,287,287,287,302,302,316,339,38,52,77,77,167,167,167,183,183,183,183],"floor_reached":38,"playtime":1403,"items_purged":[],"score":799,"play_id":"5822f125-a3ce-4d83-9e9d-45970f8ef453","local_time":"20201209012629","is_ascension_mode":true,"campfire_choices":[{"data":"Pummel","floor":7.0,"key":"SMITH"},{"floor":12.0,"key":"REST"},{"floor":15.0,"key":"REST"},{"floor":23.0,"key":"REST"},{"floor":32.0,"key":"REST"}],"neow_cost":"NONE","seed_source_timestamp":15921933823800,"circlet_count":0,"master_deck":["AscendersBane","Strike_R","Strike_R","Strike_R","Strike_R","Strike_R","Defend_R","Defend_R","Defend_R","Defend_R","Bash","Heavy Blade","Flex","Carnage+1","Flex","Pummel+1","Feed","Inflame","Heavy Blade","Limit Break","Carnage","Inflame","Heavy Blade","Clothesline","Demon Form","Heavy Blade","Writhe"],"special_seed":0,"relics":["Burning Blood","NeowsBlessing","Golden Idol","Shuriken","Matryoshka","Ornamental Fan","Snecko Eye","Boot","Nunchaku","Potion Belt","Magic Flower","Anchor","Pen Nib","Empty Cage"],"potions_floor_usage":[33,33,35,38],"damage_taken":[{"damage":0.0,"enemies":"Small Slimes","floor":1.0,"turns":1.0},{"damage":0.0,"enemies":"Cultist","floor":3.0,"turns":1.0},{"damage":0.0,"enemies":"3 Sentries","floor":6.0,"turns":2.0},{"damage":4.0,"enemies":"Jaw Worm","floor":8.0,"turns":3.0},{"damage":37.0,"enemies":"Exordium Thugs","floor":10.0,"turns":6.0},{"damage":25.0,"enemies":"Lagavulin","floor":13.0,"turns":5.0},{"damage":3.0,"enemies":"Exordium Wildlife","floor":14.0,"turns":3.0},{"damage":58.0,"enemies":"Slime Boss","floor":16.0,"turns":10.0},{"damage":8.0,"enemies":"Chosen","floor":18.0,"turns":4.0},{"damage":0.0,"enemies":"Spheric Guardian","floor":19.0,"turns":2.0},{"damage":38.0,"enemies":"Snake Plant","floor":20.0,"turns":3.0},{"damage":34.0,"enemies":"Sentry and Sphere","floor":22.0,"turns":5.0},{"damage":16.0,"enemies":"Centurion and Healer","floor":25.0,"turns":6.0},{"damage":10.0,"enemies":"Cultist and Chosen","floor":27.0,"turns":4.0},{"damage":27.0,"enemies":"Snecko","floor":28.0,"turns":4.0},{"damage":0.0,"enemies":"Chosen and Byrds","floor":30.0,"turns":3.0},{"damage":0.0,"enemies":"Centurion and Healer","floor":31.0,"turns":5.0},{"damage":67,"enemies":"Collector","floor":33,"turns":5},{"damage":0,"enemies":"3 Shapes","floor":35,"turns":1},{"damage":47,"enemies":"3 Darklings","floor":36,"turns":5},{"damage":83,"enemies":"2 Orb Walkers","floor":38,"turns":5}],"seed_played":"-2940049798974062941","potions_obtained":[{"floor":6.0,"key":"Explosive Potion"},{"floor":8.0,"key":"LiquidMemories"},{"floor":14.0,"key":"BloodPotion"},{"floor":27.0,"key":"AttackPotion"},{"floor":28.0,"key":"FearPotion"},{"floor":31.0,"key":"SmokeBomb"},{"floor":36,"key":"HeartOfIron"}],"is_trial":false,"path_per_floor":["M","$","M","?","?","E","R","M","T","M","$","R","E","M","R","B",null,"M","M","M","T","M","R","?","M","T","M","M","$","M","M","R","B",null,"M","M","?","?"],"character_chosen":"IRONCLAD","items_purchased":["Flex","Carnage","Inflame","Anchor","Pen Nib"],"campfire_rested":4,"item_purchase_floors":[2,2,11,29,29],"current_hp_per_floor":[74,74,75,75,75,75,75,75,75,47,47,70,51,57,81,29,68,66,75,46,46,35,61,55,45,45,49,31,31,40,54,81,23,76,85,47,66,0,0],"gold":183,"neow_bonus":"THREE_ENEMY_KILL","is_prod":false,"is_daily":false,"chose_seed":false,"campfire_upgraded":1,"win_rate":0,"timestamp":1607505989,"path_taken":["M","$","M","?","?","E","R","M","T","?","?","R","E","M","R","BOSS","M","M","?","?","M","R","?","M","T","M","?","$","M","M","R","BOSS","M","M","?","?"],"build_version":"2020-11-30","purchased_purges":0,"victory":false,"max_hp_per_floor":[75,75,75,75,75,75,75,75,75,78,78,78,78,81,81,81,81,81,84,87,87,87,87,87,87,87,90,90,90,90,93,93,93,93,93,93,93,93,93],"card_choices":[{"not_picked":["Armaments","True Grit"],"picked":"Heavy Blade","floor":1.0},{"not_picked":["True Grit","Dark Embrace"],"picked":"Flex","floor":3.0},{"not_picked":["Headbutt","Anger"],"picked":"Pummel","floor":6.0},{"not_picked":["Rupture","Warcry"],"picked":"Feed","floor":8.0},{"not_picked":["Sword Boomerang","Clothesline"],"picked":"Headbutt","floor":10.0},{"not_picked":["Wild Strike","Headbutt","Iron Wave"],"picked":"SKIP","floor":13.0},{"not_picked":["Flex","Clash"],"picked":"Heavy Blade","floor":14.0},{"not_picked":["Brutality","Impervious"],"picked":"Limit Break","floor":16.0},{"not_picked":["Clash","Second Wind+1","Perfected Strike"],"picked":"SKIP","floor":18.0},{"not_picked":["Clothesline","Disarm"],"picked":"Carnage","floor":19.0},{"not_picked":["Searing Blow","Feel No Pain","Body Slam"],"picked":"SKIP","floor":20.0},{"not_picked":["Pummel+1","Cleave","Intimidate"],"picked":"SKIP","floor":22.0},{"not_picked":["Twin Strike","Pummel","Ghostly Armor+1"],"picked":"SKIP","floor":25.0},{"not_picked":["Wild Strike","Clothesline"],"picked":"Inflame","floor":27.0},{"not_picked":["Rage","Rampage"],"picked":"Heavy Blade","floor":28.0},{"not_picked":["Sever Soul","Body Slam"],"picked":"Clothesline","floor":30.0},{"not_picked":["Sword Boomerang","Wild Strike","Shrug It Off"],"picked":"SKIP","floor":31.0},{"not_picked":["Exhume","Offering"],"picked":"Demon Form","floor":33},{"not_picked":["Iron Wave","Inflame"],"picked":"Heavy Blade","floor":36}],"player_experience":64965,"relics_obtained":[{"floor":6.0,"key":"Shuriken"},{"floor":9.0,"key":"Matryoshka"},{"floor":13.0,"key":"Ornamental Fan"},{"floor":21.0,"key":"Boot"},{"floor":21.0,"key":"Nunchaku"},{"floor":26.0,"key":"Potion Belt"},{"floor":26.0,"key":"Magic Flower"}],"event_choices":[{"damage_healed":0.0,"max_hp_gain":0.0,"max_hp_loss":0.0,"gold_gain":0.0,"event_name":"Golden Idol","player_choice":"Take Wound","floor":4.0,"gold_loss":0.0,"damage_taken":0.0,"relics_obtained":["Golden Idol"],"cards_obtained":["Injury"]},{"damage_healed":0.0,"max_hp_gain":0.0,"max_hp_loss":0.0,"gold_gain":0.0,"event_name":"Accursed Blacksmith","player_choice":"Forge","floor":5.0,"gold_loss":0.0,"damage_taken":0.0,"cards_upgraded":["Carnage"]},{"damage_healed":0.0,"max_hp_gain":0.0,"max_hp_loss":0.0,"gold_gain":0.0,"event_name":"Knowing Skull","player_choice":"","floor":24.0,"potions_obtained":[],"gold_loss":0.0,"damage_taken":6.0,"cards_obtained":[]},{"damage_healed":19,"gold_gain":0,"player_choice":"Writhe","damage_taken":0,"max_hp_gain":0,"max_hp_loss":0,"event_name":"Winding Halls","floor":37,"gold_loss":0,"cards_obtained":["Writhe"]},{"damage_healed":0,"gold_gain":0,"player_choice":"Fight","damage_taken":0,"max_hp_gain":0,"max_hp_loss":0,"event_name":"Mysterious Sphere","floor":38,"gold_loss":0}],"is_beta":false,"boss_relics":[{"not_picked":["Runic Cube","Astrolabe"],"picked":"Snecko Eye"},{"not_picked":["Fusion Hammer","Sozu"],"picked":"Empty Cage"}],"items_purged_floors":[],"is_endless":false,"potions_floor_spawned":[6,8,13,14,20,27,28,31,35,36],"killed_by":"2 Orb Walkers","ascension_level":15}}