{"host":"rmsq46plbpwfbxcc","time":1607494054,"event":{"gold_per_floor":[10,22,22,36,1,1,25,25,48,91,114,153,171,192,192,281,281,299,324,337,337,337,337,98,139,139,139,139],"floor_reached":27,"playtime":938,"items_purged":["Strike_G"],"score":441,"play_id":"6ad40c1e-3683-4957-9498-aef83f3a5ebf","local_time":"20201209150734","is_ascension_mode":true,"campfire_choices":[{"data":"Neutralize","floor":6.0,"key":"SMITH"},{"data":"After Image","floor":8.0,"key":"SMITH"},{"data":"Terror","floor":15.0,"key":"SMITH"},{"data":"Blade Dance","floor":23.0,"key":"SMITH"}],"neow_cost":"NO_GOLD","seed_source_timestamp":1878491610858400,"circlet_count":0,"master_deck":["AscendersBane","Strike_G","Strike_G","Strike_G","Defend_G","Defend_G","Defend_G","Defend_G","Defend_G","Survivor","Neutralize+1","After Image+1","Poisoned Stab+1","Blade Dance+1","Terror+1","Blur","Choke","Backflip","Burst","PiercingWail","Finisher","Unload+1"],"special_seed":0,"relics":["Ring of the Snake","Golden Idol","Dream Catcher","Omamori","Bronze Scales","Calling Bell","Bag of Preparation","Eternal Feather","Tingsha","Whetstone","Bag of Marbles","Frozen Egg 2"],"potions_floor_usage":[27],"damage_taken":[{"damage":0.0,"enemies":"Jaw Worm","floor":1.0,"turns":6.0},{"damage":2.0,"enemies":"2 Louse","floor":2.0,"turns":3.0},{"damage":6.0,"enemies":"Cultist","floor":4.0,"turns":5.0},{"damage":3.0,"enemies":"3 Louse","floor":7.0,"turns":4.0},{"damage":24.0,"enemies":"Gremlin Nob","floor":10.0,"turns":5.0},{"damage":0.0,"enemies":"Blue Slaver","floor":11.0,"turns":5.0},{"damage":10.0,"enemies":"Lagavulin","floor":12.0,"turns":8.0},{"damage":8.0,"enemies":"Exordium Wildlife","floor":13.0,"turns":5.0},{"damage":0.0,"enemies":"Large Slime","floor":14.0,"turns":5.0},{"damage":31.0,"enemies":"Hexaghost","floor":16.0,"turns":12.0},{"damage":0.0,"enemies":"Shell Parasite","floor":18.0,"turns":7.0},{"damage":13.0,"enemies":"2 Thieves","floor":19.0,"turns":5.0},{"damage":4.0,"enemies":"Snake Plant","floor":20.0,"turns":5.0},{"damage":18,"enemies":"Book of Stabbing","floor":25,"turns":6},{"damage":28,"enemies":"Slavers","floor":27,"turns":5}],"seed_played":"-8557905512513740589","potions_obtained":[{"floor":4.0,"key":"Swift Potion"},{"floor":7.0,"key":"Regen Potion"},{"floor":13.0,"key":"FearPotion"},{"floor":16.0,"key":"BlessingOfTheForge"},{"floor":18.0,"key":"AttackPotion"},{"floor":20.0,"key":"BlessingOfTheForge"}],"is_trial":false,"path_per_floor":["M","M","?","M","?","R","M","R","T","E","M","E","M","M","R","B",null,"M","M","M","?","?","R","$","E","T","E"],"character_chosen":"THE_SILENT","items_purchased":["Whetstone"],"campfire_rested":0,"item_purchase_floors":[24],"current_hp_per_floor":[59,57,57,51,66,66,63,63,63,39,39,44,36,36,36,5,51,51,38,34,34,34,46,46,28,28,0,0],"gold":139,"neow_bonus":"THREE_RARE_CARDS","is_prod":false,"is_daily":false,"chose_seed":false,"campfire_upgraded":4,"win_rate":0,"timestamp":1607494054,"path_taken":["M","M","?","M","?","R","M","R","T","E","M","E","M","M","R","BOSS","M","M","M","?","?","R","$","E","T","E"],"build_version":"2020-11-30","purchased_purges":1,"victory":false,"max_hp_per_floor":[66,66,66,66,66,66,66,66,66,66,66,66,66,66,66,66,66,66,66,66,66,66,66,66,66,66,66,66],"card_choices":[{"not_picked":["Venomology","Doppelganger"],"picked":"After Image","floor":0.0},{"not_picked":["Prepared","Endless Agony","Masterful Stab"],"picked":"SKIP","floor":1.0},{"not_picked":["Prepared","Outmaneuver"],"picked":"Poisoned Stab","floor":2.0},{"not_picked":["Skewer","Terror"],"picked":"Blade Dance","floor":4.0},{"not_picked":["Underhanded Strike","Slice","Flying Knee"],"picked":"SKIP","floor":7.0},{"not_picked":["Leg Sweep","PiercingWail"],"picked":"Terror","floor":10.0},{"not_picked":["Dagger Spray","Predator","Dodge and Roll"],"picked":"SKIP","floor":11.0},{"not_picked":["Prepared","Acrobatics"],"picked":"Blur","floor":12.0},{"not_picked":["Deflect","Crippling Poison"],"picked":"Choke","floor":13.0},{"not_picked":["Tactician","Outmaneuver"],"picked":"Backflip","floor":14.0},{"not_picked":["Tools of the Trade","Venomology"],"picked":"Burst","floor":16.0},{"not_picked":["Quick Slash","Night Terror","Dodge and Roll"],"picked":"SKIP","floor":18.0},{"not_picked":["Eviscerate","Dagger Spray"],"picked":"PiercingWail","floor":19.0},{"not_picked":["Deflect+1","Tactician"],"picked":"Finisher","floor":20.0},{"not_picked":["Quick Slash","Flying Knee","Deflect"],"picked":"SKIP","floor":25}],"player_experience":1291435,"relics_obtained":[{"floor":9.0,"key":"Dream Catcher"},{"floor":10.0,"key":"Omamori"},{"floor":12.0,"key":"Bronze Scales"},{"floor":17.0,"key":"Bag of Preparation"},{"floor":17.0,"key":"Eternal Feather"},{"floor":17.0,"key":"Tingsha"},{"floor":25,"key":"Bag of Marbles"},{"floor":26,"key":"Frozen Egg 2"}],"event_choices":[{"damage_healed":0.0,"max_hp_gain":0.0,"max_hp_loss":0.0,"gold_gain":0.0,"event_name":"Golden Idol","player_choice":"Take Wound","floor":3.0,"gold_loss":0.0,"damage_taken":0.0,"relics_obtained":["Golden Idol"],"cards_obtained":["Injury"]},{"damage_healed":16.0,"max_hp_gain":0.0,"max_hp_loss":0.0,"gold_gain":0.0,"event_name":"The Cleric","player_choice":"Healed","floor":5.0,"gold_loss":35.0,"damage_taken":0.0},{"damage_healed":0.0,"max_hp_gain":0.0,"max_hp_loss":0.0,"gold_gain":0.0,"cards_transformed":["Strike_G","Injury"],"event_name":"Drug Dealer","player_choice":"Became Test Subject","floor":21.0,"gold_loss":0.0,"damage_taken":0.0,"cards_obtained":["Unload","Shame"]},{"damage_healed":0.0,"max_hp_gain":0.0,"max_hp_loss":0.0,"gold_gain":0.0,"event_name":"Ghosts","player_choice":"Ignored","floor":22.0,"gold_loss":0.0,"damage_taken":0.0}],"is_beta":false,"boss_relics":[{"not_picked":["Coffee Dripper","Busted Crown"],"picked":"Calling Bell"}],"items_purged_floors":[24],"is_endless":false,"potions_floor_spawned":[4,7,13,16,18,20],"killed_by":"Slavers","ascension_level":16}}