{"host":"xodzlm10r37577ou","time":1607492294,"event":{"gold_per_floor":[115,40,115,115,134,169,169,188,264,264,244,258,124,38,38,116,116,116,116],"floor_reached":18,"playtime":820,"items_purged":["Defend_G","Strike_G"],"score":361,"play_id":"77832d6d-cb68-42b6-983b-f35088e69b2d","local_time":"20201209133814","is_ascension_mode":true,"campfire_choices":[{"data":"Neutralize","floor":7,"key":"SMITH"},{"data":"Toxin Wave","floor":10,"key":"SMITH"},{"data":"Discovery","floor":15,"key":"SMITH"}],"neow_cost":"NONE","seed_source_timestamp":337666698866000,"circlet_count":0,"master_deck":["AscendersBane","Strike_G","Strike_G","Strike_G","Strike_G","Defend_G","Defend_G","Defend_G","Defend_G","Survivor","Neutralize+1","Escape Plan","Sneak Up","Calculated Gamble","Toxin Wave+1","Well Laid Plans","Discovery+1","Acrobatics","Unload"],"relics":["Ring of the Snake","NeowsBlessing","Oddly Smooth Stone","ReplayTheSpireMod:Shallot","ReplayTheSpireMod:CursedCoin","Replay:Wax Seal","Coffee Dripper"],"potions_floor_usage":[16],"damage_taken":[{"damage":0,"enemies":"2 Louse","floor":1,"turns":1},{"damage":0,"enemies":"Small Slimes","floor":5,"turns":1},{"damage":0,"enemies":"Replay:BlueRogue","floor":6,"turns":1},{"damage":0,"enemies":"Cultist","floor":8,"turns":5},{"damage":0,"enemies":"2 Fungi Beasts","floor":12,"turns":3},{"damage":0,"enemies":"Lots of Slimes","floor":14,"turns":2},{"damage":62,"enemies":"Fading Forest","floor":16,"turns":13},{"damage":1,"enemies":"Spheric Guardian","floor":18,"turns":3}],"seed_played":"-5265422291495243086","potions_obtained":[{"floor":1,"key":"SkillPotion"},{"floor":4,"key":"FairyPotion"}],"is_trial":false,"path_per_floor":["M","$","?","?","M","E","R","M","T","R","?","M","$","M","R","B",null,"M"],"character_chosen":"THE_SILENT","items_purchased":["ReplayTheSpireMod:CursedCoin","Replay:Wax Seal","Discovery"],"campfire_rested":0,"item_purchase_floors":[13,13,13],"current_hp_per_floor":[59,59,48,48,48,48,48,48,48,48,48,48,48,48,48,20,55,54,54],"gold":116,"neow_bonus":"THREE_ENEMY_KILL","is_prod":false,"is_daily":false,"chose_seed":false,"campfire_upgraded":3,"win_rate":0,"timestamp":1607492294,"path_taken":["M","$","?","?","?","E","R","M","T","R","?","?","$","M","R","BOSS","M"],"build_version":"2020-11-30","purchased_purges":2,"victory":false,"max_hp_per_floor":[66,66,66,66,66,66,66,66,66,66,66,66,66,66,66,66,66,66,66],"card_choices":[{"not_picked":["Deflect","Prepared"],"picked":"Escape Plan","floor":1},{"not_picked":["Poisoned Stab","Prepared"],"picked":"Sneak Up","floor":5},{"not_picked":["Flechettes","Poisoned Stab"],"picked":"Calculated Gamble","floor":6},{"not_picked":["Draining Mist","Hidden Blade"],"picked":"Toxin Wave","floor":8},{"not_picked":["Concentrate","Outmaneuver"],"picked":"Well Laid Plans","floor":12},{"not_picked":["Leg Sweep","Escape Plan"],"picked":"Acrobatics","floor":14},{"not_picked":["Storm of Steel","Malaise"],"picked":"Unload","floor":16}],"player_experience":393475,"relics_obtained":[{"floor":6,"key":"Oddly Smooth Stone"},{"floor":9,"key":"ReplayTheSpireMod:Shallot"}],"event_choices":[{"damage_healed":0,"gold_gain":75,"player_choice":"Gather Gold","damage_taken":11,"max_hp_gain":0,"max_hp_loss":0,"event_name":"World of Goop","floor":3,"gold_loss":0},{"damage_healed":0,"gold_gain":0,"player_choice":"Got Potions","damage_taken":0,"max_hp_gain":0,"max_hp_loss":0,"event_name":"Lab","floor":4,"gold_loss":0},{"damage_healed":0,"gold_gain":0,"player_choice":"Bought 1 Potion","damage_taken":0,"max_hp_gain":0,"max_hp_loss":0,"event_name":"The Woman in Blue","floor":11,"gold_loss":0}],"is_beta":false,"boss_relics":[{"not_picked":["ChewingGum","Replay:Wanted Poster"],"picked":"Coffee Dripper"}],"items_purged_floors":[2,13],"is_endless":false,"potions_floor_spawned":[1,8,12],"killed_by":"Spheric Guardian","ascension_level":19}}