{"host":"foq4mrde4mssg7vt","time":1607494436,"event":{"gold_per_floor":[116,132,61,73,73,106,106,137,137,137,181,206,219,243,243,364,364,379,404,164,164,114,114,153,166,191,106,137,137,137,173,173,302,302,318,39,58,58,82,120,136,136,136,136,169,190,230,258,270,282,294,306,74,118,118],"floor_reached":56,"playtime":4022,"items_purged":["Pummel","Heavy Blade","Hemokinesis","Double Tap"],"score":1684,"play_id":"59a13398-ec93-4982-ab24-d42b0af7da77","local_time":"20201209141356","is_ascension_mode":true,"campfire_choices":[{"data":"True Grit","floor":10.0,"key":"SMITH"},{"data":"Disarm","floor":15.0,"key":"SMITH"},{"floor":23.0,"key":"REST"},{"data":"Feel No Pain","floor":30.0,"key":"SMITH"},{"floor":32.0,"key":"REST"},{"floor":44.0,"key":"RECALL"},{"floor":49.0,"key":"REST"},{"floor":52.0,"key":"REST"}],"neow_cost":"NONE","seed_source_timestamp":58452573135700,"circlet_count":0,"master_deck":["Bash+1","Cleave","True Grit+1","Disarm+1","Twin Strike","Shrug It Off","Reaper","Finesse","Rampage","Burning Pact","Feed","Dual Wield","Sentinel","Intimidate","Demon Form","Feed","Spot Weakness+1","Feel No Pain+1","Feel No Pain","Limit Break+1","Purity+1","Dark Shackles","True Grit+1","True Grit+1","Feel No Pain+1","Shrug It Off+1","Evolve","Body Slam+1"],"special_seed":0,"relics":["Burning Blood","Golden Idol","Mercury Hourglass","Smiling Mask","Ornamental Fan","Red Skull","Pandora\u0027s Box","DollysMirror","Sundial","Strawberry","Orichalcum","Mummified Hand","Red Mask","Fusion Hammer","Medical Kit","Anchor","Ginger","Pear","HornCleat","MawBank","Toy Ornithopter","War Paint"],"potions_floor_usage":[55,55,55],"damage_taken":[{"damage":0.0,"enemies":"2 Louse","floor":1.0,"turns":3.0},{"damage":3.0,"enemies":"Small Slimes","floor":2.0,"turns":4.0},{"damage":6.0,"enemies":"Cultist","floor":4.0,"turns":3.0},{"damage":38.0,"enemies":"3 Sentries","floor":6.0,"turns":9.0},{"damage":24.0,"enemies":"Gremlin Nob","floor":8.0,"turns":4.0},{"damage":23.0,"enemies":"Lagavulin","floor":11.0,"turns":9.0},{"damage":8.0,"enemies":"Exordium Thugs","floor":12.0,"turns":2.0},{"damage":4.0,"enemies":"Red Slaver","floor":13.0,"turns":3.0},{"damage":6.0,"enemies":"Exordium Wildlife","floor":14.0,"turns":5.0},{"damage":10.0,"enemies":"The Guardian","floor":16.0,"turns":15.0},{"damage":38.0,"enemies":"Shell Parasite","floor":18.0,"turns":8.0},{"damage":47.0,"enemies":"Spheric Guardian","floor":19.0,"turns":7.0},{"damage":67.0,"enemies":"Slavers","floor":24.0,"turns":8.0},{"damage":44.0,"enemies":"Snecko","floor":25.0,"turns":8.0},{"damage":35.0,"enemies":"Gremlin Leader","floor":28.0,"turns":7.0},{"damage":55.0,"enemies":"Masked Bandits","floor":31.0,"turns":6.0},{"damage":78.0,"enemies":"Automaton","floor":33.0,"turns":11.0},{"damage":5.0,"enemies":"3 Shapes","floor":35.0,"turns":8.0},{"damage":5.0,"enemies":"3 Darklings","floor":37.0,"turns":8.0},{"damage":12.0,"enemies":"Maw","floor":39.0,"turns":8.0},{"damage":25.0,"enemies":"Giant Head","floor":40.0,"turns":9.0},{"damage":6.0,"enemies":"Writhing Mass","floor":41.0,"turns":9.0},{"damage":0.0,"enemies":"Nemesis","floor":45.0,"turns":9.0},{"damage":9.0,"enemies":"3 Darklings","floor":46.0,"turns":5.0},{"damage":14.0,"enemies":"Giant Head","floor":47.0,"turns":11.0},{"damage":14.0,"enemies":"Transient","floor":48.0,"turns":5.0},{"damage":11.0,"enemies":"Donu and Deca","floor":50.0,"turns":11.0},{"damage":99.0,"enemies":"Shield and Spear","floor":54.0,"turns":12.0},{"damage":174,"enemies":"The Heart","floor":55,"turns":12}],"seed_played":"-7798088116913601106","potions_obtained":[{"floor":2.0,"key":"AttackPotion"},{"floor":8.0,"key":"FearPotion"},{"floor":12.0,"key":"EssenceOfSteel"},{"floor":16.0,"key":"LiquidBronze"},{"floor":25.0,"key":"Strength Potion"},{"floor":31.0,"key":"Explosive Potion"},{"floor":33.0,"key":"AttackPotion"},{"floor":35.0,"key":"CultistPotion"},{"floor":48.0,"key":"Strength Potion"}],"is_trial":false,"path_per_floor":["M","M","$","M","?","E","?","E","T","R","E","M","M","M","R","B",null,"M","M","$","?","$","R","E","M","T","?","E","T","R","?","R","B",null,"M","$","M","?","M","E","M","?","T","R","E","M","E","M","R","B",null,"R","$","E","B",null],"character_chosen":"IRONCLAD","items_purchased":["Disarm","Feel No Pain","DollysMirror","Medical Kit","Purity","Toy Ornithopter","Evolve"],"campfire_rested":4,"item_purchase_floors":[3,20,20,36,36,53,53],"current_hp_per_floor":[78,80,80,80,74,42,42,24,24,24,7,19,29,43,43,46,67,60,29,29,29,29,53,52,34,41,41,42,42,42,32,63,31,89,99,99,120,120,123,121,129,129,139,139,142,145,140,140,148,154,154,154,154,109,25],"gold":118,"neow_bonus":"UPGRADE_CARD","is_prod":false,"is_daily":false,"chose_seed":false,"campfire_upgraded":3,"win_rate":0,"timestamp":1607494436,"path_taken":["M","M","$","M","?","E","?","E","T","R","E","M","M","?","R","BOSS","M","M","$","?","$","R","E","M","T","?","E","?","R","?","R","BOSS","M","$","M","?","M","E","M","?","T","R","E","?","E","M","R","BOSS","R","$","E","BOSS"],"build_version":"2020-11-30","purchased_purges":4,"victory":true,"max_hp_per_floor":[80,80,80,80,74,74,74,74,74,74,74,74,74,74,74,74,74,77,80,80,80,80,80,86,89,96,96,99,99,99,105,105,108,108,117,117,120,120,123,126,129,129,139,139,142,145,148,148,148,154,154,154,154,160,160],"relic_stats":{"counters":[29,219],"Golden Idol":230,"Ginger":[5],"Orichalcum":[60],"War Paint":["Limit Break","Purity"],"Smiling Mask":250,"Medical Kit":[18],"MawBank":72,"Burning Blood":137,"Mercury Hourglass":[685],"Ornamental Fan":[28],"Sundial":[116],"Mummified Hand":[70],"Pandora\u0027s Box":["Dual Wield","Heavy Blade","Sentinel","Intimidate","Double Tap","Demon Form","Feed","Hemokinesis","Pummel"],"obtain_stats":[{"Pear":43,"Golden Idol":5,"Ginger":42,"Orichalcum":27,"War Paint":54,"Smiling Mask":8,"Medical Kit":36,"MawBank":47,"Burning Blood":0,"Mercury Hourglass":6,"Anchor":40,"HornCleat":45,"Ornamental Fan":9,"DollysMirror":20,"Sundial":21,"Mummified Hand":28,"Strawberry":26,"Pandora\u0027s Box":17,"Fusion Hammer":34,"Red Mask":31,"Red Skull":11,"Toy Ornithopter":53},{"Pear":22,"Golden Idol":3,"Ginger":22,"Orichalcum":14,"War Paint":28,"Smiling Mask":5,"Medical Kit":18,"MawBank":25,"Burning Blood":0,"Mercury Hourglass":4,"Anchor":21,"HornCleat":23,"Ornamental Fan":5,"DollysMirror":12,"Sundial":12,"Mummified Hand":15,"Strawberry":14,"Pandora\u0027s Box":10,"Fusion Hammer":17,"Red Mask":16,"Red Skull":6,"Toy Ornithopter":27},{"Pear":154,"Golden Idol":10,"Ginger":154,"Orichalcum":88,"War Paint":207,"Smiling Mask":23,"Medical Kit":120,"MawBank":179,"Burning Blood":0,"Mercury Hourglass":19,"Anchor":145,"HornCleat":163,"Ornamental Fan":23,"DollysMirror":72,"Sundial":72,"Mummified Hand":95,"Strawberry":88,"Pandora\u0027s Box":57,"Fusion Hammer":112,"Red Mask":101,"Red Skull":32,"Toy Ornithopter":195}],"Toy Ornithopter":15},"card_choices":[{"not_picked":["Iron Wave","Wild Strike"],"picked":"Cleave","floor":1.0},{"not_picked":["Perfected Strike","Battle Trance"],"picked":"True Grit","floor":2.0},{"not_picked":["Burning Pact","Warcry"],"picked":"Twin Strike","floor":4.0},{"not_picked":["Flex","Impervious"],"picked":"Shrug It Off","floor":6.0},{"not_picked":["Perfected Strike","Thunderclap","Warcry"],"picked":"SKIP","floor":8.0},{"not_picked":["Sword Boomerang","Armaments"],"picked":"Rampage","floor":11.0},{"not_picked":["Entrench","Twin Strike","Dark Embrace"],"picked":"SKIP","floor":12.0},{"not_picked":["Thunderclap","Sword Boomerang","Rupture"],"picked":"SKIP","floor":13.0},{"not_picked":["Second Wind","Wild Strike"],"picked":"Burning Pact","floor":14.0},{"not_picked":["Juggernaut","Brutality"],"picked":"Feed","floor":16.0},{"not_picked":["Sever Soul","Infernal Blade","Inflame"],"picked":"SKIP","floor":18.0},{"not_picked":["Perfected Strike","Thunderclap"],"picked":"Spot Weakness+1","floor":19.0},{"not_picked":["Whirlwind","Wild Strike+1","Power Through+1"],"picked":"SKIP","floor":24.0},{"not_picked":["Fire Breathing","Second Wind","Dropkick+1"],"picked":"SKIP","floor":25.0},{"not_picked":["Clash+1","Ghostly Armor","Clothesline"],"picked":"SKIP","floor":28.0},{"not_picked":["Bludgeon","Berserk"],"picked":"Limit Break","floor":33.0},{"not_picked":["Warcry+1","Wild Strike+1","Disarm+1"],"picked":"SKIP","floor":35.0},{"not_picked":["Pommel Strike","Heavy Blade+1","Iron Wave"],"picked":"SKIP","floor":37.0},{"not_picked":["Metamorphosis","Deep Breath"],"picked":"Dark Shackles","floor":38.0},{"not_picked":["Anger","Whirlwind+1"],"picked":"True Grit+1","floor":39.0},{"not_picked":["Heavy Blade+1","Havoc+1"],"picked":"True Grit+1","floor":40.0},{"not_picked":["Fire Breathing","Clash"],"picked":"Feel No Pain+1","floor":41.0},{"not_picked":["Flex","Uppercut+1","Iron Wave+1"],"picked":"SKIP","floor":45.0},{"not_picked":["Feed","Bloodletting+1","Hemokinesis"],"picked":"SKIP","floor":46.0},{"not_picked":["Havoc+1","Sever Soul","Wild Strike+1"],"picked":"SKIP","floor":47.0},{"not_picked":["Infernal Blade+1","Inflame+1"],"picked":"Shrug It Off+1","floor":48.0},{"not_picked":["Clash","Power Through+1"],"picked":"Body Slam+1","floor":54.0}],"player_experience":131100,"relics_obtained":[{"floor":6.0,"key":"Mercury Hourglass"},{"floor":8.0,"key":"Smiling Mask"},{"floor":9.0,"key":"Ornamental Fan"},{"floor":11.0,"key":"Red Skull"},{"floor":26.0,"key":"Strawberry"},{"floor":28.0,"key":"Mummified Hand"},{"floor":31.0,"key":"Red Mask"},{"floor":40.0,"key":"Anchor"},{"floor":42.0,"key":"Ginger"},{"floor":43.0,"key":"Pear"},{"floor":45.0,"key":"HornCleat"},{"floor":47.0,"key":"MawBank"},{"floor":54.0,"key":"War Paint"}],"event_choices":[{"damage_healed":0.0,"max_hp_gain":0.0,"max_hp_loss":6.0,"gold_gain":0.0,"event_name":"Golden Idol","player_choice":"Lose Max HP","floor":5.0,"gold_loss":0.0,"damage_taken":0.0,"relics_obtained":["Golden Idol"]},{"damage_healed":0.0,"max_hp_gain":0.0,"max_hp_loss":0.0,"gold_gain":0.0,"event_name":"Match and Keep!","player_choice":"2 cards matched","floor":7.0,"gold_loss":0.0,"damage_taken":0.0,"cards_obtained":["Reaper","Finesse"]},{"damage_healed":0.0,"max_hp_gain":0.0,"max_hp_loss":0.0,"gold_gain":0.0,"event_name":"WeMeetAgain","player_choice":"Gave Potion","floor":21.0,"gold_loss":0.0,"damage_taken":0.0,"relics_obtained":["Sundial"]},{"damage_healed":0.0,"max_hp_gain":0.0,"max_hp_loss":0.0,"gold_gain":0.0,"event_name":"Addict","player_choice":"Obtained Relic","floor":27.0,"gold_loss":85.0,"damage_taken":0.0,"relics_obtained":["Orichalcum"]},{"damage_healed":0.0,"max_hp_gain":0.0,"max_hp_loss":0.0,"gold_gain":0.0,"event_name":"Masked Bandits","player_choice":"Fought Bandits","floor":31.0,"gold_loss":0.0,"damage_taken":0.0},{"damage_healed":0.0,"max_hp_gain":0.0,"max_hp_loss":0.0,"gold_gain":0.0,"event_name":"SensoryStone","player_choice":"Memory 1","floor":38.0,"gold_loss":0.0,"damage_taken":0.0},{"damage_healed":0.0,"max_hp_gain":0.0,"max_hp_loss":0.0,"gold_gain":0.0,"event_name":"Wheel of Change","player_choice":"Relic","floor":42.0,"gold_loss":0.0,"damage_taken":0.0}],"is_beta":false,"boss_relics":[{"not_picked":["SlaversCollar","Calling Bell"],"picked":"Pandora\u0027s Box"},{"not_picked":["Black Star","Velvet Choker"],"picked":"Fusion Hammer"}],"items_purged_floors":[20,22,36,53],"is_endless":false,"potions_floor_spawned":[2,8,12,16,18,25,31,33,35,37,39,40,46,48],"ascension_level":6}}