{"host":"2pkirg8lp2j2yw4c","time":1607487094,"event":{"gold_per_floor":[114,114,130,80,98,123,138,163,163,180,214,214,214,229,229,326,326,341,360,15,29,43,68,68,82,82,44,59,59,59],"floor_reached":29,"playtime":1356,"items_purged":["Regret"],"score":327,"play_id":"c78a2f55-0311-43a9-953e-e507531c021c","local_time":"20201208231134","is_ascension_mode":true,"campfire_choices":[{"floor":13.0,"key":"REST"},{"data":"Loop","floor":15,"key":"SMITH"},{"data":"Multi-Cast","floor":24,"key":"SMITH"}],"neow_cost":"NONE","seed_source_timestamp":161209339992800,"circlet_count":0,"master_deck":["Strike_B","Strike_B","Strike_B","Defend_B","Defend_B","Defend_B","Zap","Dualcast","Conserve Battery","Rainbow","Double Energy","Cold Snap","Loop+1","Ball Lightning","Self Repair","Multi-Cast+1","Echo Form","CurseOfTheBell","Steam+1","Recycle","Seek","Auto Shields+1","Redo+1","Turbo","Stack"],"special_seed":0,"relics":["Cracked Core","NeowsBlessing","Potion Belt","Nunchaku","Bronze Scales","Runesmith:Nanobots","Calling Bell","DataDisk","InkBottle","Unceasing Top","Lantern","Bag of Marbles","The Courier"],"potions_floor_usage":[22,23,23,23],"damage_taken":[{"damage":0.0,"enemies":"Jaw Worm","floor":1.0,"turns":1.0},{"damage":0.0,"enemies":"2 Louse","floor":3.0,"turns":1.0},{"damage":0.0,"enemies":"Cultist","floor":5.0,"turns":1.0},{"damage":21.0,"enemies":"3 Sentries","floor":6.0,"turns":10.0},{"damage":19.0,"enemies":"Exordium Wildlife","floor":7.0,"turns":4.0},{"damage":2.0,"enemies":"Looter","floor":10.0,"turns":3.0},{"damage":0.0,"enemies":"Gremlin Nob","floor":11.0,"turns":3.0},{"damage":7,"enemies":"2 Fungi Beasts","floor":14,"turns":3},{"damage":23,"enemies":"Hexaghost","floor":16,"turns":7},{"damage":23,"enemies":"Spheric Guardian","floor":18,"turns":5},{"damage":11,"enemies":"3 Byrds","floor":19,"turns":3},{"damage":15,"enemies":"Shelled Parasite and Fungi","floor":21,"turns":4},{"damage":12,"enemies":"Snake Plant","floor":22,"turns":3},{"damage":20,"enemies":"Gremlin Leader","floor":23,"turns":5},{"damage":16,"enemies":"Centurion and Healer","floor":25,"turns":8},{"damage":10,"enemies":"3 Cultists","floor":28,"turns":6},{"damage":39,"enemies":"Slavers","floor":29,"turns":3}],"seed_played":"2236582620366114997","potions_obtained":[{"floor":6.0,"key":"AttackPotion"},{"floor":7.0,"key":"Ancient Potion"},{"floor":10.0,"key":"FocusPotion"},{"floor":11.0,"key":"SteroidPotion"},{"floor":18,"key":"LiquidBronze"},{"floor":22,"key":"DistilledChaos"}],"is_trial":false,"path_per_floor":["M","?","M","?","M","E","M","T","T","M","E","?","R","M","R","B",null,"M","M","$","M","M","E","R","M","T","$","M","E"],"character_chosen":"DEFECT","items_purchased":["Regen Potion","Lantern","Fire Potion","Turbo"],"campfire_rested":1,"item_purchase_floors":[20,20,20,27],"current_hp_per_floor":[75,75,75,75,75,54,35,35,35,33,33,33,55,55,55,32,75,52,48,48,40,35,43,43,34,34,34,38,0,0],"gold":59,"neow_bonus":"THREE_ENEMY_KILL","is_prod":false,"is_daily":false,"chose_seed":false,"campfire_upgraded":2,"win_rate":0,"timestamp":1607487094,"path_taken":["M","?","M","?","M","E","M","?","T","M","E","?","R","?","R","BOSS","M","M","$","M","M","E","R","?","T","$","M","E"],"build_version":"2020-11-30","purchased_purges":1,"victory":false,"max_hp_per_floor":[75,75,75,75,75,75,75,75,75,75,75,75,75,75,75,75,75,75,75,75,75,75,75,75,75,75,75,75,75,75],"card_choices":[{"not_picked":["Sweeping Beam","FTL"],"picked":"Conserve Battery","floor":1.0},{"not_picked":["Coolheaded","Leap"],"picked":"Double Energy","floor":3.0},{"not_picked":["Reinforced Body","Go for the Eyes"],"picked":"Cold Snap","floor":5.0},{"not_picked":["Cold Snap","Heatsinks"],"picked":"Loop","floor":6.0},{"not_picked":["Leap","BootSequence"],"picked":"Ball Lightning","floor":7.0},{"not_picked":["Fusion","Melter"],"picked":"Self Repair","floor":10.0},{"not_picked":["Aggregate","Go for the Eyes"],"picked":"Multi-Cast","floor":11.0},{"not_picked":["Steam Power","Self Repair","Cold Snap"],"picked":"SKIP","floor":14},{"not_picked":["Multi-Cast","Rainbow"],"picked":"Echo Form","floor":16},{"not_picked":["FTL","Coolheaded"],"picked":"Steam+1","floor":18},{"not_picked":["Blizzard","Hello World","Steam"],"picked":"SKIP","floor":19},{"not_picked":["Compile Driver","Conserve Battery"],"picked":"Recycle","floor":21},{"not_picked":["Rebound+1","Barrage"],"picked":"Seek","floor":22},{"not_picked":["Chill+1","Meteor Strike"],"picked":"Auto Shields+1","floor":23},{"not_picked":["Sweeping Beam","Reinforced Body"],"picked":"Redo+1","floor":25},{"not_picked":["Sweeping Beam","Loop"],"picked":"Stack","floor":28}],"player_experience":150274,"relics_obtained":[{"floor":6.0,"key":"Potion Belt"},{"floor":8.0,"key":"Nunchaku"},{"floor":11.0,"key":"Bronze Scales"},{"floor":17,"key":"DataDisk"},{"floor":17,"key":"InkBottle"},{"floor":17,"key":"Unceasing Top"},{"floor":23,"key":"Bag of Marbles"},{"floor":26,"key":"The Courier"}],"event_choices":[{"damage_healed":0.0,"max_hp_gain":0.0,"max_hp_loss":0.0,"gold_gain":0.0,"cards_transformed":["Defend_B"],"event_name":"Living Wall","player_choice":"Change","floor":2.0,"gold_loss":0.0,"damage_taken":0.0,"cards_obtained":["Rainbow"]},{"cards_removed":["Strike_B"],"damage_healed":0.0,"max_hp_gain":0.0,"max_hp_loss":0.0,"gold_gain":0.0,"event_name":"The Cleric","player_choice":"Card Removal","floor":4.0,"gold_loss":50.0,"damage_taken":0.0},{"damage_healed":0.0,"max_hp_gain":0.0,"max_hp_loss":0.0,"gold_gain":0.0,"event_name":"Big Fish","player_choice":"Box","floor":12.0,"gold_loss":0.0,"damage_taken":0.0,"relics_obtained":["Runesmith:Nanobots"],"cards_obtained":["Regret"]}],"is_beta":false,"boss_relics":[{"not_picked":["Tiny House","Sozu"],"picked":"Calling Bell"}],"items_purged_floors":[20],"is_endless":false,"potions_floor_spawned":[6,7,10,11,18,21,22],"killed_by":"Slavers","ascension_level":3}}