{"host":"nuu0xlk1bpqu5s2n","time":1607479210,"event":{"gold_per_floor":[116,191,20,20,31,31,60,119,146,158,201,229,241,269,281,370,382,411,423,468,480,511,554,579,591,591],"floor_reached":25,"playtime":1088,"items_purged":[],"score":508,"play_id":"21b303a3-0f5c-4265-afc9-b223242bc4b7","local_time":"20201209040010","is_ascension_mode":true,"campfire_choices":[{"data":"Whirlwind","floor":6,"key":"SMITH"},{"data":"Armaments","floor":10,"key":"SMITH"},{"data":"Fire Breathing","floor":15,"key":"SMITH"}],"neow_cost":"NONE","seed_source_timestamp":1782266224810700,"circlet_count":0,"master_deck":["AscendersBane","Strike_R","Strike_R","Defend_R","Defend_R","Defend_R","Bash","Whirlwind+1","Clothesline","Armaments+1","Iron Wave","Fire Breathing+1","Disarm","Shrug It Off","Impervious","Iron Wave","Sentinel","Rupture","Warcry","Blood for Blood","Spot Weakness"],"relics":["Burning Blood","NeowsBlessing","Bag of Preparation","Art of War","Darkstone Periapt","MawBank","Gambling Chip","Philosopher\u0027s Stone","Red Mask","Kunai"],"potions_floor_usage":[11,20,23,25],"damage_taken":[{"damage":0,"enemies":"Small Slimes","floor":1,"turns":1},{"damage":0,"enemies":"Jaw Worm","floor":5,"turns":1},{"damage":0,"enemies":"3 Sentries","floor":7,"turns":1},{"damage":42,"enemies":"Gremlin Nob","floor":8,"turns":5},{"damage":8,"enemies":"Gremlin Nob","floor":11,"turns":3},{"damage":4,"enemies":"Cultist","floor":12,"turns":3},{"damage":1,"enemies":"Looter","floor":14,"turns":4},{"damage":25,"enemies":"Slime Boss","floor":16,"turns":8},{"damage":13,"enemies":"2 Thieves","floor":18,"turns":3},{"damage":0,"enemies":"Masked Bandits","floor":20,"turns":1},{"damage":33,"enemies":"Spheric Guardian","floor":22,"turns":8},{"damage":23,"enemies":"Slavers","floor":23,"turns":4},{"damage":0,"enemies":"Centurion and Healer","floor":24,"turns":9},{"damage":30,"enemies":"Gremlin Leader","floor":25,"turns":4}],"seed_played":"-5834821344473709444","potions_obtained":[{"floor":7,"key":"Explosive Potion"},{"floor":8,"key":"Fire Potion"},{"floor":11,"key":"Swift Potion"},{"floor":22,"key":"DuplicationPotion"},{"floor":23,"key":"BlessingOfTheForge"}],"is_trial":false,"path_per_floor":["M","?","$","?","M","R","E","?","T","R","E","M","?","M","R","B",null,"M","?","?","?","M","E","M","E"],"character_chosen":"IRONCLAD","items_purchased":["Bag of Preparation"],"campfire_rested":0,"item_purchase_floors":[3],"current_hp_per_floor":[74,63,63,56,62,62,68,32,32,32,30,32,57,62,62,43,67,60,60,66,66,39,22,28,0,0],"gold":591,"neow_bonus":"THREE_ENEMY_KILL","is_prod":false,"is_daily":false,"chose_seed":false,"campfire_upgraded":3,"win_rate":0,"timestamp":1607479210,"path_taken":["M","?","$","?","M","R","E","?","T","R","E","M","?","M","R","BOSS","M","?","?","?","?","E","M","E"],"build_version":"2020-11-30","purchased_purges":0,"victory":false,"max_hp_per_floor":[75,75,75,75,75,75,75,75,75,75,75,75,75,75,75,75,75,75,75,75,75,75,75,75,75,75],"card_choices":[{"not_picked":["Anger","Feel No Pain"],"picked":"Whirlwind","floor":1},{"not_picked":["Thunderclap","Whirlwind"],"picked":"Clothesline","floor":5},{"not_picked":["Fire Breathing","Body Slam"],"picked":"Armaments","floor":7},{"not_picked":["Perfected Strike","Twin Strike"],"picked":"Iron Wave","floor":8},{"not_picked":["Wild Strike","Headbutt"],"picked":"Fire Breathing","floor":11},{"not_picked":["Wild Strike","Headbutt"],"picked":"Disarm","floor":12},{"not_picked":["Brutality","Flex"],"picked":"Shrug It Off","floor":14},{"not_picked":["Barricade","Exhume"],"picked":"Impervious","floor":16},{"not_picked":["Sentinel","Headbutt"],"picked":"Iron Wave","floor":18},{"not_picked":["Iron Wave","Clash"],"picked":"Blood for Blood","floor":22},{"not_picked":["Rage","Armaments","Perfected Strike"],"picked":"SKIP","floor":23},{"not_picked":["Headbutt","Bloodletting"],"picked":"Spot Weakness","floor":24}],"player_experience":530609,"relics_obtained":[{"floor":7,"key":"Art of War"},{"floor":8,"key":"Darkstone Periapt"},{"floor":9,"key":"MawBank"},{"floor":11,"key":"Gambling Chip"},{"floor":20,"key":"Red Mask"},{"floor":23,"key":"Kunai"}],"event_choices":[{"damage_healed":0,"gold_gain":75,"player_choice":"Gather Gold","damage_taken":11,"max_hp_gain":0,"max_hp_loss":0,"event_name":"World of Goop","floor":2,"gold_loss":0},{"cards_removed":["Strike_R"],"damage_healed":0,"gold_gain":0,"player_choice":"Card Removal","damage_taken":7,"max_hp_gain":0,"max_hp_loss":0,"event_name":"Golden Wing","floor":4,"gold_loss":0},{"damage_healed":0,"gold_gain":0,"player_choice":"Searched \u00271\u0027 times","damage_taken":0,"max_hp_gain":0,"max_hp_loss":0,"event_name":"Dead Adventurer","floor":8,"gold_loss":0},{"damage_healed":25,"gold_gain":0,"player_choice":"Banana","damage_taken":0,"max_hp_gain":0,"max_hp_loss":0,"event_name":"Big Fish","floor":13,"gold_loss":0},{"damage_healed":0,"gold_gain":0,"cards_transformed":["Strike_R","Strike_R"],"player_choice":"Became Test Subject","damage_taken":0,"max_hp_gain":0,"max_hp_loss":0,"event_name":"Drug Dealer","floor":19,"gold_loss":0,"cards_obtained":["Sentinel","Rupture"]},{"damage_healed":0,"gold_gain":0,"player_choice":"Fought Bandits","damage_taken":0,"max_hp_gain":0,"max_hp_loss":0,"event_name":"Masked Bandits","floor":20,"gold_loss":0},{"damage_healed":0,"gold_gain":0,"cards_transformed":["Defend_R"],"player_choice":"Transformed","damage_taken":0,"max_hp_gain":0,"max_hp_loss":0,"event_name":"Transmorgrifier","floor":21,"gold_loss":0,"cards_obtained":["Warcry"]}],"is_beta":false,"boss_relics":[{"not_picked":["Fusion Hammer","Sozu"],"picked":"Philosopher\u0027s Stone"}],"items_purged_floors":[],"is_endless":false,"potions_floor_spawned":[7,8,11,12,22,23],"killed_by":"Gremlin Leader","ascension_level":20}}