{"host":"gk9qdtkqd8dwfeg2","time":1607525410,"event":{"gold_per_floor":[362,0,79,79,98,124,124,138,138,138,138,151,177,177,177,266,266,287,305,320,333,89,89,89],"floor_reached":23,"playtime":728,"items_purged":["Strike_R"],"score":427,"play_id":"fc2be9eb-cf47-4dd9-8630-dfedcd5ff924","local_time":"20201209225010","is_ascension_mode":true,"campfire_choices":[{"floor":7,"key":"REST"},{"floor":11,"key":"REST"},{"data":"Apotheosis","floor":15,"key":"SMITH"}],"neow_cost":"PERCENT_DAMAGE","seed_source_timestamp":521162306143700,"circlet_count":0,"master_deck":["AscendersBane","Strike_R","Strike_R","Strike_R","Defend_R","Defend_R","Defend_R","Defend_R","Bash","Apotheosis+1","Dark Embrace","Body Slam","Hallucinations","Shockwave","Offering","Immolate","Power Through","Demon Form","CurseOfTheBell","Rage","Flex","Evolve","Impervious","Shrug It Off+1"],"special_seed":0,"relics":["Burning Blood","testmod-TestBox","testmod-ThousandKnives","Baka","MerchantsRug","FaceOfCleric","Bird Faced Urn","Incense Burner","StoneCalendar","Golden Idol","Golden Idol","Calling Bell","Replay:Baseball","testmod-Justice","Replay:Bottled Steam","Orrery"],"potions_floor_usage":[16,21,23,23],"damage_taken":[{"damage":18.0,"enemies":"Small Slimes","floor":1.0,"turns":5.0},{"damage":13,"enemies":"Jaw Worm","floor":5,"turns":3},{"damage":6,"enemies":"Gremlin Nob","floor":6,"turns":3},{"damage":0,"enemies":"Cultist","floor":8,"turns":3},{"damage":0,"enemies":"2 Fungi Beasts","floor":12,"turns":2},{"damage":19,"enemies":"Replay:BlueRogue","floor":13,"turns":4},{"damage":16,"enemies":"Slime Boss","floor":16,"turns":7},{"damage":17,"enemies":"3 Byrds","floor":18,"turns":3},{"damage":23,"enemies":"2 Thieves","floor":19,"turns":3},{"damage":12,"enemies":"Centurion and Healer","floor":20,"turns":4},{"damage":16,"enemies":"Cultist and Chosen","floor":21,"turns":6},{"damage":37,"enemies":"Book of Stabbing","floor":23,"turns":5}],"seed_played":"-3178529920182483850","potions_obtained":[{"floor":1.0,"key":"Ancient Potion"},{"floor":5,"key":"PowerPotion"},{"floor":6,"key":"EntropicBrew"},{"floor":19,"key":"Swift Potion"}],"is_trial":false,"path_per_floor":["M","$","?","?","M","E","R","M","T","?","R","M","E","?","R","B",null,"M","M","M","M","$","E"],"character_chosen":"IRONCLAD","items_purchased":["Apotheosis","MerchantsRug","Orrery"],"campfire_rested":2,"item_purchase_floors":[2,2,22],"current_hp_per_floor":[38,38,14,14,8,9,32,39,39,39,62,69,68,40,40,35,70,60,44,43,36,36,3,3],"gold":89,"neow_bonus":"TWO_FIFTY_GOLD","is_prod":false,"is_daily":false,"chose_seed":false,"campfire_upgraded":1,"win_rate":0,"timestamp":1607525410,"path_taken":["M","$","?","?","?","E","R","M","T","?","R","M","E","?","R","BOSS","M","M","M","M","$","E"],"build_version":"2020-11-30","purchased_purges":1,"victory":false,"max_hp_per_floor":[75,75,75,75,76,77,77,78,78,78,78,79,80,80,80,81,81,82,83,84,85,85,85,85],"card_choices":[{"not_picked":["Reckless Charge","Wild Strike","Perfected Strike"],"picked":"SKIP","floor":1.0},{"not_picked":["True Grit","Armaments"],"picked":"Dark Embrace","floor":3},{"not_picked":["Cleave","Havoc"],"picked":"Body Slam","floor":3},{"not_picked":["True Grit","Heavy Blade","Perfected Strike"],"picked":"SKIP","floor":5},{"not_picked":["Wild Strike","Reckless Charge"],"picked":"Shockwave","floor":6},{"not_picked":["Thunderclap","Anger"],"picked":"Offering","floor":8},{"not_picked":["Iron Wave","Carnage"],"picked":"Power Through","floor":12},{"not_picked":["Brutality","Power Through","Flex"],"picked":"SKIP","floor":13},{"not_picked":["Demonic Infusion","Reaper"],"picked":"Demon Form","floor":16},{"not_picked":["Replay:Undeath\u0027s Touch","Sword Boomerang","Thunderclap"],"picked":"SKIP","floor":18},{"not_picked":["Rage","Whirlwind","Replay:Undeath\u0027s Touch"],"picked":"SKIP","floor":19},{"not_picked":["Whirlwind","Replay:Undeath\u0027s Touch"],"picked":"Rage","floor":19},{"not_picked":["Metallicize","Sword Boomerang"],"picked":"Flex","floor":20},{"not_picked":["Sword Boomerang","Flame Barrier"],"picked":"Evolve","floor":21},{"not_picked":["Defy Death","Headbutt"],"picked":"Impervious","floor":22},{"not_picked":["ReplayTheSpireMod:Stacked","Heavy Blade"],"picked":"Shrug It Off+1","floor":22}],"player_experience":1001468,"relics_obtained":[{"floor":1.0,"key":"Baka"},{"floor":6,"key":"Bird Faced Urn"},{"floor":9,"key":"Incense Burner"},{"floor":13,"key":"StoneCalendar"},{"floor":16,"key":"Golden Idol"},{"floor":17,"key":"Replay:Baseball"},{"floor":17,"key":"testmod-Justice"},{"floor":17,"key":"Replay:Bottled Steam"}],"event_choices":[{"damage_healed":0,"gold_gain":0,"player_choice":"Trade","damage_taken":0,"relics_obtained":["FaceOfCleric"],"max_hp_gain":0,"max_hp_loss":0,"event_name":"FaceTrader","floor":4,"gold_loss":0},{"damage_healed":0,"gold_gain":0,"cards_transformed":["Strike_R"],"player_choice":"Change","damage_taken":0,"max_hp_gain":0,"max_hp_loss":0,"event_name":"Living Wall","floor":10,"gold_loss":0,"cards_obtained":["Immolate"]},{"damage_healed":0,"gold_gain":0,"player_choice":"Take Damage","damage_taken":28,"relics_obtained":["Golden Idol"],"max_hp_gain":0,"max_hp_loss":0,"event_name":"Golden Idol","floor":14,"gold_loss":0}],"is_beta":false,"boss_relics":[{"not_picked":["testmod-Nine","testmod-Recursion"],"picked":"Calling Bell"}],"items_purged_floors":[22],"is_endless":false,"potions_floor_spawned":[1,5,6,19,20],"killed_by":"Book of Stabbing","ascension_level":20}}