{"host":"y6ogtdgt8z4md30g","time":1607521121,"event":{"gold_per_floor":[112,126,201,201,221,221,35,47,47,60,86,86,8,8,8,107,157,176,176,176,32,32,32,46,73,73,73,90,90,122,33,33,137,137,154,154,167,167,180,27,54,65,118,42,42,42,42,54,54,54,54],"floor_reached":50,"playtime":3065,"items_purged":[],"score":636,"play_id":"2410b567-c491-469c-b9f7-02c24096fb74","local_time":"20201209083841","is_ascension_mode":false,"campfire_choices":[{"floor":6,"key":"REST"},{"floor":12,"key":"DIG"},{"floor":15,"key":"REST"},{"data":"ReplayTheSpireMod:Chaos Vortex","floor":23,"key":"SMITH"},{"data":"Caltrops","floor":29,"key":"SMITH"},{"data":"infinitespire:Punishment","floor":29,"key":"SMITH"},{"data":"hubris:Fate","floor":32,"key":"SMITH"},{"data":"Blade Dance","floor":32,"key":"SMITH"}],"neow_cost":"NONE","seed_source_timestamp":470855452850100,"circlet_count":0,"master_deck":["ReplayTheSpireMod:Chaos Vortex+1","Strike_G+1","Strike_G","Defend_G+1","Defend_G+1","Defend_G","Defend_G","Defend_G","Survivor","Neutralize","Choke","Blade Dance+1","Sucker Punch","Caltrops+1","Dodge and Roll","Deadly Poison","Poisoned Stab","Deadly Poison+1","Die Die Die","Prepared","Dodge and Roll+1","Toxin Wave","Replay:Poison Smokescreen+1","hubris:Fate+1","infinitespire:Punishment+1","Flying Knee","Dagger Spray+1","Wraith Form v2","ReplayTheSpireMod:Exploit Weakness+1","Prepared+1","Skewer+1","Quick Slash+1","Defend_R","Deadly Poison+1","Hidden Blade+1","Deadly Poison+1","Night Terror","Poisoned Stab","All Out Attack","Doppelganger","Infinite Blades","Quick Slash+1","Doubt","Replay:SS_fish_2","Replay:SS_hec_4","Dramatic Entrance","Doubt","ReplayTheSpireMod:Book of Names","Acrobatics","Spreading Infection"],"relics":["NeowsBlessing","Replay:Rubber Ducky","Shovel","Pantograph","Ice Cream","WingedGreaves","Sizzling Blood","Tiny House","Replay:Baseball","hubris:Icosahedron","Anchor","Replay:Arrowhead","Lantern","Astrolabe","hubris:SphereOfDissonance","Orrery","Centennial Puzzle","Simple Rune","hubris:ToyBattleship"],"potions_floor_usage":[24,50,50],"damage_taken":[{"damage":0,"enemies":"Jaw Worm","floor":1,"turns":1},{"damage":0,"enemies":"Cultist","floor":2,"turns":1},{"damage":0,"enemies":"Small Slimes","floor":5,"turns":1},{"damage":0,"enemies":"2 Fungi Beasts","floor":8,"turns":3},{"damage":13,"enemies":"Exordium Wildlife","floor":10,"turns":4},{"damage":18,"enemies":"3 Sentries","floor":11,"turns":8},{"damage":41,"enemies":"Slime Boss","floor":16,"turns":9},{"damage":12,"enemies":"Shell Parasite","floor":18,"turns":6},{"damage":5,"enemies":"Chosen","floor":24,"turns":5},{"damage":0,"enemies":"3 Cultists","floor":28,"turns":4},{"damage":0,"enemies":"Book of Stabbing","floor":30,"turns":2},{"damage":17,"enemies":"Champ","floor":33,"turns":12},{"damage":4,"enemies":"3 Shapes","floor":35,"turns":3},{"damage":0,"enemies":"Orb Walker","floor":37,"turns":2},{"damage":3,"enemies":"Writhing Mass","floor":39,"turns":3},{"damage":19,"enemies":"R_Hoarder","floor":41,"turns":4},{"damage":2,"enemies":"3 Darklings","floor":42,"turns":3},{"damage":39,"enemies":"Sphere and 2 Shapes","floor":48,"turns":7},{"damage":79,"enemies":"Time Eater","floor":50,"turns":10}],"seed_played":"4161251366655372969","potions_obtained":[{"floor":2,"key":"Swift Potion"},{"floor":8,"key":"SneckoOil"},{"floor":11,"key":"SkillPotion"},{"floor":17,"key":"infinitespire:BlackPotion"},{"floor":28,"key":"PowerPotion"},{"floor":41,"key":"Slimebound:ThreeZeroPotion"}],"is_trial":false,"path_per_floor":["M","M","?","?","M","R","$","M","T","M","E","R","$","?","R","B",null,"M","?","?","$","?","R","M","T","T","AVR","M","R","E","$","R","B",null,"M","?","M","AVR","M","$","E","M","T","$","?","?","?","M","R","B"],"character_chosen":"THE_SILENT","items_purchased":["Replay:Rubber Ducky","Caltrops","Shovel","Deadly Poison+1","Replay:Baseball","Replay:SS_fish_1","Orrery","hubris:ToyBattleship"],"campfire_rested":2,"item_purchase_floors":[7,7,7,13,21,31,40,44],"current_hp_per_floor":[70,70,59,59,59,70,70,70,70,57,39,39,39,43,65,37,79,71,71,71,71,71,71,70,70,70,70,74,74,78,78,78,66,79,79,79,79,79,79,79,64,66,66,66,79,69,69,46,46,0,0],"gold":54,"neow_bonus":"THREE_ENEMY_KILL","is_prod":false,"is_daily":false,"chose_seed":false,"campfire_upgraded":5,"win_rate":0.0,"timestamp":1607521121,"path_taken":["M","M","?","?","M","R","$","M","T","?","E","R","?","?","R","BOSS","M","?","?","$","?","R","?","?","T","AVR","M","R","E","$","R","BOSS","M","?","?","AVR","?","$","E","M","T","?","?","?","?","?","R","BOSS"],"build_version":"2020-11-30","purchased_purges":0,"victory":false,"max_hp_per_floor":[70,70,70,70,70,70,70,70,70,70,70,70,70,74,74,74,79,79,79,79,79,79,79,79,79,79,79,79,79,79,79,79,79,79,79,79,79,79,79,79,79,79,79,79,79,79,79,79,79,79,79],"card_choices":[{"not_picked":["Underhanded Strike","hubris:SlightOfHand"],"picked":"Choke","floor":1},{"not_picked":["Deflect","Backflip"],"picked":"Blade Dance","floor":2},{"not_picked":["Underhanded Strike","Heel Hook"],"picked":"Sucker Punch","floor":5},{"not_picked":["ReplayTheSpireMod:From All Sides","Caltrops"],"picked":"Dodge and Roll","floor":8},{"not_picked":["Deflect","Backflip"],"picked":"Deadly Poison","floor":10},{"not_picked":["Slice","Quick Slash"],"picked":"Poisoned Stab","floor":11},{"not_picked":["Poison Darts","Burst"],"picked":"Die Die Die","floor":16},{"not_picked":["hubris:SlightOfHand","Finisher"],"picked":"Prepared","floor":17},{"not_picked":["Deflect","Blade Dance"],"picked":"Dodge and Roll+1","floor":18},{"not_picked":["Sucker Punch","Escape Plan"],"picked":"Replay:Poison Smokescreen+1","floor":24},{"not_picked":["Quick Slash","Predator"],"picked":"Flying Knee","floor":28},{"not_picked":["Underhanded Strike","A Thousand Cuts"],"picked":"Dagger Spray+1","floor":30},{"not_picked":["ReplayTheSpireMod:From All Sides","Bullet Time"],"picked":"Wraith Form v2","floor":33},{"not_picked":["PiercingWail+1","hubris:Sniper+1"],"picked":"Quick Slash+1","floor":35},{"not_picked":["Underhanded Strike","Dagger Throw+1"],"picked":"Deadly Poison+1","floor":37},{"not_picked":["Deflect+1","Poisoned Stab+1"],"picked":"Hidden Blade+1","floor":39},{"not_picked":["Deflect","Dodge and Roll+1"],"picked":"Deadly Poison+1","floor":40},{"not_picked":["Bouncing Flask+1","Dodge and Roll"],"picked":"Night Terror","floor":40},{"not_picked":["Blade Dance+1","Reflex+1"],"picked":"Poisoned Stab","floor":40},{"not_picked":["Backstab","Footwork+1"],"picked":"All Out Attack","floor":40},{"not_picked":["Choke","Sucker Punch"],"picked":"Doppelganger","floor":40},{"not_picked":["All Out Attack","Quick Slash+1"],"picked":"Infinite Blades","floor":41},{"not_picked":["Replay:Poison Smokescreen","Underhanded Strike"],"picked":"Quick Slash+1","floor":42},{"not_picked":["Secret Technique","hubris:Insight"],"picked":"Replay:SS_fish_2","floor":46},{"not_picked":["expansioncontent:Chronoboost","Replay:SS_forest_2"],"picked":"Replay:SS_hec_4","floor":46},{"not_picked":["expansioncontent:AwakenDeath","expansioncontent:ManipulateTime"],"picked":"Dramatic Entrance","floor":46},{"not_picked":["infinitespire:UltimateForm","infinitespire:Fortify"],"picked":"ReplayTheSpireMod:Book of Names","floor":47},{"not_picked":["Outmaneuver","Slice"],"picked":"Acrobatics","floor":48}],"player_experience":26862,"relics_obtained":[{"floor":9,"key":"Pantograph"},{"floor":11,"key":"Ice Cream"},{"floor":12,"key":"WingedGreaves"},{"floor":25,"key":"Anchor"},{"floor":26,"key":"Replay:Arrowhead"},{"floor":30,"key":"Lantern"},{"floor":41,"key":"Centennial Puzzle"},{"floor":43,"key":"Simple Rune"}],"event_choices":[{"damage_healed":0,"gold_gain":75,"player_choice":"Gold","damage_taken":11,"max_hp_gain":0,"max_hp_loss":0,"event_name":"betterThird:BetterGoop","floor":3,"gold_loss":0},{"damage_healed":0,"gold_gain":0,"player_choice":"Ignored","damage_taken":0,"max_hp_gain":0,"max_hp_loss":0,"event_name":"Purifier","floor":4,"gold_loss":0},{"damage_healed":0,"gold_gain":0,"player_choice":"Read","damage_taken":0,"max_hp_gain":0,"max_hp_loss":0,"event_name":"The Library","floor":19,"gold_loss":0,"cards_obtained":["Toxin Wave"]},{"damage_healed":0,"gold_gain":0,"player_choice":"Ignored","damage_taken":0,"max_hp_gain":0,"max_hp_loss":0,"event_name":"Vampires","floor":20,"gold_loss":0},{"cards_removed":["Replay:SS_fish_1"],"damage_healed":0,"gold_gain":0,"player_choice":"Took Card","damage_taken":0,"max_hp_gain":0,"max_hp_loss":0,"event_name":"NoteForYourself","floor":36,"gold_loss":0,"cards_obtained":["Defend_R"]},{"damage_healed":13,"gold_gain":0,"player_choice":"Heal","damage_taken":0,"max_hp_gain":0,"max_hp_loss":0,"event_name":"MindBloom","floor":45,"gold_loss":0,"cards_obtained":["Doubt"]},{"damage_healed":0,"gold_gain":0,"player_choice":"Memory 3","damage_taken":10,"max_hp_gain":0,"max_hp_loss":0,"event_name":"SensoryStone","floor":46,"gold_loss":0}],"is_beta":false,"boss_relics":[{"not_picked":["Empty Cage","Fusion Hammer"],"picked":"Tiny House"},{"not_picked":["Kintsugi","hubris:TerracottaHorce"],"picked":"Astrolabe"}],"items_purged_floors":[],"is_endless":false,"potions_floor_spawned":[2,8,11,18,28,33,41,48],"killed_by":"Time Eater","ascension_level":0}}