{"host":"gs0a38e4jr2axiip","time":1607475990,"event":{"gold_per_floor":[19,19,64,107,122,180,192,203,203,203,243,243,243,281,281,433,433,402,470,470,470,470,470,537,616,616,616,616,683,683,683,683,829,829,898,958,1019,1219,1279,1364,1364,1431,1455,1455,1516,1516,662,686,686,686,686,686,43,173,173],"floor_reached":54,"playtime":6662,"items_purged":["Delirium","PrismaMod:MiyuEvokeBuffStr+1"],"score":1041,"play_id":"ff18cded-d7d3-468d-9c68-8d2f365392a7","local_time":"20201208190630","is_ascension_mode":false,"campfire_choices":[{"floor":10.0,"key":"RECALL"},{"data":"PrismaMod:MiyuUncommonDexBuff","floor":12.0,"key":"SMITH"},{"data":"PrismaMod:MiyuEvokeBuffStr","floor":15.0,"key":"SMITH"},{"floor":23.0,"key":"DIG"},{"floor":27.0,"key":"REST"},{"data":"PrismaMod:MiyuOrbIncreasePerm","floor":41,"key":"SMITH"}],"neow_cost":"NO_GOLD","seed_source_timestamp":0,"circlet_count":0,"master_deck":["PrismaMod:MiyuCommonDefend","PrismaMod:MiyuCommonDefend","PrismaMod:MiyuCommonDefend","PrismaMod:MiyuCommonDefend","PrismaMod:MiyuCommonDefend","PrismaMod:MiyuCheapChannelAttack","PrismaMod:MiyuCheapChannelDefend","PrismaMod:MiyuCarnivalDefend","PrismaMod:MiyuUncommonDexBuff+1","PrismaMod:MiyuOrbIncreasePerm+1","PrismaMod:MiyuChristmas","PrismaMod:MiyuUncommonAOEAttack","PrismaMod:MiyuCheapPlate","PrismaMod:MiyuCheapDexBuff","PrismaMod:MiyuCheapDefend2","PrismaMod:MiyuCheapDefend2+1","PrismaMod:MiyuCheapDefend1+1","infinitespire:TheBestDefense","infinitespire:FinalStrike","Contraction+1","PrismaMod:MiyuCheapDefend2+1","PrismaMod:MiyuUberAOEAttack","PrismaMod:MiyuCheapDefend2+1","PrismaMod:MiyuDefenseRemoval+1","PrismaMod:MiyuEvokeAllAttack","PrismaMod:MiyuCheapDefend2+1","PrismaMod:MiyuUncommonDexBuff+1","PrismaMod:MiyuUberAttack+1","infinitespire:NeuralNetwork","AbbyMod:Hitomi","PrismaMod:MiyuBride+1","PrismaMod:MiyuDevil+1","PrismaMod:MiyuChannelAttackEvoke","Parasite","PrismaMod:MiyuCheapDefend1+1","PrismaMod:MiyuCheapChannelAttack+1","PrismaMod:MiyuCheapStrBuff+1","PrismaMod:MiyuUncommonDexBuff","PrismaMod:MiyuUncommonDexBuff","PrismaMod:MiyuCheapDexBuff","AbbyMod:AdultWords","PrismaMod:MiyuUncommonDexBuff+1"],"special_seed":0,"relics":["PrismaMod:PrismaSapphire","infinitespire:CursedDice","Replay:Ancient Bell","Anchor","InkBottle","Replay:PocketPolymizer","Replay:Multitool","hubris:Backtick","jedi:heavyjacket","infinitespire:Satchel","Toxic Egg 2","hubris:AstralHammer","hubris:DisguiseKit","Guardian:PocketSentry","MutagenicStrength","hubris:TerracottaHorce","FossilizedHelix","wanderingMiniBosses:OtherGremlinHorn","hubris:SlimyHat","infinitespire:Lucky Rock","hubris:Icosahedron","CCEMRelics:WhiteRose","Pen Nib","MerchantsRug","hubris:EmptyBottle","Toy Ornithopter","hubris:TinFlute","Quantum Egg","Orrery","hubris:Metronome"],"potions_floor_usage":[36,38,38,50,50,50,50],"damage_taken":[{"damage":0.0,"enemies":"Cultist","floor":1.0,"turns":4.0},{"damage":0.0,"enemies":"2 Louse","floor":3.0,"turns":6.0},{"damage":9.0,"enemies":"infinitespire:Voidling","floor":4.0,"turns":6.0},{"damage":0.0,"enemies":"Looter","floor":5.0,"turns":3.0},{"damage":0.0,"enemies":"Lagavulin","floor":6.0,"turns":8.0},{"damage":15.0,"enemies":"Blue Slaver","floor":7.0,"turns":6.0},{"damage":0.0,"enemies":"2 Fungi Beasts","floor":8.0,"turns":4.0},{"damage":3.0,"enemies":"Looter","floor":11.0,"turns":7.0},{"damage":0.0,"enemies":"Gremlin Gang","floor":14.0,"turns":3.0},{"damage":6.0,"enemies":"Slime Boss","floor":16.0,"turns":9.0},{"damage":29.0,"enemies":"3 Byrds","floor":18.0,"turns":6.0},{"damage":6.0,"enemies":"Spheric Guardian","floor":19.0,"turns":6.0},{"damage":2.0,"enemies":"Snecko","floor":24.0,"turns":8.0},{"damage":0.0,"enemies":"conspire:SneckoGhost","floor":25.0,"turns":7.0},{"damage":0.0,"enemies":"Cultist and Chosen","floor":29.0,"turns":6.0},{"damage":0.0,"enemies":"conspire:MysteriousRune","floor":33.0,"turns":9.0},{"damage":0,"enemies":"3 Darklings","floor":35,"turns":5},{"damage":2,"enemies":"3 Shapes","floor":36,"turns":4},{"damage":0,"enemies":"Maw","floor":37,"turns":7},{"damage":6,"enemies":"infinitespire:Three Voidlings","floor":38,"turns":5},{"damage":12,"enemies":"Nightmare_Alpha","floor":38,"turns":16},{"damage":0,"enemies":"4 Shapes","floor":39,"turns":6},{"damage":0,"enemies":"Nemesis","floor":40,"turns":10},{"damage":0,"enemies":"Writhing Mass","floor":42,"turns":5},{"damage":0,"enemies":"Sphere and 2 Shapes","floor":45,"turns":3},{"damage":0,"enemies":"hubris:GrandSnecko","floor":50,"turns":8},{"damage":0,"enemies":"Shield and Spear","floor":54,"turns":6}],"seed_played":"1243215069468655524","potions_obtained":[{"floor":1.0,"key":"conspire:TimeTravelPotion"},{"floor":4.0,"key":"Block Potion"},{"floor":7.0,"key":"sneckomod:MuddlingPotion"},{"floor":16.0,"key":"Strength Potion"},{"floor":18.0,"key":"SpeedPotion"},{"floor":25.0,"key":"AttackPotion"},{"floor":29.0,"key":"jedi:tentaclejuice"},{"floor":33.0,"key":"LifebloodPotion"},{"floor":35,"key":"Energy Potion"},{"floor":39,"key":"Explosive Potion"},{"floor":42,"key":"PowerPotion"},{"floor":45,"key":"BlessingOfTheForge"}],"is_trial":false,"path_per_floor":["M","?","M","M","M","E","M","M","T","R","M","R","?","M","R","B",null,"M","M","AVR","$","?","R","M","E","T","R","?","M","?","?","R","B",null,"M","M","M","?","M","E","R","M","T","?","M","?","$","T","R_BF","B",null,"R","$","E"],"character_chosen":"MIYU","items_purchased":["infinitespire:Satchel","Toxic Egg 2","CCEMRelics:WhiteRose","PrismaMod:MiyuCheapChannelAttack+1","Pen Nib","MerchantsRug","hubris:EmptyBottle","hubris:TinFlute","Quantum Egg","Orrery"],"campfire_rested":1,"item_purchase_floors":[21,21,47,47,47,47,47,53,53,53],"current_hp_per_floor":[75,75,75,75,75,75,71,71,71,71,68,68,68,68,68,62,75,46,40,40,15,15,15,13,13,13,35,35,35,35,35,57,57,71,71,69,69,63,67,71,71,75,75,75,75,75,75,75,75,83,83,83,83,83,83],"gold":173,"neow_bonus":"THREE_RARE_CARDS","is_prod":false,"is_daily":false,"chose_seed":false,"campfire_upgraded":3,"win_rate":0,"timestamp":1607475990,"path_taken":["M","?","?","M","M","E","M","M","T","R","M","R","?","M","R","BOSS","M","M","AVR","?","?","R","M","E","T","R","?","?","?","?","R","BOSS","M","?","M","?","M","E","R","M","T","?","M","?","$","?","R_BF","BOSS","R","$","E"],"build_version":"2020-11-30","purchased_purges":2,"victory":false,"max_hp_per_floor":[75,75,75,75,75,75,75,75,75,75,75,75,75,75,75,75,75,75,75,75,75,75,75,75,75,75,75,75,75,75,75,75,75,75,75,75,75,75,75,75,75,75,75,75,75,75,75,75,75,83,83,83,83,83,83],"card_choices":[{"not_picked":["PrismaMod:MiyuEvokeAllAttack","PrismaMod:MiyuDefenseAbsorbMinor"],"picked":"PrismaMod:MiyuCarnivalDefend","floor":0.0},{"not_picked":["PrismaMod:MiyuCheapEvoke","PrismaMod:MiyuMaid"],"picked":"PrismaMod:MiyuEvokeBuffStr","floor":1.0},{"not_picked":["PrismaMod:MiyuAttackChannelAttack","PrismaMod:MiyuCheapAttack2"],"picked":"PrismaMod:MiyuUncommonDexBuff","floor":3.0},{"not_picked":["PrismaMod:MiyuCommonAOEAttack","PrismaMod:MiyuCheapEvoke","PrismaMod:MiyuCheapChannelVul"],"picked":"SKIP","floor":4.0},{"not_picked":["PrismaMod:MiyuAttackChannelWeak","PrismaMod:MiyuCheapAttack2"],"picked":"PrismaMod:MiyuOrbIncreasePerm","floor":5.0},{"not_picked":["PrismaMod:MiyuMaid","PrismaMod:MiyuCheapChannelVul"],"picked":"PrismaMod:MiyuChristmas","floor":6.0},{"not_picked":["PrismaMod:MiyuEvokeCheapAttack","PrismaMod:MiyuCheapChannelVul"],"picked":"PrismaMod:MiyuUncommonAOEAttack","floor":7.0},{"not_picked":["PrismaMod:MiyuUberAOEAttack","PrismaMod:MiyuUncommonDefend"],"picked":"PrismaMod:MiyuCheapPlate","floor":8.0},{"not_picked":["PrismaMod:MiyuCheapChannelHeal","PrismaMod:MiyuEvokeBuffDex"],"picked":"PrismaMod:MiyuCheapDexBuff","floor":11.0},{"not_picked":["PrismaMod:MiyuCheapAttack2","PrismaMod:MiyuCheapDefend1"],"picked":"PrismaMod:MiyuCheapDefend2","floor":14.0},{"not_picked":["PrismaMod:MiyuChannelDefendEvoke","PrismaMod:MiyuUberDefend"],"picked":"PrismaMod:MiyuCheapDefend2","floor":16.0},{"not_picked":["ReplayTheSpireMod:Restless Dread","hubris:Disease"],"picked":"Slimebound:Icky","floor":17.0},{"not_picked":["Voices","Languid"],"picked":"ReplayTheSpireMod:IOU","floor":17.0},{"not_picked":["jedi:BattleThirst","CurseOfTheBell"],"picked":"Delirium","floor":17.0},{"not_picked":["PrismaMod:MiyuEvokeCheapAttack+1","PrismaMod:MiyuCheapChannelWeak+1","PrismaMod:MiyuCarnivalAttack"],"picked":"SKIP","floor":18.0},{"not_picked":["PrismaMod:MiyuCarnivalAttack","PrismaMod:MiyuCheapChannelDefend"],"picked":"PrismaMod:MiyuCheapDefend1","floor":19.0},{"not_picked":["PrismaMod:MiyuEvokeBuffStr+1","PrismaMod:MiyuCheapStrBuff"],"picked":"PrismaMod:MiyuUberAOEAttack","floor":24.0},{"not_picked":["PrismaMod:MiyuUncommonAOEAttack","PrismaMod:MiyuCheapAttack1+1"],"picked":"PrismaMod:MiyuCheapDefend2+1","floor":25.0},{"not_picked":["PrismaMod:MiyuCheapChannelVul+1","PrismaMod:MiyuCommonAOEAttack","PrismaMod:MiyuEvokeCheapAttack","AbbyMod:Thflth"],"picked":"SKIP","floor":29.0},{"not_picked":["PrismaMod:MiyuChannelAttackEvoke","PrismaMod:MiyuBride+1","AbbyMod:AbsoluteCorruption"],"picked":"PrismaMod:MiyuCheapDefend2+1","floor":33.0},{"not_picked":["PrismaMod:MiyuCheapChannelWeak+1","PrismaMod:MiyuMaid+1","AbbyMod:Memocide"],"picked":"PrismaMod:MiyuUncommonDexBuff+1","floor":35},{"not_picked":["PrismaMod:MiyuUberAttack","PrismaMod:MiyuCheapChannelWeak+1","AbbyMod:WormHole"],"picked":"PrismaMod:MiyuCheapChannelRandom+1","floor":36},{"not_picked":["PrismaMod:MiyuDevil","PrismaMod:MiyuEvokeBuffDex+1","AbbyMod:TeddyBear"],"picked":"PrismaMod:MiyuUberAttack+1","floor":37},{"not_picked":["ReplayTheSpireMod:Chaos Vortex","infinitespire:FinalStrike"],"picked":"infinitespire:NeuralNetwork","floor":38},{"not_picked":["PrismaMod:MiyuCheapEvoke+1","PrismaMod:MiyuCheapChannelHeal+1","PrismaMod:MiyuCheapDefend1+1"],"picked":"AbbyMod:Hitomi","floor":38},{"not_picked":["PrismaMod:MiyuCheapDefend1+1","PrismaMod:MiyuCheapEvoke+1","PrismaMod:MiyuEvokeCheapAttack+1","AbbyMod:TentacleSwarm"],"picked":"SKIP","floor":39},{"not_picked":["PrismaMod:MiyuAttackChannelWeak","PrismaMod:MiyuCheapChannelHeal+1","AbbyMod:OldOneLimb"],"picked":"PrismaMod:MiyuBride+1","floor":40},{"not_picked":["PrismaMod:MiyuCheapChannelHeal+1","PrismaMod:MiyuEvokeCheapAttack+1","AbbyMod:StarRadiance"],"picked":"PrismaMod:MiyuDevil+1","floor":40},{"not_picked":["PrismaMod:MiyuCheapChannelVul+1","PrismaMod:MiyuCheapAttack1","PrismaMod:MiyuCommonAOEAttack+1"],"picked":"AbbyMod:SweetPancakes","floor":42},{"not_picked":["PrismaMod:MiyuEvokeBuffStr+1","PrismaMod:MiyuEvokeCheapAttack+1","AbbyMod:SilverKey"],"picked":"PrismaMod:MiyuCheapDefend1+1","floor":45},{"not_picked":["PrismaMod:MiyuCheapChannelRandom+1","PrismaMod:MiyuEvokeBuffDex+1","AbbyMod:PowerGamer"],"picked":"PrismaMod:MiyuCheapStrBuff+1","floor":53},{"not_picked":["PrismaMod:MiyuDefenseExplosion","PrismaMod:MiyuCarnivalAttack+1","AbbyMod:InsaneStrike"],"picked":"PrismaMod:MiyuUncommonDexBuff","floor":53},{"not_picked":["PrismaMod:MiyuCheapChannelRandom+1","PrismaMod:MiyuEvokeBuffStr+1","AbbyMod:AdultWords"],"picked":"PrismaMod:MiyuUncommonDexBuff","floor":53},{"not_picked":["PrismaMod:MiyuChristmas+1","PrismaMod:MiyuUncommonAOEAttack+1","AbbyMod:EquivalentExchange"],"picked":"PrismaMod:MiyuCheapDexBuff","floor":53},{"not_picked":["PrismaMod:MiyuChannelDefendEvoke+1","PrismaMod:MiyuCheapAttack2+1","PrismaMod:MiyuMaid+1"],"picked":"AbbyMod:AdultWords","floor":53},{"not_picked":["PrismaMod:MiyuUncommonAttack","PrismaMod:MiyuEvokeBuffDex+1","AbbyMod:AceInTheHole"],"picked":"PrismaMod:MiyuUncommonDexBuff+1","floor":54}],"player_experience":754511,"relics_obtained":[{"floor":6.0,"key":"infinitespire:CursedDice"},{"floor":23.0,"key":"hubris:AstralHammer"},{"floor":25.0,"key":"hubris:DisguiseKit"},{"floor":26.0,"key":"Guardian:PocketSentry"},{"floor":38,"key":"FossilizedHelix"},{"floor":38,"key":"wanderingMiniBosses:OtherGremlinHorn"},{"floor":40,"key":"hubris:SlimyHat"},{"floor":43,"key":"infinitespire:Lucky Rock"},{"floor":48,"key":"Toy Ornithopter"},{"floor":54,"key":"hubris:Metronome"}],"event_choices":[{"cards_removed":["PrismaMod:MiyuCommonAttack"],"damage_healed":0.0,"max_hp_gain":0.0,"max_hp_loss":0.0,"gold_gain":0.0,"event_name":"Bonfire Elementals","player_choice":"Offered Basic","floor":2.0,"gold_loss":0.0,"damage_taken":0.0},{"cards_removed":["PrismaMod:MiyuCommonAttack"],"damage_healed":0.0,"max_hp_gain":0.0,"max_hp_loss":0.0,"gold_gain":0.0,"event_name":"Purifier","player_choice":"Purged","floor":13.0,"gold_loss":0.0,"damage_taken":0.0},{"cards_removed":["PrismaMod:MiyuCarnivalDefend"],"damage_healed":0.0,"max_hp_gain":0.0,"max_hp_loss":0.0,"gold_gain":0.0,"event_name":"betterNote:BetterNote","player_choice":"Take \u0026 Give","floor":22.0,"gold_loss":0.0,"damage_taken":0.0,"cards_obtained":["Contraction"]},{"damage_healed":0.0,"max_hp_gain":0.0,"max_hp_loss":0.0,"gold_gain":0.0,"event_name":"Drug Dealer","player_choice":"Inject Mutagens","floor":30.0,"gold_loss":0.0,"damage_taken":0.0,"relics_obtained":["MutagenicStrength"]},{"cards_removed":["Slimebound:Icky"],"damage_healed":0.0,"max_hp_gain":0.0,"max_hp_loss":0.0,"gold_gain":0.0,"event_name":"Fountain of Cleansing","player_choice":"Removed Curses","floor":31.0,"gold_loss":0.0,"damage_taken":0.0}],"is_beta":false,"boss_relics":[{"not_picked":["Coffee Dripper","Empty Cage"],"picked":"Replay:Ancient Bell"},{"not_picked":["Orichalcum","Regal Pillow"],"picked":"Anchor"},{"not_picked":["hubris:DeckOfHolding","conspire:DeflatedDodgeball"],"picked":"InkBottle"},{"not_picked":["infinitespire:Joker Card","Replay:Towering Pillar of Hats"],"picked":"Replay:PocketPolymizer"},{"not_picked":["Tiny House","conspire:RunicOctahedron"],"picked":"hubris:TerracottaHorce"}],"items_purged_floors":[20,47],"is_endless":false,"potions_floor_spawned":[1,4,7,16,18,25,29,33,35,39,42,45],"killed_by":"Shield and Spear","ascension_level":0}}