{"host":"bwgtgw7j7r9ryi4l","time":1607504612,"event":{"gold_per_floor":[118,130,159,173,173,173,173,185,224,14,31,31,31,52,52,165,215,231,338,359,359,374,374,393,393,418,436,460,460,460,482,482,499,499,604,604,636,657,657,657,392,392,415,3,3,33,55,55,55,55,55,75],"floor_reached":53,"playtime":4064,"items_purged":["Writhe","Normality"],"score":653,"play_id":"64d48ee9-eef3-4b1e-9080-a46a9c1955c4","local_time":"20201209040332","is_ascension_mode":false,"campfire_choices":[{"floor":6,"key":"REST"},{"floor":12,"key":"REST"},{"floor":15,"key":"REST"},{"floor":23,"key":"REST"},{"floor":25,"key":"REST"},{"floor":32,"key":"REST"},{"floor":34,"key":"REST"},{"data":"Gash","floor":42,"key":"SMITH"},{"floor":48,"key":"REST"},{"floor":49,"key":"REST"},{"floor":51,"key":"REST"}],"neow_cost":"NONE","seed_source_timestamp":1388278079448800,"circlet_count":0,"master_deck":["Gash+1","Gash+1","Gash+1","Gash","Gash+1","Defend_B","Defend_B","Defend_B+1","Defend_B","Defend_B+1","Clawfect:ClawSnap+1","Clawfect:Clawter+1","Clawfect:ClawCell+1","Gash+1","ReplayTheSpireMod:Dual Polarity+1","ReplayGash+1","Coolheaded+1","Panache+1","StuffTheSpire:GlassShard","Transmutation+1","Clawfect:ClawpileDriver+1","Discovery+1","Fission+1","jedi:blockon+1","Consume+1","Clawfect:Clawter","BasicCrystalCard+1","ReplayTheSpireMod:Calculation Training+1","Clawfect:Clawrage+1","Glacier+1","Clawfect:ClawLightning+1","StuffTheSpire:Plugnplay+1","jedi:BurstDark","Loop+1","BootSequence+1","Conserve Battery+1","Auto Shields+1","FTL+1","Redo+1","ReplayTheSpireMod:GoodbyeWorld+1"],"relics":["Clawfect:DRClaw","Toxic Egg 2","hubris:Towel","halation:IllGainedPizza","Gremlin Food","Medical Kit","Tiny House","hubris:GlazedTorus","HollowMod:PaleOreRelic","aspiration:Stellarator","MerchantsRug","Whetstone","halation:Thesaurus","Anchor","halation:Komachan","Darkstone Periapt","halation:PinkSoulGem"],"potions_floor_usage":[14,22,22,28,31,52],"damage_taken":[{"damage":10,"enemies":"Hallownest:2_Tiktiks_and_1_Crawlid","floor":1,"turns":4},{"damage":3,"enemies":"Hallownest:2_Baldur","floor":2,"turns":4},{"damage":9,"enemies":"conspire:MimicChest","floor":3,"turns":4},{"damage":7,"enemies":"Hallownest:monsterHuskGuard","floor":4,"turns":4},{"damage":1,"enemies":"Hallownest:Wandering_and_Horned","floor":8,"turns":4},{"damage":4,"enemies":"Hallownest:MossCreep_and_Mosskin","floor":9,"turns":6},{"damage":7,"enemies":"Hallownest:MossCreep_and_Mosskin","floor":11,"turns":5},{"damage":10,"enemies":"Hallownest:2_Tiktiks_1_Baldur_1_Crawlid","floor":14,"turns":2},{"damage":46,"enemies":"Hallownest:BossHornet","floor":16,"turns":8},{"damage":1,"enemies":"Spheric Guardian","floor":18,"turns":3},{"damage":28,"enemies":"Shell Parasite","floor":20,"turns":5},{"damage":16,"enemies":"Snecko","floor":22,"turns":6},{"damage":17,"enemies":"conspire:HollyBat","floor":24,"turns":5},{"damage":18,"enemies":"Sentry and Sphere","floor":27,"turns":5},{"damage":12,"enemies":"Snake Plant","floor":28,"turns":4},{"damage":8,"enemies":"Centurion and Healer","floor":31,"turns":8},{"damage":18,"enemies":"Snecko","floor":33,"turns":5},{"damage":47,"enemies":"hubris:MusketHawk","floor":35,"turns":7},{"damage":64,"enemies":"3 Darklings","floor":37,"turns":7},{"damage":10,"enemies":"Orb Walker","floor":38,"turns":4},{"damage":17,"enemies":"Jaw Worm Horde","floor":43,"turns":3},{"damage":28,"enemies":"Sphere and 2 Shapes","floor":46,"turns":6},{"damage":11,"enemies":"Transient","floor":47,"turns":5},{"damage":33,"enemies":"infinitespire:MassOfShapes","floor":52,"turns":13}],"seed_played":"-6439218374271002762","potions_obtained":[{"floor":4,"key":"hexamod:EctoCoolerPotion"},{"floor":8,"key":"Energy Potion"},{"floor":16,"key":"Adrenaline Potion"},{"floor":17,"key":"Elixir"},{"floor":18,"key":"SkillPotion"},{"floor":24,"key":"Dexterity Potion"},{"floor":27,"key":"DistilledChaos"},{"floor":28,"key":"SkillPotion"},{"floor":35,"key":"Ancient Potion"},{"floor":47,"key":"FearPotion"}],"is_trial":false,"path_per_floor":["M","M","?","M","?","R","?","M","MIM","$","M","R","$","M","R","B",null,"M","?","M","AVR","M","R","M","R","T","M","M","PTL","PTL","M","R","M","R","B",null,"M","M","?","?","$","R","M","$","T","M","M","R","R","?","R","B",null],"character_chosen":"DEFECT","items_purchased":["Gremlin Food","Medical Kit","Conserve Battery+1","Auto Shields+1","MerchantsRug","Whetstone","halation:Thesaurus","halation:Komachan"],"campfire_rested":10,"item_purchase_floors":[10,10,41,41,41,44,44,44],"current_hp_per_floor":[65,62,53,46,37,59,59,58,54,54,47,69,69,59,75,29,80,79,70,42,42,26,50,33,57,57,39,27,27,27,19,43,25,49,2,80,16,6,6,70,70,70,53,53,53,25,14,35,56,56,70,37],"gold":75,"neow_bonus":"THREE_CARDS","is_prod":false,"is_daily":false,"chose_seed":false,"campfire_upgraded":1,"win_rate":0,"timestamp":1607504612,"path_taken":["M","M","?","?","?","R","?","M","MIM","$","?","R","?","M","R","BOSS","M","?","M","AVR","M","R","M","R","T","M","M","PTL","PTL","M","R","?","R","BOSS","M","M","?","?","?","R","M","$","T","M","?","R","R","?","R","BOSS"],"build_version":"2020-11-30","purchased_purges":2,"victory":true,"max_hp_per_floor":[75,75,75,75,75,75,75,75,75,75,75,75,75,75,75,75,80,80,80,80,80,80,80,80,80,80,80,80,80,80,80,80,80,80,80,80,80,80,80,70,70,70,70,70,70,70,70,70,70,70,70,70],"card_choices":[{"not_picked":["StuffTheSpire:Plugnplay","ReplaySort"],"picked":"Clawfect:ClawSnap","floor":0},{"not_picked":["White Noise","Clawfect:Clawline"],"picked":"Clawfect:Clawter","floor":1},{"not_picked":["jedi:reiji","Clawfect:ScrapingClaw"],"picked":"Clawfect:ClawCell","floor":2},{"not_picked":["Steam Power+1","Stack+1"],"picked":"Gash","floor":3},{"not_picked":["StuffTheSpire:ShieldGenerator+1","jedi:BurstLightning"],"picked":"ReplayTheSpireMod:Dual Polarity+1","floor":4},{"not_picked":["jedi:BurstLightning","Clawfect:Clawline"],"picked":"ReplayGash","floor":8},{"not_picked":["Glacier+1","StuffTheSpire:Synthwave"],"picked":"Coolheaded+1","floor":9},{"not_picked":["Madness+1","HandOfGreed+1"],"picked":"Panache+1","floor":11},{"not_picked":["jedi:BurstLightning","Leap+1"],"picked":"StuffTheSpire:GlassShard","floor":11},{"not_picked":["expansioncontent:HyperBeam+1","Replay:SS_fish_1+1"],"picked":"Transmutation+1","floor":14},{"not_picked":["hubris:PowerSurge","Hologram+1"],"picked":"Clawfect:ClawpileDriver","floor":14},{"not_picked":["expansioncontent:CaCaw+1","Specialist+1"],"picked":"Discovery+1","floor":16},{"not_picked":["ReplayTheSpireMod:Omega Cannon","hubris:DoWhile+1"],"picked":"Fission+1","floor":16},{"not_picked":["Clawfect:ClawAndGloom","Panic Button+1"],"picked":"jedi:blockon+1","floor":17},{"not_picked":["Hologram+1","Clawfect:ClawpileDriver"],"picked":"Consume+1","floor":18},{"not_picked":["Leap+1","Storm"],"picked":"Clawfect:Clawter","floor":20},{"not_picked":["Buffer","StuffTheSpire:LoadUp+1"],"picked":"BasicCrystalCard+1","floor":22},{"not_picked":["jedi:meditation","jedi:spotbugs+1"],"picked":"ReplayTheSpireMod:Calculation Training+1","floor":24},{"not_picked":["jedi:BurstFrost+1","Defragment"],"picked":"Clawfect:Clawrage","floor":27},{"not_picked":["jedi:bruteforce+1","BasicCrystalCard+1"],"picked":"Glacier+1","floor":28},{"not_picked":["StuffTheSpire:CleanHardDrive+1","Skim+1"],"picked":"Clawfect:ClawLightning+1","floor":31},{"not_picked":["Hologram+1","Clawfect:ClawSnap"],"picked":"StuffTheSpire:Plugnplay+1","floor":33},{"not_picked":["Multi-Cast+1","StuffTheSpire:EventHorizon+1"],"picked":"jedi:BurstDark","floor":35},{"not_picked":["BasicCrystalCard+1","Hologram+1"],"picked":"Loop+1","floor":37},{"not_picked":["Double Energy+1","jedi:studyfrost+1"],"picked":"BootSequence+1","floor":38},{"not_picked":["jedi:BurstFrost+1","jedi:BurstLightning"],"picked":"FTL+1","floor":43},{"not_picked":["jedi:blockon+1","StuffTheSpire:EventHorizon+1"],"picked":"Redo+1","floor":46},{"not_picked":["StuffTheSpire:LoadUp+1","StuffTheSpire:Synthwave"],"picked":"ReplayTheSpireMod:GoodbyeWorld+1","floor":47}],"player_experience":103795,"relics_obtained":[{"floor":3,"key":"Toxic Egg 2"},{"floor":9,"key":"CCEMRelics:FestiveHat"},{"floor":9,"key":"halation:IllGainedPizza"},{"floor":26,"key":"HollowMod:PaleOreRelic"},{"floor":45,"key":"Darkstone Periapt"}],"event_choices":[{"damage_healed":0,"gold_gain":107,"player_choice":"GO ","damage_taken":10,"relics_obtained":[],"max_hp_gain":0,"max_hp_loss":0,"event_name":"betterSkull:BetterSkull","floor":19,"gold_loss":0,"cards_upgraded":[]},{"damage_healed":70,"gold_gain":0,"player_choice":"Heal","damage_taken":0,"max_hp_gain":0,"max_hp_loss":10,"event_name":"The Moai Head","floor":40,"gold_loss":0}],"is_beta":false,"boss_relics":[{"not_picked":["Kintsugi","hubris:RunicObelisk"],"picked":"Tiny House"},{"not_picked":["conspire:SpecialSausage","halation:HeavySnake"],"picked":"aspiration:Stellarator"}],"items_purged_floors":[21,44],"is_endless":false,"potions_floor_spawned":[4,8,16,18,20,24,27,28,35,47],"ascension_level":0}}