{"host":"pz1ko3gi7nsxydm3","time":1607539732,"event":{"gold_per_floor":[116,129,129,45,45,79,79,106,152,174,153,153,44,70,70,179,179,212,227,244,248,248],"floor_reached":21,"playtime":1142,"items_purged":[],"score":206,"play_id":"89a9bc4b-88db-4b1d-8fd1-bdedd7f31f63","local_time":"20201209184852","is_ascension_mode":false,"campfire_choices":[{"data":"Pray","floor":7,"key":"SMITH"},{"floor":15,"key":"REST"}],"neow_cost":"NONE","seed_source_timestamp":14839722565700,"circlet_count":0,"master_deck":["Strike_P","Strike_P","Strike_P","Strike_P","Defend_P","Defend_P","Defend_P","Defend_P","Eruption+1","Vigilance","PathToVictory","Worship","ReachHeaven","Pray+1","Worship","ConjureBlade","FollowUp","ConjureBlade","REME_ShortnessOfBreath","REME_WorshipGod","Prostrate","Replay:DivineShield","Replay:BluntJabs","REME_CRH","CutThroughFate+1","EmptyBody","Crescendo"],"relics":["PureWater","REME_ComplimentaryCards","NeowsBlessing","Replay:Bandana","Replay:Baseball","betterThird:SlimedRelic","Runic Pyramid"],"potions_floor_usage":[16,16,18],"damage_taken":[{"damage":0,"enemies":"Jaw Worm","floor":1,"turns":1},{"damage":0,"enemies":"Cultist","floor":2,"turns":1},{"damage":0,"enemies":"Gremlin Nob","floor":6,"turns":1},{"damage":16,"enemies":"Small Slimes","floor":8,"turns":3},{"damage":14,"enemies":"2 Fungi Beasts","floor":10,"turns":3},{"damage":12,"enemies":"Gremlin Gang","floor":14,"turns":3},{"damage":32,"enemies":"Slime Boss","floor":16,"turns":5},{"damage":32,"enemies":"3 Byrds","floor":18,"turns":4},{"damage":0,"enemies":"Spheric Guardian","floor":19,"turns":1},{"damage":38,"enemies":"Centurion and Healer","floor":20,"turns":8},{"damage":9,"enemies":"Snecko","floor":21,"turns":3}],"seed_played":"-6936315960124107114","potions_obtained":[{"floor":2,"key":"CultistPotion"},{"floor":6,"key":"Fire Potion"},{"floor":16,"key":"Explosive Potion"}],"is_trial":false,"path_per_floor":["M","M","?","$","?","E","R","M","T","M","?","?","$","M","R","B",null,"M","M","M","M"],"character_chosen":"WATCHER","items_purchased":["ReachHeaven","FlyingSleeves","Prostrate","Replay:DivineShield"],"campfire_rested":1,"item_purchase_floors":[4,4,13,13],"current_hp_per_floor":[72,72,72,72,72,72,72,56,56,42,31,31,31,19,40,8,72,40,40,2,0,0],"gold":248,"neow_bonus":"THREE_ENEMY_KILL","is_prod":false,"is_daily":false,"chose_seed":false,"campfire_upgraded":1,"win_rate":0.0,"timestamp":1607539732,"path_taken":["M","M","?","?","?","E","R","M","T","M","?","?","$","M","R","BOSS","M","M","?","?"],"build_version":"2020-11-30","purchased_purges":0,"victory":false,"max_hp_per_floor":[72,72,72,72,72,72,72,72,72,72,72,72,72,72,72,72,72,72,72,72,72,72],"card_choices":[{"not_picked":["ClearTheMind","Replay:BluntJabs"],"picked":"PathToVictory","floor":1},{"not_picked":["JustLucky","Weave"],"picked":"Worship","floor":2},{"not_picked":["LessonLearned","Replay:ManipulateFuture"],"picked":"Worship","floor":6},{"not_picked":["FlurryOfBlows","Replay:AtTheReady"],"picked":"FollowUp","floor":8},{"not_picked":["Indignation","Replay:AtTheReady"],"picked":"ConjureBlade","floor":10},{"not_picked":["Protect","ThirdEye"],"picked":"Replay:BluntJabs","floor":14},{"not_picked":["REME_WorshipGod","Scrawl"],"picked":"REME_CRH","floor":16},{"not_picked":["Replay:BluntJabs","FlyingSleeves+1"],"picked":"CutThroughFate+1","floor":18},{"not_picked":["FlyingSleeves","PathToVictory+1"],"picked":"EmptyBody","floor":19},{"not_picked":["Protect+1","Replay:BluntJabs"],"picked":"Crescendo","floor":20}],"player_experience":59799,"relics_obtained":[{"floor":6,"key":"Replay:Bandana"},{"floor":9,"key":"Replay:Baseball"}],"event_choices":[{"damage_healed":0,"gold_gain":0,"cards_transformed":["FlyingSleeves"],"player_choice":"Change","damage_taken":0,"max_hp_gain":0,"max_hp_loss":0,"event_name":"Living Wall","floor":5,"gold_loss":0,"cards_obtained":["Pray"]},{"damage_healed":0,"gold_gain":0,"player_choice":"Slimed","damage_taken":11,"max_hp_gain":0,"max_hp_loss":0,"event_name":"betterThird:BetterGoop","floor":11,"gold_loss":21},{"damage_healed":0,"gold_gain":0,"player_choice":"2 cards matched","damage_taken":0,"max_hp_gain":0,"max_hp_loss":0,"event_name":"Match and Keep!","floor":12,"gold_loss":0,"cards_obtained":["REME_ShortnessOfBreath","REME_WorshipGod"]}],"is_beta":false,"boss_relics":[{"not_picked":["VioletLotus","hubris:ScarierMask"],"picked":"Runic Pyramid"}],"items_purged_floors":[],"is_endless":false,"potions_floor_spawned":[2,6,16],"killed_by":"Snecko","ascension_level":0}}