{"host":"l4zsyynf3knc4g5z","time":1607539370,"event":{"gold_per_floor":[109,119,119,130,0,0,32,32,32,32,32,32,44,58,58,58,58],"floor_reached":16,"playtime":355,"items_purged":["dioMod:TripleThreat"],"score":100,"play_id":"14462d28-9ab1-4f92-ab5c-33ec11494346","local_time":"20201209104250","is_ascension_mode":false,"campfire_choices":[{"data":"dioMod:DaggerSpree","floor":6,"key":"SMITH"},{"data":"dioMod:DaggerSpree","floor":8,"key":"SMITH"},{"data":"dioMod:BloodShield","floor":12,"key":"SMITH"},{"data":"dioMod:DoubleTime","floor":15,"key":"SMITH"}],"neow_cost":"NONE","seed_source_timestamp":1583916409316800,"circlet_count":0,"master_deck":["dioMod:ZaWarudo+1","dioMod:Strike","dioMod:Strike","dioMod:Strike","dioMod:Strike","Bite+1","dioMod:Defend","dioMod:Defend","dioMod:Defend","dioMod:Defend","dioMod:DaggerSpree+1","dioMod:DaggerSpree+1","dioMod:BloodShield+1","dioMod:DoubleTime+1","dioMod:Donut"],"relics":["dioMod:VampireBlood","RoseTintedShades","Replay:Bottled Eggs","hubris:Towel"],"potions_floor_usage":[7,16,16,16],"damage_taken":[{"damage":1,"enemies":"Cultist","floor":1,"turns":4},{"damage":11,"enemies":"Jaw Worm","floor":2,"turns":3},{"damage":7,"enemies":"2 Louse","floor":4,"turns":3},{"damage":14,"enemies":"Gremlin Nob","floor":7,"turns":4},{"damage":10,"enemies":"Looter","floor":13,"turns":3},{"damage":2,"enemies":"Blue Slaver","floor":14,"turns":2},{"damage":75,"enemies":"Hexaghost","floor":16,"turns":10}],"seed_played":"-9155310587066188589","potions_obtained":[{"floor":0,"key":"Strength Potion"},{"floor":0,"key":"Swift Potion"},{"floor":0,"key":"Explosive Potion"},{"floor":1,"key":"BlessingOfTheForge"},{"floor":7,"key":"dioMod:HumanBlood"}],"is_trial":false,"path_per_floor":["M","M","?","M","$","R","E","R","T","?","$","R","M","M","R","B"],"character_chosen":"THE_DEFAULT","items_purchased":["dioMod:DaggerSpree"],"campfire_rested":0,"item_purchase_floors":[5],"current_hp_per_floor":[75,69,69,74,74,74,64,64,64,64,64,64,60,61,61,0,0],"gold":58,"neow_bonus":"THREE_SMALL_POTIONS","is_prod":false,"is_daily":false,"chose_seed":false,"campfire_upgraded":4,"win_rate":0.0,"timestamp":1607539370,"path_taken":["M","M","?","M","$","R","E","R","T","?","?","R","M","?","R","BOSS"],"build_version":"2020-11-30","purchased_purges":1,"victory":false,"max_hp_per_floor":[75,75,75,75,75,75,75,75,75,75,75,75,75,75,75,75,75],"card_choices":[{"not_picked":["dioMod:FlyAway","dioMod:UltimateSacrifice"],"picked":"dioMod:TripleThreat","floor":1},{"not_picked":["dioMod:DisarmingVoice","dioMod:CutDeep","dioMod:ComposedMuda"],"picked":"SKIP","floor":2},{"not_picked":["dioMod:HeavyLifting","dioMod:BloodTransfusion","dioMod:Roundabout"],"picked":"SKIP","floor":4},{"not_picked":["dioMod:SadisticLaugh","dioMod:FlyAway"],"picked":"dioMod:BloodShield","floor":7},{"not_picked":["dioMod:StreetSign","dioMod:DarkRebirth"],"picked":"dioMod:DoubleTime","floor":13},{"not_picked":["dioMod:LaserVision","dioMod:Minions"],"picked":"dioMod:Donut","floor":14}],"player_experience":84987,"relics_obtained":[{"floor":7,"key":"RoseTintedShades"},{"floor":9,"key":"Replay:Bottled Eggs"}],"event_choices":[],"is_beta":false,"boss_relics":[],"items_purged_floors":[5],"is_endless":false,"potions_floor_spawned":[1,7],"killed_by":"Hexaghost","ascension_level":0}}