{"host":"6fbjdsiu9jij34p7","time":1607472833,"event":{"gold_per_floor":[117,117,67,67,13,45,57,57,84,84,96,113,131,144,144,221,221,235,248,248,48,77,77,95,95,95,128,128,145,45,64,64,143,143,160,12,234,34,34,62,62,62,62],"floor_reached":42,"playtime":1311,"items_purged":["Strike_B","Strike_B","Defend_B"],"score":780,"play_id":"0ee767a4-7a7c-423a-ad11-cd5b5f34fd29","local_time":"20201209091353","is_ascension_mode":true,"campfire_choices":[{"floor":8.0,"key":"REST"},{"data":"Sweeping Beam","floor":10.0,"key":"SMITH"},{"floor":15.0,"key":"REST"},{"floor":23.0,"key":"REST"},{"floor":32.0,"key":"REST"},{"floor":41.0,"key":"REST"}],"neow_cost":"NONE","seed_source_timestamp":676158016781900,"circlet_count":0,"master_deck":["AscendersBane","Defend_B+1","Defend_B","Defend_B","Zap","Dualcast+1","Cold Snap","Sweeping Beam+1","Barrage","Conserve Battery","Chill","Go for the Eyes","Seek","Glacier","Cold Snap","Chill","Defragment","Coolheaded+1"],"special_seed":0,"relics":["Cracked Core","Matryoshka","Mercury Hourglass","Regal Pillow","HornCleat","Strawberry","Fusion Hammer","MutagenicStrength","Red Mask","Nunchaku","Gremlin Horn","InkBottle","Black Star","Runic Capacitor","Mango","WingedGreaves"],"potions_floor_usage":[],"damage_taken":[{"damage":3.0,"enemies":"2 Louse","floor":1.0,"turns":2.0},{"damage":23.0,"enemies":"Lagavulin","floor":6.0,"turns":7.0},{"damage":5.0,"enemies":"Jaw Worm","floor":7.0,"turns":2.0},{"damage":0.0,"enemies":"Small Slimes","floor":11.0,"turns":2.0},{"damage":6.0,"enemies":"Red Slaver","floor":12.0,"turns":2.0},{"damage":0.0,"enemies":"2 Fungi Beasts","floor":13.0,"turns":3.0},{"damage":14.0,"enemies":"3 Louse","floor":14.0,"turns":2.0},{"damage":42.0,"enemies":"The Guardian","floor":16.0,"turns":11.0},{"damage":0.0,"enemies":"2 Thieves","floor":18.0,"turns":3.0},{"damage":0.0,"enemies":"3 Byrds","floor":19.0,"turns":4.0},{"damage":1.0,"enemies":"Masked Bandits","floor":22.0,"turns":5.0},{"damage":0.0,"enemies":"3 Cultists","floor":24.0,"turns":5.0},{"damage":11.0,"enemies":"Slavers","floor":27.0,"turns":7.0},{"damage":0.0,"enemies":"Snake Plant","floor":29.0,"turns":5.0},{"damage":0.0,"enemies":"Cultist and Chosen","floor":31.0,"turns":7.0},{"damage":28.0,"enemies":"Automaton","floor":33.0,"turns":12.0},{"damage":0.0,"enemies":"3 Darklings","floor":35.0,"turns":6.0},{"damage":10.0,"enemies":"Reptomancer","floor":40.0,"turns":8.0},{"damage":99,"enemies":"Giant Head","floor":42,"turns":12}],"seed_played":"3840762301525079190","potions_obtained":[{"floor":1.0,"key":"SkillPotion"},{"floor":6.0,"key":"DistilledChaos"},{"floor":14.0,"key":"Fire Potion"},{"floor":18.0,"key":"ColorlessPotion"},{"floor":22.0,"key":"EntropicBrew"}],"is_trial":false,"path_per_floor":["M","?","?","?","?","E","M","R","T","R","M","M","M","M","R","B",null,"M","M","?","$","?","R","M","?","T","E","?","M","$","M","R","B",null,"M","$","?","$","?","E","R","E"],"character_chosen":"DEFECT","items_purchased":["Chill","Block Potion","Runic Capacitor","PotionOfCapacity"],"campfire_rested":5,"item_purchase_floors":[21,21,36,38],"current_hp_per_floor":[61,61,61,47,47,24,19,55,62,62,62,56,56,42,78,36,68,68,68,68,68,67,78,78,78,78,67,67,67,67,67,78,50,71,71,71,71,71,71,75,92,0,0],"gold":62,"neow_bonus":"UPGRADE_CARD","is_prod":false,"is_daily":false,"chose_seed":false,"campfire_upgraded":1,"win_rate":0,"timestamp":1607472833,"path_taken":["M","?","?","?","?","E","?","R","T","R","M","M","M","M","R","BOSS","M","M","?","$","?","R","?","?","T","E","?","M","$","M","R","BOSS","M","$","?","$","?","E","R","E"],"build_version":"2020-11-30","purchased_purges":3,"victory":false,"max_hp_per_floor":[71,71,71,71,71,71,71,71,78,78,78,78,78,78,78,78,78,78,78,78,78,78,78,78,78,78,78,78,78,78,78,78,78,78,78,78,78,78,78,92,92,92,92],"card_choices":[{"not_picked":["Rebound","Static Discharge","Chaos"],"picked":"SKIP","floor":1.0},{"not_picked":["Ball Lightning","Streamline"],"picked":"Cold Snap","floor":6.0},{"not_picked":["Steam Power","Steam"],"picked":"Sweeping Beam","floor":7.0},{"not_picked":["BootSequence","Hello World"],"picked":"Barrage","floor":11.0},{"not_picked":["Thunder Strike","Rebound"],"picked":"Conserve Battery","floor":12.0},{"not_picked":["Stack","Leap"],"picked":"Chill","floor":13.0},{"not_picked":["Steam","Force Field"],"picked":"Go for the Eyes","floor":14.0},{"not_picked":["Reboot","Rainbow"],"picked":"Seek","floor":16.0},{"not_picked":["Tempest","Coolheaded+1"],"picked":"Glacier","floor":18.0},{"not_picked":["Self Repair","Go for the Eyes"],"picked":"Cold Snap","floor":19.0},{"not_picked":["Rip and Tear","Doom and Gloom","Sweeping Beam"],"picked":"SKIP","floor":24.0},{"not_picked":["Coolheaded","Loop"],"picked":"Defragment","floor":27.0},{"not_picked":["Stack","Reprogram","Multi-Cast"],"picked":"SKIP","floor":29.0},{"not_picked":["Beam Cell","Go for the Eyes"],"picked":"Coolheaded+1","floor":31.0},{"not_picked":["Turbo+1","Rip and Tear","Gash"],"picked":"SKIP","floor":35.0},{"not_picked":["Rebound","Reinforced Body+1","Force Field+1"],"picked":"SKIP","floor":40.0}],"player_experience":213056,"relics_obtained":[{"floor":6.0,"key":"Regal Pillow"},{"floor":9.0,"key":"HornCleat"},{"floor":9.0,"key":"Strawberry"},{"floor":22.0,"key":"Red Mask"},{"floor":26.0,"key":"Nunchaku"},{"floor":26.0,"key":"Gremlin Horn"},{"floor":27.0,"key":"InkBottle"},{"floor":40.0,"key":"Mango"},{"floor":40.0,"key":"WingedGreaves"}],"event_choices":[{"damage_healed":0.0,"max_hp_gain":0.0,"max_hp_loss":0.0,"gold_gain":0.0,"event_name":"Big Fish","player_choice":"Box","floor":2.0,"gold_loss":0.0,"damage_taken":0.0,"relics_obtained":["Matryoshka"],"cards_obtained":["Regret"]},{"cards_removed":["Regret"],"damage_healed":0.0,"max_hp_gain":0.0,"max_hp_loss":0.0,"gold_gain":0.0,"event_name":"The Cleric","player_choice":"Card Removal","floor":3.0,"gold_loss":50.0,"damage_taken":0.0},{"damage_healed":0.0,"max_hp_gain":0.0,"max_hp_loss":0.0,"gold_gain":0.0,"event_name":"Shining Light","player_choice":"Entered Light","floor":4.0,"gold_loss":0.0,"damage_taken":14.0,"cards_upgraded":["Strike_B","Defend_B"]},{"damage_healed":0.0,"max_hp_gain":0.0,"max_hp_loss":0.0,"gold_gain":0.0,"event_name":"WeMeetAgain","player_choice":"Paid Gold","floor":5.0,"gold_loss":54.0,"damage_taken":0.0,"relics_obtained":["Mercury Hourglass"]},{"damage_healed":0.0,"max_hp_gain":0.0,"max_hp_loss":0.0,"gold_gain":0.0,"event_name":"Drug Dealer","player_choice":"Inject Mutagens","floor":20.0,"gold_loss":0.0,"damage_taken":0.0,"relics_obtained":["MutagenicStrength"]},{"damage_healed":0.0,"max_hp_gain":0.0,"max_hp_loss":0.0,"gold_gain":0.0,"event_name":"Masked Bandits","player_choice":"Fought Bandits","floor":22.0,"gold_loss":0.0,"damage_taken":0.0},{"cards_removed":["Strike_B"],"damage_healed":0.0,"max_hp_gain":0.0,"max_hp_loss":0.0,"gold_gain":0.0,"event_name":"Back to Basics","player_choice":"Elegance","floor":25.0,"gold_loss":0.0,"damage_taken":0.0},{"damage_healed":0.0,"max_hp_gain":0.0,"max_hp_loss":0.0,"gold_gain":0.0,"event_name":"Ghosts","player_choice":"Ignored","floor":28.0,"gold_loss":0.0,"damage_taken":0.0},{"damage_healed":0.0,"max_hp_gain":0.0,"max_hp_loss":0.0,"gold_gain":222.0,"event_name":"Tomb of Lord Red Mask","player_choice":"Wore Mask","floor":37.0,"gold_loss":0.0,"damage_taken":0.0},{"cards_removed":["Strike_B"],"damage_healed":0.0,"max_hp_gain":0.0,"max_hp_loss":0.0,"gold_gain":0.0,"event_name":"Falling","player_choice":"Removed Attack","floor":39.0,"gold_loss":0.0,"damage_taken":0.0}],"is_beta":false,"boss_relics":[{"not_picked":["Velvet Choker","Nuclear Battery"],"picked":"Fusion Hammer"},{"not_picked":["Runic Dome","Snecko Eye"],"picked":"Black Star"}],"items_purged_floors":[21,30,38],"is_endless":false,"potions_floor_spawned":[1,6,14,18,22,27],"killed_by":"Giant Head","ascension_level":14}}