{"host":"ormi09wwzv7sq47a","time":1607518172,"event":{"gold_per_floor":[111,123,1,1,19,19,49,49,49,49,49],"floor_reached":10,"playtime":245,"items_purged":["Strike_B"],"score":112,"play_id":"098fc686-e4b5-49ab-84a0-0c5715996fb0","local_time":"20201209094932","is_ascension_mode":true,"campfire_choices":[{"data":"Go for the Eyes","floor":6,"key":"SMITH"},{"data":"Ball Lightning","floor":8,"key":"SMITH"}],"neow_cost":"NONE","seed_source_timestamp":2129453389812100,"circlet_count":0,"master_deck":["AscendersBane","Strike_B","Strike_B","Defend_B","Defend_B","Defend_B","Defend_B","Zap","Dualcast","Go for the Eyes+1","Auto Shields","Ball Lightning+1","Hello World","Steam"],"relics":["Cracked Core","Letter Opener","Bird Faced Urn","Oddly Smooth Stone"],"potions_floor_usage":[7,7],"damage_taken":[{"damage":0,"enemies":"Small Slimes","floor":1,"turns":3},{"damage":0,"enemies":"Jaw Worm","floor":2,"turns":3},{"damage":5,"enemies":"2 Louse","floor":5,"turns":2},{"damage":29,"enemies":"3 Sentries","floor":7,"turns":5},{"damage":16,"enemies":"Gremlin Nob","floor":10,"turns":3}],"seed_played":"1229257790717360755","potions_obtained":[{"floor":1,"key":"AttackPotion"},{"floor":2,"key":"SkillPotion"}],"is_trial":false,"path_per_floor":["M","M","$","?","M","R","E","R","T","E"],"character_chosen":"DEFECT","items_purchased":["Ball Lightning"],"campfire_rested":0,"item_purchase_floors":[3],"current_hp_per_floor":[64,64,64,61,56,56,27,27,27,13,13],"gold":49,"neow_bonus":"REMOVE_CARD","is_prod":false,"is_daily":false,"chose_seed":false,"campfire_upgraded":2,"win_rate":0,"timestamp":1607518172,"path_taken":["M","M","$","?","M","R","E","R","T","E"],"build_version":"2020-11-30","purchased_purges":1,"victory":false,"max_hp_per_floor":[71,71,71,71,71,71,71,71,71,71,71],"relic_stats":{"counters":[5,16],"Bird Faced Urn":[2],"Letter Opener":[25],"obtain_stats":[{"Bird Faced Urn":7,"Oddly Smooth Stone":9,"Letter Opener":4,"Cracked Core":0},{"Bird Faced Urn":4,"Oddly Smooth Stone":4,"Letter Opener":2,"Cracked Core":0},{"Bird Faced Urn":13,"Oddly Smooth Stone":13,"Letter Opener":6,"Cracked Core":0}]},"card_choices":[{"not_picked":["Reprogram","Ball Lightning"],"picked":"Go for the Eyes","floor":1},{"not_picked":["Sunder","Leap"],"picked":"Auto Shields","floor":2},{"not_picked":["Go for the Eyes","Barrage"],"picked":"Hello World","floor":5},{"not_picked":["Stack","Force Field"],"picked":"Steam","floor":7}],"player_experience":713503,"relics_obtained":[{"floor":7,"key":"Bird Faced Urn"},{"floor":9,"key":"Oddly Smooth Stone"}],"event_choices":[{"damage_healed":0,"gold_gain":0,"player_choice":"Success","damage_taken":3,"relics_obtained":["Letter Opener"],"max_hp_gain":0,"max_hp_loss":0,"event_name":"Scrap Ooze","floor":4,"gold_loss":0}],"is_beta":false,"boss_relics":[],"items_purged_floors":[3],"is_endless":false,"potions_floor_spawned":[1,2],"killed_by":"Gremlin Nob","ascension_level":14}}