{"host":"6z6y4ky8uzsz1dpj","time":1607530082,"event":{"gold_per_floor":[111,111,121,121,121,154,154,30,30,30,60,125,136,167,167,266,266,281,26,26,38,38,64,83,83,132,147,147,181,181,198,198,202,202,202],"floor_reached":33,"playtime":1234,"items_purged":["PokerPlayerMod:Club1","PokerPlayerMod:Club2"],"score":351,"play_id":"43a0f15c-ff80-47a5-8c5d-30c39d1d0e74","local_time":"20201209110802","is_ascension_mode":false,"metric_token":1042,"campfire_choices":[{"floor":7,"key":"REST"},{"data":"PokerPlayerMod:Diamond3","floor":10,"key":"SMITH"},{"data":"PokerPlayerMod:Diamond1","floor":15,"key":"SMITH"},{"floor":25,"key":"REST"},{"data":"PokerPlayerMod:Diamond2","floor":28,"key":"SMITH"},{"data":"PokerPlayerMod:Diamond3","floor":32,"key":"SMITH"}],"neow_cost":"NONE","seed_source_timestamp":264891654519899,"circlet_count":0,"master_deck":["PokerPlayerMod:Diamond2","PokerPlayerMod:Diamond4","PokerPlayerMod:Diamond4","PokerPlayerMod:Diamond4","PokerPlayerMod:Diamond5","PokerPlayerMod:Spade1","PokerPlayerMod:Spade2","PokerPlayerMod:Spade3","PokerPlayerMod:Spade4","PokerPlayerMod:Heart2","PokerPlayerMod:TrumpStrike+1","PokerPlayerMod:BadJoker+1","PokerPlayerMod:Mulligan+1","PokerPlayerMod:Diamond9","PokerPlayerMod:Diamond4","PokerPlayerMod:Raise","PokerPlayerMod:CloakAndDiamond","PokerPlayerMod:Diamond4","PokerPlayerMod:RiskyBet","PokerPlayerMod:Raise+1","PokerPlayerMod:SecretDealer","PokerPlayerMod:DiamondStrike+1","PokerPlayerMod:Raise+1"],"relics":["PokerPlayerMod:DeckCase","hubris:Icosahedron","hubris:Towel","PokerPlayerMod:Splitter","Garlic","ReplayTheSpireMod:TigerMarble","Mummified Hand","Whetstone","hubris:Backtick","Bag of Preparation","War Paint","Toy Ornithopter","PokerPlayerMod:BottledPoker","PokerPlayerMod:FairLicense","Replay:Bandana"],"potions_floor_usage":[],"damage_taken":[{"damage":0,"enemies":"Small Slimes","floor":1,"turns":2},{"damage":0,"enemies":"2 Louse","floor":3,"turns":1},{"damage":14,"enemies":"3 Sentries","floor":6,"turns":4},{"damage":9,"enemies":"Replay:BlueRogue","floor":11,"turns":2},{"damage":0,"enemies":"Lagavulin Event","floor":12,"turns":2},{"damage":0,"enemies":"Jaw Worm","floor":13,"turns":1},{"damage":0,"enemies":"Gremlin Nob","floor":14,"turns":2},{"damage":15,"enemies":"The Guardian","floor":16,"turns":5},{"damage":0,"enemies":"Spheric Guardian","floor":18,"turns":1},{"damage":10,"enemies":"2 Thieves","floor":21,"turns":2},{"damage":12,"enemies":"Book of Stabbing","floor":23,"turns":2},{"damage":12,"enemies":"Centurion and Healer","floor":24,"turns":2},{"damage":0,"enemies":"Shelled Parasite and Fungi","floor":27,"turns":1},{"damage":3,"enemies":"Gremlin Leader","floor":29,"turns":3},{"damage":0,"enemies":"3 Cultists","floor":31,"turns":3},{"damage":42,"enemies":"Champ","floor":33,"turns":6}],"seed_played":"2081792664903780280","potions_obtained":[{"floor":11,"key":"Reflective Coating"},{"floor":12,"key":"Fire Potion"},{"floor":13,"key":"PowerPotion"},{"floor":21,"key":"Block Potion"},{"floor":24,"key":"SkillPotion"}],"is_trial":false,"path_per_floor":["M","?","M","?","?","E","R","$","T","R","E","?","M","E","R","B",null,"M","$","?","M","$","E","M","R","T","M","R","E","T","M","R","B"],"character_chosen":"THE_POKER_PLAYER","items_purchased":["PokerPlayerMod:CloakAndDiamond","War Paint"],"campfire_rested":2,"item_purchase_floors":[8,19],"current_hp_per_floor":[57,57,57,57,57,43,57,57,57,57,51,51,51,51,51,36,57,57,57,57,47,47,35,23,40,40,40,40,37,37,37,37,0,0,0],"gold":202,"neow_bonus":"TEN_PERCENT_HP_BONUS","is_prod":false,"is_daily":false,"chose_seed":false,"campfire_upgraded":4,"win_rate":0.0,"timestamp":1607530082,"path_taken":["M","?","M","?","?","E","R","$","T","R","E","?","M","E","R","BOSS","M","$","?","M","$","E","M","R","T","M","R","E","?","M","R","BOSS"],"build_version":"2020-11-30","purchased_purges":2,"victory":false,"max_hp_per_floor":[57,57,57,57,57,57,57,57,57,57,57,57,57,57,57,57,57,57,57,57,57,57,57,57,57,57,57,57,57,57,57,57,57,57,57],"card_choices":[{"not_picked":["PokerPlayerMod:MagicTrick","PokerPlayerMod:Diamond3"],"picked":"PokerPlayerMod:Diamond9","floor":1},{"not_picked":["PokerPlayerMod:Raise","PokerPlayerMod:Diamond1"],"picked":"PokerPlayerMod:Diamond4","floor":3},{"not_picked":["PokerPlayerMod:HeartStrike","PokerPlayerMod:Heart2"],"picked":"PokerPlayerMod:Raise","floor":6},{"not_picked":["PokerPlayerMod:Heart4","PokerPlayerMod:Spade2","PokerPlayerMod:SpadeStrike"],"picked":"SKIP","floor":11},{"not_picked":["PokerPlayerMod:SpadeStrike","PokerPlayerMod:Spade2"],"picked":"PokerPlayerMod:Diamond4","floor":12},{"not_picked":["PokerPlayerMod:DamnStraight","PokerPlayerMod:JackOfSpades"],"picked":"PokerPlayerMod:RiskyBet","floor":13},{"not_picked":["PokerPlayerMod:HotShotCut","PokerPlayerMod:Spade4","PokerPlayerMod:Diamond1"],"picked":"SKIP","floor":14},{"not_picked":["PokerPlayerMod:Spade3","PokerPlayerMod:ClubStrike"],"picked":"PokerPlayerMod:Raise","floor":18},{"not_picked":["PokerPlayerMod:ClubsClub","PokerPlayerMod:FillThePot","PokerPlayerMod:DamnStraight"],"picked":"SKIP","floor":21},{"not_picked":["PokerPlayerMod:MagicTrick","PokerPlayerMod:JackOfSpades"],"picked":"PokerPlayerMod:SecretDealer","floor":23},{"not_picked":["PokerPlayerMod:Spade6","PokerPlayerMod:Spade3"],"picked":"PokerPlayerMod:DiamondStrike+1","floor":24},{"not_picked":["PokerPlayerMod:ClubStrike","PokerPlayerMod:Club3"],"picked":"PokerPlayerMod:Raise+1","floor":27},{"not_picked":["PokerPlayerMod:ClubDance","PokerPlayerMod:Club1","PokerPlayerMod:Spade3"],"picked":"SKIP","floor":29},{"not_picked":["PokerPlayerMod:DartThrow+1","PokerPlayerMod:HotShotCut","PokerPlayerMod:CardBurn+1"],"picked":"SKIP","floor":31}],"player_experience":154196,"relics_obtained":[{"floor":6,"key":"PokerPlayerMod:Splitter"},{"floor":9,"key":"Garlic"},{"floor":11,"key":"ReplayTheSpireMod:TigerMarble"},{"floor":12,"key":"Mummified Hand"},{"floor":14,"key":"Whetstone"},{"floor":23,"key":"PokerPlayerMod:BottledPoker"},{"floor":26,"key":"PokerPlayerMod:FairLicense"},{"floor":29,"key":"Replay:Bandana"}],"event_choices":[{"damage_healed":0,"gold_gain":0,"player_choice":"Searched \u00272\u0027 times","damage_taken":0,"max_hp_gain":0,"max_hp_loss":0,"event_name":"Dead Adventurer","floor":12,"gold_loss":0}],"is_beta":false,"boss_relics":[{"not_picked":["construct:WeddingRing","ChewingGum"],"picked":"hubris:Backtick"}],"items_purged_floors":[8,19],"is_endless":false,"potions_floor_spawned":[11,12,13,21,24,29],"killed_by":"Champ","ascension_level":0}}