{"host":"ci7ivtocgfxh0ueo","time":1607492082,"event":{"gold_per_floor":[112,122,72,72,72,72,99,99,180,190,259,293,204,217,217,217,217],"floor_reached":16,"playtime":231,"items_purged":[],"score":239,"play_id":"6f433bae-4dff-4b0f-a8d5-288588f44e0e","local_time":"20201209133442","is_ascension_mode":true,"campfire_choices":[{"data":"Armaments","floor":6,"key":"SMITH"},{"data":"Disarm","floor":8,"key":"SMITH"},{"floor":15,"key":"REST"}],"neow_cost":"NONE","seed_source_timestamp":67919994827500,"circlet_count":0,"master_deck":["AscendersBane","Strike_R","Strike_R","Strike_R","Strike_R","Strike_R","Defend_R","Defend_R+1","Defend_R","Defend_R","Bash+1","Sword Boomerang","Flex","Armaments+1","Disarm+1","Seeing Red","Armaments","Rage"],"relics":["Burning Blood","NeowsBlessing","GremlinMask","Anchor","Frozen Egg 2","Bottled Lightning","CaptainsWheel"],"potions_floor_usage":[14,16,16],"damage_taken":[{"damage":0,"enemies":"Cultist","floor":1,"turns":1},{"damage":0,"enemies":"Jaw Worm","floor":2,"turns":1},{"damage":0,"enemies":"3 Sentries","floor":7,"turns":2},{"damage":0,"enemies":"2 Louse","floor":10,"turns":3},{"damage":45,"enemies":"Gremlin Nob","floor":12,"turns":5},{"damage":23,"enemies":"Gremlin Gang","floor":14,"turns":7},{"damage":31,"enemies":"The Guardian","floor":16,"turns":2}],"seed_played":"-9175909131313499449","potions_obtained":[{"floor":2,"key":"PowerPotion"},{"floor":7,"key":"EssenceOfSteel"},{"floor":14,"key":"LiquidBronze"}],"is_trial":false,"path_per_floor":["M","M","$","?","?","R","E","R","T","M","?","E","?","M","R","B"],"character_chosen":"IRONCLAD","items_purchased":["Armaments"],"campfire_rested":1,"item_purchase_floors":[3],"current_hp_per_floor":[74,75,75,52,52,52,58,58,58,64,64,25,25,8,30,0,0],"gold":217,"neow_bonus":"THREE_ENEMY_KILL","is_prod":false,"is_daily":false,"chose_seed":false,"campfire_upgraded":2,"win_rate":0,"timestamp":1607492082,"path_taken":["M","?","$","?","?","R","E","R","T","?","?","E","?","M","R","BOSS"],"build_version":"2020-11-30","purchased_purges":0,"victory":false,"max_hp_per_floor":[75,75,75,75,75,75,75,75,75,75,75,75,75,75,75,75,75],"card_choices":[{"not_picked":["True Grit","Warcry"],"picked":"Sword Boomerang","floor":1},{"not_picked":["Shrug It Off","Wild Strike"],"picked":"Flex","floor":2},{"not_picked":["Havoc","Body Slam"],"picked":"Disarm","floor":7},{"not_picked":["Clash","Flex"],"picked":"Seeing Red","floor":10},{"not_picked":["Heavy Blade","Battle Trance"],"picked":"Armaments","floor":12},{"not_picked":["Ghostly Armor","Wild Strike"],"picked":"Rage","floor":14}],"player_experience":1230902,"relics_obtained":[{"floor":7,"key":"Anchor"},{"floor":9,"key":"Frozen Egg 2"},{"floor":12,"key":"Bottled Lightning"}],"event_choices":[{"damage_healed":0,"gold_gain":0,"player_choice":"Entered Light","damage_taken":23,"max_hp_gain":0,"max_hp_loss":0,"event_name":"Shining Light","floor":4,"gold_loss":0,"cards_upgraded":["Defend_R","Bash"]},{"damage_healed":0,"gold_gain":0,"player_choice":"Trade","damage_taken":0,"relics_obtained":["GremlinMask"],"max_hp_gain":0,"max_hp_loss":0,"event_name":"FaceTrader","floor":5,"gold_loss":0},{"damage_healed":0,"gold_gain":69,"player_choice":"Gained Gold","damage_taken":0,"max_hp_gain":0,"max_hp_loss":0,"event_name":"Golden Wing","floor":11,"gold_loss":0},{"damage_healed":0,"gold_gain":0,"player_choice":"Paid Gold","damage_taken":0,"relics_obtained":["CaptainsWheel"],"max_hp_gain":0,"max_hp_loss":0,"event_name":"WeMeetAgain","floor":13,"gold_loss":89}],"is_beta":false,"boss_relics":[],"items_purged_floors":[],"is_endless":false,"potions_floor_spawned":[2,7,14],"killed_by":"The Guardian","ascension_level":16}}