{"host":"cvi30shpqg1ukvbr","time":1607556597,"event":{"gold_per_floor":[16,30,30,30,48,74,84,96,96,96,123,123,141,158,158,257,257,274,290,303,303,303,303,336,336,389,389,406,439,439,457,457,554,554,570,581,581,593,593,593,605,615,615,634,654,654,666,680,680,680],"floor_reached":51,"playtime":2283,"items_purged":[],"score":816,"play_id":"d90af850-bc30-489e-a15a-641aeef78c63","local_time":"20201210082957","is_ascension_mode":true,"campfire_choices":[{"data":"Bash","floor":12,"key":"SMITH"},{"floor":15,"key":"DIG"},{"floor":23,"key":"REST"},{"data":"Armaments","floor":25,"key":"SMITH"},{"data":"Rupture","floor":30,"key":"SMITH"},{"data":"Brutality","floor":32,"key":"SMITH"},{"data":"Rage","floor":40,"key":"SMITH"},{"data":"Ghostly","floor":46,"key":"SMITH"},{"data":"Feel No Pain","floor":49,"key":"SMITH"}],"neow_cost":"NO_GOLD","seed_source_timestamp":522363927719600,"circlet_count":0,"master_deck":["Strike_R","Defend_R","Defend_R","Defend_R","Defend_R","Bash+1","Berserk","StuffTheSpire:Slingshot","Dropkick","Metallicize","Inflame","Blood for Blood","Clothesline","Feel No Pain+1","Twin Strike","infinitespire:OneForAll","Exhume","Rupture+1","ReplayTheSpireMod:Strike From Hell+1","Armaments+1","infinitespire:FinalStrike+1","Ghostly+1","Ghostly","Ghostly","Ghostly","Ghostly","StuffTheSpire:Pyroclast","Carnage+1","Brutality+1","Inflame","Berserk","Fire Breathing+1","Rage+1","Sword Boomerang","ReplayTheSpireMod:Muscle Training+1","Spot Weakness+1","Entrench+1","Bloodletting+1"],"relics":["Burning Blood","StuffTheSpire:Mouthbags","Ring of Searing","Replay:Bottled Snecko","hubris:Metronome","Art of War","Bag of Preparation","Mark of Pain","Orichalcum","Nunchaku","Toy Ornithopter","Replay:Drink Me","Replay:Bottled Steam","ReplayTheSpireMod:Lightbulb"],"potions_floor_usage":[6,16,29,29,29,31,33,50,50],"damage_taken":[{"damage":5,"enemies":"Small Slimes","floor":1,"turns":4},{"damage":1,"enemies":"Jaw Worm","floor":2,"turns":3},{"damage":7,"enemies":"Cultist","floor":5,"turns":2},{"damage":35,"enemies":"3 Sentries","floor":6,"turns":9},{"damage":0,"enemies":"2 Fungi Beasts","floor":7,"turns":4},{"damage":8,"enemies":"3 Louse","floor":8,"turns":4},{"damage":6,"enemies":"Gremlin Nob","floor":11,"turns":3},{"damage":23,"enemies":"Exordium Thugs","floor":13,"turns":4},{"damage":0,"enemies":"Blue Slaver","floor":14,"turns":1},{"damage":11,"enemies":"Fading Forest","floor":16,"turns":11},{"damage":30,"enemies":"conspire:FuzzyDice","floor":18,"turns":5},{"damage":16,"enemies":"2 Thieves","floor":19,"turns":3},{"damage":37,"enemies":"Shelled Parasite and Fungi","floor":20,"turns":4},{"damage":3,"enemies":"conspire:SneckoGhost","floor":24,"turns":7},{"damage":5,"enemies":"Centurion and Healer","floor":28,"turns":3},{"damage":5,"enemies":"conspire:Head Lice","floor":29,"turns":4},{"damage":9,"enemies":"Snake Plant","floor":31,"turns":3},{"damage":15,"enemies":"Automaton","floor":33,"turns":5},{"damage":4,"enemies":"3 Darklings","floor":35,"turns":3},{"damage":13,"enemies":"3 Shapes","floor":36,"turns":4},{"damage":5,"enemies":"Jaw Worm Horde","floor":38,"turns":5},{"damage":14,"enemies":"Writhing Mass","floor":41,"turns":4},{"damage":4,"enemies":"Sphere and 2 Shapes","floor":42,"turns":4},{"damage":2,"enemies":"4 Shapes","floor":44,"turns":3},{"damage":4,"enemies":"Spire Growth","floor":45,"turns":4},{"damage":8,"enemies":"Jaw Worm Horde","floor":47,"turns":4},{"damage":6,"enemies":"Maw","floor":48,"turns":6},{"damage":14,"enemies":"hubris:GrandSnecko","floor":50,"turns":5}],"seed_played":"1068330438518165467","potions_obtained":[{"floor":1,"key":"Swift Potion"},{"floor":6,"key":"BlessingOfTheForge"},{"floor":8,"key":"EntropicBrew"},{"floor":11,"key":"Explosive Potion"},{"floor":19,"key":"Toxic Potion"},{"floor":31,"key":"Block Potion"},{"floor":36,"key":"Doom Potion"},{"floor":41,"key":"Fire Potion"},{"floor":45,"key":"Dexterity Potion"}],"is_trial":false,"path_per_floor":["M","M","?","?","M","E","M","M","T","?","E","R","M","M","R","B",null,"M","M","M","?","?","R","E","R","T","?","M","E","R","M","R","B",null,"M","M","?","M","T","R","M","M","T","M","M","R","M","M","R","B",null],"character_chosen":"IRONCLAD","items_purchased":[],"campfire_rested":1,"item_purchase_floors":[],"current_hp_per_floor":[80,80,80,80,79,50,56,54,54,47,47,47,30,36,36,57,80,56,46,15,15,15,27,30,30,30,30,31,32,32,34,34,30,30,30,23,23,24,24,24,16,18,18,22,24,24,22,22,22,24],"gold":680,"neow_bonus":"THREE_RARE_CARDS","is_prod":false,"is_daily":false,"chose_seed":false,"campfire_upgraded":7,"win_rate":0,"timestamp":1607556597,"path_taken":["M","M","?","?","M","E","M","M","T","?","E","R","M","M","R","BOSS","M","M","M","?","?","R","E","R","T","?","M","E","R","?","R","BOSS","M","M","?","M","?","R","M","M","T","M","M","R","?","M","R","BOSS"],"build_version":"2020-11-30","purchased_purges":0,"victory":true,"max_hp_per_floor":[80,80,80,80,80,80,80,80,80,80,80,80,80,80,80,80,80,80,80,80,80,40,40,40,40,40,40,40,40,40,40,40,40,30,30,30,30,30,30,30,30,30,30,30,30,30,30,30,30,30],"relic_stats":{"Nunchaku":[9],"counters":[28,121],"Art of War":[7],"Bag of Preparation":[38],"Orichalcum":[72],"obtain_stats":[{"hubris:Metronome":9,"Bag of Preparation":15,"Orichalcum":24,"Burning Blood":0,"Ring of Searing":4,"Nunchaku":26,"StuffTheSpire:Mouthbags":3,"Mark of Pain":17,"Art of War":11,"Replay:Bottled Snecko":6,"Replay:Drink Me":34,"ReplayTheSpireMod:Lightbulb":43,"Toy Ornithopter":29,"Replay:Bottled Steam":39},{"hubris:Metronome":6,"Bag of Preparation":9,"Orichalcum":14,"Burning Blood":0,"Ring of Searing":2,"Nunchaku":14,"StuffTheSpire:Mouthbags":2,"Mark of Pain":10,"Art of War":7,"Replay:Bottled Snecko":4,"Replay:Drink Me":18,"ReplayTheSpireMod:Lightbulb":23,"Toy Ornithopter":16,"Replay:Bottled Steam":21},{"hubris:Metronome":26,"Bag of Preparation":34,"Orichalcum":64,"Burning Blood":0,"Ring of Searing":7,"Nunchaku":64,"StuffTheSpire:Mouthbags":7,"Mark of Pain":45,"Art of War":29,"Replay:Bottled Snecko":18,"Replay:Drink Me":79,"ReplayTheSpireMod:Lightbulb":99,"Toy Ornithopter":71,"Replay:Bottled Steam":91}],"Burning Blood":160,"Toy Ornithopter":20},"card_choices":[{"not_picked":["Demonic Infusion","Fiend Fire"],"picked":"Berserk","floor":0},{"not_picked":["Dark Embrace","Clash"],"picked":"StuffTheSpire:Slingshot","floor":1},{"not_picked":["Abandon","Pommel Strike"],"picked":"Dropkick","floor":2},{"not_picked":["Life Link","ReplayTheSpireMod:Strike From Hell"],"picked":"Metallicize","floor":5},{"not_picked":["Pommel Strike","Defy Death"],"picked":"Inflame","floor":6},{"not_picked":["Bludgeon","hubris:ReadiedAction"],"picked":"Blood for Blood","floor":7},{"not_picked":["Searing Blow","hubris:ReadiedAction"],"picked":"Clothesline","floor":8},{"not_picked":["Dual Wield","Whirlwind"],"picked":"Feel No Pain","floor":11},{"not_picked":["Havoc","Intimidate"],"picked":"Twin Strike","floor":13},{"not_picked":["Body Slam","StuffTheSpire:Slingshot"],"picked":"infinitespire:OneForAll","floor":14},{"not_picked":["Hemogenesis","Offering"],"picked":"Exhume","floor":16},{"not_picked":["Pommel Strike","Cleave"],"picked":"Rupture","floor":18},{"not_picked":["Twin Strike","Entrench"],"picked":"ReplayTheSpireMod:Strike From Hell+1","floor":19},{"not_picked":["Warcry+1","Flex"],"picked":"Armaments","floor":20},{"not_picked":["Pommel Strike","Perfected Strike"],"picked":"StuffTheSpire:Pyroclast","floor":24},{"not_picked":["Shrug It Off","Second Wind"],"picked":"Carnage+1","floor":28},{"not_picked":["hubris:ReadiedAction","Run Through"],"picked":"Brutality","floor":29},{"not_picked":["hubris:ReadiedAction","Heavy Blade+1"],"picked":"Inflame","floor":31},{"not_picked":["Fiend Fire","Replay:Many Hands"],"picked":"Berserk","floor":33},{"not_picked":["hubris:ReadiedAction","ReplayTheSpireMod:Strike From Hell+1","Clash"],"picked":"SKIP","floor":35},{"not_picked":["Blood for Blood+1","conspire:ExplosiveBarrier"],"picked":"Fire Breathing+1","floor":36},{"not_picked":["StuffTheSpire:Slingshot+1","Havoc"],"picked":"Rage","floor":38},{"not_picked":["Run Through+1","True Grit"],"picked":"Sword Boomerang","floor":41},{"not_picked":["Wild Strike+1","Thunderclap"],"picked":"ReplayTheSpireMod:Muscle Training+1","floor":42},{"not_picked":["Thunderclap+1","conspire:Charge"],"picked":"Spot Weakness+1","floor":44},{"not_picked":["Clothesline","Pommel Strike","infinitespire:OneForAll"],"picked":"SKIP","floor":45},{"not_picked":["Perfected Strike+1","StuffTheSpire:RockThrow+1"],"picked":"Entrench+1","floor":47},{"not_picked":["StuffTheSpire:RockThrow","hubris:SharpeningStone+1"],"picked":"Bloodletting+1","floor":48}],"player_experience":1728384,"relics_obtained":[{"floor":3,"key":"StuffTheSpire:Mouthbags"},{"floor":4,"key":"Ring of Searing"},{"floor":6,"key":"Replay:Bottled Snecko"},{"floor":9,"key":"hubris:Metronome"},{"floor":11,"key":"Art of War"},{"floor":15,"key":"Bag of Preparation"},{"floor":24,"key":"Orichalcum"},{"floor":26,"key":"Nunchaku"},{"floor":29,"key":"Toy Ornithopter"},{"floor":39,"key":"Replay:Bottled Steam"},{"floor":43,"key":"ReplayTheSpireMod:Lightbulb"}],"event_choices":[{"cards_removed":["Strike_R"],"damage_healed":0,"gold_gain":0,"player_choice":"Card Removal","damage_taken":7,"max_hp_gain":0,"max_hp_loss":0,"event_name":"Golden Wing","floor":10,"gold_loss":0},{"cards_removed":["Berserk"],"damage_healed":0,"gold_gain":0,"player_choice":"Take \u0026 Give","damage_taken":0,"max_hp_gain":0,"max_hp_loss":0,"event_name":"betterNote:BetterNote","floor":21,"gold_loss":0,"cards_obtained":["infinitespire:FinalStrike"]},{"damage_healed":0,"gold_gain":0,"player_choice":"Became a Ghost","damage_taken":0,"max_hp_gain":0,"max_hp_loss":40,"event_name":"Ghosts","floor":22,"gold_loss":0,"cards_obtained":["Ghostly","Ghostly","Ghostly","Ghostly","Ghostly"]},{"cards_removed":["ReplayTheSpireMod:Splinters"],"damage_healed":0,"gold_gain":0,"player_choice":"Purged","damage_taken":0,"max_hp_gain":0,"max_hp_loss":0,"event_name":"Purifier","floor":27,"gold_loss":0},{"damage_healed":0,"gold_gain":0,"player_choice":"Ignored","damage_taken":0,"max_hp_gain":0,"max_hp_loss":0,"event_name":"Mysterious Sphere","floor":37,"gold_loss":0}],"is_beta":false,"boss_relics":[{"not_picked":["Coffee Dripper","StuffTheSpire:RunicHypercube"],"picked":"Mark of Pain"},{"not_picked":["Busted Crown","hubris:RunicObelisk"],"picked":"Replay:Drink Me"}],"items_purged_floors":[],"is_endless":false,"potions_floor_spawned":[1,6,8,11,19,31,36,41,45,48],"ascension_level":1}}