{"host":"07ljfmttuzqopd7f","time":1607475200,"event":{"gold_per_floor":[116,127,138,413,431,431,458,478,546,301,301,316,326,346,346,448,448,434,212,232,2,2,2],"floor_reached":22,"playtime":1455,"items_purged":["Transmutation+1","hermit:Defend_Hermit"],"score":219,"play_id":"9fe9cfa0-495e-467f-be1b-f868658ddfae","local_time":"20201208195320","is_ascension_mode":true,"campfire_choices":[{"data":"hermit:HighNoon","floor":6,"key":"SMITH"},{"floor":11,"key":"REST"},{"floor":15,"key":"REST"}],"neow_cost":"NONE","seed_source_timestamp":2351720198700,"circlet_count":0,"master_deck":["hermit:Strike_Hermit+1","hermit:Strike_Hermit","hermit:Strike_Hermit+1","hermit:Strike_Hermit","hermit:Defend_Hermit","hermit:Defend_Hermit","hermit:Defend_Hermit","hermit:Snapshot","hermit:Covet","hermit:Glare","hermit:HighNoon+1","Regret","hermit:Maintenance","hermit:FullyLoaded","hermit:FlashPowder","hermit:Shortfuse","hermit:LoneWolf","hermit:HeroicBravado","hermit:Deadeye+1","hermit:Quickdraw+1","hermit:TakeCover"],"relics":["hermit:Momento","Whetstone","Girya","Mummified Hand","Dream Catcher","Astrolabe","Bag of Marbles"],"potions_floor_usage":[12,12,13,16,18,20],"damage_taken":[{"damage":3,"enemies":"2 Louse","floor":1,"turns":2},{"damage":0,"enemies":"Cultist","floor":2,"turns":3},{"damage":4,"enemies":"Jaw Worm","floor":3,"turns":3},{"damage":5,"enemies":"3 Louse","floor":5,"turns":4},{"damage":34,"enemies":"Gremlin Nob","floor":7,"turns":5},{"damage":6,"enemies":"Exordium Wildlife","floor":8,"turns":3},{"damage":21,"enemies":"Large Slime","floor":12,"turns":6},{"damage":9,"enemies":"Gremlin Gang","floor":13,"turns":6},{"damage":4,"enemies":"Blue Slaver","floor":14,"turns":5},{"damage":33,"enemies":"Slime Boss","floor":16,"turns":12},{"damage":20,"enemies":"2 Thieves","floor":18,"turns":4},{"damage":28,"enemies":"3 Byrds","floor":20,"turns":6},{"damage":30,"enemies":"3 Cultists","floor":22,"turns":4}],"seed_played":"-826123087415958682","potions_obtained":[{"floor":2,"key":"GamblersBrew"},{"floor":3,"key":"GamblersBrew"},{"floor":12,"key":"EssenceOfSteel"},{"floor":13,"key":"EssenceOfSteel"},{"floor":16,"key":"Swift Potion"},{"floor":18,"key":"DistilledChaos"}],"is_trial":false,"path_per_floor":["M","M","M","?","M","R","E","M","T","$","R","M","M","M","R","B",null,"M","$","M","$","M"],"character_chosen":"HERMIT","items_purchased":["Dream Catcher","Bandage Up","Bag of Marbles","Ancient Potion","Dexterity Potion"],"campfire_rested":2,"item_purchase_floors":[10,10,19,21,21],"current_hp_per_floor":[72,72,68,68,63,63,29,23,23,23,45,28,23,23,45,16,75,55,55,27,27,0,0],"gold":2,"neow_bonus":"RANDOM_COMMON_RELIC","is_prod":false,"is_daily":false,"chose_seed":false,"campfire_upgraded":1,"win_rate":0,"timestamp":1607475200,"path_taken":["M","M","M","?","M","R","E","M","T","$","R","?","?","M","R","BOSS","M","$","M","$","M"],"build_version":"2020-11-30","purchased_purges":2,"victory":false,"max_hp_per_floor":[75,75,75,75,75,75,75,75,75,75,75,75,75,75,75,75,75,75,75,75,75,75,75],"relic_stats":{"Dream Catcher":2,"counters":[13,63],"Mummified Hand":[7],"Astrolabe":["hermit:Deadeye","Transmutation","hermit:Quickdraw"],"Whetstone":["hermit:Strike_Hermit","hermit:Strike_Hermit"],"obtain_stats":[{"Girya":7,"Dream Catcher":10,"Mummified Hand":9,"Astrolabe":17,"Bag of Marbles":19,"Whetstone":0,"hermit:Momento":0},{"Girya":5,"Dream Catcher":6,"Mummified Hand":6,"Astrolabe":10,"Bag of Marbles":11,"Whetstone":0,"hermit:Momento":0},{"Girya":17,"Dream Catcher":20,"Mummified Hand":20,"Astrolabe":49,"Bag of Marbles":53,"Whetstone":0,"hermit:Momento":0}]},"card_choices":[{"not_picked":["hermit:LowProfile","hermit:TrackingShot"],"picked":"hermit:Glare","floor":1},{"not_picked":["hermit:Manifest","hermit:Dive"],"picked":"hermit:HighNoon","floor":2},{"not_picked":["hermit:Glare","hermit:LuckOfTheDraw","hermit:Snipe"],"picked":"SKIP","floor":3},{"not_picked":["hermit:Ricochet","hermit:Feint"],"picked":"hermit:Snipe","floor":5},{"not_picked":["hermit:Coalescence","hermit:DeadMansHand"],"picked":"hermit:Maintenance","floor":7},{"not_picked":["hermit:LoneWolf","hermit:Scavenge"],"picked":"hermit:FullyLoaded","floor":8},{"not_picked":["hermit:Determination","hermit:Midnight"],"picked":"hermit:FlashPowder","floor":11},{"not_picked":["hermit:HighCaliber","hermit:Manifest"],"picked":"hermit:Shortfuse","floor":12},{"not_picked":["hermit:Determination","hermit:SprayPray"],"picked":"hermit:BodyArmor","floor":13},{"not_picked":["hermit:Snipe","hermit:Feint"],"picked":"hermit:LoneWolf","floor":14},{"not_picked":["hermit:FromBeyond","hermit:OverwhelmingPower"],"picked":"hermit:HeroicBravado","floor":16},{"not_picked":["hermit:ItchyTrigger+1","hermit:TakeAim","hermit:Midnight+1"],"picked":"SKIP","floor":18},{"not_picked":["hermit:Determination","hermit:Coalescence+1"],"picked":"hermit:TakeCover","floor":20}],"player_experience":353178,"relics_obtained":[{"floor":7,"key":"Girya"},{"floor":9,"key":"Mummified Hand"}],"event_choices":[{"damage_healed":0,"gold_gain":275,"player_choice":"Desecrate","damage_taken":0,"max_hp_gain":0,"max_hp_loss":0,"event_name":"Golden Shrine","floor":4,"gold_loss":0,"cards_obtained":["Regret"]}],"is_beta":false,"boss_relics":[{"not_picked":["Pandora\u0027s Box","Runic Pyramid"],"picked":"Astrolabe"}],"items_purged_floors":[19,21],"is_endless":false,"potions_floor_spawned":[2,3,12,13,16,18],"killed_by":"3 Cultists","ascension_level":3}}