{"host":"nmf3ef2hlramrh1j","time":1607520060,"event":{"gold_per_floor":[115,97,19,19,33,33,156,206,206,219,248,279,279,279,279,279,279],"floor_reached":16,"playtime":762,"items_purged":[],"score":102,"play_id":"c47d5962-6de6-4e9a-b4b1-667d3666a97e","local_time":"20201209222100","is_ascension_mode":false,"campfire_choices":[{"floor":6,"key":"RECALL"},{"floor":15,"key":"REST"}],"neow_cost":"","seed_source_timestamp":1224155475928900,"circlet_count":0,"master_deck":["animator:Strike_NoGameNoLife","animator:Defend_NoGameNoLife","animator:Strike","animator:Strike","animator:Strike","animator:Defend","animator:Defend","animator:Defend","animator:DolaSchwi","animator:DolaCouronne","animator:RinTohsaka","animator:AcuraTooru","animator:RoryMercury","animator:Melzalgald","animator:Saitama","animator:Sonic","animator:Shalltear","animator:Genos","animator:DolaStephanie","animator:Jibril"],"relics":["animator:LivingPicture","animator:TheMissingPiece","RabbitCall","Membership Card","hubris:Icosahedron","hubris:AstralHammer","Orichalcum"],"potions_floor_usage":[10,10,10,12,12,12,14],"damage_taken":[{"damage":0,"enemies":"Cultist","floor":1,"turns":4},{"damage":1,"enemies":"Jaw Worm","floor":5,"turns":4},{"damage":13,"enemies":"2 Louse","floor":7,"turns":3},{"damage":0,"enemies":"2 Fungi Beasts","floor":10,"turns":3},{"damage":24,"enemies":"Exordium Thugs","floor":11,"turns":6},{"damage":25,"enemies":"3 Sentries","floor":12,"turns":7},{"damage":0,"enemies":"Looter","floor":14,"turns":1},{"damage":34,"enemies":"Hexaghost","floor":16,"turns":12}],"seed_played":"7126090279079756889","potions_obtained":[{"floor":5,"key":"EntropicBrew"},{"floor":11,"key":"BlessingOfTheForge"}],"is_trial":false,"path_per_floor":["M","?","$","?","M","R","M","?","T","M","M","E","?","M","R","B"],"character_chosen":"THE_ANIMATOR","items_purchased":["Membership Card"],"campfire_rested":1,"item_purchase_floors":[3],"current_hp_per_floor":[66,66,66,66,65,65,52,52,52,52,31,7,7,7,27,0,0],"gold":279,"neow_bonus":"","is_prod":false,"is_daily":false,"chose_seed":false,"campfire_upgraded":0,"win_rate":0.0,"timestamp":1607520060,"path_taken":["M","?","$","?","M","R","M","?","T","M","M","E","?","?","R","BOSS"],"build_version":"2020-11-30","purchased_purges":0,"victory":false,"max_hp_per_floor":[66,66,66,66,66,66,66,66,66,66,66,67,67,67,67,67,67],"card_choices":[{"not_picked":["animator:Viivi","animator:Cocytus"],"picked":"animator:RinTohsaka","floor":1},{"not_picked":[],"picked":"animator:AcuraTooru","floor":2},{"not_picked":[],"picked":"animator:RoryMercury","floor":2},{"not_picked":[],"picked":"animator:Melzalgald","floor":2},{"not_picked":[],"picked":"animator:Saitama","floor":2},{"not_picked":["animator:Tyuule","animator:DolaSchwi"],"picked":"animator:Sonic","floor":5},{"not_picked":["animator:Viivi","animator:AcuraAkari"],"picked":"animator:Shalltear","floor":7},{"not_picked":["animator:SilverFang","animator:Geryuganshoop"],"picked":"animator:Genos","floor":10},{"not_picked":["animator:AcuraAkari","animator:DolaCouronne"],"picked":"animator:DolaStephanie","floor":11},{"not_picked":["animator:RinTohsaka","animator:ChaikaBohdan"],"picked":"animator:Jibril","floor":12}],"player_experience":134635,"relics_obtained":[{"floor":9,"key":"hubris:AstralHammer"},{"floor":12,"key":"Orichalcum"}],"event_choices":[{"damage_healed":0,"gold_gain":50,"player_choice":"Gained Gold","damage_taken":0,"max_hp_gain":0,"max_hp_loss":0,"event_name":"Golden Wing","floor":8,"gold_loss":0},{"damage_healed":0,"gold_gain":0,"player_choice":"Ignored","damage_taken":0,"max_hp_gain":0,"max_hp_loss":0,"event_name":"NoteForYourself","floor":13,"gold_loss":0}],"is_beta":false,"boss_relics":[],"items_purged_floors":[],"is_endless":false,"potions_floor_spawned":[5,11,14],"killed_by":"Hexaghost","ascension_level":0}}