{"host":"b4asi0laiv85suj9","time":1607507000,"event":{"gold_per_floor":[117,137,62,78,98,128,128,128,152,168,195,195,209,220,220,318,318,330,364,314,330,345,345,345,345],"floor_reached":24,"playtime":998,"items_purged":["Strike_G","Pain"],"score":284,"play_id":"66d7cd33-8a53-43a0-a717-2b40ab11ebbb","local_time":"20201209174320","is_ascension_mode":true,"campfire_choices":[{"data":"Neutralize","floor":7,"key":"SMITH"},{"data":"TalkToTheHand","floor":15,"key":"SMITH"},{"data":"Barricade","floor":23,"key":"SMITH"}],"neow_cost":"NONE","seed_source_timestamp":5555599428506292,"circlet_count":0,"master_deck":["Strike_G","Strike_G","Strike_G","Strike_G","Defend_G","Defend_G","Defend_G","Defend_G","Defend_G","Survivor","Neutralize+1","Burning Pact","Prostrate","TalkToTheHand+1","Barricade+1"],"relics":["Ring of the Snake","testmod-TestBox","DaveBox","ice","NeowsBlessing","testmod-BouquetWithThorns","ChiXiaoBlade","Question Card","PrismaticShard","Orichalcum","Vajra","Smiling Mask","WarpedTongs","ImportantClient","OneHitWonderSystem","Red Mask"],"potions_floor_usage":[6],"damage_taken":[{"damage":0,"enemies":"Small Slimes","floor":1,"turns":1},{"damage":0,"enemies":"Cultist","floor":2,"turns":1},{"damage":0,"enemies":"2 Louse","floor":4,"turns":1},{"damage":16,"enemies":"Lots of Slimes","floor":5,"turns":3},{"damage":46,"enemies":"3 Sentries","floor":6,"turns":10},{"damage":4,"enemies":"Large Slime","floor":10,"turns":5},{"damage":15,"enemies":"Gremlin Nob","floor":11,"turns":4},{"damage":3,"enemies":"Exordium Thugs","floor":13,"turns":4},{"damage":6,"enemies":"Exordium Wildlife","floor":14,"turns":3},{"damage":10,"enemies":"The Guardian","floor":16,"turns":8},{"damage":0,"enemies":"2 Thieves","floor":18,"turns":4},{"damage":0,"enemies":"Masked Bandits","floor":19,"turns":5},{"damage":0,"enemies":"Shell Parasite","floor":21,"turns":5},{"damage":0,"enemies":"Centurion and Healer","floor":22,"turns":6},{"damage":0,"enemies":"Slavers","floor":24,"turns":4}],"seed_played":"-7336670455376530409","potions_obtained":[{"floor":2,"key":"EssenceOfSteel"},{"floor":5,"key":"Weak Potion"},{"floor":13,"key":"SkillPotion"},{"floor":14,"key":"Strength Potion"},{"floor":18,"key":"PowerPotion"}],"is_trial":false,"path_per_floor":["M","M","$","M","M","E","R","?","T","M","E","?","M","M","R","B",null,"M","?","$","M","M","R","E"],"character_chosen":"THE_SILENT","items_purchased":[],"campfire_rested":0,"item_purchase_floors":[],"current_hp_per_floor":[63,63,63,63,47,1,1,1,1,66,51,51,48,42,42,32,1,1,1,1,1,1,1,1,1],"gold":345,"neow_bonus":"THREE_ENEMY_KILL","is_prod":false,"is_daily":false,"chose_seed":false,"campfire_upgraded":3,"win_rate":0,"timestamp":1607507000,"path_taken":["M","M","$","M","M","E","R","?","T","M","E","?","M","M","R","BOSS","M","?","$","M","M","R","E"],"build_version":"2020-11-30","purchased_purges":2,"victory":false,"max_hp_per_floor":[70,70,70,70,70,70,70,70,70,71,73,73,77,79,79,93,1,6,12,1,7,5,1,9,9],"relic_stats":{"counters":[15,63],"Orichalcum":[30],"Question Card":13,"Smiling Mask":50,"obtain_stats":[{"testmod-TestBox":0,"DaveBox":0,"NeowsBlessing":0,"Vajra":9,"ice":0,"Orichalcum":6,"testmod-BouquetWithThorns":0,"Question Card":1,"PrismaticShard":1,"Smiling Mask":11,"WarpedTongs":12,"ChiXiaoBlade":0,"Red Mask":19,"OneHitWonderSystem":17,"Ring of the Snake":0,"ImportantClient":16},{"testmod-TestBox":0,"DaveBox":0,"NeowsBlessing":0,"Vajra":5,"ice":0,"Orichalcum":5,"testmod-BouquetWithThorns":0,"Question Card":1,"PrismaticShard":1,"Smiling Mask":7,"WarpedTongs":7,"ChiXiaoBlade":0,"Red Mask":12,"OneHitWonderSystem":10,"Ring of the Snake":0,"ImportantClient":10},{"testmod-TestBox":0,"DaveBox":0,"NeowsBlessing":0,"Vajra":16,"ice":0,"Orichalcum":16,"testmod-BouquetWithThorns":0,"Question Card":1,"PrismaticShard":1,"Smiling Mask":25,"WarpedTongs":25,"ChiXiaoBlade":0,"Red Mask":49,"OneHitWonderSystem":40,"Ring of the Snake":0,"ImportantClient":40}],"Ring of the Snake":[30],"WarpedTongs":[38]},"card_choices":[{"not_picked":["Underhanded Strike","Dagger Throw","Deadly Poison"],"picked":"SKIP","floor":1},{"not_picked":["Leap","Wild Strike","Redo","Clash"],"picked":"SKIP","floor":2},{"not_picked":["MostiFishMod:Tomorrow","Twin Strike","Slice","Bane"],"picked":"SKIP","floor":4},{"not_picked":["Ball Lightning","Coolheaded","Halt","CrushJoints"],"picked":"SKIP","floor":5},{"not_picked":["Chill","Sweeping Beam","Tools of the Trade"],"picked":"Burning Pact","floor":6},{"not_picked":["Halt","testmod-HandmadeProducts","Crippling Poison"],"picked":"Prostrate","floor":10},{"not_picked":["Clothesline","Study","Flying Knee","Glacier"],"picked":"SKIP","floor":11},{"not_picked":["Mind Blast","Sweeping Beam","Twin Strike"],"picked":"TalkToTheHand","floor":13},{"not_picked":["Deadly Poison","Crescendo","Combust","Steam Power"],"picked":"SKIP","floor":14},{"not_picked":["Vault","Envenom","Amplify"],"picked":"Barricade","floor":16},{"not_picked":["Halt","Anger","FlyingSleeves","Protect"],"picked":"SKIP","floor":18},{"not_picked":["Flying Knee","Blind+1","Outmaneuver","Clothesline"],"picked":"SKIP","floor":21},{"not_picked":["Sweeping Beam","Pummel","Gash","Cold Snap"],"picked":"SKIP","floor":22}],"player_experience":149974,"relics_obtained":[{"floor":1,"key":"Question Card"},{"floor":1,"key":"PrismaticShard"},{"floor":6,"key":"Orichalcum"},{"floor":9,"key":"Vajra"},{"floor":11,"key":"Smiling Mask"},{"floor":16,"key":"ImportantClient"},{"floor":19,"key":"Red Mask"}],"event_choices":[{"damage_healed":0,"gold_gain":0,"player_choice":"Ignored","damage_taken":0,"max_hp_gain":0,"max_hp_loss":0,"event_name":"Shining Light","floor":8,"gold_loss":0},{"damage_healed":0,"gold_gain":0,"player_choice":"Rummage","damage_taken":0,"relics_obtained":["WarpedTongs"],"max_hp_gain":0,"max_hp_loss":0,"event_name":"Accursed Blacksmith","floor":12,"gold_loss":0,"cards_obtained":["Pain"]},{"damage_healed":0,"gold_gain":0,"player_choice":"Fought Bandits","damage_taken":0,"max_hp_gain":0,"max_hp_loss":0,"event_name":"Masked Bandits","floor":19,"gold_loss":0}],"is_beta":false,"boss_relics":[{"not_picked":["testmod-SaigiyounoYou","HereWithMe"],"picked":"OneHitWonderSystem"}],"items_purged_floors":[3,20],"is_endless":false,"potions_floor_spawned":[2,5,13,14,18,19],"killed_by":"Slavers","ascension_level":7}}