{"host":"0g8fai1yzyd1adpx","time":1607489361,"event":{"gold_per_floor":[114,64,64,81,91,91,119,119,187,187,112,112,145,159,159,257,257,270,195,195,207,207,207,238,249,249,249,282,282,282,294,294,397,447,462,479,479,479,498,498,498],"floor_reached":40,"playtime":2389,"items_purged":["Defend_B"],"score":526,"play_id":"72b16ea8-9a38-4662-9110-ae6aecbdee38","local_time":"20201208224921","is_ascension_mode":true,"campfire_choices":[{"floor":6.0,"key":"REST"},{"data":"Defragment","floor":8.0,"key":"SMITH"},{"data":"Defragment","floor":10.0,"key":"SMITH"},{"floor":15.0,"key":"REST"},{"data":"Ball Lightning","floor":23.0,"key":"SMITH"},{"floor":27,"key":"REST"},{"floor":29,"key":"REST"},{"data":"BasicCrystalCard","floor":32,"key":"SMITH"}],"neow_cost":"NONE","seed_source_timestamp":415354512718600,"circlet_count":0,"master_deck":["Strike_B","Strike_B","Strike_B","Defend_B","Defend_B","Defend_B+1","Zap","Dualcast","Defragment+1","Chill","Ball Lightning+1","Defragment+1","BasicCrystalCard+1","Seek","hubris:SpecializedCircuitry","hubris:PowerSurge+1","Genetic Algorithm+1","Thunder Strike","Replay:BasicMightCard","Pain"],"special_seed":0,"relics":["Cracked Core","infinitespire:Satchel","Boot","infinitespire:Golems Mask","infinitespire:ShieldingShard","hubris:TinFlute","Replay:Ancient Bell","Omamori","Solar Panel","hubris:Zylophone","infinitespire:BottledMercury","hubris:PeanutButter","Lizard Tail","Regal Pillow","Tiny House","WarpedTongs"],"potions_floor_usage":[24,24,24,33,39,40],"damage_taken":[{"damage":0.0,"enemies":"Cultist","floor":1.0,"turns":4.0},{"damage":2.0,"enemies":"Jaw Worm","floor":4.0,"turns":4.0},{"damage":4.0,"enemies":"Small Slimes","floor":5.0,"turns":3.0},{"damage":30.0,"enemies":"3 Sentries","floor":7.0,"turns":7.0},{"damage":4.0,"enemies":"Replay:BlueRogue","floor":13.0,"turns":4.0},{"damage":4.0,"enemies":"Looter","floor":14.0,"turns":2.0},{"damage":20.0,"enemies":"The Guardian","floor":16.0,"turns":7.0},{"damage":8.0,"enemies":"3 Byrds","floor":18.0,"turns":4.0},{"damage":4.0,"enemies":"Chosen","floor":21.0,"turns":4.0},{"damage":49,"enemies":"Gremlin Leader","floor":24,"turns":8},{"damage":29,"enemies":"Centurion and Healer","floor":25,"turns":4},{"damage":0,"enemies":"Book of Stabbing","floor":28,"turns":4},{"damage":0,"enemies":"3 Cultists","floor":31,"turns":4},{"damage":35,"enemies":"hubris:MusketHawk","floor":33,"turns":8},{"damage":3,"enemies":"3 Shapes","floor":35,"turns":6},{"damage":0,"enemies":"Orb Walker","floor":36,"turns":3},{"damage":45,"enemies":"Writhing Mass","floor":39,"turns":6},{"damage":95,"enemies":"Nightmare","floor":40,"turns":6}],"seed_played":"-8081077866892604756","potions_obtained":[{"floor":4.0,"key":"SteroidPotion"},{"floor":5.0,"key":"EntropicBrew"},{"floor":7.0,"key":"SpeedPotion"},{"floor":20.0,"key":"PowerPotion"},{"floor":21.0,"key":"Adrenaline Potion"},{"floor":25,"key":"PotionOfCapacity"},{"floor":28,"key":"EntropicBrew"},{"floor":34,"key":"Fruit Juice"}],"is_trial":false,"path_per_floor":["M","?","?","M","M","R","E","R","T","R","$","T","E","M","R","B",null,"M","?","?","M","?","R","E","M","T","R","E","R","?","M","R","B",null,"M","M","?","?","M","NM"],"character_chosen":"DEFECT","items_purchased":[],"campfire_rested":4,"item_purchase_floors":[],"current_hp_per_floor":[75,75,57,55,51,73,43,43,43,43,43,43,39,35,57,37,75,73,73,73,71,71,71,30,5,5,27,35,57,57,61,61,32,80,79,80,75,75,43,0,0],"gold":498,"neow_bonus":"RANDOM_COMMON_RELIC","is_prod":false,"is_daily":false,"chose_seed":false,"campfire_upgraded":4,"win_rate":0,"timestamp":1607489361,"path_taken":["M","?","?","?","M","R","E","R","T","R","$","?","E","M","R","BOSS","M","?","?","?","?","R","E","M","T","R","E","R","?","M","R","BOSS","M","?","?","?","M","NM"],"build_version":"2020-11-30","purchased_purges":1,"victory":false,"max_hp_per_floor":[75,75,75,75,75,75,75,75,75,75,75,75,75,75,75,75,75,75,75,75,75,75,75,75,75,75,75,75,75,75,75,75,75,80,80,80,80,80,85,85,85],"card_choices":[{"not_picked":["Sweeping Beam","Turbo"],"picked":"Defragment","floor":1.0},{"not_picked":["Skim","Beam Cell"],"picked":"Chill","floor":4.0},{"not_picked":["Turbo","Cold Snap"],"picked":"Ball Lightning","floor":5.0},{"not_picked":["Fusion","Cold Snap"],"picked":"Defragment","floor":7.0},{"not_picked":["Consume","Hyperbeam","Rip and Tear"],"picked":"SKIP","floor":13.0},{"not_picked":["Go for the Eyes","Turbo"],"picked":"BasicCrystalCard","floor":14.0},{"not_picked":["Rainbow","Machine Learning"],"picked":"Seek","floor":16.0},{"not_picked":["Pain","hubris:Compulsion"],"picked":"CommonCold","floor":17.0},{"not_picked":["ReplayTheSpireMod:Splinters","hubris:Envy"],"picked":"ReplayTheSpireMod:Restless Dread","floor":17.0},{"not_picked":["Overencumbered","Pain"],"picked":"TheCursedMod:Dregs","floor":17.0},{"not_picked":["Turbo","Force Field","BasicCrystalCard"],"picked":"SKIP","floor":18.0},{"not_picked":["Conserve Battery","Panic Button"],"picked":"hubris:SpecializedCircuitry","floor":21.0},{"not_picked":["Consume","Hologram+1","BasicCrystalCard"],"picked":"SKIP","floor":24},{"not_picked":["Crystallizer","BasicCrystalCard"],"picked":"hubris:PowerSurge+1","floor":25},{"not_picked":["Reinforced Body","Compile Driver","Coolheaded+1"],"picked":"SKIP","floor":28},{"not_picked":["Coolheaded","Skim"],"picked":"Genetic Algorithm+1","floor":31},{"not_picked":["Echo Form","Machine Learning"],"picked":"Thunder Strike","floor":33},{"not_picked":["Rip and Tear","Skim+1","Scrape"],"picked":"SKIP","floor":35},{"not_picked":["hubris:Ukulele","Steam+1","Sweeping Beam+1"],"picked":"SKIP","floor":36},{"not_picked":["expansioncontent:AwakenDeath","expansioncontent:BronzeBeam"],"picked":"Replay:BasicMightCard","floor":37},{"not_picked":["Rainbow","hubris:Ukulele","Coolheaded"],"picked":"SKIP","floor":39}],"player_experience":428557,"relics_obtained":[{"floor":7.0,"key":"infinitespire:Golems Mask"},{"floor":12.0,"key":"infinitespire:ShieldingShard"},{"floor":13.0,"key":"hubris:TinFlute"},{"floor":24,"key":"infinitespire:BottledMercury"},{"floor":26,"key":"hubris:PeanutButter"},{"floor":28,"key":"Lizard Tail"}],"event_choices":[{"cards_removed":["Strike_B"],"damage_healed":0.0,"max_hp_gain":0.0,"max_hp_loss":0.0,"gold_gain":0.0,"event_name":"The Cleric","player_choice":"Card Removal","floor":2.0,"gold_loss":50.0,"damage_taken":0.0},{"damage_healed":0.0,"max_hp_gain":0.0,"max_hp_loss":0.0,"gold_gain":0.0,"event_name":"Scrap Ooze","player_choice":"Success","floor":3.0,"gold_loss":0.0,"damage_taken":18.0,"relics_obtained":["Boot"]},{"cards_removed":["TheCursedMod:Dregs"],"damage_healed":0.0,"max_hp_gain":0.0,"max_hp_loss":0.0,"gold_gain":0.0,"event_name":"Beggar","player_choice":"Gave Gold","floor":19.0,"gold_loss":75.0,"damage_taken":0.0},{"damage_healed":0.0,"max_hp_gain":0.0,"max_hp_loss":0.0,"gold_gain":0.0,"event_name":"Lab","player_choice":"Got Potions","floor":20.0,"gold_loss":0.0,"damage_taken":0.0},{"damage_healed":0,"gold_gain":0,"player_choice":"Gave Potion","damage_taken":0,"relics_obtained":["Regal Pillow"],"max_hp_gain":0,"max_hp_loss":0,"event_name":"WeMeetAgain","floor":30,"gold_loss":0},{"damage_healed":0,"gold_gain":0,"player_choice":"Memory 2","damage_taken":5,"max_hp_gain":0,"max_hp_loss":0,"event_name":"SensoryStone","floor":37,"gold_loss":0},{"damage_healed":0,"gold_gain":0,"player_choice":"Rummage","damage_taken":0,"relics_obtained":["WarpedTongs"],"max_hp_gain":0,"max_hp_loss":0,"event_name":"Accursed Blacksmith","floor":38,"gold_loss":0,"cards_obtained":["Pain"]}],"is_beta":false,"boss_relics":[{"not_picked":["Replay:Wanted Poster","Cursed Key"],"picked":"Replay:Ancient Bell"},{"not_picked":["Nunchaku","ReplayFunnel"],"picked":"Omamori"},{"not_picked":["Replay:Accelerometer","hubris:SphereOfDissonance"],"picked":"Solar Panel"},{"not_picked":["Shovel","hubris:CuriousFeather"],"picked":"hubris:Zylophone"},{"not_picked":["Velvet Choker","ReplayTheSpireMod:SealedPack"],"picked":"Tiny House"}],"items_purged_floors":[11],"is_endless":false,"potions_floor_spawned":[4,5,7,14,21,25,28,35,36],"killed_by":"Nightmare","ascension_level":3}}