{"host":"kh6fvhxn285ncg0o","time":1607475787,"event":{"gold_per_floor":[111,126,137,137,212,212,10,35,35,70,70,81,31,46,46,118,118,132,132,132,145,18,49,49,78,78,38,65,65,165,1,1,80,80,92,92,117,128,141,141,168,80,80,93,120,120,145,145,145,145,145,145,145,5,40,40],"floor_reached":57,"playtime":2645,"items_purged":["Strike_R","Strike_R","Strike_R","Bash","Reckless Charge"],"score":3254,"play_id":"3fc0a8b6-7132-4723-8f1d-b90e99cd72f7","local_time":"20201209100307","is_ascension_mode":true,"campfire_choices":[{"data":"Sever Soul","floor":6.0,"key":"SMITH"},{"data":"Power Through","floor":15.0,"key":"SMITH"},{"data":"Fiend Fire","floor":24.0,"key":"SMITH"},{"data":"Burning Pact","floor":29.0,"key":"SMITH"},{"data":"Offering","floor":32.0,"key":"SMITH"},{"data":"Juggernaut","floor":40.0,"key":"SMITH"},{"data":"Sever Soul+1","floor":46,"key":"PURGE"},{"floor":49,"key":"RECALL"},{"data":"Feel No Pain","floor":53,"key":"SMITH"}],"neow_cost":"NONE","seed_source_timestamp":273477502632400,"circlet_count":0,"master_deck":["AscendersBane","Defend_R","Defend_R+1","Defend_R","Defend_R","Shockwave","Dark Embrace","Shrug It Off+1","Disarm","Power Through+1","Seeing Red","Dual Wield","Feel No Pain+1","Second Wind","Rage+1","Juggernaut+1","Burning Pact+1","Offering+1","Battle Trance"],"special_seed":0,"relics":["Burning Blood","Membership Card","Champion Belt","Prayer Wheel","Omamori","WarpedTongs","Sozu","Orichalcum","TungstenRod","Ornamental Fan","Meat on the Bone","Du-Vu Doll","Incense Burner","HornCleat","Coffee Dripper","Gambling Chip","Peace Pipe","Shuriken","White Beast Statue","Oddly Smooth Stone","Mummified Hand","Eternal Feather"],"potions_floor_usage":[],"damage_taken":[{"damage":2.0,"enemies":"2 Louse","floor":1.0,"turns":3.0},{"damage":2.0,"enemies":"Small Slimes","floor":2.0,"turns":5.0},{"damage":12.0,"enemies":"Cultist","floor":3.0,"turns":4.0},{"damage":8.0,"enemies":"Gremlin Nob","floor":8.0,"turns":4.0},{"damage":29.0,"enemies":"3 Sentries","floor":10.0,"turns":12.0},{"damage":1.0,"enemies":"Blue Slaver","floor":12.0,"turns":4.0},{"damage":7.0,"enemies":"3 Louse","floor":14.0,"turns":4.0},{"damage":32.0,"enemies":"Slime Boss","floor":16.0,"turns":16.0},{"damage":8.0,"enemies":"Shell Parasite","floor":18.0,"turns":5.0},{"damage":0.0,"enemies":"3 Byrds","floor":21.0,"turns":9.0},{"damage":0.0,"enemies":"Book of Stabbing","floor":23.0,"turns":5.0},{"damage":47.0,"enemies":"Gremlin Leader","floor":25.0,"turns":9.0},{"damage":19.0,"enemies":"Slavers","floor":28.0,"turns":8.0},{"damage":3.0,"enemies":"Colosseum Slavers","floor":30.0,"turns":5.0},{"damage":25.0,"enemies":"Colosseum Nobs","floor":30.0,"turns":5.0},{"damage":13.0,"enemies":"Collector","floor":33.0,"turns":9.0},{"damage":0.0,"enemies":"3 Shapes","floor":35.0,"turns":8.0},{"damage":10.0,"enemies":"Mind Bloom Boss Battle","floor":37.0,"turns":4.0},{"damage":0.0,"enemies":"3 Darklings","floor":38.0,"turns":6.0},{"damage":5.0,"enemies":"Transient","floor":39.0,"turns":6.0},{"damage":7.0,"enemies":"Reptomancer","floor":41.0,"turns":6.0},{"damage":5,"enemies":"Maw","floor":44,"turns":2},{"damage":0,"enemies":"Giant Head","floor":45,"turns":6},{"damage":0,"enemies":"Reptomancer","floor":47,"turns":4},{"damage":5,"enemies":"Awakened One","floor":50,"turns":12},{"damage":5,"enemies":"Donu and Deca","floor":51,"turns":7},{"damage":5,"enemies":"Shield and Spear","floor":55,"turns":5},{"damage":7,"enemies":"The Heart","floor":56,"turns":7}],"seed_played":"2024357152608498491","potions_obtained":[{"floor":1.0,"key":"BlessingOfTheForge"},{"floor":2.0,"key":"ColorlessPotion"},{"floor":10.0,"key":"FearPotion"},{"floor":12.0,"key":"FairyPotion"}],"is_trial":false,"path_per_floor":["M","M","M","?","?","R","$","E","T","E","?","M","$","M","R","B",null,"M","?","?","M","$","E","R","E","T","$","E","R","?","$","R","B",null,"M","?","?","M","M","R","E","$","T","M","E","R","E","?","R","B","B",null,"R","$","E","B",null],"character_chosen":"IRONCLAD","items_purchased":["Membership Card","Feel No Pain","Second Wind","Burning Pact","Offering","Mummified Hand"],"campfire_rested":0,"item_purchase_floors":[7,22,22,27,31,54],"current_hp_per_floor":[72,75,69,46,35,35,35,33,33,10,10,15,15,14,14,24,62,60,60,60,66,66,72,72,31,31,31,30,30,38,38,38,43,67,73,73,69,75,75,75,74,74,74,75,75,75,75,75,75,75,75,75,75,75,75,74],"gold":40,"neow_bonus":"TRANSFORM_CARD","is_prod":false,"is_daily":false,"chose_seed":false,"campfire_upgraded":7,"win_rate":0,"timestamp":1607475787,"path_taken":["M","M","M","?","?","R","$","E","T","E","?","?","$","M","R","BOSS","M","?","?","M","$","E","R","E","T","$","E","R","?","?","R","BOSS","M","?","?","M","M","R","E","$","T","M","E","R","E","?","R","BOSS","BOSS","R","$","E","BOSS"],"build_version":"2020-11-30","purchased_purges":5,"victory":true,"max_hp_per_floor":[75,75,75,75,75,75,75,75,75,75,75,75,75,75,75,75,75,75,75,75,75,75,75,75,75,75,75,75,75,75,75,75,75,75,75,75,75,75,75,75,75,75,75,75,75,75,75,75,75,75,75,75,75,75,75,75],"relic_stats":{"counters":[28,180],"Eternal Feather":0,"Orichalcum":[114],"Burning Blood":151,"WarpedTongs":[93],"Sozu":8,"Peace Pipe":2,"Ornamental Fan":[0],"Shuriken":[0],"Mummified Hand":[8],"Gambling Chip":[34],"Prayer Wheel":8,"Champion Belt":[44],"obtain_stats":[{"Oddly Smooth Stone":48,"Eternal Feather":55,"Omamori":10,"Incense Burner":30,"Orichalcum":19,"Burning Blood":0,"White Beast Statue":47,"WarpedTongs":11,"Sozu":17,"Du-Vu Doll":28,"Peace Pipe":41,"HornCleat":30,"Ornamental Fan":25,"Shuriken":45,"Mummified Hand":54,"Gambling Chip":37,"Prayer Wheel":9,"Coffee Dripper":34,"Membership Card":7,"Champion Belt":8,"TungstenRod":23,"Meat on the Bone":26},{"Oddly Smooth Stone":24,"Eternal Feather":27,"Omamori":5,"Incense Burner":15,"Orichalcum":9,"Burning Blood":0,"White Beast Statue":24,"WarpedTongs":5,"Sozu":8,"Du-Vu Doll":13,"Peace Pipe":21,"HornCleat":15,"Ornamental Fan":12,"Shuriken":23,"Mummified Hand":26,"Gambling Chip":18,"Prayer Wheel":4,"Coffee Dripper":16,"Membership Card":3,"Champion Belt":4,"TungstenRod":11,"Meat on the Bone":12},{"Oddly Smooth Stone":149,"Eternal Feather":173,"Omamori":28,"Incense Burner":98,"Orichalcum":57,"Burning Blood":0,"White Beast Statue":149,"WarpedTongs":28,"Sozu":52,"Du-Vu Doll":88,"Peace Pipe":137,"HornCleat":98,"Ornamental Fan":80,"Shuriken":145,"Mummified Hand":168,"Gambling Chip":119,"Prayer Wheel":16,"Coffee Dripper":107,"Membership Card":12,"Champion Belt":16,"TungstenRod":71,"Meat on the Bone":80}],"TungstenRod":36,"Meat on the Bone":48},"card_choices":[{"not_picked":["Anger","Havoc"],"picked":"Dark Embrace","floor":1.0},{"not_picked":["Clothesline","True Grit"],"picked":"Shrug It Off","floor":2.0},{"not_picked":["Burning Pact","Shrug It Off"],"picked":"Sever Soul","floor":3.0},{"not_picked":["Headbutt","Intimidate"],"picked":"Disarm","floor":8.0},{"not_picked":["Uppercut","Dark Embrace","Clothesline"],"picked":"SKIP","floor":10.0},{"not_picked":["Anger","Body Slam"],"picked":"Power Through","floor":12.0},{"not_picked":["Shockwave","Headbutt","Cleave"],"picked":"SKIP","floor":12.0},{"not_picked":["Twin Strike","Juggernaut"],"picked":"Reckless Charge","floor":14.0},{"not_picked":["Entrench","Sever Soul","Anger"],"picked":"SKIP","floor":14.0},{"not_picked":["Double Tap","Berserk"],"picked":"Fiend Fire","floor":16.0},{"not_picked":["Cleave","Clothesline"],"picked":"Seeing Red","floor":18.0},{"not_picked":["Cleave","Twin Strike"],"picked":"Dual Wield","floor":18.0},{"not_picked":["Warcry","Disarm","Hemokinesis"],"picked":"SKIP","floor":21.0},{"not_picked":["Inflame","Warcry","Dark Embrace"],"picked":"SKIP","floor":21.0},{"not_picked":["Sever Soul","Perfected Strike"],"picked":"Rage+1","floor":23.0},{"not_picked":["Impervious","Cleave"],"picked":"Juggernaut","floor":25.0},{"not_picked":["Heavy Blade","Bloodletting+1","Armaments"],"picked":"SKIP","floor":28.0},{"not_picked":["Clothesline","Second Wind"],"picked":"Battle Trance","floor":35.0},{"not_picked":["Cleave","Sword Boomerang+1","Uppercut"],"picked":"SKIP","floor":35.0},{"not_picked":["Iron Wave","Blood for Blood","Sword Boomerang"],"picked":"SKIP","floor":38.0},{"not_picked":["Seeing Red+1","Inflame+1","Sword Boomerang"],"picked":"SKIP","floor":38.0},{"not_picked":["Sever Soul","Pommel Strike","Battle Trance"],"picked":"SKIP","floor":39.0},{"not_picked":["Intimidate","Sword Boomerang","Anger"],"picked":"SKIP","floor":39.0},{"not_picked":["Warcry","Shrug It Off","Shockwave"],"picked":"SKIP","floor":41.0},{"not_picked":["Clothesline","Wild Strike","Pommel Strike"],"picked":"SKIP","floor":44},{"not_picked":["Exhume","Flame Barrier+1","Flex+1"],"picked":"SKIP","floor":44},{"not_picked":["Clothesline","Wild Strike","Pommel Strike"],"picked":"SKIP","floor":44},{"not_picked":["Exhume","Flame Barrier+1","Flex+1"],"picked":"SKIP","floor":44},{"not_picked":["Flex","Shrug It Off","True Grit"],"picked":"SKIP","floor":45},{"not_picked":["Offering","Clothesline","Spot Weakness+1"],"picked":"SKIP","floor":47},{"not_picked":["Headbutt+1","Second Wind","Clash"],"picked":"SKIP","floor":55}],"player_experience":3127617,"relics_obtained":[{"floor":8.0,"key":"Champion Belt"},{"floor":9.0,"key":"Prayer Wheel"},{"floor":10.0,"key":"Omamori"},{"floor":23.0,"key":"TungstenRod"},{"floor":25.0,"key":"Ornamental Fan"},{"floor":26.0,"key":"Meat on the Bone"},{"floor":28.0,"key":"Du-Vu Doll"},{"floor":30.0,"key":"Incense Burner"},{"floor":30.0,"key":"HornCleat"},{"floor":37.0,"key":"Gambling Chip"},{"floor":41.0,"key":"Peace Pipe"},{"floor":45,"key":"Shuriken"},{"floor":47,"key":"White Beast Statue"},{"floor":55,"key":"Eternal Feather"}],"event_choices":[{"damage_healed":0.0,"max_hp_gain":0.0,"max_hp_loss":0.0,"gold_gain":0.0,"event_name":"Shining Light","player_choice":"Entered Light","floor":4.0,"gold_loss":0.0,"damage_taken":23.0,"cards_upgraded":["Defend_R","Shrug It Off"]},{"damage_healed":0.0,"max_hp_gain":0.0,"max_hp_loss":0.0,"gold_gain":75.0,"event_name":"World of Goop","player_choice":"Gather Gold","floor":5.0,"gold_loss":0.0,"damage_taken":11.0},{"damage_healed":0.0,"max_hp_gain":0.0,"max_hp_loss":0.0,"gold_gain":0.0,"event_name":"Accursed Blacksmith","player_choice":"Rummage","floor":11.0,"gold_loss":0.0,"damage_taken":0.0,"relics_obtained":["WarpedTongs"],"cards_obtained":["Pain"]},{"damage_healed":0.0,"max_hp_gain":0.0,"max_hp_loss":0.0,"gold_gain":0.0,"event_name":"The Mausoleum","player_choice":"Opened","floor":19.0,"gold_loss":0.0,"damage_taken":0.0,"relics_obtained":["Orichalcum"],"cards_obtained":["Writhe"]},{"cards_removed":["Strike_R"],"damage_healed":0.0,"max_hp_gain":0.0,"max_hp_loss":0.0,"gold_gain":0.0,"event_name":"Back to Basics","player_choice":"Elegance","floor":20.0,"gold_loss":0.0,"damage_taken":0.0},{"damage_healed":0.0,"max_hp_gain":0.0,"max_hp_loss":0.0,"gold_gain":0.0,"event_name":"Colosseum","player_choice":"Fight","floor":30.0,"gold_loss":0.0,"damage_taken":0.0},{"damage_healed":0.0,"max_hp_gain":0.0,"max_hp_loss":0.0,"gold_gain":0.0,"event_name":"Colosseum","player_choice":"Fought Nobs","floor":30.0,"gold_loss":0.0,"damage_taken":0.0},{"damage_healed":0.0,"max_hp_gain":0.0,"max_hp_loss":0.0,"gold_gain":0.0,"event_name":"Tomb of Lord Red Mask","player_choice":"Ignored","floor":36.0,"gold_loss":0.0,"damage_taken":0.0},{"damage_healed":0.0,"max_hp_gain":0.0,"max_hp_loss":0.0,"gold_gain":0.0,"event_name":"MindBloom","player_choice":"Fight","floor":37.0,"gold_loss":0.0,"damage_taken":0.0},{"cards_removed":["Fiend Fire"],"damage_healed":0,"gold_gain":0,"player_choice":"Gave Card","damage_taken":0,"relics_obtained":["Oddly Smooth Stone"],"max_hp_gain":0,"max_hp_loss":0,"event_name":"WeMeetAgain","floor":48,"gold_loss":0}],"is_beta":false,"boss_relics":[{"not_picked":["Busted Crown","Cursed Key"],"picked":"Sozu"},{"not_picked":["SacredBark","Mark of Pain"],"picked":"Coffee Dripper"}],"items_purged_floors":[7,13,22,31,42],"is_endless":false,"potions_floor_spawned":[1,2,10,12,21,28,33,37,38,41,45,55],"ascension_level":20}}