{"host":"hfcva6mq15ctj0gu","time":1607479248,"event":{"gold_per_floor":[1836,1836,1852,1264,1439,1464,959,989,1012,1012,1012,1046,1046,44,44,140,140,153,153,153,5,25,53,86,86,86,86,112,387,414,424,95,196,196,215,215,0,0,50,79,96,21,74,86,86,86,120,120,13,13,13,13,13,40,40],"floor_reached":56,"playtime":3586,"items_purged":[],"score":1894,"play_id":"eef2a472-1855-4d1b-8f91-64b2e5fb3d3f","local_time":"20201209030048","is_ascension_mode":false,"campfire_choices":[{"floor":15.0,"key":"REST"},{"floor":27.0,"key":"RECALL"},{"floor":46.0,"key":"REST"}],"neow_cost":"","seed_source_timestamp":0,"circlet_count":1,"master_deck":["Stagnation:ReiMu+1","OctopathBindingBorder2:ReiMu+1","RainPray2:ReiMu+1","YinYangSange:ReiMu+1","LovePray:ReiMu+1","Intuition:ReiMu+1","SubcavityInstant:ReiMu+1","UniversalSpiritual:ReiMu+1","Amulet:ReiMu+1","WonderfulDomain:ReiMu+1","Meditation:ReiMu+1","KyokaiOfKami:ReiMu+1","SubcavityInstant:ReiMu+1","PassingAway:ReiMu+1","OctopathBindingBorder2:ReiMu+1","MikOfLucky:ReiMu+1","FoulBorder2:ReiMu+1","Gathering:ReiMu+1","ShadowOfCrow2:ReiMu+1","InherentArray:ReiMu+1","PhosphorusFlame:ReiMu+1","PrayRite:ReiMu+1","Intuition:ReiMu+1","PrayRite:ReiMu+1","CardOfSanctity:ReiMu+1","TakeOff:ReiMu+1","Madness+1","Magnetism+1","Sadistic Nature+1"],"special_seed":0,"relics":["FlyPower:ReiMu","Hammer of Thor","Seething Fire","Anvil of the Gods","WingedGreaves","Meat on the Bone","FossilizedHelix","Art of War","MerchantsRug","Mastiff:ReiMu","Mummified Hand","Orichalcum","Circlet","Shuriken","Bag of Preparation","Happy Flower","KratosMod:chalice","BewitchedHakkero","The Courier","betterThird:SlimedRelic","Bow_fan:ReiMu","PreservedInsect","Vajra","HornCleat","Darkstone Periapt","Lizard Tail","SlaversCollar","SkyOrb:ReiMu","PureWhite:ReiMu","Pen Nib","Bird Faced Urn","Philosopher\u0027s Stone","Red Mask","KratosMod:amulet","KratosMod:minohorn","Ancient Tea Set","FadedRune:ReiMu","Membership Card","Torii"],"potions_floor_usage":[],"damage_taken":[{"damage":0.0,"enemies":"Cultist","floor":1.0,"turns":4.0},{"damage":0.0,"enemies":"Small Slimes","floor":3.0,"turns":3.0},{"damage":4.0,"enemies":"Gremlin Nob","floor":6.0,"turns":4.0},{"damage":3.0,"enemies":"Lagavulin","floor":8.0,"turns":4.0},{"damage":2.0,"enemies":"Gremlin Nob","floor":12.0,"turns":3.0},{"damage":2.0,"enemies":"Hexaghost","floor":16.0,"turns":2.0},{"damage":1.0,"enemies":"Shell Parasite","floor":18.0,"turns":2.0},{"damage":4.0,"enemies":"2 Thieves","floor":22.0,"turns":2.0},{"damage":15.0,"enemies":"Slavers","floor":23.0,"turns":2.0},{"damage":5.0,"enemies":"Gremlin Leader","floor":28.0,"turns":3.0},{"damage":2.0,"enemies":"Slavers","floor":30.0,"turns":3.0},{"damage":2.0,"enemies":"Centurion and Healer","floor":31.0,"turns":3.0},{"damage":5.0,"enemies":"Automaton","floor":33.0,"turns":6.0},{"damage":2.0,"enemies":"3 Darklings","floor":35.0,"turns":3.0},{"damage":1.0,"enemies":"Mind Bloom Boss Battle","floor":39.0,"turns":2.0},{"damage":1.0,"enemies":"Giant Head","floor":40.0,"turns":2.0},{"damage":1.0,"enemies":"3 Shapes","floor":44.0,"turns":2.0},{"damage":1.0,"enemies":"Reptomancer","floor":47.0,"turns":2.0},{"damage":3.0,"enemies":"Awakened One","floor":50.0,"turns":4.0},{"damage":2.0,"enemies":"Shield and Spear","floor":54.0,"turns":3.0},{"damage":41,"enemies":"The Heart","floor":55,"turns":5}],"seed_played":"7167748776241347588","potions_obtained":[{"floor":1.0,"key":"Ancient Potion"},{"floor":8.0,"key":"SkillPotion"},{"floor":16.0,"key":"Guardian:BlockOnCardUsePotion"},{"floor":22.0,"key":"FearPotion"},{"floor":23.0,"key":"Weak Potion"},{"floor":39.0,"key":"Block Potion"},{"floor":47.0,"key":"Energy Potion"}],"is_trial":false,"path_per_floor":["M","T","M","$","?","E","R","E","T","?","?","E","?","$","R","B",null,"M","?","?","$","M","E","$","?","T","R","E","?","E","M","R","B",null,"M","?","?","$","?","E","$","?","T","M","$","R","E","?","R","B",null,"R","$","E","B",null],"character_chosen":"REIMU","items_purchased":["WingedGreaves","Meat on the Bone","Art of War","MerchantsRug","OctopathBindingBorder2:ReiMu","Mummified Hand","YinYangSange:ReiMu","LovePray:ReiMu","Orichalcum","Intuition:ReiMu","hexamod:BolsterEngine","Shuriken","UniversalSpiritual:ReiMu","Amulet:ReiMu","Bow_fan:ReiMu","PreservedInsect","Vajra","HornCleat","Darkstone Periapt","Lizard Tail","PassingAway:ReiMu","OctopathBindingBorder2:ReiMu","MikOfLucky:ReiMu","FoulBorder2:ReiMu","Gathering:ReiMu","Bird Faced Urn","InherentArray:ReiMu","PhosphorusFlame:ReiMu","Membership Card"],"campfire_rested":2,"item_purchase_floors":[0,0,0,0,0,4,4,4,4,4,7,7,7,7,14,14,14,14,14,14,21,21,21,21,21,32,32,32,49],"current_hp_per_floor":[56,66,76,86,96,102,112,119,129,139,142,150,149,159,225,233,245,254,264,274,284,290,285,295,305,315,325,330,346,354,362,372,395,421,431,441,451,461,471,481,491,501,511,520,530,541,551,551,561,579,591,601,611,621,618],"gold":40,"neow_bonus":"","is_prod":false,"is_daily":false,"chose_seed":false,"campfire_upgraded":0,"win_rate":1,"timestamp":1607479248,"path_taken":["M","?","?","?","?","E","R","E","T","?","?","E","?","$","R","BOSS","M","?","?","$","?","E","?","?","T","R","E","?","E","?","R","BOSS","M","?","?","$","?","E","$","?","T","?","?","R","E","?","R","BOSS","R","$","E","BOSS"],"build_version":"2020-11-30","purchased_purges":0,"victory":true,"max_hp_per_floor":[85,95,105,115,125,135,145,155,165,175,185,195,205,215,225,235,245,255,265,275,285,295,305,315,325,335,345,355,371,381,391,401,411,421,431,441,451,461,471,481,491,501,511,521,531,541,551,561,571,581,591,601,611,621,641],"card_choices":[{"not_picked":["LovePray:ReiMu","OrbThrow:ReiMu"],"picked":"CareerPray:ReiMu","floor":1.0},{"not_picked":["SubAcupoint:ReiMu","Mountainwind:ReiMu"],"picked":"RainPray2:ReiMu","floor":3.0},{"not_picked":["YinYangSign:ReiMu","RunawayExorcism:ReiMu"],"picked":"SubcavityInstant:ReiMu","floor":6.0},{"not_picked":["Dreaming:ReiMu","SubAcupoint:ReiMu"],"picked":"WonderfulDomain:ReiMu","floor":8.0},{"not_picked":["Authority:ReiMu","SpringWay:ReiMu"],"picked":"Meditation:ReiMu","floor":12.0},{"not_picked":["CleanRite:ReiMu","Authority:ReiMu"],"picked":"KyokaiOfKami:ReiMu","floor":16.0},{"not_picked":["Dreaming2:ReiMu","SafetyPray:ReiMu"],"picked":"SubcavityInstant:ReiMu","floor":18.0},{"not_picked":["KamiSacrifice:ReiMu","Crusade:ReiMu","LovePray:ReiMu"],"picked":"SKIP","floor":22.0},{"not_picked":["AirManeuver:ReiMu","BlastKick2:ReiMu","PayForSelf:ReiMu"],"picked":"SKIP","floor":23.0},{"not_picked":["LovePray:ReiMu","FantasyMoon:ReiMu","WonderfulDomain:ReiMu"],"picked":"SKIP","floor":28.0},{"not_picked":["YinYangSign:ReiMu+1","LovePray:ReiMu","AirStrike:ReiMu+1"],"picked":"SKIP","floor":30.0},{"not_picked":["Enchanting:ReiMu","SafetyPray:ReiMu"],"picked":"ShadowOfCrow2:ReiMu+1","floor":31.0},{"not_picked":["YinYang:ReiMu","CardOfSanctity:ReiMu"],"picked":"PrayRite:ReiMu","floor":33.0},{"not_picked":["Conquer:ReiMu+1","LovePray:ReiMu"],"picked":"Intuition:ReiMu+1","floor":35.0},{"not_picked":["AirStrike:ReiMu+1","TightArray:ReiMu","LovePray:ReiMu"],"picked":"SKIP","floor":40.0},{"not_picked":["BlastKick2:ReiMu+1","OctopathSalyBorderN:ReiMu+1"],"picked":"PrayRite:ReiMu+1","floor":42.0},{"not_picked":["SubAcupoint:ReiMu+1","AirManeuver:ReiMu+1"],"picked":"CardOfSanctity:ReiMu","floor":44.0},{"not_picked":["EmergencyTakeOff:ReiMu+1","PayForSelf:ReiMu+1"],"picked":"TakeOff:ReiMu","floor":47.0},{"not_picked":["Discovery","expansioncontent:BronzeBeam"],"picked":"expansioncontent:DecasProtection","floor":48.0},{"not_picked":["expansioncontent:Sear","Forethought"],"picked":"Magnetism","floor":48.0},{"not_picked":["Impatience","Swift Strike"],"picked":"Sadistic Nature","floor":48.0},{"not_picked":["FantasyMoon:ReiMu+1","PhosphorusFlame:ReiMu+1","LearningPray:ReiMu"],"picked":"SKIP","floor":54}],"player_experience":67562,"relics_obtained":[{"floor":2.0,"key":"Mastiff:ReiMu"},{"floor":6.0,"key":"StoneCalendar"},{"floor":8.0,"key":"Bag of Preparation"},{"floor":9.0,"key":"Happy Flower"},{"floor":12.0,"key":"The Courier"},{"floor":23.0,"key":"SkyOrb:ReiMu"},{"floor":28.0,"key":"PureWhite:ReiMu"},{"floor":30.0,"key":"Pen Nib"},{"floor":39.0,"key":"KratosMod:amulet"},{"floor":40.0,"key":"KratosMod:minohorn"},{"floor":43.0,"key":"Ancient Tea Set"},{"floor":47.0,"key":"FadedRune:ReiMu"},{"floor":54,"key":"Torii"}],"event_choices":[{"damage_healed":0.0,"max_hp_gain":0.0,"max_hp_loss":0.0,"gold_gain":175.0,"event_name":"betterThird:BetterSerpent","player_choice":"AGREE","floor":5.0,"gold_loss":0.0,"damage_taken":1264.0},{"cards_removed":["Strike_Lin:ReiMu"],"damage_healed":0.0,"max_hp_gain":0.0,"max_hp_loss":0.0,"gold_gain":0.0,"event_name":"Golden Wing","player_choice":"Card Removal","floor":11.0,"gold_loss":0.0,"damage_taken":7.0},{"damage_healed":0.0,"max_hp_gain":1.0,"max_hp_loss":0.0,"gold_gain":0.0,"event_name":"betterThird:BetterGoop","player_choice":"Slimed","floor":13.0,"gold_loss":0.0,"damage_taken":11.0},{"damage_healed":0.0,"max_hp_gain":0.0,"max_hp_loss":0.0,"gold_gain":0.0,"event_name":"betterNote:BetterNote","player_choice":"Ignored","floor":19.0,"gold_loss":0.0,"damage_taken":0.0,"cards_obtained":["hexamod:Defend"]},{"damage_healed":0.0,"max_hp_gain":0.0,"max_hp_loss":0.0,"gold_gain":0.0,"event_name":"Vampires","player_choice":"Ignored","floor":20.0,"gold_loss":0.0,"damage_taken":0.0},{"damage_healed":0.0,"max_hp_gain":0.0,"max_hp_loss":0.0,"gold_gain":0.0,"event_name":"Ghosts","player_choice":"Ignored","floor":25.0,"gold_loss":0.0,"damage_taken":0.0},{"damage_healed":0.0,"max_hp_gain":0.0,"max_hp_loss":0.0,"gold_gain":275.0,"event_name":"Golden Shrine","player_choice":"Desecrate","floor":29.0,"gold_loss":0.0,"damage_taken":0.0,"cards_obtained":["Regret"]},{"cards_removed":["CareerPray:ReiMu"],"damage_healed":0.0,"max_hp_gain":0.0,"max_hp_loss":0.0,"gold_gain":0.0,"event_name":"Falling","player_choice":"Removed Skill","floor":36.0,"gold_loss":0.0,"damage_taken":0.0},{"damage_healed":0.0,"max_hp_gain":0.0,"max_hp_loss":0.0,"gold_gain":0.0,"event_name":"Tomb of Lord Red Mask","player_choice":"Paid","floor":37.0,"gold_loss":215.0,"damage_taken":0.0,"relics_obtained":["Red Mask"]},{"damage_healed":0.0,"max_hp_gain":0.0,"max_hp_loss":0.0,"gold_gain":0.0,"event_name":"MindBloom","player_choice":"Fight","floor":39.0,"gold_loss":0.0,"damage_taken":0.0},{"damage_healed":0.0,"max_hp_gain":0.0,"max_hp_loss":0.0,"gold_gain":0.0,"event_name":"betterThird:BetterPortal","player_choice":"Random: Orange","floor":42.0,"gold_loss":0.0,"damage_taken":0.0},{"damage_healed":0.0,"max_hp_gain":0.0,"max_hp_loss":0.0,"gold_gain":0.0,"event_name":"betterMatch:BetterMatch","player_choice":"2","floor":42.0,"gold_loss":0.0,"damage_taken":0.0,"cards_obtained":["betterMatch:RareCard"]},{"damage_healed":0.0,"max_hp_gain":0.0,"max_hp_loss":0.0,"gold_gain":0.0,"event_name":"SensoryStone","player_choice":"Memory 3","floor":48.0,"gold_loss":0.0,"damage_taken":10.0}],"is_beta":false,"boss_relics":[{"not_picked":["Velvet Choker","Empty Cage"],"picked":"SlaversCollar"},{"not_picked":["Pandora\u0027s Box","Coffee Dripper"],"picked":"Philosopher\u0027s Stone"}],"items_purged_floors":[],"is_endless":false,"potions_floor_spawned":[1,8,16,22,23,39,47],"ascension_level":0}}