{"host":"dz1qwalix8eproj8","time":1607538952,"event":{"gold_per_floor":[118,129,139,152,152,152,185,185,185,212,34,45,74,87,87,190,190,210,210,210],"floor_reached":19,"playtime":5303,"items_purged":[],"score":246,"play_id":"00abcc74-6d59-49c8-94ef-695097e7842a","local_time":"20201209193552","is_ascension_mode":true,"campfire_choices":[{"data":"Apotheosis","floor":6.0,"key":"SMITH"},{"floor":8.0,"key":"REST"},{"data":"Double Energy","floor":15.0,"key":"SMITH"}],"neow_cost":"TEN_PERCENT_HP_LOSS","seed_source_timestamp":0,"circlet_count":0,"master_deck":["Strike_B","Strike_B","Strike_B+1","Strike_B","Defend_B","Defend_B","Defend_B","Defend_B","Zap","Dualcast","Apotheosis+1","Defragment","Sunder+1","Rebound","Double Energy+1","Hologram","Core Surge","Sunder","Beam Cell","Fission","Mayhem+1","Gash","Streamline","Machine Learning+1","Leap"],"special_seed":0,"relics":["Cracked Core","Strawberry","Whetstone","Frozen Egg 2","Toy Ornithopter","Runic Pyramid"],"potions_floor_usage":[],"damage_taken":[{"damage":8.0,"enemies":"2 Louse","floor":1.0,"turns":3.0},{"damage":0.0,"enemies":"Cultist","floor":2.0,"turns":3.0},{"damage":2.0,"enemies":"Small Slimes","floor":3.0,"turns":2.0},{"damage":5.0,"enemies":"Gremlin Gang","floor":4.0,"turns":3.0},{"damage":16.0,"enemies":"Lagavulin","floor":7.0,"turns":6.0},{"damage":10.0,"enemies":"Gremlin Nob","floor":10.0,"turns":3.0},{"damage":0.0,"enemies":"Blue Slaver","floor":12.0,"turns":3.0},{"damage":2.0,"enemies":"3 Sentries","floor":13.0,"turns":4.0},{"damage":14.0,"enemies":"Looter","floor":14.0,"turns":3.0},{"damage":30.0,"enemies":"Hexaghost","floor":16.0,"turns":8.0},{"damage":6.0,"enemies":"Spheric Guardian","floor":18.0,"turns":4.0},{"damage":0,"enemies":"Shell Parasite","floor":19,"turns":1}],"seed_played":"-3444420989166315258","potions_obtained":[{"floor":1.0,"key":"FocusPotion"},{"floor":3.0,"key":"FearPotion"},{"floor":7.0,"key":"Block Potion"},{"floor":10.0,"key":"FairyPotion"},{"floor":16.0,"key":"DistilledChaos"}],"is_trial":false,"path_per_floor":["M","M","M","M","?","R","E","R","T","E","$","M","E","M","R","B",null,"M","M"],"character_chosen":"DEFECT","items_purchased":["Mayhem+1"],"campfire_rested":1,"item_purchase_floors":[11],"current_hp_per_floor":[60,60,58,53,53,53,44,66,66,56,56,56,54,40,40,10,59,53,53,53],"gold":210,"neow_bonus":"RANDOM_COLORLESS_2","is_prod":false,"is_daily":false,"chose_seed":false,"campfire_upgraded":2,"win_rate":0,"timestamp":1607538952,"path_taken":["M","M","M","M","?","R","E","R","T","E","$","M","E","M","R","BOSS","M","?"],"build_version":"2020-11-30","purchased_purges":0,"victory":false,"max_hp_per_floor":[68,68,68,68,68,68,75,75,75,75,75,75,75,75,75,75,75,75,75,75],"relic_stats":{"counters":[12,43],"Whetstone":["Sunder","Strike_B"],"obtain_stats":[{"Strawberry":7,"Whetstone":9,"Frozen Egg 2":10,"Cracked Core":0,"Toy Ornithopter":13,"Runic Pyramid":17},{"Strawberry":5,"Whetstone":5,"Frozen Egg 2":6,"Cracked Core":0,"Toy Ornithopter":8,"Runic Pyramid":10},{"Strawberry":17,"Whetstone":17,"Frozen Egg 2":20,"Cracked Core":0,"Toy Ornithopter":27,"Runic Pyramid":38}],"Toy Ornithopter":0},"card_choices":[{"not_picked":["Magnetism","Secret Technique"],"picked":"Apotheosis","floor":0.0},{"not_picked":["Hello World","Conserve Battery"],"picked":"Defragment","floor":1.0},{"not_picked":["Force Field","Cold Snap"],"picked":"Sunder","floor":2.0},{"not_picked":["Beam Cell","Chill"],"picked":"Rebound","floor":3.0},{"not_picked":["Steam","Redo"],"picked":"Double Energy","floor":4.0},{"not_picked":["Gash","Turbo"],"picked":"Beam Cell","floor":7.0},{"not_picked":["Gash","Sweeping Beam"],"picked":"Fission","floor":10.0},{"not_picked":["White Noise","Consume"],"picked":"Gash","floor":12.0},{"not_picked":["Steam","Rebound","Stack"],"picked":"SKIP","floor":13.0},{"not_picked":["Conserve Battery","Defragment+1"],"picked":"Streamline","floor":14.0},{"not_picked":["Fission","Reboot"],"picked":"Machine Learning+1","floor":16.0},{"not_picked":["Loop+1","Steam Power"],"picked":"Leap","floor":18.0}],"player_experience":527077,"relics_obtained":[{"floor":7.0,"key":"Strawberry"},{"floor":9.0,"key":"Whetstone"},{"floor":10.0,"key":"Frozen Egg 2"},{"floor":13.0,"key":"Toy Ornithopter"}],"event_choices":[{"damage_healed":0.0,"max_hp_gain":0.0,"max_hp_loss":0.0,"gold_gain":0.0,"event_name":"Match and Keep!","player_choice":"3 cards matched","floor":5.0,"gold_loss":0.0,"damage_taken":0.0,"cards_obtained":["Hologram","Core Surge","Sunder"]}],"is_beta":false,"boss_relics":[{"not_picked":["SacredBark","Cursed Key"],"picked":"Runic Pyramid"}],"items_purged_floors":[],"is_endless":false,"potions_floor_spawned":[1,3,7,10,16],"killed_by":"Shell Parasite","ascension_level":6}}