{"host":"0uumfqrc8aynrssa","time":1607481121,"event":{"gold_per_floor":[110,41,56,56,75,105,127,137,137,137,157,157,127,127,127,127,127],"floor_reached":16,"playtime":5880,"items_purged":[],"score":152,"play_id":"63fc5fe5-4a6f-46b7-a184-56f48e4179db","local_time":"20201208213201","is_ascension_mode":false,"campfire_choices":[{"floor":10,"key":"REST"},{"floor":15,"key":"REST"}],"neow_cost":"NONE","seed_source_timestamp":310049335914600,"circlet_count":0,"master_deck":["stsjorbsmod:ForbiddenGrimoire+1","conspire:GhostlyStrike","conspire:GhostlyStrike","conspire:GhostlyStrike+1","conspire:GhostlyStrike","conspire:GhostlyDefend+1","conspire:GhostlyDefend","conspire:GhostlyDefend","conspire:GhostlyDefend","stsjorbsmod:FreshAdventure","stsjorbsmod:TrueStrike","stsjorbsmod:FindFamiliar","stsjorbsmod:Will","stsjorbsmod:Stalwart","stsjorbsmod:Feast+1","stsjorbsmod:FaerieFire","stsjorbsmod:MageArmor","stsjorbsmod:ParryingBlow"],"relics":["stsjorbsmod:GrimoireRelic","hubris:DisguiseKit","NlothsMask"],"potions_floor_usage":[16],"damage_taken":[{"damage":0,"enemies":"conspire:RoseBush","floor":1,"turns":4},{"damage":3,"enemies":"Cultist","floor":3,"turns":4},{"damage":11,"enemies":"Jaw Worm","floor":5,"turns":3},{"damage":57,"enemies":"Lagavulin","floor":6,"turns":7},{"damage":0,"enemies":"conspire:2 RoseBushes","floor":7,"turns":7},{"damage":2,"enemies":"Large Slime","floor":8,"turns":7},{"damage":31,"enemies":"Exordium Wildlife","floor":11,"turns":8},{"damage":31,"enemies":"Hexaghost","floor":16,"turns":9}],"seed_played":"1709303286789895858","potions_obtained":[{"floor":8,"key":"SkillPotion"},{"floor":13,"key":"potionbrewer:BarricadePotion"},{"floor":13,"key":"Venom Potion"}],"is_trial":false,"path_per_floor":["M","$","M","?","M","E","M","M","T","R","M","?","?","?","R","B"],"character_chosen":"WANDERER","items_purchased":["stsjorbsmod:FindFamiliar"],"campfire_rested":2,"item_purchase_floors":[2],"current_hp_per_floor":[68,68,68,68,59,2,10,15,15,37,8,8,8,8,31,0,0],"gold":127,"neow_bonus":"UPGRADE_CARD","is_prod":false,"is_daily":false,"chose_seed":false,"campfire_upgraded":0,"win_rate":0.0,"timestamp":1607481121,"path_taken":["M","$","M","?","?","E","M","M","T","R","M","?","?","?","R","BOSS"],"build_version":"2020-11-30","purchased_purges":0,"victory":false,"max_hp_per_floor":[68,68,68,68,68,68,72,76,76,76,78,78,78,78,78,78,78],"card_choices":[{"not_picked":["stsjorbsmod:Channel","stsjorbsmod:Index"],"picked":"stsjorbsmod:TrueStrike","floor":1},{"not_picked":["stsjorbsmod:ChatteringStrike","stsjorbsmod:Index"],"picked":"stsjorbsmod:Will","floor":3},{"not_picked":["stsjorbsmod:Prestidigitation","stsjorbsmod:FlameWard"],"picked":"stsjorbsmod:Stalwart","floor":5},{"not_picked":["stsjorbsmod:AnimateObjects","stsjorbsmod:FindFamiliar"],"picked":"stsjorbsmod:Feast","floor":6},{"not_picked":["stsjorbsmod:FlameWard","stsjorbsmod:Patron","Rebound"],"picked":"stsjorbsmod:FaerieFire","floor":7},{"not_picked":["stsjorbsmod:TrueStrike","stsjorbsmod:SchoolsOfMagic","Redo"],"picked":"stsjorbsmod:MageArmor","floor":8},{"not_picked":["stsjorbsmod:WeightOfMemory","stsjorbsmod:FindFamiliar","Leap"],"picked":"stsjorbsmod:ParryingBlow","floor":11}],"player_experience":807489,"relics_obtained":[{"floor":6,"key":"hubris:DisguiseKit"}],"event_choices":[{"damage_healed":0,"gold_gain":0,"player_choice":"Agree","damage_taken":0,"max_hp_gain":0,"max_hp_loss":0,"event_name":"conspire:LoneGhost","floor":4,"gold_loss":0},{"damage_healed":0,"gold_gain":0,"player_choice":"Trade","damage_taken":0,"relics_obtained":["NlothsMask"],"max_hp_gain":0,"max_hp_loss":0,"event_name":"FaceTrader","floor":12,"gold_loss":0},{"damage_healed":0,"gold_gain":0,"player_choice":"Bought 2 Potions","damage_taken":0,"max_hp_gain":0,"max_hp_loss":0,"event_name":"The Woman in Blue","floor":13,"gold_loss":0},{"cards_removed":["stsjorbsmod:EyeOfTheStorm"],"damage_healed":0,"gold_gain":0,"player_choice":"Offered Basic","damage_taken":0,"max_hp_gain":0,"max_hp_loss":0,"event_name":"Bonfire Elementals","floor":14,"gold_loss":0}],"is_beta":false,"boss_relics":[],"items_purged_floors":[],"is_endless":false,"potions_floor_spawned":[8],"killed_by":"Hexaghost","ascension_level":0}}