{"host":"c10fjmjt4zmpjqlg","time":1607492179,"event":{"gold_per_floor":[109,120,120,131,131,160,170,195,195,220,220,220,185,213,213,312,312,312,312,282,282,282,282,282,282,282,282,197,197,197,197,197,197,197,197,197,0,0,0,0,0,0,0,0,0,0,0,0,0,0],"floor_reached":51,"playtime":1704,"items_purged":[],"score":987,"play_id":"799ae212-5077-4b8b-a172-cc8d209ccc11","local_time":"20201209163619","is_ascension_mode":true,"campfire_choices":[{"floor":11,"key":"REST"},{"data":"Metallicize","floor":15,"key":"SMITH"},{"data":"Bludgeon","floor":27,"key":"SMITH"},{"data":"Corruption","floor":32,"key":"SMITH"},{"data":"Clothesline","floor":40,"key":"SMITH"},{"data":"Bash","floor":45,"key":"SMITH"},{"data":"Thunderclap","floor":49,"key":"SMITH"}],"neow_cost":"NONE","seed_source_timestamp":609243860123300,"circlet_count":0,"master_deck":["Strike_R","Strike_R","Strike_R","Strike_R","Strike_R","Defend_R","Defend_R","Defend_R","Defend_R+1","Bash+1","Clothesline+1","Clash","Anger+1","Rampage","Clash","Shockwave+1","Cleave","Metallicize+1","Corruption+1","Anger","Necronomicurse","Bludgeon+1","Havoc+1","Havoc+1","Reckless Charge","Metallicize+1","Disarm+1","Havoc+1","Sever Soul+1","Limit Break+1","Power Through+1","Trip+1","Trip+1","Havoc+1","Havoc+1","Thunderclap+1","Sword Boomerang+1","Clash+1"],"special_seed":0,"relics":["Burning Blood","Centennial Puzzle","Pear","Bottled Lightning","Toxic Egg 2","FossilizedHelix","Ectoplasm","Necronomicon","Boot","Letter Opener","Bag of Preparation","Potion Belt","Singing Bowl","SlaversCollar","Red Mask","Question Card","Sundial","Shuriken","Unceasing Top","Meat on the Bone"],"potions_floor_usage":[29,48,50,50,50,50],"damage_taken":[{"damage":19,"enemies":"Jaw Worm","floor":1,"turns":4},{"damage":5,"enemies":"2 Louse","floor":2,"turns":2},{"damage":0,"enemies":"Cultist","floor":4,"turns":3},{"damage":32,"enemies":"3 Sentries","floor":6,"turns":8},{"damage":0,"enemies":"3 Louse","floor":7,"turns":3},{"damage":25,"enemies":"Lagavulin","floor":8,"turns":5},{"damage":4,"enemies":"Gremlin Nob","floor":10,"turns":3},{"damage":13,"enemies":"Lagavulin","floor":14,"turns":3},{"damage":18,"enemies":"Hexaghost","floor":16,"turns":9},{"damage":0,"enemies":"3 Byrds","floor":18,"turns":5},{"damage":0,"enemies":"Shell Parasite","floor":21,"turns":3},{"damage":5,"enemies":"Cultist and Chosen","floor":22,"turns":4},{"damage":14,"enemies":"Gremlin Leader","floor":23,"turns":4},{"damage":1,"enemies":"Chosen and Byrds","floor":24,"turns":5},{"damage":5,"enemies":"Slavers","floor":25,"turns":3},{"damage":6,"enemies":"Centurion and Healer","floor":29,"turns":2},{"damage":0,"enemies":"Book of Stabbing","floor":30,"turns":4},{"damage":0,"enemies":"Snake Plant","floor":31,"turns":3},{"damage":67,"enemies":"Champ","floor":33,"turns":8},{"damage":18,"enemies":"3 Shapes","floor":35,"turns":3},{"damage":22,"enemies":"3 Darklings","floor":39,"turns":6},{"damage":3,"enemies":"Nemesis","floor":42,"turns":7},{"damage":11,"enemies":"Giant Head","floor":44,"turns":7},{"damage":0,"enemies":"Reptomancer","floor":46,"turns":3},{"damage":0,"enemies":"Spire Growth","floor":48,"turns":2},{"damage":24,"enemies":"Time Eater","floor":50,"turns":6}],"seed_played":"-7254479056664603100","potions_obtained":[{"floor":2,"key":"BloodPotion"},{"floor":4,"key":"SteroidPotion"},{"floor":10,"key":"AttackPotion"},{"floor":20,"key":"Fire Potion"},{"floor":29,"key":"AttackPotion"},{"floor":33,"key":"ColorlessPotion"},{"floor":35,"key":"Dexterity Potion"},{"floor":48,"key":"PowerPotion"}],"is_trial":false,"path_per_floor":["M","M","$","M","?","E","M","E","T","E","R","?","?","E","R","B",null,"M","?","?","M","M","E","M","E","T","R","?","M","E","M","R","B",null,"M","?","?","$","M","R","T","E","T","E","R","E","$","M","R","B",null],"character_chosen":"IRONCLAD","items_purchased":[],"campfire_rested":1,"item_purchase_floors":[],"current_hp_per_floor":[75,76,76,82,64,38,44,35,35,37,66,66,90,83,83,71,98,98,82,82,88,89,81,86,87,87,87,87,87,93,98,98,37,98,86,81,81,81,65,65,65,68,68,63,63,69,69,94,94,76],"gold":0,"neow_bonus":"TEN_PERCENT_HP_BONUS","is_prod":false,"is_daily":false,"chose_seed":false,"campfire_upgraded":6,"win_rate":0,"timestamp":1607492179,"path_taken":["M","M","$","M","?","E","M","E","T","E","R","?","?","E","R","BOSS","M","?","?","M","M","E","?","E","T","R","?","M","E","M","R","BOSS","M","?","?","$","M","R","?","E","T","E","R","E","$","M","R","BOSS"],"build_version":"2020-11-30","purchased_purges":0,"victory":true,"max_hp_per_floor":[88,88,88,88,88,88,88,98,98,98,98,98,98,98,98,98,98,98,98,98,98,98,98,98,98,98,98,98,98,98,98,98,98,98,98,98,98,98,98,98,98,98,98,98,98,98,98,98,98,98],"relic_stats":{"Singing Bowl":0,"counters":[26,115],"Bag of Preparation":[22],"Letter Opener":[138],"Boot":[45],"Question Card":4,"Burning Blood":149,"Centennial Puzzle":[45],"Sundial":[0],"Shuriken":[11],"Ectoplasm":552,"Necronomicon":[39],"obtain_stats":[{"Potion Belt":28,"Pear":8,"Singing Bowl":30,"Bag of Preparation":26,"Letter Opener":25,"Boot":23,"Question Card":41,"Burning Blood":0,"SlaversCollar":34,"Centennial Puzzle":6,"Sundial":42,"Shuriken":43,"Ectoplasm":17,"Necronomicon":19,"Red Mask":37,"Bottled Lightning":9,"Toxic Egg 2":10,"FossilizedHelix":14,"Unceasing Top":44,"Meat on the Bone":46},{"Potion Belt":15,"Pear":6,"Singing Bowl":17,"Bag of Preparation":15,"Letter Opener":15,"Boot":13,"Question Card":21,"Burning Blood":0,"SlaversCollar":19,"Centennial Puzzle":4,"Sundial":22,"Shuriken":22,"Ectoplasm":9,"Necronomicon":10,"Red Mask":20,"Bottled Lightning":6,"Toxic Egg 2":7,"FossilizedHelix":8,"Unceasing Top":23,"Meat on the Bone":24},{"Potion Belt":64,"Pear":25,"Singing Bowl":70,"Bag of Preparation":64,"Letter Opener":64,"Boot":56,"Question Card":90,"Burning Blood":0,"SlaversCollar":81,"Centennial Puzzle":17,"Sundial":97,"Shuriken":97,"Ectoplasm":40,"Necronomicon":45,"Red Mask":84,"Bottled Lightning":25,"Toxic Egg 2":28,"FossilizedHelix":31,"Unceasing Top":104,"Meat on the Bone":107}],"Unceasing Top":[8],"Meat on the Bone":0},"card_choices":[{"not_picked":["Shrug It Off","Twin Strike"],"picked":"Clothesline","floor":1},{"not_picked":["Warcry","Iron Wave"],"picked":"Clash","floor":2},{"not_picked":["Heavy Blade","Armaments"],"picked":"Anger","floor":4},{"not_picked":["True Grit","Rage"],"picked":"Rampage","floor":6},{"not_picked":["Iron Wave","Sever Soul"],"picked":"Clash","floor":7},{"not_picked":["Brutality","Flame Barrier"],"picked":"Shockwave","floor":8},{"not_picked":["Evolve","Rupture"],"picked":"Cleave","floor":10},{"not_picked":["Body Slam","Rampage"],"picked":"Metallicize","floor":14},{"not_picked":["Limit Break+1","Brutality"],"picked":"Corruption","floor":16},{"not_picked":["Warcry+1","Thunderclap"],"picked":"Anger","floor":18},{"not_picked":["Warcry+1","Twin Strike"],"picked":"Bludgeon","floor":21},{"not_picked":["Bloodletting+1","Second Wind+1"],"picked":"Havoc+1","floor":22},{"not_picked":["Armaments+1","Wild Strike"],"picked":"Havoc+1","floor":23},{"not_picked":["Burning Pact+1","Disarm+1"],"picked":"Reckless Charge","floor":24},{"not_picked":["Ghostly Armor+1","Impervious+1"],"picked":"Metallicize+1","floor":25},{"not_picked":["Blood for Blood","True Grit+1"],"picked":"Disarm+1","floor":29},{"not_picked":["Pommel Strike","Power Through+1"],"picked":"Havoc+1","floor":30},{"not_picked":["Intimidate+1","True Grit+1"],"picked":"Sever Soul+1","floor":31},{"not_picked":["Exhume+1","Demon Form"],"picked":"Limit Break+1","floor":33},{"not_picked":["Perfected Strike+1","Pommel Strike+1"],"picked":"Power Through+1","floor":35},{"not_picked":["Enlightenment+1","Thinking Ahead+1"],"picked":"Trip+1","floor":36},{"not_picked":["Forethought+1","Thinking Ahead+1"],"picked":"Trip+1","floor":36},{"not_picked":["Flex+1","Sword Boomerang+1"],"picked":"Havoc+1","floor":39},{"not_picked":["Infernal Blade+1","Demon Form","Flex+1"],"picked":"Havoc+1","floor":42},{"not_picked":["Bloodletting+1","Seeing Red+1","Sword Boomerang"],"picked":"Thunderclap","floor":44},{"not_picked":["Hemokinesis","Seeing Red+1","Iron Wave+1"],"picked":"Sword Boomerang+1","floor":46},{"not_picked":["Twin Strike+1","Reckless Charge","Searing Blow"],"picked":"Clash+1","floor":48}],"player_experience":289351,"relics_obtained":[{"floor":6,"key":"Centennial Puzzle"},{"floor":8,"key":"Pear"},{"floor":9,"key":"Bottled Lightning"},{"floor":10,"key":"Toxic Egg 2"},{"floor":14,"key":"FossilizedHelix"},{"floor":19,"key":"Necronomicon"},{"floor":23,"key":"Boot"},{"floor":25,"key":"Letter Opener"},{"floor":26,"key":"Bag of Preparation"},{"floor":30,"key":"Singing Bowl"},{"floor":41,"key":"Question Card"},{"floor":42,"key":"Sundial"},{"floor":43,"key":"Shuriken"},{"floor":44,"key":"Unceasing Top"},{"floor":46,"key":"Meat on the Bone"}],"event_choices":[{"damage_healed":0,"gold_gain":0,"player_choice":"Entered Light","damage_taken":18,"max_hp_gain":0,"max_hp_loss":0,"event_name":"Shining Light","floor":5,"gold_loss":0,"cards_upgraded":["Defend_R","Anger"]},{"damage_healed":0,"gold_gain":0,"player_choice":"Grow","damage_taken":0,"max_hp_gain":0,"max_hp_loss":0,"event_name":"Living Wall","floor":12,"gold_loss":0,"cards_upgraded":["Shockwave"]},{"damage_healed":24,"gold_gain":0,"player_choice":"Healed","damage_taken":0,"max_hp_gain":0,"max_hp_loss":0,"event_name":"The Cleric","floor":13,"gold_loss":35},{"damage_healed":0,"gold_gain":0,"player_choice":"Obtained Book","damage_taken":16,"max_hp_gain":0,"max_hp_loss":0,"event_name":"Cursed Tome","floor":19,"gold_loss":0},{"damage_healed":0,"gold_gain":0,"player_choice":"Bought 2 Potions","damage_taken":0,"max_hp_gain":0,"max_hp_loss":0,"event_name":"The Woman in Blue","floor":20,"gold_loss":0},{"damage_healed":0,"gold_gain":0,"player_choice":"Obtained Relic","damage_taken":0,"relics_obtained":["Potion Belt"],"max_hp_gain":0,"max_hp_loss":0,"event_name":"Addict","floor":28,"gold_loss":85},{"damage_healed":0,"gold_gain":0,"player_choice":"Memory 2","damage_taken":5,"max_hp_gain":0,"max_hp_loss":0,"event_name":"SensoryStone","floor":36,"gold_loss":0},{"damage_healed":0,"gold_gain":0,"player_choice":"Paid","damage_taken":0,"relics_obtained":["Red Mask"],"max_hp_gain":0,"max_hp_loss":0,"event_name":"Tomb of Lord Red Mask","floor":37,"gold_loss":197}],"is_beta":false,"boss_relics":[{"not_picked":["Pandora\u0027s Box","Calling Bell"],"picked":"Ectoplasm"},{"not_picked":["Runic Pyramid","Runic Cube"],"picked":"SlaversCollar"}],"items_purged_floors":[],"is_endless":false,"potions_floor_spawned":[2,4,10,16,21,23,29,33,35,42,48],"ascension_level":1}}