{"host":"ixl9a8gzl87gveif","time":1607554088,"event":{"gold_per_floor":[117,134,134,99,114,114,149,149,149,177,177,177,196,196,196,270,320,334,350,4,23,23,23],"floor_reached":22,"playtime":595,"items_purged":[],"score":392,"play_id":"7f75c4ff-1552-44c2-bdd0-255fdee18b60","local_time":"20201209224808","is_ascension_mode":true,"campfire_choices":[{"data":"Beam Cell","floor":6,"key":"SMITH"},{"data":"Streamline","floor":8,"key":"SMITH"},{"data":"Undo","floor":15,"key":"SMITH"}],"neow_cost":"NONE","seed_source_timestamp":367384018068000,"circlet_count":0,"master_deck":["AscendersBane","Strike_B","Strike_B","Strike_B","Defend_B","Defend_B","Defend_B","Defend_B","Zap","Dualcast","Streamline+1","Rebound+1","Beam Cell+1","Undo+1","Coolheaded","Leap","Buffer","FTL","Leap","Beam Cell","Creative AI","Cold Snap","Glacier"],"relics":["Cracked Core","Orichalcum","StrikeDummy","Blue Candle","Boot","Bottled Lightning","Tiny House","Blood Vial"],"potions_floor_usage":[11,11,16,22],"damage_taken":[{"damage":7,"enemies":"Jaw Worm","floor":1,"turns":3},{"damage":14,"enemies":"Small Slimes","floor":2,"turns":3},{"damage":0,"enemies":"Cultist","floor":5,"turns":3},{"damage":2,"enemies":"Gremlin Nob","floor":7,"turns":3},{"damage":21,"enemies":"Lagavulin","floor":10,"turns":5},{"damage":0,"enemies":"Gremlin Gang","floor":11,"turns":3},{"damage":9,"enemies":"Exordium Thugs","floor":13,"turns":3},{"damage":26,"enemies":"Hexaghost","floor":16,"turns":9},{"damage":8,"enemies":"Shell Parasite","floor":18,"turns":3},{"damage":12,"enemies":"Chosen","floor":19,"turns":5},{"damage":19,"enemies":"Centurion and Healer","floor":21,"turns":7},{"damage":27,"enemies":"Sentry and Sphere","floor":22,"turns":3}],"seed_played":"-1940218490112709859","potions_obtained":[{"floor":1,"key":"SkillPotion"},{"floor":10,"key":"SmokeBomb"},{"floor":13,"key":"Regen Potion"},{"floor":16,"key":"DuplicationPotion"},{"floor":17,"key":"Swift Potion"}],"is_trial":false,"path_per_floor":["M","M","?","?","M","R","E","R","T","E","M","?","M","T","R","B",null,"M","M","$","M","M"],"character_chosen":"DEFECT","items_purchased":["Creative AI","Blood Vial","Cold Snap"],"campfire_rested":0,"item_purchase_floors":[20,20,20],"current_hp_per_floor":[57,43,36,53,53,53,51,51,51,30,30,30,21,21,21,10,61,53,41,41,24,0,0],"gold":23,"neow_bonus":"RANDOM_COMMON_RELIC","is_prod":false,"is_daily":false,"chose_seed":false,"campfire_upgraded":3,"win_rate":0,"timestamp":1607554088,"path_taken":["M","M","?","?","M","R","E","R","T","E","M","?","?","?","R","BOSS","M","M","$","?","M"],"build_version":"2020-11-30","purchased_purges":0,"victory":false,"max_hp_per_floor":[71,71,71,71,71,71,71,71,71,71,71,71,71,71,71,71,76,76,76,76,76,76,76],"relic_stats":{"Blood Vial":4,"counters":[12,50],"Blue Candle":[0],"Orichalcum":[198],"Boot":[16],"obtain_stats":[{"Blood Vial":20,"Tiny House":17,"Blue Candle":9,"Bottled Lightning":14,"Orichalcum":0,"Cracked Core":0,"StrikeDummy":7,"Boot":10},{"Blood Vial":10,"Tiny House":8,"Blue Candle":4,"Bottled Lightning":7,"Orichalcum":0,"Cracked Core":0,"StrikeDummy":4,"Boot":5},{"Blood Vial":40,"Tiny House":32,"Blue Candle":12,"Bottled Lightning":23,"Orichalcum":0,"Cracked Core":0,"StrikeDummy":12,"Boot":17}]},"card_choices":[{"not_picked":["Self Repair","Heatsinks"],"picked":"Streamline","floor":1},{"not_picked":["Coolheaded","Beam Cell"],"picked":"Rebound","floor":2},{"not_picked":["Go for the Eyes","Turbo"],"picked":"Beam Cell","floor":5},{"not_picked":["Steam","Barrage"],"picked":"Undo","floor":7},{"not_picked":["Hello World","Amplify"],"picked":"Coolheaded","floor":10},{"not_picked":["Barrage","Stack"],"picked":"Leap","floor":13},{"not_picked":["Multi-Cast","Reboot"],"picked":"Buffer","floor":16},{"not_picked":["Double Energy","Stack"],"picked":"FTL","floor":17},{"not_picked":["Scrape","Heatsinks"],"picked":"Leap","floor":18},{"not_picked":["Redo","Leap"],"picked":"Beam Cell","floor":19},{"not_picked":["Auto Shields","Go for the Eyes"],"picked":"Glacier","floor":21}],"player_experience":338835,"relics_obtained":[{"floor":7,"key":"StrikeDummy"},{"floor":9,"key":"Blue Candle"},{"floor":10,"key":"Boot"},{"floor":14,"key":"Bottled Lightning"}],"event_choices":[{"cards_removed":["Strike_B"],"damage_healed":0,"gold_gain":0,"player_choice":"Card Removal","damage_taken":7,"max_hp_gain":0,"max_hp_loss":0,"event_name":"Golden Wing","floor":3,"gold_loss":0},{"damage_healed":17,"gold_gain":0,"player_choice":"Healed","damage_taken":0,"max_hp_gain":0,"max_hp_loss":0,"event_name":"The Cleric","floor":4,"gold_loss":35},{"damage_healed":0,"gold_gain":0,"player_choice":"Ignored","damage_taken":0,"max_hp_gain":0,"max_hp_loss":0,"event_name":"Liars Game","floor":12,"gold_loss":0}],"is_beta":false,"boss_relics":[{"not_picked":["Philosopher\u0027s Stone","Sozu"],"picked":"Tiny House"}],"items_purged_floors":[],"is_endless":false,"potions_floor_spawned":[1,10,13,16,19],"killed_by":"Sentry and Sphere","ascension_level":20}}