{"host":"w6ebodudjlk2jwu4","time":1607488746,"event":{"gold_per_floor":[110,60,60,74,100,126,126,138,165,179,193,193,205,219,219,219,219],"floor_reached":16,"playtime":1190,"items_purged":[],"score":104,"play_id":"b49f35d7-e286-4e6a-92e6-c3d5386275ec","local_time":"20201208203906","is_ascension_mode":false,"campfire_choices":[{"floor":12,"key":"REST"},{"data":"Dash","floor":15,"key":"SMITH"}],"neow_cost":"NONE","seed_source_timestamp":2181047623445999,"circlet_count":0,"master_deck":["Strike_G+1","Strike_G+1","Strike_G","Strike_G","Defend_G","Defend_G","Defend_G","Defend_G+1","Defend_G","Survivor","Neutralize","Dagger Throw","Sucker Punch","Heel Hook","Dash+1","Deflect","Acrobatics","Flying Knee","Hidden Blade"],"special_seed":0,"relics":["Ring of the Snake","Gremlin Food","Ninja Scroll","Potion Belt"],"potions_floor_usage":[],"damage_taken":[{"damage":0.0,"enemies":"Cultist","floor":1.0,"turns":5.0},{"damage":0.0,"enemies":"2 Louse","floor":4.0,"turns":3.0},{"damage":35.0,"enemies":"Lagavulin","floor":6.0,"turns":12.0},{"damage":0,"enemies":"Jaw Worm","floor":8,"turns":2},{"damage":0,"enemies":"Exordium Wildlife","floor":10,"turns":3},{"damage":0,"enemies":"3 Louse","floor":11,"turns":3},{"damage":0,"enemies":"Exordium Thugs","floor":13,"turns":4},{"damage":0,"enemies":"Large Slime","floor":14,"turns":4},{"damage":77,"enemies":"Hexaghost","floor":16,"turns":16}],"seed_played":"-4570050368467978511","potions_obtained":[{"floor":4.0,"key":"blueLaboratory:BottleOfVodka"},{"floor":8,"key":"FairyPotion"}],"is_trial":false,"path_per_floor":["M","?","?","M","T","E","$","M","T","M","M","R","M","M","R","B"],"character_chosen":"THE_SILENT","items_purchased":[],"campfire_rested":1,"item_purchase_floors":[],"current_hp_per_floor":[77,77,62,62,62,27,27,27,27,27,27,50,50,50,50,0,0],"gold":219,"neow_bonus":"TEN_PERCENT_HP_BONUS","is_prod":false,"is_daily":false,"chose_seed":false,"campfire_upgraded":1,"win_rate":0.0,"timestamp":1607488746,"path_taken":["M","?","?","M","?","E","$","M","T","M","?","R","M","M","R","BOSS"],"build_version":"2020-11-30","purchased_purges":0,"victory":false,"max_hp_per_floor":[77,77,77,77,77,77,77,77,77,77,77,77,77,77,77,77,77],"relic_stats":{"counters":[9,52],"obtain_stats":[{"Gremlin Food":5,"Potion Belt":9,"Ninja Scroll":6,"Ring of the Snake":0},{"Gremlin Food":2,"Potion Belt":4,"Ninja Scroll":3,"Ring of the Snake":0},{"Gremlin Food":8,"Potion Belt":22,"Ninja Scroll":20,"Ring of the Snake":0}],"Ring of the Snake":[18]},"card_choices":[{"not_picked":["Deadly Poison","PiercingWail"],"picked":"Dagger Throw","floor":1.0},{"not_picked":["PiercingWail","Bouncing Flask"],"picked":"Sucker Punch","floor":4.0},{"not_picked":["Phantasmal Killer","Deflect"],"picked":"Heel Hook","floor":6.0},{"not_picked":["ReplayTheSpireMod:Scrap Shanks","Backflip"],"picked":"Dash","floor":8},{"not_picked":["Outmaneuver","Prepared"],"picked":"Deflect","floor":10},{"not_picked":["Noxious Fumes","Poisoned Stab"],"picked":"Acrobatics","floor":11},{"not_picked":["Noxious Fumes","Bouncing Flask"],"picked":"Flying Knee","floor":13},{"not_picked":["ReplayTheSpireMod:Exploit Weakness","Deadly Poison"],"picked":"Hidden Blade","floor":14}],"player_experience":4670,"relics_obtained":[{"floor":5.0,"key":"Gremlin Food"},{"floor":6.0,"key":"Ninja Scroll"},{"floor":9,"key":"Potion Belt"}],"event_choices":[{"cards_removed":["Strike_G"],"damage_healed":0.0,"max_hp_gain":0.0,"max_hp_loss":0.0,"gold_gain":0.0,"event_name":"The Cleric","player_choice":"Card Removal","floor":2.0,"gold_loss":50.0,"damage_taken":0.0},{"damage_healed":0.0,"max_hp_gain":0.0,"max_hp_loss":0.0,"gold_gain":0.0,"event_name":"Shining Light","player_choice":"Entered Light","floor":3.0,"gold_loss":0.0,"damage_taken":15.0,"cards_upgraded":["Defend_G","Strike_G"]}],"is_beta":false,"boss_relics":[],"items_purged_floors":[],"is_endless":false,"potions_floor_spawned":[4,8],"killed_by":"Hexaghost","ascension_level":0}}