{"host":"d1za9dvx43o9v494","time":1607545672,"event":{"gold_per_floor":[99,127,52,87,87,87,112,138,138,169,180,180,202,112,131,230,230,155,169,17,17,59,59,59],"floor_reached":23,"playtime":1329,"items_purged":["champ:Defend","champ:Strike"],"score":300,"play_id":"56424d24-cc6f-41a1-b9a5-73f7fbd6e4be","local_time":"20201209232752","is_ascension_mode":true,"campfire_choices":[{"floor":1,"key":"RECALL"},{"data":"champ:Lariat","floor":3,"key":"SMITH"},{"data":"champ:DeathBlow","floor":5,"key":"SMITH"},{"data":"champ:HeartStrike","floor":18,"key":"SMITH"}],"neow_cost":"NONE","seed_source_timestamp":28738791891987,"circlet_count":0,"master_deck":["champ:Strike","champ:Strike","champ:Defend","champ:Defend","champ:Defend","champ:Execute","champ:Taunt","champ:Lariat+1","champ:DeathBlow+1","champ:Control","champ:SkillfulDodge","champ:AdrenalArmor","champ:HeartStrike+1","champ:EnchantCrown","champ:SwordThrow","Necronomicurse","champ:GutPunch"],"relics":["champ:ChampionCrown","downfall:HeartsMalice","Akabeko","downfall:HeartBlessingRed","WingedGreaves","Orichalcum","Shuriken","HornCleat","Odd Mushroom","Runic Dome","downfall:HeartBlessingGreen","Necronomicon","Pen Nib"],"potions_floor_usage":[],"damage_taken":[{"damage":0,"enemies":"Gremlin Nob","floor":2,"turns":1},{"damage":0,"enemies":"3 Sentries","floor":4,"turns":1},{"damage":0,"enemies":"Gremlin Nob","floor":8,"turns":1},{"damage":68,"enemies":"3 Sentries","floor":10,"turns":3},{"damage":25,"enemies":"Jaw Worm","floor":11,"turns":2},{"damage":26,"enemies":"The Mushroom Lair","floor":13,"turns":2},{"damage":57,"enemies":"downfall:FleeingMerchant","floor":14,"turns":4},{"damage":25,"enemies":"2 Louse","floor":15,"turns":1},{"damage":75,"enemies":"downfall:Defect","floor":16,"turns":5},{"damage":32,"enemies":"Spheric Guardian","floor":19,"turns":3},{"damage":34,"enemies":"downfall:FleeingMerchant","floor":20,"turns":4},{"damage":63,"enemies":"downfall:FleeingMerchant","floor":22,"turns":3},{"damage":83,"enemies":"Gremlin Leader","floor":23,"turns":3}],"seed_played":"-5079905320061305593","potions_obtained":[{"floor":2,"key":"Energy Potion"},{"floor":8,"key":"Ancient Potion"},{"floor":10,"key":"SteroidPotion"},{"floor":16,"key":"Swift Potion"}],"is_trial":false,"path_per_floor":["R","E","R","E","R","?","T","E","?","E","M","?","?","$","M","B",null,"R","M","$","?","$","E"],"character_chosen":"THE_CHAMP","items_purchased":["champ:SwordThrow","champ:GutPunch","Pen Nib"],"campfire_rested":0,"item_purchase_floors":[20,22,22],"current_hp_per_floor":[90,90,90,90,90,90,90,90,90,72,72,77,76,86,86,62,95,95,95,95,79,79,0,0],"gold":59,"neow_bonus":"THREE_ENEMY_KILL","is_prod":false,"is_daily":false,"chose_seed":false,"campfire_upgraded":3,"win_rate":0,"timestamp":1607545672,"path_taken":["R","E","R","E","R","?","T","E","?","E","M","?","?","?","M","BOSS","R","M","$","?","$","E"],"build_version":"2020-11-30","purchased_purges":2,"victory":false,"max_hp_per_floor":[90,90,90,90,90,90,90,90,90,90,90,95,95,95,95,95,95,95,95,95,95,95,95,95],"card_choices":[{"not_picked":["champ:ViciousMockery","champ:Circumvent"],"picked":"champ:Lariat","floor":2},{"not_picked":["champ:StanceDance","champ:BerserkersShout"],"picked":"champ:DeathBlow","floor":4},{"not_picked":["champ:AdrenalArmor","champ:CrookedStrike"],"picked":"champ:Control","floor":8},{"not_picked":["champ:CheapShot","champ:EnGarde"],"picked":"champ:SkillfulDodge","floor":10},{"not_picked":["champ:FightOn","champ:CalledShot","champ:PreciseThrust"],"picked":"SKIP","floor":11},{"not_picked":["champ:ShieldWall","champ:BerserkersShout"],"picked":"champ:AdrenalArmor","floor":14},{"not_picked":["champ:FocusedBerserking","champ:StanceDance"],"picked":"champ:HeartStrike","floor":15},{"not_picked":["champ:CheapShot","champ:ShieldThrow"],"picked":"champ:EnchantCrown","floor":16},{"not_picked":["champ:Haymaker","champ:FaceSlap","champ:Circumvent"],"picked":"SKIP","floor":19},{"not_picked":["champ:Haymaker","champ:FaceSlap","champ:Circumvent"],"picked":"SKIP","floor":19},{"not_picked":["champ:RecklessLeap","champ:CalledShot","champ:EndlessRage"],"picked":"SKIP","floor":20}],"player_experience":537443,"relics_obtained":[{"floor":2,"key":"Akabeko"},{"floor":4,"key":"WingedGreaves"},{"floor":7,"key":"Orichalcum"},{"floor":8,"key":"Shuriken"},{"floor":10,"key":"HornCleat"},{"floor":13,"key":"Odd Mushroom"},{"floor":21,"key":"Necronomicon"}],"event_choices":[{"damage_healed":0,"gold_gain":0,"player_choice":"Donut","damage_taken":0,"max_hp_gain":5,"max_hp_loss":0,"event_name":"Big Fish","floor":12,"gold_loss":0},{"damage_healed":0,"gold_gain":0,"player_choice":"Fought Mushrooms","damage_taken":0,"max_hp_gain":0,"max_hp_loss":0,"event_name":"Mushrooms","floor":13,"gold_loss":0}],"is_beta":false,"boss_relics":[{"not_picked":["Ectoplasm","champ:PowerArmor"],"picked":"Runic Dome"}],"items_purged_floors":[14,22],"is_endless":false,"potions_floor_spawned":[2,8,10,13,16],"killed_by":"Gremlin Leader","ascension_level":1}}