{"host":"J","time":1607537346,"event":{"gold_per_floor":[114,124,124,140,215,240,240,240,240,240,268,281,315,325,325,398,398,410,335,345,345,361,387,387,413,440,440,473,493,127,27,27,102,102,112,112,125,125,125,156,156,175,175,210,0,0,14,24,24,24,24,24,24,24,53,53],"floor_reached":57,"playtime":8053,"items_purged":["Strike_R","Decay"],"score":3026,"play_id":"f32fed2c-e93a-4e9d-bcd7-476108b4c233","local_time":"20201209190906","is_ascension_mode":true,"campfire_choices":[{"data":"Seeing Red","floor":8.0,"key":"SMITH"},{"data":"Uppercut","floor":10.0,"key":"SMITH"},{"data":"Feel No Pain","floor":15.0,"key":"SMITH"},{"data":"Fiend Fire","floor":24.0,"key":"SMITH"},{"data":"Pommel Strike","floor":27.0,"key":"SMITH"},{"floor":32.0,"key":"REST"},{"floor":41,"key":"RECALL"},{"data":"Seeing Red","floor":46,"key":"SMITH"},{"data":"Shockwave","floor":49,"key":"SMITH"},{"data":"Impervious","floor":53,"key":"SMITH"}],"neow_cost":"TEN_PERCENT_HP_LOSS","seed_source_timestamp":0,"circlet_count":0,"master_deck":["AscendersBane","Defend_R","Defend_R","Defend_R","Defend_R","Bash","Shrug It Off","Uppercut+1","Feel No Pain+1","Rage","Seeing Red+1","Pommel Strike+1","Sentinel","Fiend Fire+1","Headbutt","Impervious+1","Sentinel+1","Battle Trance","True Grit+1","Barricade+1","Infernal Blade","Intimidate","Reaper","Seeing Red+1","Entrench+1","Shockwave+1"],"special_seed":0,"relics":["Burning Blood","Dead Branch","Blue Candle","Red Skull","Nunchaku","Bottled Tornado","Cursed Key","InkBottle","Anchor","Frozen Egg 2","Runic Cube","Boot","FossilizedHelix","Red Mask"],"potions_floor_usage":[37,50,56],"damage_taken":[{"damage":2.0,"enemies":"Jaw Worm","floor":1.0,"turns":5.0},{"damage":12.0,"enemies":"Small Slimes","floor":2.0,"turns":4.0},{"damage":7.0,"enemies":"2 Louse","floor":4.0,"turns":2.0},{"damage":5.0,"enemies":"Lagavulin","floor":6.0,"turns":6.0},{"damage":8.0,"enemies":"Gremlin Nob","floor":11.0,"turns":4.0},{"damage":3.0,"enemies":"Blue Slaver","floor":12.0,"turns":4.0},{"damage":8.0,"enemies":"Lagavulin","floor":13.0,"turns":6.0},{"damage":6.0,"enemies":"Exordium Wildlife","floor":14.0,"turns":3.0},{"damage":10.0,"enemies":"Hexaghost","floor":16.0,"turns":7.0},{"damage":0.0,"enemies":"2 Thieves","floor":18.0,"turns":3.0},{"damage":8.0,"enemies":"Shell Parasite","floor":20.0,"turns":5.0},{"damage":0.0,"enemies":"Snecko","floor":22.0,"turns":3.0},{"damage":18.0,"enemies":"Slavers","floor":23.0,"turns":4.0},{"damage":34.0,"enemies":"Book of Stabbing","floor":25.0,"turns":6.0},{"damage":38.0,"enemies":"Gremlin Leader","floor":28.0,"turns":7.0},{"damage":1.0,"enemies":"Sentry and Sphere","floor":29.0,"turns":4.0},{"damage":7.0,"enemies":"Collector","floor":33.0,"turns":10.0},{"damage":0,"enemies":"Orb Walker","floor":35,"turns":3},{"damage":0,"enemies":"3 Darklings","floor":37,"turns":10},{"damage":0,"enemies":"Giant Head","floor":40,"turns":11},{"damage":0,"enemies":"Sphere and 2 Shapes","floor":42,"turns":7},{"damage":0,"enemies":"Nemesis","floor":44,"turns":13},{"damage":0,"enemies":"Maw","floor":47,"turns":11},{"damage":0,"enemies":"Jaw Worm Horde","floor":48,"turns":5},{"damage":0,"enemies":"Time Eater","floor":50,"turns":10},{"damage":30,"enemies":"Awakened One","floor":51,"turns":13},{"damage":14,"enemies":"Shield and Spear","floor":55,"turns":9},{"damage":62,"enemies":"The Heart","floor":56,"turns":8}],"seed_played":"3646934747869246181","potions_obtained":[{"floor":1.0,"key":"Ancient Potion"},{"floor":4.0,"key":"ElixirPotion"},{"floor":6.0,"key":"PowerPotion"},{"floor":12.0,"key":"Ancient Potion"},{"floor":14.0,"key":"LiquidMemories"},{"floor":18.0,"key":"LiquidBronze"},{"floor":22.0,"key":"ColorlessPotion"},{"floor":25.0,"key":"BloodPotion"},{"floor":29.0,"key":"AttackPotion"},{"floor":37,"key":"Energy Potion"}],"is_trial":false,"path_per_floor":["M","M","?","M","?","E","?","R","T","R","E","M","E","M","R","B",null,"M","?","M","?","M","E","R","E","T","R","E","M","$","$","R","B",null,"M","?","M","?","$","E","R","M","T","E","?","R","M","M","R","B","B",null,"R","$","E","B",null],"character_chosen":"IRONCLAD","items_purchased":["Barricade+1","Infernal Blade","Intimidate"],"campfire_rested":1,"item_purchase_floors":[30,30,30],"current_hp_per_floor":[68,62,62,61,50,51,51,51,51,51,49,52,50,50,50,46,63,68,68,66,66,68,56,56,41,41,41,9,14,14,14,34,33,59,68,78,78,78,78,78,78,78,78,78,78,78,78,78,78,78,54,72,72,72,64,13],"gold":53,"neow_bonus":"ONE_RARE_RELIC","is_prod":false,"is_daily":false,"chose_seed":false,"campfire_upgraded":8,"win_rate":0,"timestamp":1607537346,"path_taken":["M","M","?","M","?","E","?","R","T","R","E","M","E","M","R","BOSS","M","?","M","?","M","E","R","E","T","R","E","M","$","?","R","BOSS","M","?","?","?","?","E","R","M","T","E","?","R","?","M","R","BOSS","BOSS","R","$","E","BOSS"],"build_version":"2020-12-07","purchased_purges":2,"victory":true,"max_hp_per_floor":[68,68,68,68,68,68,68,68,68,68,68,68,68,68,68,68,68,68,68,68,68,68,68,68,68,68,68,68,68,68,68,68,68,68,68,78,78,78,78,78,78,78,78,78,78,78,78,78,78,78,78,78,78,78,78,78],"relic_stats":{"Nunchaku":[22],"counters":[15,127],"Dead Branch":[390],"Blue Candle":[2],"Cursed Key":1,"Boot":[57],"obtain_stats":[{"Dead Branch":0,"Blue Candle":0,"Bottled Tornado":0,"Frozen Egg 2":28,"Cursed Key":0,"Boot":40,"Burning Blood":0,"Nunchaku":0,"Anchor":25,"Red Mask":45,"Red Skull":0,"InkBottle":0,"FossilizedHelix":44,"Runic Cube":34},{"Dead Branch":0,"Blue Candle":0,"Bottled Tornado":0,"Frozen Egg 2":2,"Cursed Key":0,"Boot":7,"Burning Blood":0,"Nunchaku":0,"Anchor":1,"Red Mask":9,"Red Skull":0,"InkBottle":0,"FossilizedHelix":9,"Runic Cube":4},{"Dead Branch":0,"Blue Candle":0,"Bottled Tornado":0,"Frozen Egg 2":13,"Cursed Key":0,"Boot":51,"Burning Blood":0,"Nunchaku":0,"Anchor":6,"Red Mask":71,"Red Skull":0,"InkBottle":0,"FossilizedHelix":71,"Runic Cube":27}],"Burning Blood":47,"InkBottle":[49],"Runic Cube":[30]},"card_choices":[{"not_picked":["Wild Strike","Power Through"],"picked":"Shrug It Off","floor":1.0},{"not_picked":["Whirlwind","Flex"],"picked":"Uppercut","floor":2.0},{"not_picked":["Spot Weakness","Iron Wave"],"picked":"Feel No Pain","floor":4.0},{"not_picked":["Havoc","Infernal Blade"],"picked":"Rage","floor":6.0},{"not_picked":["Sever Soul","Sword Boomerang"],"picked":"Pommel Strike","floor":11.0},{"not_picked":["Armaments","Reckless Charge"],"picked":"Sentinel","floor":12.0},{"not_picked":["Burning Pact","Clothesline"],"picked":"Fiend Fire","floor":13.0},{"not_picked":["Havoc","Armaments"],"picked":"Headbutt","floor":14.0},{"not_picked":["Demon Form","Juggernaut"],"picked":"Impervious","floor":16.0},{"not_picked":["Dual Wield","Clash"],"picked":"Sentinel+1","floor":18.0},{"not_picked":["Sentinel","Clash","Rage"],"picked":"SKIP","floor":20.0},{"not_picked":["Clash","Twin Strike","Iron Wave"],"picked":"SKIP","floor":22.0},{"not_picked":["Heavy Blade","Metallicize","Thunderclap"],"picked":"SKIP","floor":23.0},{"not_picked":["Anger","Perfected Strike"],"picked":"True Grit+1","floor":25.0},{"not_picked":["Pommel Strike","Thunderclap+1","Sentinel"],"picked":"SKIP","floor":28.0},{"not_picked":["Warcry","Combust+1","Twin Strike+1"],"picked":"SKIP","floor":29.0},{"not_picked":["Impervious","Fiend Fire"],"picked":"Reaper","floor":33.0},{"not_picked":["Combust+1","Pommel Strike","Havoc+1"],"picked":"SKIP","floor":35},{"not_picked":["Thunderclap+1","Twin Strike","Anger+1"],"picked":"SKIP","floor":37},{"not_picked":["Twin Strike+1","Body Slam+1"],"picked":"Seeing Red","floor":40},{"not_picked":["Thunderclap","Feel No Pain+1"],"picked":"Entrench+1","floor":42},{"not_picked":["Feed","Spot Weakness","Rampage+1"],"picked":"SKIP","floor":44},{"not_picked":["Sever Soul","Headbutt"],"picked":"Shockwave","floor":47},{"not_picked":["Heavy Blade","Sentinel","Pommel Strike"],"picked":"SKIP","floor":48},{"not_picked":["Warcry","Juggernaut+1","Whirlwind"],"picked":"SKIP","floor":55}],"player_experience":204036,"relics_obtained":[{"floor":6.0,"key":"Blue Candle"},{"floor":9.0,"key":"Red Skull"},{"floor":11.0,"key":"Nunchaku"},{"floor":13.0,"key":"Bottled Tornado"},{"floor":23.0,"key":"InkBottle"},{"floor":25.0,"key":"Anchor"},{"floor":28.0,"key":"Frozen Egg 2"},{"floor":40,"key":"Boot"},{"floor":44,"key":"FossilizedHelix"}],"event_choices":[{"damage_healed":0.0,"max_hp_gain":0.0,"max_hp_loss":0.0,"gold_gain":0.0,"event_name":"Liars Game","player_choice":"Ignored","floor":3.0,"gold_loss":0.0,"damage_taken":0.0},{"damage_healed":0.0,"max_hp_gain":0.0,"max_hp_loss":0.0,"gold_gain":75.0,"event_name":"World of Goop","player_choice":"Gather Gold","floor":5.0,"gold_loss":0.0,"damage_taken":11.0},{"damage_healed":0.0,"max_hp_gain":0.0,"max_hp_loss":0.0,"gold_gain":0.0,"cards_transformed":["Strike_R"],"event_name":"Living Wall","player_choice":"Change","floor":7.0,"gold_loss":0.0,"damage_taken":0.0,"cards_obtained":["Seeing Red"]},{"cards_removed":["Strike_R"],"damage_healed":0.0,"max_hp_gain":0.0,"max_hp_loss":0.0,"gold_gain":0.0,"event_name":"Beggar","player_choice":"Gave Gold","floor":19.0,"gold_loss":75.0,"damage_taken":0.0},{"damage_healed":0.0,"max_hp_gain":0.0,"max_hp_loss":0.0,"gold_gain":0.0,"cards_transformed":["Strike_R","Strike_R"],"event_name":"Drug Dealer","player_choice":"Became Test Subject","floor":21.0,"gold_loss":0.0,"damage_taken":0.0,"cards_obtained":["Battle Trance","Bludgeon"]},{"cards_removed":["Bludgeon"],"damage_healed":0,"gold_gain":0,"player_choice":"Offered Rare","damage_taken":0,"max_hp_gain":10,"max_hp_loss":0,"event_name":"Bonfire Elementals","floor":36,"gold_loss":0},{"damage_healed":0,"gold_gain":0,"player_choice":"0 cards matched","damage_taken":0,"max_hp_gain":0,"max_hp_loss":0,"event_name":"Match and Keep!","floor":38,"gold_loss":0,"cards_obtained":[]},{"damage_healed":0,"gold_gain":0,"player_choice":"Paid","damage_taken":0,"relics_obtained":["Red Mask"],"max_hp_gain":0,"max_hp_loss":0,"event_name":"Tomb of Lord Red Mask","floor":45,"gold_loss":210}],"is_beta":true,"boss_relics":[{"not_picked":["Tiny House","Astrolabe"],"picked":"Cursed Key"},{"not_picked":["Philosopher\u0027s Stone","Empty Cage"],"picked":"Runic Cube"}],"items_purged_floors":[30,31],"is_endless":false,"potions_floor_spawned":[1,4,6,12,14,18,22,25,29,37,48],"ascension_level":20}}