{"host":"woah5shdh5xsovm3","time":1607540166,"event":{"gold_per_floor":[125,125,200,215,233,278,295,295,321,321,321,338,368,400,400,500,500,536,536,168,267,277,306,306,306,306,338,338,338,338,363,363,463,463,475,588,588,603,603,637,637,322,322,322,322,322,335,22,22,22],"floor_reached":51,"playtime":3134,"items_purged":["animator:Strike","animator:Strike","ReplayTheSpireMod:Splinters"],"score":767,"play_id":"84377bc9-108f-4239-8da6-2bebcb382116","local_time":"20201209125606","is_ascension_mode":false,"campfire_choices":[{"floor":8,"key":"REST"},{"floor":10,"key":"REST"},{"floor":15,"key":"REST"},{"floor":24,"key":"REST"},{"data":"animator:Yuuichirou","floor":28,"key":"SMITH"},{"data":"animator:Yoichi","floor":28,"key":"SMITH"},{"data":"animator:Mikaela","floor":41,"key":"SMITH"},{"data":"animator:Shigure","floor":41,"key":"SMITH"},{"floor":44,"key":"REST"},{"data":"animator:KrulTepes","floor":44,"key":"SMITH"},{"data":"animator:Shinoa","floor":44,"key":"SMITH"},{"data":"Bite","floor":46,"key":"SMITH"},{"data":"Bite","floor":46,"key":"SMITH"},{"floor":49,"key":"REST"},{"data":"Bite","floor":49,"key":"SMITH"},{"data":"Bite","floor":49,"key":"SMITH"}],"neow_cost":"NONE","seed_source_timestamp":656825966833000,"circlet_count":0,"master_deck":["animator:Defend_OwariNoSeraph+1","animator:Defend","animator:Defend","animator:Defend+1","animator:Shinoa+1","animator:Mikaela+1","animator:HiiragiShinya+1","animator:Yuuichirou+1","animator:Yoichi+1","animator:GoblinSlayer+1","animator:KrulTepes+1","animator:Ainz+1","animator:Shigure+1","animator:Mikaela+1","Bite+1","Bite+1","Bite+1","Bite+1","animator:Ainz+1"],"relics":["animator:LivingPicture","animator:TheMissingPiece","NeowsBlessing","Mercury Hourglass","hubris:TenFootPole","Replay:Arrowhead","hubris:ScarierMask","hubris:Towel","Juzu Bracelet","Guide Book","Red Mask","Lee\u0027s Waffle","construct:WeddingRing","animator:AlchemistGlove","Meat on the Bone","Replay:Mystery Machine","Simple Rune","Lee\u0027s Waffle","infinitespire:Beetle Shell","infinitespire:Magic Flask","Incense Burner","Mango","construct:FoamFinger","Replay:Towering Pillar of Hats"],"potions_floor_usage":[23,40,50,50,50],"damage_taken":[{"damage":0,"enemies":"2 Louse","floor":1,"turns":1},{"damage":0,"enemies":"Small Slimes","floor":4,"turns":1},{"damage":0,"enemies":"Cultist","floor":5,"turns":1},{"damage":21,"enemies":"3 Sentries","floor":6,"turns":7},{"damage":21,"enemies":"Gremlin Gang","floor":7,"turns":4},{"damage":4,"enemies":"3 Louse","floor":12,"turns":3},{"damage":8,"enemies":"Lots of Slimes","floor":13,"turns":3},{"damage":16,"enemies":"Gremlin Nob","floor":14,"turns":4},{"damage":58,"enemies":"Fading Forest","floor":16,"turns":11},{"damage":16,"enemies":"Chosen","floor":18,"turns":6},{"damage":0,"enemies":"3 Byrds","floor":22,"turns":4},{"damage":11,"enemies":"Masked Bandits","floor":23,"turns":4},{"damage":18,"enemies":"Slavers","floor":27,"turns":4},{"damage":18,"enemies":"Gremlin Leader","floor":31,"turns":5},{"damage":64,"enemies":"Automaton","floor":33,"turns":9},{"damage":10,"enemies":"3 Darklings","floor":35,"turns":4},{"damage":14,"enemies":"3 Shapes","floor":38,"turns":3},{"damage":34,"enemies":"R_Hoarder","floor":40,"turns":7},{"damage":1,"enemies":"3 Darklings","floor":47,"turns":4},{"damage":70,"enemies":"Awakened One","floor":50,"turns":10}],"seed_played":"15256566791995410","potions_obtained":[{"floor":5,"key":"Fire Potion"},{"floor":6,"key":"construct:ShiftPotion"},{"floor":14,"key":"sneckomod:MuddlingPotion"},{"floor":22,"key":"Strength Potion"},{"floor":33,"key":"Adrenaline Potion"},{"floor":35,"key":"animator:FalseLifePotion"},{"floor":40,"key":"PowerPotion"}],"is_trial":false,"path_per_floor":["M","?","?","M","M","E","M","R","T","R","?","M","M","E","R","B",null,"M","?","$","?","M","?","R","AVR","T","E","R","?","?","E","R","B",null,"M","?","AVR","M","?","E","R","$","T","R","?","R","M","$","R","B",null],"character_chosen":"THE_ANIMATOR","items_purchased":["Juzu Bracelet","Guide Book","Incense Burner","Replay:Towering Pillar of Hats"],"campfire_rested":6,"item_purchase_floors":[20,20,42,48],"current_hp_per_floor":[66,66,60,60,61,40,19,39,39,59,59,55,47,32,52,10,68,52,52,52,52,52,41,61,75,75,57,57,57,57,47,69,29,75,71,71,82,70,70,53,53,53,67,95,95,95,96,96,96,56],"gold":22,"neow_bonus":"THREE_ENEMY_KILL","is_prod":false,"is_daily":false,"chose_seed":false,"campfire_upgraded":10,"win_rate":0,"timestamp":1607540166,"path_taken":["M","?","?","?","?","E","M","R","T","R","?","?","M","E","R","BOSS","M","?","$","?","M","?","R","AVR","T","E","R","?","?","E","R","BOSS","M","?","AVR","M","?","E","R","$","T","R","?","R","M","$","R","BOSS"],"build_version":"2020-11-30","purchased_purges":3,"victory":true,"max_hp_per_floor":[66,66,66,66,67,67,67,67,67,67,67,67,67,68,68,68,68,68,68,68,68,68,68,68,75,75,75,75,75,75,75,75,75,75,75,75,82,82,82,82,82,82,96,96,96,96,96,96,96,96],"card_choices":[{"not_picked":["animator:HighElfArcher","animator:Spearman"],"picked":"animator:HiiragiShinya","floor":1},{"not_picked":["animator:FielNirvalen","animator:Layla","animator:Alexander"],"picked":"SKIP","floor":4},{"not_picked":["animator:CrowleyEusford","animator:Yoichi"],"picked":"animator:Yuuichirou","floor":5},{"not_picked":["animator:Mitsuba","animator:Shigure"],"picked":"animator:Yoichi","floor":6},{"not_picked":["animator:HighElfArcher","animator:Caster","animator:Witch"],"picked":"SKIP","floor":7},{"not_picked":["animator:Guy","animator:Shiro","animator:Mitsurugi"],"picked":"SKIP","floor":12},{"not_picked":["animator:Verdia","animator:Jibril"],"picked":"animator:GoblinSlayer","floor":13},{"not_picked":["animator:Shinoa","animator:Mitsuba"],"picked":"animator:KrulTepes","floor":14},{"not_picked":["animator:Gilgamesh","animator:Sora"],"picked":"animator:Ainz","floor":16},{"not_picked":["animator:Gillette","animator:Illya"],"picked":"animator:Shigure","floor":18},{"not_picked":["animator:Darkness","animator:Assassin","animator:Gillette"],"picked":"SKIP","floor":22},{"not_picked":["animator:RinTohsaka","animator:Rider"],"picked":"animator:Mikaela+1","floor":23},{"not_picked":["animator:Mitsurugi","animator:Layla","animator:Tet"],"picked":"SKIP","floor":27},{"not_picked":["animator:Demiurge","animator:Jibril","animator:Witch+1"],"picked":"SKIP","floor":31},{"not_picked":["animator:Priestess","animator:Witch","animator:Rider+1"],"picked":"SKIP","floor":35},{"not_picked":["animator:Assassin+1","animator:EmiyaShirou+1"],"picked":"animator:Ainz","floor":36},{"not_picked":["animator:EmiyaShirou+1","animator:NarberalGamma+1","animator:Witch"],"picked":"SKIP","floor":38},{"not_picked":["animator:ChaikaBohdan","animator:DwarfShaman","animator:EmiyaShirou+1"],"picked":"SKIP","floor":40},{"not_picked":["animator:DwarfShaman","animator:Witch+1","animator:Evileye+1"],"picked":"SKIP","floor":47}],"player_experience":356548,"relics_obtained":[{"floor":2,"key":"Mercury Hourglass"},{"floor":6,"key":"hubris:TenFootPole"},{"floor":14,"key":"Replay:Arrowhead"},{"floor":23,"key":"Red Mask"},{"floor":26,"key":"animator:AlchemistGlove"},{"floor":27,"key":"Blood Vial"},{"floor":27,"key":"Meat on the Bone"},{"floor":31,"key":"Replay:Mystery Machine"},{"floor":31,"key":"Simple Rune"},{"floor":40,"key":"infinitespire:Beetle Shell"},{"floor":40,"key":"infinitespire:Magic Flask"},{"floor":43,"key":"Mango"}],"event_choices":[{"damage_healed":0,"gold_gain":75,"player_choice":"Touch","damage_taken":6,"max_hp_gain":0,"max_hp_loss":0,"event_name":"FaceTrader","floor":3,"gold_loss":0},{"cards_removed":["animator:Strike"],"damage_healed":0,"gold_gain":0,"player_choice":"Offered Basic","damage_taken":0,"max_hp_gain":0,"max_hp_loss":0,"event_name":"Bonfire Elementals","floor":11,"gold_loss":0},{"damage_healed":0,"gold_gain":99,"player_choice":"Stole From Cult","damage_taken":0,"max_hp_gain":0,"max_hp_loss":0,"event_name":"Nest","floor":21,"gold_loss":0},{"damage_healed":0,"gold_gain":0,"player_choice":"Fought Bandits","damage_taken":0,"max_hp_gain":0,"max_hp_loss":0,"event_name":"Masked Bandits","floor":23,"gold_loss":0},{"damage_healed":0,"gold_gain":0,"player_choice":"Became a vampire (Vial)","damage_taken":0,"max_hp_gain":0,"max_hp_loss":0,"event_name":"Vampires","floor":30,"relics_lost":["Blood Vial"],"gold_loss":0,"cards_obtained":["Bite","Bite","Bite","Bite","Bite"]},{"cards_removed":["Bite"],"damage_healed":0,"gold_gain":0,"player_choice":"Gave Card","damage_taken":0,"relics_obtained":["construct:FoamFinger"],"max_hp_gain":0,"max_hp_loss":0,"event_name":"WeMeetAgain","floor":45,"gold_loss":0}],"is_beta":false,"boss_relics":[{"not_picked":["Philosopher\u0027s Stone","ChewingGum"],"picked":"hubris:ScarierMask"},{"not_picked":["hubris:GrandSneckoEye","hubris:BlackHole","ReplayTheSpireMod:DimensionalGlitch"]}],"items_purged_floors":[20,25,37],"is_endless":false,"potions_floor_spawned":[5,6,14,22,33,35,40],"ascension_level":0}}