{"host":"99ad87xtd5ypi7ii","time":1607542508,"event":{"gold_per_floor":[110,128,128,303,322,322,397,397,397],"floor_reached":8,"playtime":430,"items_purged":[],"score":53,"play_id":"8faed2fb-cffe-4b9c-8540-805c570012ed","local_time":"20201209203508","is_ascension_mode":true,"campfire_choices":[{"data":"blademaster:ThreePointStrike","floor":6,"key":"SMITH"}],"neow_cost":"NONE","seed_source_timestamp":316397130050100,"circlet_count":0,"master_deck":["blademaster:Strike","blademaster:Strike","blademaster:Strike","blademaster:Strike","blademaster:Defend","blademaster:Defend","blademaster:Defend","blademaster:Defend","blademaster:RagingBlow","blademaster:HighVoltage","blademaster:Flash","blademaster:Safeguard","blademaster:AspectOfWind","Doubt","blademaster:ThreePointStrike+1"],"relics":["blademaster:DancersAmulet","elementalistmod:YellowCirclet"],"potions_floor_usage":[],"damage_taken":[{"damage":7,"enemies":"Small Slimes","floor":1,"turns":3},{"damage":2,"enemies":"Jaw Worm","floor":2,"turns":3},{"damage":4,"enemies":"2 Louse","floor":5,"turns":2},{"damage":35,"enemies":"3 Sentries","floor":8,"turns":7}],"seed_played":"-7327330045402633828","potions_obtained":[{"floor":2,"key":"Swift Potion"}],"is_trial":false,"path_per_floor":["M","M","?","?","M","R","?","E"],"character_chosen":"THE_BLADEMASTER","items_purchased":[],"campfire_rested":0,"item_purchase_floors":[],"current_hp_per_floor":[68,66,66,66,62,62,51,16,16],"gold":397,"neow_bonus":"ONE_RANDOM_RARE_CARD","is_prod":false,"is_daily":false,"chose_seed":false,"campfire_upgraded":1,"win_rate":0,"timestamp":1607542508,"path_taken":["M","M","?","?","M","R","?","E"],"build_version":"2020-11-30","purchased_purges":0,"victory":false,"max_hp_per_floor":[75,75,75,75,75,75,75,75,75],"card_choices":[{"not_picked":["blademaster:Stormstrike","blademaster:CloudOfSteel"],"picked":"blademaster:Safeguard","floor":1},{"not_picked":["blademaster:Slice","blademaster:Flurry"],"picked":"blademaster:AspectOfWind","floor":2},{"not_picked":["blademaster:Safeguard","blademaster:AwakeningStrike"],"picked":"blademaster:ThreePointStrike","floor":5}],"player_experience":690777,"relics_obtained":[],"event_choices":[{"damage_healed":0,"gold_gain":175,"player_choice":"AGREE","damage_taken":0,"max_hp_gain":0,"max_hp_loss":0,"event_name":"Liars Game","floor":4,"gold_loss":0,"cards_obtained":["Doubt"]},{"damage_healed":0,"gold_gain":75,"player_choice":"Gather Gold","damage_taken":11,"max_hp_gain":0,"max_hp_loss":0,"event_name":"World of Goop","floor":7,"gold_loss":0}],"is_beta":false,"boss_relics":[],"items_purged_floors":[],"is_endless":false,"potions_floor_spawned":[2],"killed_by":"3 Sentries","ascension_level":3}}