{"host":"skr63qsdfgeey3it","time":1607500735,"event":{"gold_per_floor":[109,125,140,159,177,177,177,205,205,205,222,222,11,31,31,133,133,144,144,144,160,177,177,177,177,177,211,223,253,272,106,106,205,205,222,222,97,147,167,167,185,185,185,201,221,71,98,26,26,26],"floor_reached":51,"playtime":3471,"items_purged":["Voices","Decay","Languid","Shame"],"score":1552,"play_id":"f3b68b94-1ffe-4c4e-ab61-2bbaed7d66c8","local_time":"20201209015855","is_ascension_mode":true,"campfire_choices":[{"data":"Dodge and Roll","floor":6,"key":"SMITH"},{"data":"Distraction","floor":12,"key":"SMITH"},{"data":"Deadly Poison","floor":12,"key":"SMITH"},{"floor":15,"key":"REST"},{"data":"Eviscerate","floor":23,"key":"SMITH"},{"data":"Leg Sweep","floor":23,"key":"SMITH"},{"floor":32,"key":"REST"},{"data":"Catalyst","floor":40,"key":"SMITH"},{"data":"Catalyst","floor":40,"key":"SMITH"},{"data":"Wraith Form v2","floor":42,"key":"SMITH"},{"data":"Wraith Form v2","floor":42,"key":"SMITH"},{"data":"Crippling Poison","floor":49,"key":"SMITH"},{"data":"ReplayTheSpireMod:Necrosis","floor":49,"key":"SMITH"}],"neow_cost":"NONE","seed_source_timestamp":698159639036200,"circlet_count":0,"master_deck":["Survivor","Neutralize","Deadly Poison+1","Poisoned Stab","Distraction+1","Dodge and Roll+1","Leg Sweep+1","Hidden Blade","Eviscerate+1","Catalyst+1","ReplayTheSpireMod:Necrosis+1","CurseOfTheBell","Catalyst+1","Leg Sweep+1","Malaise","Ghostly","Ghostly","Ghostly","Ghostly","Ghostly","Crippling Poison+1","Catalyst+1","Catalyst+1","Noxious Fumes","Wraith Form v2+1","Catalyst","Flying Knee","Dash","Venomology","Bouncing Flask","Wraith Form v2+1","Leg Sweep","Dagger Throw","Venomology","Hidden Blade"],"relics":["Cursed Key","Anchor","Replay:Bottled Flurry","Replay:Arrowhead","Mango","Calling Bell","War Paint","Chameleon Ring","Tingsha","Pantograph","Ornamental Fan","ReplayTheSpireMod:Shallot","ReplayTheSpireMod:CursedCoin","Pandora\u0027s Box","Counterbalance","Boot","Molten Egg 2","Chemical X"],"potions_floor_usage":[16,27,33,33,33,35,35,41,41,44,45],"damage_taken":[{"damage":0,"enemies":"Cultist","floor":1,"turns":4},{"damage":5,"enemies":"2 Louse","floor":2,"turns":3},{"damage":4,"enemies":"Small Slimes","floor":3,"turns":3},{"damage":1,"enemies":"Exordium Thugs","floor":4,"turns":5},{"damage":7,"enemies":"3 Louse","floor":5,"turns":4},{"damage":11,"enemies":"Lagavulin","floor":8,"turns":9},{"damage":0,"enemies":"Red Slaver","floor":11,"turns":4},{"damage":0,"enemies":"2 Fungi Beasts","floor":14,"turns":2},{"damage":3,"enemies":"The Guardian","floor":16,"turns":11},{"damage":21,"enemies":"Spheric Guardian","floor":18,"turns":4},{"damage":15,"enemies":"3 Byrds","floor":21,"turns":7},{"damage":4,"enemies":"Snake Plant","floor":22,"turns":5},{"damage":5,"enemies":"Gremlin Leader","floor":27,"turns":6},{"damage":4,"enemies":"Centurion and Healer","floor":28,"turns":9},{"damage":4,"enemies":"Replay:Snechameleon","floor":29,"turns":7},{"damage":2,"enemies":"3 Cultists","floor":30,"turns":6},{"damage":1,"enemies":"Pondfish","floor":33,"turns":6},{"damage":6,"enemies":"3 Darklings","floor":35,"turns":5},{"damage":5,"enemies":"Mind Bloom Boss Battle","floor":38,"turns":6},{"damage":0,"enemies":"Orb Walker","floor":39,"turns":5},{"damage":0,"enemies":"Writhing Mass","floor":41,"turns":3},{"damage":0,"enemies":"Sphere and 2 Shapes","floor":44,"turns":6},{"damage":0,"enemies":"4 Shapes","floor":45,"turns":7},{"damage":0,"enemies":"Giant Head","floor":47,"turns":5},{"damage":18,"enemies":"Time Eater","floor":50,"turns":7}],"seed_played":"-7395605854864713908","potions_obtained":[{"floor":1,"key":"Explosive Potion"},{"floor":4,"key":"Dexterity Potion"},{"floor":11,"key":"PowerPotion"},{"floor":14,"key":"Elixir"},{"floor":18,"key":"SteroidPotion"},{"floor":27,"key":"Poison Potion"},{"floor":30,"key":"Explosive Potion"},{"floor":33,"key":"Explosive Potion"},{"floor":38,"key":"BlessingOfTheForge"},{"floor":41,"key":"FairyPotion"}],"is_trial":false,"path_per_floor":["M","M","M","M","M","R","?","E","T","?","M","R","$","M","R","B",null,"M","?","?","M","M","R","?","?","T","E","M","E","M","$","R","B",null,"M","?","$","?","M","R","M","R","T","M","M","$","E","$","R","B",null],"character_chosen":"THE_SILENT","items_purchased":["Eviscerate","Noxious Fumes","ReplayTheSpireMod:CursedCoin","Chemical X"],"campfire_rested":2,"item_purchase_floors":[13,31,31,48],"current_hp_per_floor":[63,58,54,53,46,46,28,17,17,31,31,31,31,31,56,53,76,55,55,55,40,36,36,36,36,36,31,27,23,21,21,33,41,42,36,36,36,37,37,37,37,37,37,37,37,37,37,37,37,24],"gold":26,"neow_bonus":"BOSS_RELIC","is_prod":false,"is_daily":false,"chose_seed":false,"campfire_upgraded":11,"win_rate":0,"timestamp":1607500735,"path_taken":["M","?","?","?","M","R","?","E","T","?","?","R","$","M","R","BOSS","M","?","?","M","?","R","?","?","T","E","M","E","M","$","R","BOSS","M","?","?","?","?","R","M","R","T","M","M","?","E","$","R","BOSS"],"build_version":"2020-11-30","purchased_purges":4,"victory":true,"max_hp_per_floor":[70,70,70,70,70,70,70,70,70,84,84,84,84,84,84,84,84,84,84,84,84,84,84,42,42,42,42,42,42,42,42,42,42,42,42,42,42,42,42,42,42,42,42,42,42,42,42,42,42,42],"card_choices":[{"not_picked":["Heel Hook","Dagger Throw"],"picked":"Deadly Poison","floor":1},{"not_picked":["Dodge and Roll","ReplayTheSpireMod:The Works"],"picked":"Poisoned Stab","floor":2},{"not_picked":["Outmaneuver","Flying Knee","Well Laid Plans"],"picked":"SKIP","floor":3},{"not_picked":["Prepared","Slice"],"picked":"Distraction","floor":4},{"not_picked":["Deflect","Calculated Gamble"],"picked":"Dodge and Roll","floor":5},{"not_picked":["Blade Dance","All Out Attack"],"picked":"Leg Sweep","floor":8},{"not_picked":["Acrobatics","Masterful Stab"],"picked":"Hidden Blade","floor":11},{"not_picked":["Bane","Dagger Throw"],"picked":"Catalyst","floor":14},{"not_picked":["After Image","Burst"],"picked":"ReplayTheSpireMod:Necrosis","floor":16},{"not_picked":["Dodge and Roll","PiercingWail"],"picked":"Catalyst","floor":18},{"not_picked":["Prepared+1","Dagger Spray","Backflip+1"],"picked":"SKIP","floor":21},{"not_picked":["Wraith Form v2","Sucker Punch","Bane"],"picked":"SKIP","floor":22},{"not_picked":["Terror","Quick Slash"],"picked":"Crippling Poison","floor":27},{"not_picked":["Cloak And Dagger+1","Setup+1"],"picked":"Catalyst","floor":28},{"not_picked":["Acrobatics+1","Finisher+1","ReplayTheSpireMod:Scrap Shanks"],"picked":"SKIP","floor":29},{"not_picked":["Slice","Tactician+1"],"picked":"Catalyst","floor":30},{"not_picked":["Atom Bomb","Venomology"],"picked":"Wraith Form v2","floor":33},{"not_picked":["Footwork","Backflip","Slice"],"picked":"SKIP","floor":35},{"not_picked":["Eviscerate","Well Laid Plans"],"picked":"Hidden Blade","floor":38},{"not_picked":["Outmaneuver","All Out Attack+1","Blade Dance+1"],"picked":"SKIP","floor":39},{"not_picked":["Dash","Deflect+1","Quick Slash+1"],"picked":"SKIP","floor":41},{"not_picked":["Bane","Hidden Blade+1","Sneak Up+1"],"picked":"SKIP","floor":44},{"not_picked":["Escape Plan","Deflect+1","Hidden Blade+1"],"picked":"SKIP","floor":45},{"not_picked":["Predator+1","Flying Knee+1","Concentrate+1"],"picked":"SKIP","floor":47}],"player_experience":648120,"relics_obtained":[{"floor":8,"key":"Replay:Bottled Flurry"},{"floor":9,"key":"Replay:Arrowhead"},{"floor":17,"key":"War Paint"},{"floor":17,"key":"Chameleon Ring"},{"floor":17,"key":"Tingsha"},{"floor":26,"key":"Pantograph"},{"floor":27,"key":"Ornamental Fan"},{"floor":29,"key":"ReplayTheSpireMod:Shallot"},{"floor":38,"key":"Counterbalance"},{"floor":43,"key":"Boot"},{"floor":47,"key":"Molten Egg 2"}],"event_choices":[{"damage_healed":0,"gold_gain":0,"player_choice":"Success","damage_taken":18,"relics_obtained":["Anchor"],"max_hp_gain":0,"max_hp_loss":0,"event_name":"Scrap Ooze","floor":7,"gold_loss":0},{"damage_healed":0,"gold_gain":0,"player_choice":"Gave Potion","damage_taken":0,"relics_obtained":["Mango"],"max_hp_gain":0,"max_hp_loss":0,"event_name":"WeMeetAgain","floor":10,"gold_loss":0},{"damage_healed":0,"gold_gain":0,"cards_transformed":["Strike_G","Strike_G"],"player_choice":"Became Test Subject","damage_taken":0,"max_hp_gain":0,"max_hp_loss":0,"event_name":"Drug Dealer","floor":19,"gold_loss":0,"cards_obtained":["Leg Sweep","Malaise"]},{"damage_healed":0,"gold_gain":0,"player_choice":"Forge","damage_taken":0,"max_hp_gain":0,"max_hp_loss":0,"event_name":"Accursed Blacksmith","floor":20,"gold_loss":0,"cards_upgraded":["Catalyst"]},{"damage_healed":0,"gold_gain":0,"player_choice":"Became a Ghost","damage_taken":0,"max_hp_gain":0,"max_hp_loss":42,"event_name":"Ghosts","floor":24,"gold_loss":0,"cards_obtained":["Ghostly","Ghostly","Ghostly","Ghostly","Ghostly"]},{"damage_healed":0,"gold_gain":0,"player_choice":"1 cards matched","damage_taken":0,"max_hp_gain":0,"max_hp_loss":0,"event_name":"Match and Keep!","floor":36,"gold_loss":0,"cards_obtained":["Venomology"]},{"damage_healed":0,"gold_gain":0,"player_choice":"Fight","damage_taken":0,"max_hp_gain":0,"max_hp_loss":0,"event_name":"MindBloom","floor":38,"gold_loss":0}],"is_beta":false,"boss_relics":[{"not_picked":["Sozu","ChewingGum"],"picked":"Calling Bell"},{"not_picked":["Snecko Heart","HoveringKite"],"picked":"Pandora\u0027s Box"}],"items_purged_floors":[13,31,37,46],"is_endless":false,"potions_floor_spawned":[1,4,11,14,18,27,30,33,38,41,44],"ascension_level":8}}