{"host":"o5jvvi5yapo90aia","time":1607530544,"event":{"gold_per_floor":[119,140,162,180,580,619,642,688,715,321,362,362,414,444,444,583,583,608,242,272,272,303,303,353,383,383,428,378,407,464,464,464,608,608,640,649,454,495,530,588,617,659,685,721,750,792,838,838,838,872,887,887,887,30,75,100],"floor_reached":57,"playtime":7409,"items_purged":["Strike_R","Bash","Defend_R"],"score":3972,"play_id":"f977d2e0-6695-48a5-935c-b3f1c20868f0","local_time":"20201210001544","is_ascension_mode":true,"campfire_choices":[{"data":"Strike_R","floor":12.0,"key":"PURGE"},{"data":"Strike_R","floor":15.0,"key":"PURGE"},{"data":"Defend_R","floor":23.0,"key":"PURGE"},{"floor":32.0,"key":"RECALL"},{"data":"Bloodletting","floor":49.0,"key":"PURGE"},{"data":"Defend_R","floor":53,"key":"PURGE"}],"neow_cost":"NONE","seed_source_timestamp":0,"circlet_count":0,"master_deck":["AscendersBane","Entrench+1","MostiFishMod:DarkDeal","Second Wind+1","Offering","Barricade+1","Burning Pact+1","MostiFishMod:FlyOverUtopia+1","Sentinel","Body Slam","Limit Break+1","Dark Embrace","Feel No Pain+1"],"special_seed":0,"relics":["testmod-TestBox","RhineSuit","The Courier","testmod-AscensionHeart","Question Card","SentryEyes","CeramicFish","Blood Vial","Lantern","Happy Flower","Omamori","Art of War","Bronze Scales","ImportantClient","Empty Cage","Potion Belt","Bottled Lightning","Nilry\u0027s Codex","Ancient Tea Set","Mummified Hand","testmod-Muramasa","Sundial","testmod-Fanaticism","Darkstone Periapt","Orrery","testmod-Register","Dream Catcher","Gremlin Horn","testmod-Acrobat","OrangePellets","Anchor","War Paint","Vajra","InkBottle","testmod-Maize","Bottled Tornado"],"potions_floor_usage":[56,56,56,56,56,56],"damage_taken":[{"damage":5.0,"enemies":"Cultist","floor":1.0,"turns":3.0},{"damage":0.0,"enemies":"Jaw Worm","floor":2.0,"turns":2.0},{"damage":0.0,"enemies":"2 Louse","floor":3.0,"turns":2.0},{"damage":1.0,"enemies":"Exordium Wildlife","floor":4.0,"turns":3.0},{"damage":19.0,"enemies":"Lagavulin","floor":6.0,"turns":6.0},{"damage":0.0,"enemies":"Exordium Thugs","floor":7.0,"turns":3.0},{"damage":5.0,"enemies":"Gremlin Nob","floor":8.0,"turns":2.0},{"damage":6.0,"enemies":"Lagavulin","floor":11.0,"turns":2.0},{"damage":0.0,"enemies":"3 Sentries","floor":13.0,"turns":3.0},{"damage":0.0,"enemies":"Looter","floor":14.0,"turns":2.0},{"damage":6.0,"enemies":"Hexaghost","floor":16.0,"turns":6.0},{"damage":6.0,"enemies":"Shell Parasite","floor":18.0,"turns":3.0},{"damage":0.0,"enemies":"Spheric Guardian","floor":20.0,"turns":6.0},{"damage":6.0,"enemies":"Cultist and Chosen","floor":22.0,"turns":4.0},{"damage":6.0,"enemies":"Gremlin Leader","floor":24.0,"turns":6.0},{"damage":6.0,"enemies":"Shelled Parasite and Fungi","floor":25.0,"turns":6.0},{"damage":6.0,"enemies":"Slavers","floor":27.0,"turns":3.0},{"damage":6.0,"enemies":"3 Cultists","floor":29.0,"turns":4.0},{"damage":6.0,"enemies":"Book of Stabbing","floor":30.0,"turns":4.0},{"damage":10.0,"enemies":"Champ","floor":33.0,"turns":9.0},{"damage":10.0,"enemies":"3 Shapes","floor":35.0,"turns":3.0},{"damage":14.0,"enemies":"Orb Walker","floor":38.0,"turns":1.0},{"damage":10.0,"enemies":"Transient","floor":39.0,"turns":1.0},{"damage":10.0,"enemies":"Nemesis","floor":40.0,"turns":1.0},{"damage":10.0,"enemies":"Maw","floor":41.0,"turns":1.0},{"damage":10.0,"enemies":"Giant Head","floor":42.0,"turns":1.0},{"damage":10.0,"enemies":"Spire Growth","floor":44.0,"turns":1.0},{"damage":10.0,"enemies":"Writhing Mass","floor":45.0,"turns":2.0},{"damage":10.0,"enemies":"Nemesis","floor":46.0,"turns":1.0},{"damage":10.0,"enemies":"3 Darklings","floor":47.0,"turns":1.0},{"damage":10.0,"enemies":"Awakened One","floor":50.0,"turns":2.0},{"damage":12,"enemies":"Donu and Deca","floor":51,"turns":2},{"damage":10,"enemies":"Shield and Spear","floor":55,"turns":1},{"damage":10,"enemies":"The Heart","floor":56,"turns":8}],"seed_played":"-422797511921859384","potions_obtained":[{"floor":2.0,"key":"ColorlessPotion"},{"floor":4.0,"key":"Energy Potion"},{"floor":7.0,"key":"testmod-SpacePotion"},{"floor":13.0,"key":"Ancient Potion"},{"floor":14.0,"key":"testmod-SpacePotion"},{"floor":16.0,"key":"BloodPotion"},{"floor":18.0,"key":"Ancient Potion"},{"floor":20.0,"key":"SteroidPotion"},{"floor":24.0,"key":"Swift Potion"},{"floor":40.0,"key":"testmod-TestPotion"}],"is_trial":false,"path_per_floor":["M","M","M","M","?","E","M","E","T","$","E","R","E","M","R","B",null,"M","$","M","?","M","R","E","M","T","E","?","M","E","?","R","B",null,"M","?","$","M","M","E","M","E","T","M","M","E","M","?","R","B","B",null,"R","$","E","B",null],"character_chosen":"IRONCLAD","items_purchased":["Lantern","Happy Flower","Omamori","Potion Belt","Bottled Lightning","Darkstone Periapt","Orrery","testmod-Register","OrangePellets","Anchor","War Paint","Vajra","InkBottle","testmod-Maize"],"campfire_rested":0,"item_purchase_floors":[10,10,10,19,19,37,37,37,54,54,54,54,54,54],"current_hp_per_floor":[66,69,72,74,74,57,63,62,62,62,62,62,68,76,79,84,89,84,84,89,80,82,82,84,88,88,93,93,97,102,88,88,94,115,117,117,117,122,126,131,131,136,136,140,144,149,153,153,153,158,163,163,163,163,164,169],"gold":100,"neow_bonus":"BOSS_RELIC","is_prod":false,"is_daily":false,"chose_seed":false,"campfire_upgraded":0,"win_rate":0,"timestamp":1607530544,"path_taken":["M","M","?","?","?","E","M","E","T","$","E","R","E","M","R","BOSS","M","$","M","?","M","R","E","M","T","E","?","?","E","?","R","BOSS","M","?","$","?","M","E","M","E","T","M","M","E","M","?","R","BOSS","BOSS","R","$","E","BOSS"],"build_version":"2020-11-30","purchased_purges":3,"victory":true,"max_hp_per_floor":[75,75,75,75,75,76,76,77,77,77,78,78,79,82,82,90,90,90,90,90,90,93,93,94,97,97,101,101,104,108,113,113,122,122,122,122,122,126,126,131,131,136,136,140,144,149,153,153,153,158,163,163,163,163,164,169],"card_choices":[{"not_picked":["Iron Wave","Headbutt","Shrug It Off"],"picked":"SKIP","floor":1.0},{"not_picked":["Clash","Armaments","Pommel Strike","Heavy Blade"],"picked":"SKIP","floor":2.0},{"not_picked":["Demon Form","Clash","Perfected Strike"],"picked":"Entrench","floor":3.0},{"not_picked":["Warcry","Iron Wave","Pommel Strike","Havoc"],"picked":"SKIP","floor":4.0},{"not_picked":["MostiFishMod:OrdinaryWorld","MostiFishMod:RacingGame","MostiFishMod:UltimateDefense"],"picked":"MostiFishMod:DarkDeal","floor":6.0},{"not_picked":["Cleave","Sentinel","Dropkick"],"picked":"Second Wind","floor":7.0},{"not_picked":["MostiFishMod:PerfectStrikeMKII","MostiFishMod:OrdinaryWorld","MostiFishMod:NewArrival"],"picked":"Offering","floor":8.0},{"not_picked":["Feed","MostiFishMod:Mania","MostiFishMod:FlyOverUtopia"],"picked":"Barricade","floor":11.0},{"not_picked":["Berserk","Exhume","Offering"],"picked":"Feed","floor":13.0},{"not_picked":["Clash","Shrug It Off","Wild Strike","Inflame"],"picked":"SKIP","floor":14.0},{"not_picked":["Entrench","Rampage","Thunderclap","Rage+1"],"picked":"SKIP","floor":18.0},{"not_picked":["Sentinel","Spot Weakness","Twin Strike","Thunderclap"],"picked":"SKIP","floor":20.0},{"not_picked":["Searing Blow","Perfected Strike","Combust"],"picked":"Burning Pact+1","floor":22.0},{"not_picked":["MostiFishMod:RacingGame","Juggernaut","Demon Form","Fiend Fire"],"picked":"SKIP","floor":24.0},{"not_picked":["Armaments","Metallicize","Blood for Blood+1","Shrug It Off"],"picked":"SKIP","floor":25.0},{"not_picked":["MostiFishMod:RacingGame","MostiFishMod:CullingBlade","MostiFishMod:UltimateDefense","MostiFishMod:TemporaryOutbreak"],"picked":"SKIP","floor":27.0},{"not_picked":["Warcry","Fire Breathing","Rage+1","Armaments"],"picked":"SKIP","floor":29.0},{"not_picked":["MostiFishMod:UniRed","Double Tap","MostiFishMod:FlyOverUtopia"],"picked":"MostiFishMod:FlyOverUtopia","floor":30.0},{"not_picked":["Entrench+1","Pummel","True Grit+1","Pommel Strike"],"picked":"SKIP","floor":35.0},{"not_picked":["Anger","Reckless Charge","Cleave"],"picked":"Sentinel","floor":37.0},{"not_picked":["Pommel Strike+1","Wild Strike","Reckless Charge+1"],"picked":"Body Slam","floor":38.0},{"not_picked":["Cleave","Perfected Strike+1","Hemokinesis","Clothesline"],"picked":"SKIP","floor":39.0},{"not_picked":["Double Tap","Offering","MostiFishMod:WingOfPhoenix"],"picked":"Limit Break","floor":40.0},{"not_picked":["Shrug It Off","Perfected Strike","Warcry","Flame Barrier"],"picked":"SKIP","floor":41.0},{"not_picked":["Immolate","MostiFishMod:DarkDeal","Immolate","Demon Form"],"picked":"SKIP","floor":42.0},{"not_picked":["Wild Strike","Pommel Strike+1","MostiFishMod:BrandingRite"],"picked":"Dark Embrace","floor":44.0},{"not_picked":["Flame Barrier","Shrug It Off","Entrench+1","Brutality"],"picked":"SKIP","floor":45.0},{"not_picked":["MostiFishMod:WingOfPhoenix","Feed","MostiFishMod:NewArrival","Barricade"],"picked":"SKIP","floor":46.0},{"not_picked":["Sever Soul","Seeing Red","Entrench+1"],"picked":"Feel No Pain","floor":47.0},{"not_picked":["MostiFishMod:WingOfPhoenix","MostiFishMod:404NotFound","MostiFishMod:OrdinaryWorld","MostiFishMod:WingOfPhoenix"],"picked":"SKIP","floor":55}],"player_experience":1244445,"relics_obtained":[{"floor":1.0,"key":"Question Card"},{"floor":6.0,"key":"SentryEyes"},{"floor":8.0,"key":"CeramicFish"},{"floor":9.0,"key":"Blood Vial"},{"floor":11.0,"key":"Art of War"},{"floor":13.0,"key":"Bronze Scales"},{"floor":16.0,"key":"ImportantClient"},{"floor":21.0,"key":"Nilry\u0027s Codex"},{"floor":24.0,"key":"Ancient Tea Set"},{"floor":26.0,"key":"Mummified Hand"},{"floor":27.0,"key":"testmod-Muramasa"},{"floor":30.0,"key":"Sundial"},{"floor":40.0,"key":"Dream Catcher"},{"floor":42.0,"key":"Gremlin Horn"},{"floor":46.0,"key":"testmod-Acrobat"},{"floor":55,"key":"Bottled Tornado"}],"event_choices":[{"damage_healed":0.0,"max_hp_gain":0.0,"max_hp_loss":0.0,"gold_gain":400.0,"event_name":"¶÷ÂåË¹µÄÅÌ×Ó","player_choice":"Sell","floor":5.0,"relics_lost":["DaveBox"],"gold_loss":0.0,"damage_taken":0.0},{"damage_healed":0.0,"max_hp_gain":0.0,"max_hp_loss":0.0,"gold_gain":0.0,"event_name":"Cursed Tome","player_choice":"Obtained Book","floor":21.0,"gold_loss":0.0,"damage_taken":21.0},{"damage_healed":0.0,"max_hp_gain":0.0,"max_hp_loss":0.0,"gold_gain":0.0,"event_name":"Designer","player_choice":"Upgrade","floor":28.0,"gold_loss":50.0,"damage_taken":0.0,"cards_upgraded":["Barricade"]},{"damage_healed":0.0,"max_hp_gain":5.0,"max_hp_loss":0.0,"gold_gain":0.0,"event_name":"Forgotten Altar","player_choice":"Shed Blood","floor":31.0,"gold_loss":0.0,"damage_taken":38.0},{"damage_healed":0.0,"max_hp_gain":0.0,"max_hp_loss":0.0,"gold_gain":0.0,"cards_transformed":["Defend_R"],"event_name":"Transmorgrifier","player_choice":"Transformed","floor":36.0,"gold_loss":0.0,"damage_taken":0.0,"cards_obtained":["Bloodletting"]},{"cards_removed":["Feed"],"damage_healed":0.0,"max_hp_gain":0.0,"max_hp_loss":0.0,"gold_gain":0.0,"event_name":"Falling","player_choice":"Removed Attack","floor":48.0,"gold_loss":0.0,"damage_taken":0.0}],"is_beta":false,"boss_relics":[{"not_picked":["GreenFoldingFan","TakeMeEscape"],"picked":"Empty Cage"},{"not_picked":["testmod-D_4","BirthdayGift-Icosahedron"],"picked":"testmod-Fanaticism"}],"items_purged_floors":[10,19,19],"is_endless":false,"potions_floor_spawned":[2,4,7,13,14,16,18,20,24,29,40,41,42,46,55],"ascension_level":20}}