{"host":"x6tlfgqpy55vgxdn","time":1607527284,"event":{"gold_per_floor":[10,22,38,48,48,83,83,115,140,171,189,214,234,257,257,335,335,345,270,270,450,461,487,504,516,516,516,535,570,570,600,600,676,676,696,707,391,391,391,426,446,463,463,488,504,549,563,14,14,14],"floor_reached":51,"playtime":2132,"items_purged":["Strike_R","Strike_R+1"],"score":1667,"play_id":"78b2e0f5-c59f-4000-97e4-822e2e7c5e3b","local_time":"20201210002124","is_ascension_mode":true,"campfire_choices":[{"data":"Apotheosis","floor":7.0,"key":"SMITH"},{"floor":15.0,"key":"REST"},{"data":"Barricade","floor":27.0,"key":"SMITH"},{"data":"Offering","floor":30.0,"key":"SMITH"},{"data":"Feel No Pain","floor":32.0,"key":"SMITH"},{"floor":49,"key":"REST"}],"neow_cost":"NO_GOLD","seed_source_timestamp":226881705355900,"circlet_count":0,"master_deck":["AscendersBane","Defend_R","Defend_R","Defend_R","Defend_R","Bash+1","Apotheosis+1","Feel No Pain+1","Uppercut","Body Slam","Ghostly Armor","Headbutt","Barricade+1","Entrench","Offering+1","PanicButton","Power Through","Entrench","Evolve","Impervious","Body Slam+1","Exhume","Second Wind","Dark Embrace+1","PanicButton","Panacea","True Grit+1","Secret Technique+1"],"special_seed":0,"relics":["Burning Blood","PreservedInsect","Oddly Smooth Stone","Ancient Tea Set","Whetstone","Question Card","Odd Mushroom","Runic Dome","Self Forming Clay","Prayer Wheel","Frozen Egg 2","Boot","Anchor","Fusion Hammer","Meat on the Bone","Omamori","Sundial","Toxic Egg 2","Pocketwatch","Bottled Tornado"],"potions_floor_usage":[44,45,50],"damage_taken":[{"damage":6.0,"enemies":"Cultist","floor":1.0,"turns":3.0},{"damage":5.0,"enemies":"Small Slimes","floor":2.0,"turns":3.0},{"damage":10.0,"enemies":"Jaw Worm","floor":3.0,"turns":4.0},{"damage":14.0,"enemies":"2 Fungi Beasts","floor":4.0,"turns":5.0},{"damage":13.0,"enemies":"Gremlin Nob","floor":6.0,"turns":4.0},{"damage":2.0,"enemies":"3 Sentries","floor":8.0,"turns":7.0},{"damage":28.0,"enemies":"Gremlin Nob","floor":10.0,"turns":4.0},{"damage":8.0,"enemies":"Lots of Slimes","floor":11.0,"turns":5.0},{"damage":9.0,"enemies":"Lagavulin","floor":12.0,"turns":6.0},{"damage":8.0,"enemies":"Blue Slaver","floor":13.0,"turns":6.0},{"damage":21.0,"enemies":"The Mushroom Lair","floor":14.0,"turns":4.0},{"damage":16.0,"enemies":"Slime Boss","floor":16.0,"turns":9.0},{"damage":6.0,"enemies":"Chosen","floor":18.0,"turns":3.0},{"damage":14.0,"enemies":"Shell Parasite","floor":22.0,"turns":5.0},{"damage":21.0,"enemies":"Book of Stabbing","floor":23.0,"turns":4.0},{"damage":12.0,"enemies":"Sentry and Sphere","floor":24.0,"turns":6.0},{"damage":0.0,"enemies":"3 Cultists","floor":25.0,"turns":7.0},{"damage":6.0,"enemies":"Cultist and Chosen","floor":28.0,"turns":5.0},{"damage":22.0,"enemies":"Slavers","floor":29.0,"turns":5.0},{"damage":0.0,"enemies":"Book of Stabbing","floor":31.0,"turns":4.0},{"damage":6.0,"enemies":"Collector","floor":33.0,"turns":5.0},{"damage":6.0,"enemies":"3 Shapes","floor":35.0,"turns":3.0},{"damage":6.0,"enemies":"Orb Walker","floor":36.0,"turns":3.0},{"damage":6.0,"enemies":"Nemesis","floor":40.0,"turns":4.0},{"damage":12,"enemies":"Transient","floor":41,"turns":5},{"damage":6,"enemies":"Jaw Worm Horde","floor":42,"turns":5},{"damage":2,"enemies":"Reptomancer","floor":44,"turns":5},{"damage":0,"enemies":"Maw","floor":45,"turns":5},{"damage":12,"enemies":"2 Orb Walkers","floor":46,"turns":3},{"damage":6,"enemies":"Transient","floor":47,"turns":5},{"damage":12,"enemies":"Donu and Deca","floor":50,"turns":2}],"seed_played":"-3849002175407666884","potions_obtained":[{"floor":2.0,"key":"LiquidBronze"},{"floor":3.0,"key":"Weak Potion"},{"floor":6.0,"key":"BloodPotion"},{"floor":13.0,"key":"SteroidPotion"},{"floor":16.0,"key":"SteroidPotion"},{"floor":23.0,"key":"BloodPotion"},{"floor":25.0,"key":"LiquidBronze"},{"floor":29.0,"key":"PowerPotion"},{"floor":41,"key":"ElixirPotion"},{"floor":44,"key":"BloodPotion"},{"floor":45,"key":"FairyPotion"},{"floor":46,"key":"LiquidMemories"},{"floor":47,"key":"HeartOfIron"}],"is_trial":false,"path_per_floor":["M","M","M","M","?","E","R","E","T","E","M","E","M","?","R","B",null,"M","?","T","?","M","E","M","M","T","R","M","E","R","E","R","B",null,"M","M","$","?","?","E","M","M","T","E","M","?","M","$","R","B",null],"character_chosen":"IRONCLAD","items_purchased":["Meat on the Bone","Bottled Tornado","Secret Technique+1"],"campfire_rested":2,"item_purchase_floors":[37,48,48],"current_hp_per_floor":[68,69,65,57,50,43,43,47,47,25,23,20,33,18,40,30,64,64,64,64,39,31,16,25,31,31,31,31,15,15,21,21,21,62,62,62,62,52,52,52,46,46,46,50,71,65,65,65,75,69],"gold":14,"neow_bonus":"RANDOM_COLORLESS_2","is_prod":false,"is_daily":false,"chose_seed":false,"campfire_upgraded":4,"win_rate":0,"timestamp":1607527284,"path_taken":["M","?","M","M","?","E","R","E","T","E","M","E","M","?","R","BOSS","M","?","?","?","M","E","M","M","T","R","?","E","R","E","R","BOSS","M","M","$","?","?","E","M","?","T","E","M","?","M","$","R","BOSS"],"build_version":"2020-11-30","purchased_purges":2,"victory":true,"max_hp_per_floor":[75,75,75,75,75,75,75,75,75,75,75,75,75,75,75,75,75,75,75,75,75,75,75,75,75,75,75,75,75,75,75,75,75,75,75,75,75,75,75,75,75,75,75,75,75,75,75,75,75,75],"card_choices":[{"not_picked":["Secret Technique","The Bomb"],"picked":"Apotheosis","floor":0.0},{"not_picked":["Warcry","Armaments","Heavy Blade"],"picked":"SKIP","floor":1.0},{"not_picked":["Armaments","Cleave"],"picked":"Feel No Pain","floor":2.0},{"not_picked":["Havoc","Inflame"],"picked":"Uppercut","floor":3.0},{"not_picked":["Headbutt","Wild Strike"],"picked":"Body Slam","floor":4.0},{"not_picked":["Pummel","Combust"],"picked":"Ghostly Armor","floor":6.0},{"not_picked":["Flame Barrier","Dual Wield","Inflame"],"picked":"SKIP","floor":8.0},{"not_picked":["Searing Blow","Pommel Strike"],"picked":"Headbutt","floor":10.0},{"not_picked":["Pommel Strike","Sentinel"],"picked":"Barricade","floor":11.0},{"not_picked":["Wild Strike","Body Slam"],"picked":"Entrench","floor":12.0},{"not_picked":["Reckless Charge","Shockwave","Armaments","Inflame"],"picked":"SKIP","floor":13.0},{"not_picked":["Limit Break","Demon Form","Fiend Fire"],"picked":"Offering","floor":16.0},{"not_picked":["Flex+1","Headbutt","Inflame+1","Ghostly Armor"],"picked":"SKIP","floor":18.0},{"not_picked":["Rage","Armaments","Anger","Flex"],"picked":"SKIP","floor":22.0},{"not_picked":["Bludgeon","Warcry","Iron Wave+1","Carnage"],"picked":"SKIP","floor":23.0},{"not_picked":["Inflame","Power Through","Infernal Blade","Twin Strike"],"picked":"SKIP","floor":24.0},{"not_picked":["Flex","Twin Strike","Perfected Strike+1","Cleave"],"picked":"SKIP","floor":24.0},{"not_picked":["Inflame","Infernal Blade","Twin Strike"],"picked":"Power Through","floor":24.0},{"not_picked":["Flex","Twin Strike","Perfected Strike+1","Cleave"],"picked":"SKIP","floor":24.0},{"not_picked":["Rupture","Armaments","Burning Pact"],"picked":"Entrench","floor":25.0},{"not_picked":["Clash+1","Flame Barrier","Headbutt+1"],"picked":"Evolve","floor":25.0},{"not_picked":["Iron Wave+1","Shockwave","Pummel"],"picked":"Impervious","floor":28.0},{"not_picked":["Havoc","Iron Wave","Uppercut","Inflame+1"],"picked":"SKIP","floor":28.0},{"not_picked":["Havoc","Headbutt","Dual Wield"],"picked":"Body Slam+1","floor":29.0},{"not_picked":["Burning Pact","Barricade+1","Wild Strike","Disarm"],"picked":"SKIP","floor":31.0},{"not_picked":["Immolate","Fiend Fire","Offering"],"picked":"Exhume","floor":33.0},{"not_picked":["Twin Strike","Sword Boomerang+1","Thunderclap"],"picked":"Second Wind","floor":35.0},{"not_picked":["Infernal Blade+1","Battle Trance","Twin Strike","Pummel+1"],"picked":"SKIP","floor":35.0},{"not_picked":["Wild Strike","Twin Strike","Uppercut"],"picked":"Dark Embrace+1","floor":36.0},{"not_picked":["Perfected Strike","Dual Wield","Cleave","Twin Strike+1"],"picked":"SKIP","floor":36.0},{"not_picked":["Mind Blast","Trip","Impatience"],"picked":"PanicButton","floor":38.0},{"not_picked":["Metamorphosis","Good Instincts","Thinking Ahead"],"picked":"Panacea","floor":38.0},{"not_picked":["Heavy Blade+1","Shockwave","Power Through","Iron Wave"],"picked":"SKIP","floor":40.0},{"not_picked":["Clothesline+1","Armaments+1","Battle Trance","Wild Strike"],"picked":"SKIP","floor":41},{"not_picked":["Seeing Red+1","Clash","Spot Weakness","Rage+1"],"picked":"SKIP","floor":41},{"not_picked":["Cleave","Headbutt","Bludgeon"],"picked":"True Grit+1","floor":42},{"not_picked":["Body Slam","Rupture+1","Warcry","Headbutt"],"picked":"SKIP","floor":42},{"not_picked":["Rupture+1","Intimidate+1","Limit Break+1","Iron Wave+1"],"picked":"SKIP","floor":44},{"not_picked":["Shockwave+1","Heavy Blade","Thunderclap","Wild Strike"],"picked":"SKIP","floor":45},{"not_picked":["Shrug It Off+1","Ghostly Armor+1","Sword Boomerang","Fire Breathing+1"],"picked":"SKIP","floor":45},{"not_picked":["Cleave","Metallicize+1","Burning Pact+1","Warcry+1"],"picked":"SKIP","floor":47},{"not_picked":["Reaper","Wild Strike","Shrug It Off+1","Evolve+1"],"picked":"SKIP","floor":47}],"player_experience":111295,"relics_obtained":[{"floor":6.0,"key":"PreservedInsect"},{"floor":8.0,"key":"Oddly Smooth Stone"},{"floor":9.0,"key":"Ancient Tea Set"},{"floor":10.0,"key":"Whetstone"},{"floor":12.0,"key":"Question Card"},{"floor":14.0,"key":"Odd Mushroom"},{"floor":20.0,"key":"Self Forming Clay"},{"floor":23.0,"key":"Prayer Wheel"},{"floor":26.0,"key":"Frozen Egg 2"},{"floor":29.0,"key":"Boot"},{"floor":31.0,"key":"Anchor"},{"floor":40.0,"key":"Omamori"},{"floor":43,"key":"Sundial"},{"floor":44,"key":"Toxic Egg 2"},{"floor":46,"key":"Pocketwatch"}],"event_choices":[{"cards_removed":["Strike_R"],"damage_healed":0.0,"max_hp_gain":0.0,"max_hp_loss":0.0,"gold_gain":0.0,"event_name":"Golden Wing","player_choice":"Card Removal","floor":5.0,"gold_loss":0.0,"damage_taken":7.0},{"damage_healed":0.0,"max_hp_gain":0.0,"max_hp_loss":0.0,"gold_gain":0.0,"event_name":"Mushrooms","player_choice":"Fought Mushrooms","floor":14.0,"gold_loss":0.0,"damage_taken":0.0},{"cards_removed":["Strike_R"],"damage_healed":0.0,"max_hp_gain":0.0,"max_hp_loss":0.0,"gold_gain":0.0,"event_name":"Beggar","player_choice":"Gave Gold","floor":19.0,"gold_loss":75.0,"damage_taken":0.0},{"damage_healed":0.0,"max_hp_gain":0.0,"max_hp_loss":0.0,"gold_gain":180.0,"event_name":"Knowing Skull","player_choice":"CARD GOLD GOLD ","floor":21.0,"potions_obtained":[],"gold_loss":0.0,"damage_taken":25.0,"cards_obtained":["PanicButton"]},{"damage_healed":0.0,"max_hp_gain":0.0,"max_hp_loss":0.0,"gold_gain":180.0,"event_name":"Knowing Skull","player_choice":"CARD GOLD GOLD ","floor":21.0,"potions_obtained":[],"gold_loss":0.0,"damage_taken":25.0,"cards_obtained":["PanicButton"]},{"damage_healed":0.0,"max_hp_gain":0.0,"max_hp_loss":0.0,"gold_gain":0.0,"event_name":"SensoryStone","player_choice":"Memory 3","floor":38.0,"gold_loss":0.0,"damage_taken":10.0},{"cards_removed":["Strike_R"],"damage_healed":0.0,"max_hp_gain":0.0,"max_hp_loss":0.0,"gold_gain":0.0,"event_name":"Purifier","player_choice":"Purged","floor":39.0,"gold_loss":0.0,"damage_taken":0.0},{"damage_healed":0,"gold_gain":0,"player_choice":"Fight","damage_taken":0,"max_hp_gain":0,"max_hp_loss":0,"event_name":"Mysterious Sphere","floor":46,"gold_loss":0}],"is_beta":false,"boss_relics":[{"not_picked":["Cursed Key","Astrolabe"],"picked":"Runic Dome"},{"not_picked":["Coffee Dripper","Snecko Eye"],"picked":"Fusion Hammer"}],"items_purged_floors":[37,48],"is_endless":false,"potions_floor_spawned":[2,3,6,13,16,22,23,25,29,31,41,44,45,46,47],"ascension_level":15}}