{"host":"lpze9ywvzk5bsxql","time":1607508679,"event":{"gold_per_floor":[116,35,46,61,78,104,131,131,131,160,236,254,254,277,277,398,398,413,16,116,129,201,201,234,257,338,338,338,338,338],"floor_reached":29,"playtime":3398,"items_purged":[],"score":266,"play_id":"b3bdaa47-2e73-4020-b254-c99fac3ce013","local_time":"20201209111119","is_ascension_mode":true,"campfire_choices":[{"floor":8,"key":"REST"},{"floor":15,"key":"REST"},{"floor":23,"key":"REST"},{"floor":28,"key":"REST"}],"neow_cost":"NONE","seed_source_timestamp":525721926817000,"circlet_count":0,"master_deck":["Strike_B+1","Strike_B","Strike_B+1","Strike_B+1","Defend_B","Defend_B","Defend_B","Defend_B","Zap+1","Dualcast","Coolheaded","Crystallizer+1","Steam","Streamline","Hologram+1","Cold Snap","Machine Learning","Go for the Eyes","Injury","Creative AI","AbeCurse","Consume","Defragment","Chill","Beam Cell","Amplify"],"relics":["Cracked Core","Whetstone","Gremlin Food","Incense Burner","Tiny Chest","Golden Idol","Abe\u0027s Treasure","Bottled Tornado","The Courier","Toy Ornithopter","Letter Opener"],"potions_floor_usage":[6,10,16,16,18,25],"damage_taken":[{"damage":1,"enemies":"Cultist","floor":1,"turns":3},{"damage":6,"enemies":"Small Slimes","floor":3,"turns":4},{"damage":6,"enemies":"Jaw Worm","floor":4,"turns":4},{"damage":12,"enemies":"Large Slime","floor":5,"turns":9},{"damage":6,"enemies":"3 Sentries","floor":6,"turns":5},{"damage":29,"enemies":"Lagavulin","floor":10,"turns":6},{"damage":4,"enemies":"Blue Slaver","floor":12,"turns":4},{"damage":7,"enemies":"Exordium Thugs","floor":14,"turns":4},{"damage":14,"enemies":"Hexaghost","floor":16,"turns":12},{"damage":11,"enemies":"Shell Parasite","floor":18,"turns":6},{"damage":31,"enemies":"Spheric Guardian","floor":21,"turns":6},{"damage":47,"enemies":"Slavers","floor":24,"turns":11},{"damage":11,"enemies":"Snecko","floor":25,"turns":5},{"damage":39,"enemies":"Gremlin Leader","floor":29,"turns":4}],"seed_played":"1648595406206957348","potions_obtained":[{"floor":3,"key":"AttackPotion"},{"floor":4,"key":"Toxic Potion"},{"floor":10,"key":"EssenceOfSteel"},{"floor":14,"key":"LifebloodPotion"},{"floor":16,"key":"Languid Potion"},{"floor":24,"key":"Dexterity Potion"}],"is_trial":false,"path_per_floor":["M","$","M","M","M","E","T","R","T","E","?","M","?","M","R","B",null,"M","$","?","M","T","R","E","M","T","?","R","E"],"character_chosen":"DEFECT","items_purchased":["Crystallizer","Defragment","Chill","Bottled Tornado"],"campfire_rested":4,"item_purchase_floors":[2,19,19,19],"current_hp_per_floor":[81,81,75,69,57,51,51,75,75,46,46,42,42,35,59,45,82,71,71,71,40,40,64,17,11,11,11,35,0,0],"gold":338,"neow_bonus":"TEN_PERCENT_HP_BONUS","is_prod":false,"is_daily":false,"chose_seed":false,"campfire_upgraded":0,"win_rate":0,"timestamp":1607508679,"path_taken":["M","$","M","M","?","E","?","R","T","E","?","M","?","M","R","BOSS","M","$","?","M","?","R","E","M","T","?","R","E"],"build_version":"2020-11-30","purchased_purges":0,"victory":false,"max_hp_per_floor":[82,82,82,82,82,82,82,82,82,82,82,82,82,82,82,82,82,82,82,82,82,82,82,82,82,82,82,82,82,82],"card_choices":[{"not_picked":["Sweeping Beam","Streamline"],"picked":"Coolheaded","floor":1},{"not_picked":["Scrape","Darkness"],"picked":"Steam","floor":3},{"not_picked":["Redo","Hologram"],"picked":"Streamline","floor":4},{"not_picked":["BasicCrystalCard","Auto Shields"],"picked":"Hologram","floor":5},{"not_picked":["Panic Button","Sunder"],"picked":"Cold Snap","floor":6},{"not_picked":["Compile Driver","Rebound"],"picked":"Machine Learning","floor":10},{"not_picked":["Stack","Redo"],"picked":"Go for the Eyes","floor":12},{"not_picked":["Auto Shields","Reinforced Body","Streamline"],"picked":"SKIP","floor":14},{"not_picked":["Fission","Meteor Strike"],"picked":"Creative AI","floor":16},{"not_picked":["Steam","Panic Button"],"picked":"Consume","floor":18},{"not_picked":["Panic Button+1","Turbo+1"],"picked":"Beam Cell","floor":21},{"not_picked":["Tempest","BootSequence"],"picked":"Amplify","floor":24},{"not_picked":["BasicCrystalCard","Storm","Leap"],"picked":"SKIP","floor":25}],"player_experience":202987,"relics_obtained":[{"floor":6,"key":"Whetstone"},{"floor":7,"key":"Gremlin Food"},{"floor":9,"key":"Incense Burner"},{"floor":10,"key":"Tiny Chest"},{"floor":22,"key":"The Courier"},{"floor":24,"key":"Toy Ornithopter"},{"floor":26,"key":"Letter Opener"}],"event_choices":[{"damage_healed":0,"gold_gain":76,"player_choice":"Gained Gold","damage_taken":0,"max_hp_gain":0,"max_hp_loss":0,"event_name":"Golden Wing","floor":11,"gold_loss":0},{"damage_healed":0,"gold_gain":0,"player_choice":"Take Wound","damage_taken":0,"relics_obtained":["Golden Idol"],"max_hp_gain":0,"max_hp_loss":0,"event_name":"Golden Idol","floor":13,"gold_loss":0,"cards_obtained":["Injury"]},{"damage_healed":0,"gold_gain":100,"player_choice":"Pray","damage_taken":0,"max_hp_gain":0,"max_hp_loss":0,"event_name":"Golden Shrine","floor":20,"gold_loss":0}],"is_beta":false,"boss_relics":[{"not_picked":["Astrolabe","Ring of Chaos"],"picked":"Abe\u0027s Treasure"}],"items_purged_floors":[],"is_endless":false,"potions_floor_spawned":[3,4,10,14,16,24],"killed_by":"Gremlin Leader","ascension_level":1}}