{"host":"b3ffc6bdvud3tp8m","time":1607475809,"event":{"gold_per_floor":[119,44,63,83,83,83,94,119,146,166,193,212,245,245,245,340,340,354,354,354,126,154,154,140,165,211,211,111,111,111,111,111,227,239,264,276,338,77,77,108,108,118,141,141,152,152,232,244,244,244,244,244,24,57,57],"floor_reached":56,"playtime":8671,"items_purged":["Defend_G","Defend_G","Strike_G","Strike_G"],"score":1355,"play_id":"858bc965-0e3e-4cd1-bf45-9db2dde994d4","local_time":"20201209010329","is_ascension_mode":true,"campfire_choices":[{"data":"Neutralize","floor":6,"key":"SMITH"},{"floor":15,"key":"DIG"},{"floor":23,"key":"DIG"},{"floor":27,"key":"DIG"},{"floor":29,"key":"DIG"},{"floor":32,"key":"DIG"},{"floor":41,"key":"DIG"},{"floor":44,"key":"DIG"},{"floor":46,"key":"RECALL"},{"floor":49,"key":"DIG"},{"data":"Adrenaline","floor":52,"key":"SMITH"}],"neow_cost":"PERCENT_DAMAGE","seed_source_timestamp":460774312803039,"circlet_count":0,"master_deck":["Defend_G+1","Defend_G","Survivor","Neutralize+1","Underhanded Strike+1","Backflip+1","Escape Plan","Noxious Fumes","Deadly Poison","Heel Hook+1","Footwork","Leg Sweep","Tools of the Trade","Adrenaline+1","Well Laid Plans","Die Die Die+1","CurseOfTheBell","Adrenaline","Noxious Fumes+1","Heel Hook+1","Distraction+1","Noxious Fumes","Catalyst+1"],"relics":["Ring of the Snake","Ancient Tea Set","War Paint","Orichalcum","Shovel","Strawberry","SlaversCollar","Red Mask","Tiny Chest","Bottled Lightning","Oddly Smooth Stone","InkBottle","Molten Egg 2","MawBank","Calling Bell","Pen Nib","Darkstone Periapt","Incense Burner","Pocketwatch","Orrery","PreservedInsect","Toxic Egg 2","Blood Vial","Nunchaku","Pantograph","Bag of Preparation","Whetstone"],"potions_floor_usage":[8,8,13,22,25,35,55,55,55],"damage_taken":[{"damage":0,"enemies":"2 Louse","floor":1,"turns":4},{"damage":0,"enemies":"Cultist","floor":3,"turns":4},{"damage":0,"enemies":"Small Slimes","floor":4,"turns":7},{"damage":0,"enemies":"Exordium Wildlife","floor":7,"turns":4},{"damage":8,"enemies":"Gremlin Nob","floor":8,"turns":4},{"damage":0,"enemies":"3 Louse","floor":10,"turns":4},{"damage":5,"enemies":"Lagavulin","floor":11,"turns":8},{"damage":0,"enemies":"2 Fungi Beasts","floor":12,"turns":4},{"damage":8,"enemies":"Gremlin Nob","floor":13,"turns":4},{"damage":54,"enemies":"Slime Boss","floor":16,"turns":12},{"damage":2,"enemies":"Chosen","floor":18,"turns":6},{"damage":4,"enemies":"Masked Bandits","floor":22,"turns":7},{"damage":1,"enemies":"2 Thieves","floor":24,"turns":4},{"damage":12,"enemies":"Slavers","floor":25,"turns":6},{"damage":0,"enemies":"Colosseum Slavers","floor":30,"turns":5},{"damage":6,"enemies":"Champ","floor":33,"turns":12},{"damage":16,"enemies":"Orb Walker","floor":35,"turns":4},{"damage":0,"enemies":"Mind Bloom Boss Battle","floor":37,"turns":7},{"damage":0,"enemies":"Nemesis","floor":40,"turns":7},{"damage":1,"enemies":"3 Shapes","floor":42,"turns":3},{"damage":0,"enemies":"Sphere and 2 Shapes","floor":45,"turns":3},{"damage":0,"enemies":"Jaw Worm Horde","floor":48,"turns":1},{"damage":0,"enemies":"Donu and Deca","floor":50,"turns":8},{"damage":7,"enemies":"Shield and Spear","floor":54,"turns":5},{"damage":74,"enemies":"The Heart","floor":55,"turns":8}],"seed_played":"7018103757451332839","potions_obtained":[{"floor":4,"key":"Explosive Potion"},{"floor":7,"key":"Explosive Potion"},{"floor":10,"key":"CultistPotion"},{"floor":12,"key":"Block Potion"},{"floor":16,"key":"EssenceOfSteel"},{"floor":18,"key":"Swift Potion"},{"floor":24,"key":"CultistPotion"},{"floor":25,"key":"CultistPotion"},{"floor":37,"key":"SpeedPotion"},{"floor":45,"key":"Regen Potion"}],"is_trial":false,"path_per_floor":["M","$","M","M","?","R","M","E","T","M","E","M","E","?","R","B",null,"M","?","?","$","?","R","M","E","T","R","$","R","?","?","R","B",null,"M","T","?","$","?","E","R","M","T","R","M","R","T","M","R","B",null,"R","$","E","B",null],"character_chosen":"THE_SILENT","items_purchased":["Adrenaline","Well Laid Plans","Orrery","Catalyst+1"],"campfire_rested":0,"item_purchase_floors":[21,21,38,53],"current_hp_per_floor":[49,49,49,49,49,49,49,41,41,41,36,36,28,51,58,4,77,75,75,61,61,57,57,56,44,44,44,44,44,44,44,44,38,82,66,66,66,66,66,66,66,65,65,65,67,67,67,69,69,82,82,82,82,75,18],"gold":57,"neow_bonus":"REMOVE_TWO","is_prod":false,"is_daily":false,"chose_seed":false,"campfire_upgraded":2,"win_rate":0,"timestamp":1607475809,"path_taken":["M","$","M","M","?","R","?","E","T","M","E","M","E","?","R","BOSS","M","?","?","$","?","R","?","E","T","R","$","R","?","?","R","BOSS","M","?","?","$","?","E","R","M","T","R","M","R","?","M","R","BOSS","R","$","E","BOSS"],"build_version":"2020-11-30","purchased_purges":4,"victory":true,"max_hp_per_floor":[70,70,70,70,70,70,70,70,70,70,70,70,70,70,77,77,77,77,77,82,82,82,82,82,82,82,82,82,82,82,82,82,82,82,82,82,82,82,82,82,82,82,82,82,82,82,82,82,82,82,82,82,82,82,82],"card_choices":[{"not_picked":["Flying Knee","Skewer","Slice"],"picked":"SKIP","floor":1},{"not_picked":["Flying Knee","Outmaneuver"],"picked":"Reflex","floor":3},{"not_picked":["Poisoned Stab","Caltrops"],"picked":"Underhanded Strike","floor":4},{"not_picked":["Bane","Blade Dance"],"picked":"Backflip","floor":7},{"not_picked":["Footwork","Blur"],"picked":"Escape Plan","floor":8},{"not_picked":["Calculated Gamble","Underhanded Strike"],"picked":"Noxious Fumes","floor":10},{"not_picked":["Caltrops","Heel Hook"],"picked":"Deadly Poison","floor":11},{"not_picked":["Finisher","Masterful Stab"],"picked":"Heel Hook","floor":12},{"not_picked":["Masterful Stab","PiercingWail","Bane"],"picked":"SKIP","floor":13},{"not_picked":["A Thousand Cuts","After Image"],"picked":"Die Die Die","floor":16},{"not_picked":["Riddle With Holes","Blade Dance"],"picked":"Footwork","floor":18},{"not_picked":["Flying Knee+1","Deflect","Outmaneuver"],"picked":"SKIP","floor":24},{"not_picked":["Deflect+1","Quick Slash","Riddle With Holes"],"picked":"SKIP","floor":25},{"not_picked":["Phantasmal Killer","Envenom"],"picked":"Die Die Die+1","floor":33},{"not_picked":["Dodge and Roll","Acrobatics","Dagger Throw+1"],"picked":"SKIP","floor":35},{"not_picked":["Backflip","PiercingWail+1"],"picked":"Adrenaline","floor":38},{"not_picked":["Dodge and Roll","Poisoned Stab+1"],"picked":"Noxious Fumes+1","floor":38},{"not_picked":["Underhanded Strike+1","Acrobatics"],"picked":"Heel Hook+1","floor":38},{"not_picked":["Quick Slash+1","Acrobatics","Well Laid Plans+1"],"picked":"SKIP","floor":40},{"not_picked":["All Out Attack+1","Dagger Throw+1"],"picked":"Distraction+1","floor":42},{"not_picked":["Flying Knee+1","Quick Slash+1","Backflip+1"],"picked":"SKIP","floor":45},{"not_picked":["Slice+1","Dash+1"],"picked":"Noxious Fumes","floor":48},{"not_picked":["Bane+1","Poisoned Stab+1","Die Die Die+1"],"picked":"SKIP","floor":54}],"player_experience":100221,"relics_obtained":[{"floor":8,"key":"Ancient Tea Set"},{"floor":9,"key":"War Paint"},{"floor":11,"key":"Orichalcum"},{"floor":13,"key":"Shovel"},{"floor":15,"key":"Strawberry"},{"floor":22,"key":"Red Mask"},{"floor":23,"key":"Tiny Chest"},{"floor":25,"key":"Bottled Lightning"},{"floor":26,"key":"Oddly Smooth Stone"},{"floor":27,"key":"InkBottle"},{"floor":29,"key":"Molten Egg 2"},{"floor":32,"key":"MawBank"},{"floor":34,"key":"Pen Nib"},{"floor":34,"key":"Darkstone Periapt"},{"floor":34,"key":"Incense Burner"},{"floor":37,"key":"Pocketwatch"},{"floor":40,"key":"PreservedInsect"},{"floor":41,"key":"Toxic Egg 2"},{"floor":43,"key":"Blood Vial"},{"floor":44,"key":"Nunchaku"},{"floor":47,"key":"Pantograph"},{"floor":49,"key":"Bag of Preparation"},{"floor":54,"key":"Whetstone"}],"event_choices":[{"cards_removed":["Strike_G"],"damage_healed":0,"gold_gain":0,"player_choice":"Purged","damage_taken":0,"max_hp_gain":0,"max_hp_loss":0,"event_name":"Purifier","floor":5,"gold_loss":0},{"damage_healed":23,"gold_gain":0,"player_choice":"Banana","damage_taken":0,"max_hp_gain":0,"max_hp_loss":0,"event_name":"Big Fish","floor":14,"gold_loss":0},{"damage_healed":0,"gold_gain":0,"cards_transformed":["Reflex","Defend_G"],"player_choice":"Became Test Subject","damage_taken":0,"max_hp_gain":0,"max_hp_loss":0,"event_name":"Drug Dealer","floor":19,"gold_loss":0,"cards_obtained":["Leg Sweep","Tools of the Trade"]},{"damage_healed":0,"gold_gain":0,"player_choice":"Shed Blood","damage_taken":19,"max_hp_gain":5,"max_hp_loss":0,"event_name":"Forgotten Altar","floor":20,"gold_loss":0},{"damage_healed":0,"gold_gain":0,"player_choice":"Fought Bandits","damage_taken":0,"max_hp_gain":0,"max_hp_loss":0,"event_name":"Masked Bandits","floor":22,"gold_loss":0},{"damage_healed":0,"gold_gain":0,"player_choice":"Fight","damage_taken":0,"max_hp_gain":0,"max_hp_loss":0,"event_name":"Colosseum","floor":30,"gold_loss":0},{"damage_healed":0,"gold_gain":0,"player_choice":"Fled From Nobs","damage_taken":0,"max_hp_gain":0,"max_hp_loss":0,"event_name":"Colosseum","floor":30,"gold_loss":0},{"damage_healed":0,"gold_gain":0,"player_choice":"Ignored","damage_taken":0,"max_hp_gain":0,"max_hp_loss":0,"event_name":"Vampires","floor":31,"gold_loss":0},{"damage_healed":0,"gold_gain":0,"player_choice":"Fight","damage_taken":0,"max_hp_gain":0,"max_hp_loss":0,"event_name":"MindBloom","floor":37,"gold_loss":0},{"cards_removed":["Die Die Die"],"damage_healed":0,"gold_gain":0,"player_choice":"Removed Attack","damage_taken":0,"max_hp_gain":0,"max_hp_loss":0,"event_name":"Falling","floor":39,"gold_loss":0}],"is_beta":false,"boss_relics":[{"not_picked":["Snecko Eye","WristBlade"],"picked":"SlaversCollar"},{"not_picked":["Busted Crown","SacredBark"],"picked":"Calling Bell"}],"items_purged_floors":[2,28,38,53],"is_endless":false,"potions_floor_spawned":[4,7,10,12,16,18,24,25,33,37,42,45,54],"ascension_level":2}}