{"host":"fevvm7bbzuh4s1jc","time":1607538203,"event":{"gold_per_floor":[113,133,146,146,158,158,189,189,267,267,267,33,33,45,45,45,45],"floor_reached":16,"playtime":782,"items_purged":[],"score":200,"play_id":"01813258-6de2-4df7-94d8-412ab7d40727","local_time":"20201209132323","is_ascension_mode":true,"campfire_choices":[{"data":"Dagger Spray","floor":6.0,"key":"SMITH"},{"data":"Dash","floor":8.0,"key":"SMITH"},{"data":"Neutralize","floor":11.0,"key":"SMITH"},{"data":"Noxious Fumes","floor":13.0,"key":"SMITH"},{"data":"Master of Strategy","floor":15.0,"key":"SMITH"}],"neow_cost":"NONE","seed_source_timestamp":0,"circlet_count":0,"master_deck":["AscendersBane","Strike_G","Strike_G","Strike_G","Strike_G","Strike_G","Defend_G","Defend_G+1","Defend_G","Defend_G","Defend_G+1","Survivor","Neutralize+1","Dash+1","Quick Slash","Dagger Spray+1","Noxious Fumes+1","Master of Strategy+1","Dagger Throw"],"special_seed":0,"relics":["Ring of the Snake","Calipers","War Paint","Mummified Hand"],"potions_floor_usage":[16,16],"damage_taken":[{"damage":6.0,"enemies":"Cultist","floor":1.0,"turns":4.0},{"damage":2.0,"enemies":"2 Louse","floor":2.0,"turns":3.0},{"damage":3.0,"enemies":"Small Slimes","floor":3.0,"turns":3.0},{"damage":0.0,"enemies":"2 Fungi Beasts","floor":5.0,"turns":3.0},{"damage":8.0,"enemies":"Gremlin Nob","floor":7.0,"turns":3.0},{"damage":9.0,"enemies":"Exordium Wildlife","floor":14.0,"turns":4.0},{"damage":28,"enemies":"Slime Boss","floor":16,"turns":9}],"seed_played":"4117341898967889629","potions_obtained":[{"floor":2.0,"key":"FearPotion"},{"floor":7.0,"key":"DistilledChaos"},{"floor":10.0,"key":"GhostInAJar"}],"is_trial":false,"path_per_floor":["M","M","M","?","M","R","E","R","T","?","R","$","R","M","R","B"],"character_chosen":"THE_SILENT","items_purchased":["Noxious Fumes","Master of Strategy"],"campfire_rested":0,"item_purchase_floors":[12,12],"current_hp_per_floor":[59,57,54,43,43,43,35,35,35,35,35,35,35,26,26,0,0],"gold":45,"neow_bonus":"TEN_PERCENT_HP_BONUS","is_prod":false,"is_daily":false,"chose_seed":false,"campfire_upgraded":5,"win_rate":0,"timestamp":1607538203,"path_taken":["M","M","M","?","M","R","E","R","T","?","R","$","R","?","R","BOSS"],"build_version":"2020-11-30","purchased_purges":0,"victory":false,"max_hp_per_floor":[72,72,72,72,72,72,72,72,72,72,72,72,72,72,72,72,72],"relic_stats":{"counters":[7,29],"Mummified Hand":[2],"War Paint":["Defend_G","Defend_G"],"obtain_stats":[{"Calipers":4,"Mummified Hand":9,"War Paint":7,"Ring of the Snake":0},{"Calipers":3,"Mummified Hand":5,"War Paint":5,"Ring of the Snake":0},{"Calipers":10,"Mummified Hand":16,"War Paint":16,"Ring of the Snake":0}],"Ring of the Snake":[14]},"card_choices":[{"not_picked":["Backflip","Poisoned Stab"],"picked":"Dash","floor":1.0},{"not_picked":["Heel Hook","Riddle With Holes"],"picked":"Quick Slash","floor":2.0},{"not_picked":["Underhanded Strike","Quick Slash","Flying Knee"],"picked":"SKIP","floor":3.0},{"not_picked":["Dodge and Roll","Setup"],"picked":"Dagger Spray","floor":5.0},{"not_picked":["Quick Slash","Grand Finale","Acrobatics"],"picked":"SKIP","floor":7.0},{"not_picked":["Underhanded Strike","Catalyst"],"picked":"Dagger Throw","floor":14.0}],"player_experience":2521520,"relics_obtained":[{"floor":7.0,"key":"War Paint"},{"floor":9.0,"key":"Mummified Hand"}],"event_choices":[{"damage_healed":0.0,"max_hp_gain":0.0,"max_hp_loss":0.0,"gold_gain":0.0,"event_name":"Scrap Ooze","player_choice":"Success","floor":4.0,"gold_loss":0.0,"damage_taken":11.0,"relics_obtained":["Calipers"]},{"damage_healed":0.0,"max_hp_gain":0.0,"max_hp_loss":0.0,"gold_gain":0.0,"event_name":"Lab","player_choice":"Got Potions","floor":10.0,"gold_loss":0.0,"damage_taken":0.0}],"is_beta":false,"boss_relics":[],"items_purged_floors":[],"is_endless":false,"potions_floor_spawned":[2,7],"killed_by":"Slime Boss","ascension_level":20}}