{"host":"l4kdldlios54gl54","time":1607542854,"event":{"gold_per_floor":[113,38,53,71,90,90,103,118,118,135,149,49,49,60,60,138,138,149,149,24,37,37,37,55,55,55,55,66,101,129,156,156,235,235,261,286,136,136,136,136,136,136],"floor_reached":41,"playtime":2483,"items_purged":["Strike_G","Strike_G","Terror","Flechettes"],"score":878,"play_id":"37ce58ca-9db7-401a-98b9-4e00665cf5d7","local_time":"20201209204054","is_ascension_mode":true,"campfire_choices":[{"data":"Deadly Poison","floor":6,"key":"SMITH"},{"data":"Dodge and Roll","floor":13,"key":"SMITH"},{"floor":15,"key":"REST"},{"data":"PiercingWail","floor":23,"key":"SMITH"},{"data":"Crippling Poison","floor":25,"key":"SMITH"},{"floor":27,"key":"REST"},{"floor":32,"key":"REST"},{"data":"Leg Sweep","floor":40,"key":"SMITH"}],"neow_cost":"TEN_PERCENT_HP_LOSS","seed_source_timestamp":5916211146700,"circlet_count":0,"master_deck":["AscendersBane","Defend_G+1","Defend_G+1","Defend_G+1","Defend_G+1","Survivor","Neutralize","Dodge and Roll+1","Deadly Poison+1","All Out Attack","Flying Knee","Escape Plan","Crippling Poison+1","Corpse Explosion","PiercingWail+1","Leg Sweep+1","Backflip+1","PiercingWail+1"],"relics":["Ring of the Snake","The Specimen","Philosopher\u0027s Stone","Matryoshka","CeramicFish","Prayer Wheel","Snecko Eye","Du-Vu Doll","Potion Belt","Pocketwatch"],"potions_floor_usage":[11,16,21,24,31,33,41,41],"damage_taken":[{"damage":4,"enemies":"Small Slimes","floor":1,"turns":5},{"damage":0,"enemies":"2 Louse","floor":3,"turns":3},{"damage":1,"enemies":"Jaw Worm","floor":4,"turns":5},{"damage":1,"enemies":"Exordium Wildlife","floor":5,"turns":3},{"damage":4,"enemies":"Blue Slaver","floor":7,"turns":4},{"damage":2,"enemies":"Looter","floor":8,"turns":4},{"damage":0,"enemies":"3 Louse","floor":10,"turns":3},{"damage":15,"enemies":"Exordium Wildlife","floor":11,"turns":6},{"damage":8,"enemies":"Exordium Thugs","floor":14,"turns":4},{"damage":21,"enemies":"Hexaghost","floor":16,"turns":10},{"damage":4,"enemies":"Chosen","floor":18,"turns":5},{"damage":16,"enemies":"3 Byrds","floor":21,"turns":3},{"damage":0,"enemies":"3 Cultists","floor":24,"turns":3},{"damage":5,"enemies":"Centurion and Healer","floor":28,"turns":7},{"damage":22,"enemies":"Slavers","floor":29,"turns":4},{"damage":3,"enemies":"Sentry and Sphere","floor":30,"turns":4},{"damage":15,"enemies":"Gremlin Leader","floor":31,"turns":7},{"damage":11,"enemies":"Collector","floor":33,"turns":7},{"damage":0,"enemies":"3 Shapes","floor":35,"turns":4},{"damage":0,"enemies":"Mind Bloom Boss Battle","floor":36,"turns":9},{"damage":60,"enemies":"Giant Head","floor":41,"turns":8}],"seed_played":"-1427465341655087266","potions_obtained":[{"floor":3,"key":"GamblersBrew"},{"floor":5,"key":"Swift Potion"},{"floor":8,"key":"DuplicationPotion"},{"floor":14,"key":"Poison Potion"},{"floor":16,"key":"FearPotion"},{"floor":29,"key":"FearPotion"},{"floor":31,"key":"LiquidMemories"},{"floor":35,"key":"FearPotion"},{"floor":36,"key":"Energy Potion"}],"is_trial":false,"path_per_floor":["M","$","M","M","M","R","M","M","T","M","M","$","R","M","R","B",null,"M","?","$","M","?","R","M","R","T","R","M","E","M","E","R","B",null,"M","?","$","?","T","R","E"],"character_chosen":"THE_SILENT","items_purchased":[],"campfire_rested":3,"item_purchase_floors":[],"current_hp_per_floor":[55,55,55,54,53,53,49,47,47,47,32,32,32,24,42,21,50,46,46,46,30,30,30,30,30,30,48,43,21,18,3,21,10,48,48,48,48,48,48,48,0,0],"gold":136,"neow_bonus":"REMOVE_TWO","is_prod":false,"is_daily":false,"chose_seed":false,"campfire_upgraded":5,"win_rate":0,"timestamp":1607542854,"path_taken":["M","$","M","M","M","R","M","M","T","M","M","$","R","M","R","BOSS","M","?","$","M","?","R","M","R","T","R","M","E","M","E","R","BOSS","M","?","$","?","?","R","E"],"build_version":"2020-11-30","purchased_purges":4,"victory":false,"max_hp_per_floor":[60,60,60,60,60,60,60,60,60,60,60,60,60,60,60,60,60,60,60,60,60,60,60,60,60,60,60,60,60,60,60,60,60,60,60,60,60,60,60,60,60,60],"card_choices":[{"not_picked":["Backflip","Slice"],"picked":"Dodge and Roll","floor":1},{"not_picked":["Cloak And Dagger","Underhanded Strike"],"picked":"Deadly Poison","floor":3},{"not_picked":["Cloak And Dagger","Expertise"],"picked":"All Out Attack","floor":4},{"not_picked":["Slice","Masterful Stab"],"picked":"Flying Knee","floor":5},{"not_picked":["Quick Slash","All Out Attack","Predator"],"picked":"SKIP","floor":7},{"not_picked":["Flying Knee","Reflex"],"picked":"Escape Plan","floor":8},{"not_picked":["Unload","Heel Hook","Outmaneuver"],"picked":"SKIP","floor":10},{"not_picked":["Skewer","Quick Slash","Outmaneuver"],"picked":"SKIP","floor":11},{"not_picked":["Dagger Throw","Outmaneuver"],"picked":"Crippling Poison","floor":14},{"not_picked":["Storm of Steel","Tools of the Trade"],"picked":"Corpse Explosion","floor":16},{"not_picked":["Reflex","Crippling Poison","Flying Knee"],"picked":"SKIP","floor":18},{"not_picked":["Slice","Predator"],"picked":"PiercingWail","floor":21},{"not_picked":["Tactician","Prepared","Underhanded Strike"],"picked":"SKIP","floor":24},{"not_picked":["Expertise","Bouncing Flask","Poisoned Stab"],"picked":"SKIP","floor":28},{"not_picked":["Escape Plan","Dagger Throw"],"picked":"Leg Sweep","floor":29},{"not_picked":["Sucker Punch","Dagger Spray"],"picked":"Backflip+1","floor":30},{"not_picked":["All Out Attack","After Image","Quick Slash+1"],"picked":"SKIP","floor":31},{"not_picked":["Outmaneuver","Deflect"],"picked":"PiercingWail+1","floor":35},{"not_picked":["Dagger Spray","Cloak And Dagger","Sucker Punch"],"picked":"SKIP","floor":35}],"player_experience":822757,"relics_obtained":[{"floor":9,"key":"The Specimen"},{"floor":26,"key":"Matryoshka"},{"floor":29,"key":"CeramicFish"},{"floor":31,"key":"Prayer Wheel"},{"floor":36,"key":"Du-Vu Doll"},{"floor":39,"key":"Potion Belt"},{"floor":39,"key":"Pocketwatch"}],"event_choices":[{"damage_healed":0,"gold_gain":0,"cards_transformed":["Strike_G","Strike_G"],"player_choice":"Became Test Subject","damage_taken":0,"max_hp_gain":0,"max_hp_loss":0,"event_name":"Drug Dealer","floor":19,"gold_loss":0,"cards_obtained":["Flechettes","Terror"]},{"damage_healed":0,"gold_gain":0,"player_choice":"Simplicity","damage_taken":0,"max_hp_gain":0,"max_hp_loss":0,"event_name":"Back to Basics","floor":22,"gold_loss":0,"cards_upgraded":["Defend_G","Defend_G","Defend_G","Defend_G"]},{"damage_healed":0,"gold_gain":0,"player_choice":"Fight","damage_taken":0,"max_hp_gain":0,"max_hp_loss":0,"event_name":"MindBloom","floor":36,"gold_loss":0},{"damage_healed":0,"gold_gain":0,"player_choice":"Ignored","damage_taken":0,"max_hp_gain":0,"max_hp_loss":0,"event_name":"Tomb of Lord Red Mask","floor":38,"gold_loss":0}],"is_beta":false,"boss_relics":[{"not_picked":["WristBlade","Sozu"],"picked":"Philosopher\u0027s Stone"},{"not_picked":["SacredBark","Fusion Hammer"],"picked":"Snecko Eye"}],"items_purged_floors":[2,12,20,37],"is_endless":false,"potions_floor_spawned":[3,5,8,14,16,18,29,31,35,36],"killed_by":"Giant Head","ascension_level":19}}