{"host":"wl5kcyk3ocgwii71","time":1607558278,"event":{"gold_per_floor":[119,44,119,66,76,111,111,145,145,177,177,238,238,238,238,257,257,353,353,364,375,26,45,61,88,88,117,117,117,130,157,175,175,175,273,273,288,335,23,40,40,40],"floor_reached":41,"playtime":1324,"items_purged":["Strike_G"],"score":722,"play_id":"723b9891-58f1-4a95-9bbf-ec7befd3a785","local_time":"20201209155758","is_ascension_mode":true,"campfire_choices":[{"data":"Corpse Explosion","floor":7,"key":"SMITH"},{"data":"Neutralize","floor":11,"key":"SMITH"},{"data":"Blade Dance","floor":17,"key":"SMITH"},{"data":"Burst","floor":26,"key":"SMITH"},{"floor":29,"key":"REST"},{"floor":34,"key":"REST"}],"neow_cost":"NONE","seed_source_timestamp":452742400664500,"circlet_count":0,"master_deck":["Strike_G","Strike_G","Strike_G","Strike_G","Defend_G","Defend_G","Defend_G","Defend_G","Defend_G","Survivor","Neutralize+1","Dagger Throw","Crippling Poison+1","Flying Knee","Quick Slash","Corpse Explosion+1","Deadly Poison","Blade Dance+1","Burst+1","Catalyst","Cloak And Dagger","Outmaneuver+1","Catalyst+1","Prepared","Accuracy","Burst","Toxin Wave+1","PiercingWail+1"],"special_seed":0,"relics":["Ring of the Snake","NeowsBlessing","Mango","Ancient Tea Set","FossilizedHelix","Snack Pack","Singing Bowl","Oddly Smooth Stone","ChewingGum","Orrery","Pantograph","Potion Belt","Ice Cream","StrikeDummy","Fusion Hammer","Counterbalance","Strawberry","Lantern"],"potions_floor_usage":[10,27,41],"damage_taken":[{"damage":0,"enemies":"Small Slimes","floor":1,"turns":1},{"damage":0,"enemies":"Cultist","floor":5,"turns":1},{"damage":0,"enemies":"Lagavulin","floor":6,"turns":1},{"damage":15,"enemies":"3 Sentries","floor":8,"turns":5},{"damage":10,"enemies":"Lagavulin","floor":10,"turns":5},{"damage":10,"enemies":"3 Sentries","floor":12,"turns":3},{"damage":0,"enemies":"Jaw Worm","floor":16,"turns":3},{"damage":14,"enemies":"Hexaghost","floor":18,"turns":8},{"damage":13,"enemies":"2 Thieves","floor":20,"turns":3},{"damage":0,"enemies":"Chosen","floor":21,"turns":3},{"damage":0,"enemies":"Centurion and Healer","floor":23,"turns":3},{"damage":4,"enemies":"Shelled Parasite and Fungi","floor":24,"turns":3},{"damage":21,"enemies":"Book of Stabbing","floor":25,"turns":4},{"damage":17,"enemies":"Replay:Snechameleon","floor":27,"turns":8},{"damage":4,"enemies":"Sentry and Sphere","floor":30,"turns":5},{"damage":27,"enemies":"Book of Stabbing","floor":31,"turns":4},{"damage":0,"enemies":"Centurion and Healer","floor":32,"turns":3},{"damage":60,"enemies":"Collector","floor":35,"turns":8},{"damage":12,"enemies":"3 Shapes","floor":37,"turns":5},{"damage":40,"enemies":"2 Orb Walkers","floor":38,"turns":5},{"damage":43,"enemies":"3 Darklings","floor":40,"turns":4},{"damage":26,"enemies":"Spire Growth","floor":41,"turns":4}],"seed_played":"-5972414100624450702","potions_obtained":[{"floor":5,"key":"Poison Potion"},{"floor":12,"key":"Death Potion"},{"floor":16,"key":"sneckomod:MuddlingPotion"},{"floor":18,"key":"ColorlessPotion"},{"floor":20,"key":"Weak Potion"},{"floor":32,"key":"sneckomod:MuddlingPotion"},{"floor":37,"key":"Weak Potion"}],"is_trial":false,"path_per_floor":["M","?","?","$","M","E","R","E","T","E","R","?","?","PTL","PTL","M","R","B",null,"M","M","$","M","M","E","R","E","T","R","M","E","M","?","R","B",null,"M","?","$","M","M"],"character_chosen":"THE_SILENT","items_purchased":["Flying Knee","Catalyst","Cloak And Dagger","Orrery","Strawberry","Lantern"],"campfire_rested":2,"item_purchase_floors":[4,22,22,22,39,39],"current_hp_per_floor":[63,63,52,52,52,66,66,51,51,41,41,33,33,33,33,35,35,33,73,66,70,76,82,78,61,61,52,52,82,86,65,69,69,100,54,93,83,47,54,19,0,0],"gold":40,"neow_bonus":"THREE_ENEMY_KILL","is_prod":false,"is_daily":false,"chose_seed":false,"campfire_upgraded":4,"win_rate":0,"timestamp":1607558278,"path_taken":["M","?","?","$","?","E","R","E","T","E","R","?","?","PTL","PTL","M","R","BOSS","M","?","$","M","M","E","R","E","T","R","?","E","M","?","R","BOSS","M","?","$","M","M"],"build_version":"2020-11-30","purchased_purges":1,"victory":false,"max_hp_per_floor":[70,70,70,70,70,84,84,84,84,84,84,86,86,86,86,86,86,86,86,88,90,96,96,96,98,98,100,100,100,102,104,106,106,106,106,106,106,106,113,115,115,115],"card_choices":[{"not_picked":["Sneak Up","Deflect"],"picked":"Dagger Throw","floor":1},{"not_picked":["Terror+1","ReplayTheSpireMod:The Works+1"],"picked":"Crippling Poison+1","floor":2},{"not_picked":["Reflex","Sucker Punch"],"picked":"Quick Slash","floor":5},{"not_picked":["Noxious Fumes","Blade Dance"],"picked":"Corpse Explosion","floor":6},{"not_picked":["Blade Dance","Quick Slash"],"picked":"Deadly Poison","floor":8},{"not_picked":["Dagger Throw","Eviscerate","PiercingWail"],"picked":"SKIP","floor":10},{"not_picked":["ReplayTheSpireMod:Speed Training","Slice","Poisoned Stab"],"picked":"Singing Bowl","floor":12},{"not_picked":["Tools of the Trade","Riddle With Holes"],"picked":"Blade Dance","floor":16},{"not_picked":["Grand Finale","Bullet Time"],"picked":"Burst","floor":18},{"not_picked":["Flechettes","Bane","Outmaneuver"],"picked":"Singing Bowl","floor":20},{"not_picked":["Predator","Blade Dance","Underhanded Strike"],"picked":"Singing Bowl","floor":21},{"not_picked":["Eviscerate+1","Finisher+1"],"picked":"Outmaneuver+1","floor":22},{"not_picked":["Cloak And Dagger","PiercingWail+1"],"picked":"Catalyst+1","floor":22},{"not_picked":["Poisoned Stab","Well Laid Plans+1","Quick Slash+1"],"picked":"Singing Bowl","floor":22},{"not_picked":["Poisoned Stab","Bane","PiercingWail"],"picked":"Singing Bowl","floor":22},{"not_picked":["Deadly Poison+1","Hidden Blade","Fluid Movement+1"],"picked":"Singing Bowl","floor":22},{"not_picked":["Blade Dance","Riddle With Holes+1"],"picked":"Prepared","floor":23},{"not_picked":["Deflect","Noxious Fumes"],"picked":"Accuracy","floor":24},{"not_picked":["Endless Agony","Outmaneuver","Underhanded Strike+1"],"picked":"Singing Bowl","floor":25},{"not_picked":["Bane","Reflex","Blade Dance"],"picked":"Singing Bowl","floor":27},{"not_picked":["ReplayTheSpireMod:Tripwire","Predator+1","Grand Finale"],"picked":"Singing Bowl","floor":30},{"not_picked":["Deflect","Finisher","Endless Agony+1"],"picked":"Singing Bowl","floor":31},{"not_picked":["Flying Knee","Blade Dance","Dagger Throw+1"],"picked":"Singing Bowl","floor":32},{"not_picked":["Storm of Steel","Grand Finale"],"picked":"Burst","floor":35},{"not_picked":["Sucker Punch","Dagger Throw+1"],"picked":"Toxin Wave+1","floor":37},{"not_picked":["Tactician","Night Terror"],"picked":"PiercingWail+1","floor":38},{"not_picked":["PiercingWail","Underhanded Strike","Deadly Poison+1"],"picked":"Singing Bowl","floor":40}],"player_experience":346428,"relics_obtained":[{"floor":6,"key":"Mango"},{"floor":8,"key":"Ancient Tea Set"},{"floor":9,"key":"FossilizedHelix"},{"floor":10,"key":"Snack Pack"},{"floor":12,"key":"Singing Bowl"},{"floor":25,"key":"Pantograph"},{"floor":27,"key":"Potion Belt"},{"floor":28,"key":"Ice Cream"},{"floor":31,"key":"StrikeDummy"},{"floor":38,"key":"Counterbalance"}],"event_choices":[{"damage_healed":0,"gold_gain":0,"player_choice":"2","damage_taken":0,"max_hp_gain":0,"max_hp_loss":0,"event_name":"betterMatch:BetterMatch","floor":2,"gold_loss":0,"cards_obtained":["betterMatch:UncommonCard"]},{"damage_healed":0,"gold_gain":75,"player_choice":"Gold","damage_taken":11,"max_hp_gain":0,"max_hp_loss":0,"event_name":"betterThird:BetterGoop","floor":3,"gold_loss":0},{"damage_healed":0,"gold_gain":30,"player_choice":"Searched \u00272\u0027 times","damage_taken":0,"max_hp_gain":0,"max_hp_loss":0,"event_name":"Dead Adventurer","floor":12,"gold_loss":0},{"damage_healed":0,"gold_gain":0,"player_choice":"Gave Potion","damage_taken":0,"relics_obtained":["Oddly Smooth Stone"],"max_hp_gain":0,"max_hp_loss":0,"event_name":"WeMeetAgain","floor":13,"gold_loss":0},{"damage_healed":0,"gold_gain":0,"player_choice":"Ignored","damage_taken":0,"max_hp_gain":0,"max_hp_loss":0,"event_name":"Ghosts","floor":33,"gold_loss":0},{"damage_healed":0,"gold_gain":0,"player_choice":"Fight","damage_taken":0,"max_hp_gain":0,"max_hp_loss":0,"event_name":"Mysterious Sphere","floor":38,"gold_loss":0}],"is_beta":false,"boss_relics":[{"not_picked":["Kintsugi","Ectoplasm"],"picked":"ChewingGum"},{"not_picked":["Replay:Wanted Poster","Ring of Chaos"],"picked":"Fusion Hammer"}],"items_purged_floors":[22],"is_endless":false,"potions_floor_spawned":[5,12,16,18,20,24,25,32,37],"killed_by":"Spire Growth","ascension_level":6}}