{"host":"2nhpogk5xa0u9xre","time":1607479236,"event":{"gold_per_floor":[110,120,133,150,200,241,269,281,317,362,374,403,426,458,470,583,595,623,635,647,659,686,698,698],"floor_reached":23,"playtime":1131,"items_purged":[],"score":330,"play_id":"8699b9c9-103a-47a6-811f-c3473c3a53f1","local_time":"20201208210036","is_ascension_mode":false,"campfire_choices":[{"data":"Runesmith:CraftFirestone","floor":8,"key":"SMITH"},{"data":"Runesmith:Grindstone","floor":11,"key":"SMITH"},{"floor":15,"key":"REST"}],"neow_cost":"NONE","seed_source_timestamp":217423052196900,"circlet_count":0,"master_deck":["Runesmith:Strike_RS","Runesmith:Strike_RS","Runesmith:Strike_RS","Runesmith:Strike_RS","Runesmith:Defend_RS","Runesmith:Defend_RS","Runesmith:Defend_RS","Runesmith:Defend_RS","Runesmith:CraftFirestone+1","Runesmith:Fortify","Runesmith:Grindstone+1","Runesmith:EnergizedChisel","Runesmith:CraftProtectio","Runesmith:CraftProtectio","Delirium","Runesmith:CraftMagma","hubris:Sloth","Runesmith:CraftMagma","Runesmith:CraftMagma","Runesmith:RuneHurl","Hallucinations","Runesmith:LithiumIon","Runesmith:ReplicatingBarrier","CurseOfTheBell","Shame","Necronomicurse","Runesmith:ChiselStab"],"relics":["Runesmith:BrokenRuby","Bronze Scales","Ring of Greed","MawBank","Membership Card","hubris:DeckOfHolding","Anchor","Mercury Hourglass","Calling Bell","Lantern","infinitespire:BottledMercury","WingedGreaves","Necronomicon","Mummified Hand"],"potions_floor_usage":[7,7,7,10,10,10,12,16],"damage_taken":[{"damage":1,"enemies":"Cultist","floor":1,"turns":3},{"damage":1,"enemies":"Small Slimes","floor":2,"turns":4},{"damage":3,"enemies":"2 Louse","floor":3,"turns":3},{"damage":7,"enemies":"Blue Slaver","floor":4,"turns":4},{"damage":12,"enemies":"Lagavulin","floor":6,"turns":8},{"damage":7,"enemies":"Exordium Wildlife","floor":7,"turns":5},{"damage":0,"enemies":"Replay:BlueRogue","floor":10,"turns":8},{"damage":0,"enemies":"Looter","floor":12,"turns":3},{"damage":0,"enemies":"2 Fungi Beasts","floor":13,"turns":3},{"damage":10,"enemies":"Exordium Thugs","floor":14,"turns":4},{"damage":28,"enemies":"Hexaghost","floor":16,"turns":9},{"damage":0,"enemies":"3 Byrds","floor":18,"turns":3},{"damage":11,"enemies":"Shell Parasite","floor":22,"turns":6},{"damage":52,"enemies":"Gremlin Leader","floor":23,"turns":4}],"seed_played":"4836973682048998672","potions_obtained":[{"floor":2,"key":"EntropicBrew"},{"floor":3,"key":"Swift Potion"},{"floor":4,"key":"EntropicBrew"},{"floor":16,"key":"SteroidPotion"}],"is_trial":false,"path_per_floor":["M","M","M","M","?","E","M","R","T","E","R","M","M","M","R","B",null,"M","?","?","T","M","E"],"character_chosen":"RUNESMITH_CLASS","items_purchased":[],"campfire_rested":1,"item_purchase_floors":[],"current_hp_per_floor":[69,68,65,58,58,46,39,39,39,39,39,39,39,29,50,22,70,70,70,54,54,43,0,0],"gold":698,"neow_bonus":"RANDOM_COMMON_RELIC","is_prod":false,"is_daily":false,"chose_seed":false,"campfire_upgraded":2,"win_rate":0,"timestamp":1607479236,"path_taken":["M","M","M","?","?","E","M","R","T","E","R","M","M","M","R","BOSS","M","?","?","?","M","E"],"build_version":"2020-11-30","purchased_purges":0,"victory":false,"max_hp_per_floor":[70,70,70,70,70,70,70,70,70,70,70,70,70,70,70,70,70,70,70,70,70,70,70,70],"card_choices":[{"not_picked":["Runesmith:UnstableHammer","Runesmith:ShiftingStrike"],"picked":"Runesmith:Grindstone","floor":1},{"not_picked":["Runesmith:OneForEveryone","Runesmith:CraftReservo"],"picked":"Runesmith:EnergizedChisel","floor":2},{"not_picked":["Runesmith:Reinforce","Runesmith:Terraform"],"picked":"Runesmith:CraftProtectio","floor":3},{"not_picked":["Runesmith:HeatExchange","Runesmith:Prism"],"picked":"Runesmith:CraftProtectio","floor":4},{"not_picked":["Runesmith:CraftIncendium","Runesmith:StaticCage"],"picked":"Runesmith:CraftMagma","floor":6},{"not_picked":["Runesmith:HeatExchange","Runesmith:Prism","Runesmith:ArcReactor"],"picked":"SKIP","floor":7},{"not_picked":["Runesmith:RunicBlueprint","Runesmith:CraftProtectio"],"picked":"Runesmith:CraftMagma","floor":10},{"not_picked":["Runesmith:Empowerment","Runesmith:Repurpose"],"picked":"Runesmith:CraftMagma","floor":12},{"not_picked":["Runesmith:CraftMagma","Runesmith:Repurpose"],"picked":"Runesmith:RuneHurl","floor":13},{"not_picked":["Runesmith:HeatExchange","Runesmith:MakeshiftArmor"],"picked":"Runesmith:LithiumIon","floor":14},{"not_picked":["Runesmith:CraftMedicinae","Runesmith:Duplicate"],"picked":"Runesmith:ReplicatingBarrier","floor":16},{"not_picked":["Runesmith:Refine","Runesmith:ShiftingStrike+1","Runesmith:Empowerment+1"],"picked":"SKIP","floor":18},{"not_picked":["Runesmith:EnergizedChisel","Runesmith:StaticCage"],"picked":"Runesmith:ChiselStab","floor":22}],"player_experience":180236,"relics_obtained":[{"floor":5,"key":"Ring of Greed"},{"floor":5,"key":"MawBank"},{"floor":5,"key":"Membership Card"},{"floor":6,"key":"hubris:DeckOfHolding"},{"floor":9,"key":"Anchor"},{"floor":10,"key":"Mercury Hourglass"},{"floor":17,"key":"Lantern"},{"floor":17,"key":"infinitespire:BottledMercury"},{"floor":17,"key":"WingedGreaves"},{"floor":20,"key":"Necronomicon"},{"floor":21,"key":"Mummified Hand"}],"event_choices":[{"damage_healed":0,"gold_gain":0,"player_choice":"Obtained Book","damage_taken":16,"max_hp_gain":0,"max_hp_loss":0,"event_name":"Cursed Tome","floor":20,"gold_loss":0}],"is_beta":false,"boss_relics":[{"not_picked":["hubris:RunicObelisk","Replay:Ancient Bell"],"picked":"Calling Bell"}],"items_purged_floors":[],"is_endless":false,"potions_floor_spawned":[2,3,4,16],"killed_by":"Gremlin Leader","ascension_level":0}}