{"host":"q229ysid750dmjme","time":1607519814,"event":{"gold_per_floor":[19,39,39,39,49,49,80,80,104,129,129,142,142,142,142,263,263,283,306,8,8,8,8,8,8,8,40,40,70,83,93,93,189,189,206,206,206,0,20,20,53,105,105,154,11,11,25,36,36,36,36,36,36,68,68,68],"floor_reached":55,"playtime":7571,"items_purged":["PrismaMod:IllyaCommonAttack"],"score":764,"play_id":"9433b3ef-3bfa-42a3-89d7-d02a894bf6f4","local_time":"20201209221654","is_ascension_mode":false,"campfire_choices":[{"data":"PrismaMod:IllyaUncommonDefend","floor":6.0,"key":"SMITH"},{"data":"PrismaMod:IllyaGrailKun","floor":8.0,"key":"SMITH"},{"data":"PrismaMod:IllyaUberDefendChannel","floor":13.0,"key":"SMITH"},{"data":"PrismaMod:IllyaGun","floor":15.0,"key":"SMITH"},{"data":"PrismaMod:IllyaUberPoisonChannel","floor":23.0,"key":"SMITH"},{"data":"PrismaMod:IllyaPoisoningPhantasm","floor":25.0,"key":"SMITH"},{"data":"PrismaMod:IllyaHassanGift","floor":28.0,"key":"SMITH"},{"data":"PrismaMod:IllyaMaid","floor":32.0,"key":"SMITH"},{"data":"Madness","floor":40.0,"key":"SMITH"},{"floor":49,"key":"RECALL"},{"data":"PrismaMod:IllyaPoisonBomb","floor":52,"key":"SMITH"}],"neow_cost":"NO_GOLD","seed_source_timestamp":196460260393600,"circlet_count":0,"master_deck":["PrismaMod:IllyaCommonAttack+1","PrismaMod:IllyaCommonAttack+1","PrismaMod:IllyaUncommonAttack","PrismaMod:IllyaUncommonDefend+1","PrismaMod:IllyaGrailKun+1","PrismaMod:IllyaStunPoison","PrismaMod:IllyaRubysPotion","PrismaMod:IllyaPoisoningPhantasm+1","PrismaMod:IllyaUberDefendChannel+1","PrismaMod:IllyaCheapChannelPoison","PrismaMod:IllyaGun+1","PrismaMod:IllyaUberPoisonChannel+1","PrismaMod:IllyaUberDefendChannel+1","PrismaMod:IllyaCheapChannelPoison+1","PrismaMod:IllyaBlindPoisonToss+1","PrismaMod:IllyaPoisonBomb+1","PrismaMod:IllyaGrail","PrismaMod:IllyaHassanGift+1","PrismaMod:IllyaBerserCAR","PrismaMod:IllyaFriendMaker+1","PrismaMod:IllyaMaid+1","PrismaMod:IllyaInstallAlterEgo","PrismaMod:IllyaGrail+1","Madness+1","Madness+1","PrismaMod:IllyaMinorRapidFire+1","PrismaMod:IllyaUberPoisonBlock+1","PrismaMod:IllyaUncommonEvoke+1","PrismaMod:IllyaDevil+1","PrismaMod:IllyaCommonEvoke+1"],"special_seed":0,"relics":["PrismaMod:PrismaRuby","Bronze Scales","Regal Pillow","Singing Bowl","Bloody Idol","Astrolabe","Anchor","Eternal Feather","Boot","Empty Cage","Red Mask","Ancient Tea Set","War Paint","Ornamental Fan","Mango","Art of War","Pocketwatch"],"potions_floor_usage":[44,48,50,50],"damage_taken":[{"damage":0.0,"enemies":"2 Louse","floor":1.0,"turns":4.0},{"damage":0.0,"enemies":"Jaw Worm","floor":2.0,"turns":4.0},{"damage":0.0,"enemies":"Small Slimes","floor":5.0,"turns":4.0},{"damage":10.0,"enemies":"Lagavulin","floor":7.0,"turns":7.0},{"damage":7.0,"enemies":"3 Sentries","floor":10.0,"turns":8.0},{"damage":0.0,"enemies":"2 Fungi Beasts","floor":12.0,"turns":4.0},{"damage":16.0,"enemies":"Hexaghost","floor":16.0,"turns":9.0},{"damage":20.0,"enemies":"2 Thieves","floor":18.0,"turns":2.0},{"damage":15.0,"enemies":"3 Byrds","floor":19.0,"turns":4.0},{"damage":26.0,"enemies":"Book of Stabbing","floor":27.0,"turns":5.0},{"damage":19.0,"enemies":"Slavers","floor":29.0,"turns":4.0},{"damage":0.0,"enemies":"Snake Plant","floor":30.0,"turns":3.0},{"damage":0.0,"enemies":"Centurion and Healer","floor":31.0,"turns":5.0},{"damage":44.0,"enemies":"Automaton","floor":33.0,"turns":8.0},{"damage":0.0,"enemies":"Orb Walker","floor":35.0,"turns":3.0},{"damage":0.0,"enemies":"3 Shapes","floor":39.0,"turns":5.0},{"damage":20.0,"enemies":"Giant Head","floor":41.0,"turns":9.0},{"damage":16,"enemies":"2 Orb Walkers","floor":44,"turns":6},{"damage":14,"enemies":"Spire Growth","floor":47,"turns":4},{"damage":2,"enemies":"Transient","floor":48,"turns":5},{"damage":28,"enemies":"Time Eater","floor":50,"turns":12},{"damage":22,"enemies":"Shield and Spear","floor":54,"turns":7},{"damage":98,"enemies":"The Heart","floor":55,"turns":9}],"seed_played":"7389123682174267056","potions_obtained":[{"floor":10.0,"key":"SteroidPotion"},{"floor":16.0,"key":"CultistPotion"},{"floor":18.0,"key":"Explosive Potion"},{"floor":27.0,"key":"Block Potion"},{"floor":29.0,"key":"ColorlessPotion"},{"floor":39.0,"key":"SpeedPotion"},{"floor":44,"key":"Weak Potion"},{"floor":48,"key":"Dexterity Potion"}],"is_trial":false,"path_per_floor":["M","M","?","?","M","R","E","R","T","E","?","M","R","?","R","B",null,"M","M","$","?","$","R","?","R","T","E","R","E","M","M","R","B",null,"M","?","?","?","M","R","E","T","T","?","$","$","M","M","R","B",null,"R","$","E","B"],"character_chosen":"ILLYA","items_purchased":["Anchor","PrismaMod:IllyaGrail","Art of War"],"campfire_rested":0,"item_purchase_floors":[20,20,45],"current_hp_per_floor":[89,89,71,64,64,64,59,59,59,57,35,40,40,40,40,29,89,69,54,54,54,54,54,54,54,54,33,45,36,41,46,58,24,89,89,89,78,78,88,89,79,84,84,92,92,92,83,91,103,80,103,103,103,93,0,0],"gold":68,"neow_bonus":"TWENTY_PERCENT_HP_BONUS","is_prod":false,"is_daily":false,"chose_seed":false,"campfire_upgraded":10,"win_rate":0,"timestamp":1607519814,"path_taken":["M","M","?","?","M","R","E","R","T","E","?","?","R","?","R","BOSS","M","M","$","?","?","R","?","R","T","E","R","E","M","M","R","BOSS","M","?","?","?","M","R","E","?","T","?","?","$","?","M","R","BOSS","R","$","E","BOSS"],"build_version":"2020-11-30","purchased_purges":1,"victory":false,"max_hp_per_floor":[89,89,89,89,89,89,89,89,89,89,89,89,89,89,89,89,89,89,89,89,89,89,89,89,89,89,89,89,89,89,89,89,89,89,89,89,89,89,89,89,89,89,89,103,103,103,103,103,103,103,103,103,103,105,105,105],"card_choices":[{"not_picked":["PrismaMod:IllyaBlindPoisonToss","PrismaMod:IllyaUberPoisonBlock"],"picked":"PrismaMod:IllyaGrailKun","floor":1.0},{"not_picked":["PrismaMod:IllyaCheapDefend","PrismaMod:IllyaFriendMaker"],"picked":"PrismaMod:IllyaStunPoison","floor":2.0},{"not_picked":["PrismaMod:IllyaEvokeAll","PrismaMod:IllyaGrailKun"],"picked":"PrismaMod:IllyaRubysPotion","floor":5.0},{"not_picked":["PrismaMod:IllyaRubysPotion","PrismaMod:IllyaCheapChannelDefend"],"picked":"PrismaMod:IllyaPoisoningPhantasm","floor":7.0},{"not_picked":["PrismaMod:IllyaDevil","PrismaMod:IllyaBerserCAR"],"picked":"PrismaMod:IllyaUberDefendChannel","floor":10.0},{"not_picked":["PrismaMod:IllyaGrailKun","PrismaMod:IllyaTestament"],"picked":"PrismaMod:IllyaCheapChannelPoison","floor":12.0},{"not_picked":["PrismaMod:IllyaZwei","PrismaMod:IllyaUberDefendChannel"],"picked":"PrismaMod:IllyaUberPoisonChannel","floor":16.0},{"not_picked":["PrismaMod:IllyaCheapChannelDefend","PrismaMod:IllyaUncommonAOEAttack"],"picked":"PrismaMod:IllyaBlindPoisonToss+1","floor":18.0},{"not_picked":["PrismaMod:IllyaPartialInstallAssassin","PrismaMod:IllyaHassanGift"],"picked":"PrismaMod:IllyaPoisonBomb","floor":19.0},{"not_picked":["PrismaMod:IllyaZwei","PrismaMod:IllyaPoisonBlock"],"picked":"PrismaMod:IllyaHassanGift","floor":27.0},{"not_picked":["PrismaMod:IllyaPoisonBomb+1","PrismaMod:IllyaInstallRider"],"picked":"PrismaMod:IllyaBerserCAR","floor":29.0},{"not_picked":["PrismaMod:IllyaEvokeAll","PrismaMod:IllyaUncommonAttack"],"picked":"PrismaMod:IllyaFriendMaker+1","floor":30.0},{"not_picked":["PrismaMod:IllyaCheapChannelAttack+1","PrismaMod:IllyaUncommonDefend"],"picked":"PrismaMod:IllyaMaid","floor":31.0},{"not_picked":["PrismaMod:IllyaUberDefendChannel","PrismaMod:IllyaInstallMoonCancer"],"picked":"PrismaMod:IllyaInstallAlterEgo","floor":33.0},{"not_picked":["PrismaMod:IllyaMaid","PrismaMod:IllyaMinorZwei+1"],"picked":"PrismaMod:IllyaGrail","floor":35.0},{"not_picked":["PrismaMod:IllyaSaphire","PrismaMod:IllyaBoysLove+1"],"picked":"PrismaMod:IllyaMinorRapidFire+1","floor":39.0},{"not_picked":["PrismaMod:IllyaCheapChannelAttack","PrismaMod:IllyaPartialInstallAssassin"],"picked":"PrismaMod:IllyaUberPoisonBlock+1","floor":41.0},{"not_picked":["PrismaMod:IllyaReinForce+1","PrismaMod:IllyaFriendMaker+1"],"picked":"PrismaMod:IllyaUncommonEvoke+1","floor":44},{"not_picked":["PrismaMod:IllyaGun+1","PrismaMod:IllyaBlindPoisonToss+1"],"picked":"PrismaMod:IllyaDevil+1","floor":47},{"not_picked":["PrismaMod:IllyaPoisoningPhantasm+1","PrismaMod:IllyaAOECommonAttack+1"],"picked":"PrismaMod:IllyaCommonEvoke+1","floor":48},{"not_picked":["PrismaMod:IllyaAlice+1","PrismaMod:IllyaCommonEvoke+1","PrismaMod:IllyaPoisoningPhantasm"],"picked":"Singing Bowl","floor":54}],"player_experience":282360,"relics_obtained":[{"floor":7.0,"key":"Bronze Scales"},{"floor":9.0,"key":"Regal Pillow"},{"floor":10.0,"key":"Singing Bowl"},{"floor":27.0,"key":"Eternal Feather"},{"floor":29.0,"key":"Boot"},{"floor":41.0,"key":"Ancient Tea Set"},{"floor":42.0,"key":"War Paint"},{"floor":43.0,"key":"Ornamental Fan"},{"floor":44,"key":"Mango"},{"floor":54,"key":"Pocketwatch"}],"event_choices":[{"damage_healed":0.0,"max_hp_gain":0.0,"max_hp_loss":0.0,"gold_gain":0.0,"event_name":"Shining Light","player_choice":"Entered Light","floor":3.0,"gold_loss":0.0,"damage_taken":18.0,"cards_upgraded":["PrismaMod:IllyaCommonAttack","PrismaMod:IllyaCommonAttack"]},{"cards_removed":["PrismaMod:IllyaCommonDefend"],"damage_healed":0.0,"max_hp_gain":0.0,"max_hp_loss":0.0,"gold_gain":0.0,"event_name":"Golden Wing","player_choice":"Card Removal","floor":4.0,"gold_loss":0.0,"damage_taken":7.0},{"damage_healed":0.0,"max_hp_gain":0.0,"max_hp_loss":0.0,"gold_gain":0.0,"event_name":"Golden Idol","player_choice":"Take Damage","floor":11.0,"gold_loss":0.0,"damage_taken":22.0,"relics_obtained":["Golden Idol"]},{"damage_healed":0.0,"max_hp_gain":0.0,"max_hp_loss":0.0,"gold_gain":0.0,"cards_transformed":["PrismaMod:IllyaCommonDefend"],"event_name":"Living Wall","player_choice":"Change","floor":14.0,"gold_loss":0.0,"damage_taken":0.0,"cards_obtained":["PrismaMod:IllyaGun"]},{"damage_healed":0.0,"max_hp_gain":0.0,"max_hp_loss":0.0,"gold_gain":0.0,"event_name":"Forgotten Altar","player_choice":"Gave Idol","floor":24.0,"relics_lost":["Golden Idol"],"gold_loss":0.0,"damage_taken":0.0,"relics_obtained":["Bloody Idol"]},{"cards_removed":["PrismaMod:IllyaZwei"],"damage_healed":0.0,"max_hp_gain":0.0,"max_hp_loss":0.0,"gold_gain":0.0,"event_name":"Falling","player_choice":"Removed Skill","floor":36.0,"gold_loss":0.0,"damage_taken":0.0},{"damage_healed":0.0,"max_hp_gain":0.0,"max_hp_loss":0.0,"gold_gain":0.0,"event_name":"Winding Halls","player_choice":"Embrace Madness","floor":37.0,"gold_loss":0.0,"damage_taken":11.0,"cards_obtained":["Madness","Madness"]},{"damage_healed":0.0,"max_hp_gain":0.0,"max_hp_loss":0.0,"gold_gain":0.0,"event_name":"Tomb of Lord Red Mask","player_choice":"Paid","floor":38.0,"gold_loss":206.0,"damage_taken":0.0,"relics_obtained":["Red Mask"]},{"damage_healed":0,"gold_gain":0,"player_choice":"Fight","damage_taken":0,"max_hp_gain":0,"max_hp_loss":0,"event_name":"Mysterious Sphere","floor":44,"gold_loss":0}],"is_beta":false,"boss_relics":[{"not_picked":["Fusion Hammer","Sozu"],"picked":"Astrolabe"},{"not_picked":["Velvet Choker","Runic Dome"],"picked":"Empty Cage"}],"items_purged_floors":[20],"is_endless":false,"potions_floor_spawned":[10,16,18,27,29,39,44,48],"killed_by":"The Heart","ascension_level":0}}