{"host":"ygefd14btj4nx1b7","time":1607556403,"event":{"gold_per_floor":[119,131,131,149,233,233,264,264,309,309,22,49,61,92,92,191,191,203,203,9,27,37,37,37],"floor_reached":23,"playtime":1487,"items_purged":["Strike_G","Pain"],"score":392,"play_id":"038dea4d-2d79-4ce6-8e12-ac43b6619e49","local_time":"20201209172643","is_ascension_mode":true,"campfire_choices":[{"data":"Caltrops","floor":6,"key":"SMITH"}],"neow_cost":"","seed_source_timestamp":14660022635400,"circlet_count":0,"master_deck":["Strike_G","Strike_G","Strike_G","Strike_G","Defend_G","Defend_G","Defend_G","Defend_G","Defend_G+1","Survivor","Neutralize","Infinite Blades","Poisoned Stab","Outmaneuver","Finesse","Flying Knee","Setup","Fluid Movement+1","Blade Dance","Caltrops+1","Pot Of Greed+1","Pot Of Greed+1","Bouncing Flask","Crippling Poison","Crippling Poison","hubris:NaturalOne","Pot Of Greed","Noxious Fumes","Setup","Tools of the Trade","Doppelganger","Draining Mist","ReplayTheSpireMod:Necrogeddon","Cloak And Dagger","Fluid Movement","Die Die Die","Blade Dance"],"relics":["Ring of the Snake","hubris:PeanutButter","BargainBundle","Oddly Smooth Stone","Grinning Jar","ReplayTheSpireMod:Lightbulb","hubris:SlimyHat","hubris:TenFootPole","Replay:Arrowhead","Mirror","War Paint","HoveringKite","Nloth\u0027s Gift","Membership Card","ReplayTheSpireMod:CursedCoin"],"potions_floor_usage":[7,12,14,14,14],"damage_taken":[{"damage":0,"enemies":"2 Louse","floor":1,"turns":2},{"damage":0,"enemies":"Small Slimes","floor":2,"turns":3},{"damage":0,"enemies":"Jaw Worm","floor":4,"turns":3},{"damage":7,"enemies":"3 Sentries","floor":7,"turns":4},{"damage":8,"enemies":"Lagavulin","floor":12,"turns":3},{"damage":0,"enemies":"2 Fungi Beasts","floor":13,"turns":3},{"damage":16,"enemies":"Gremlin Nob","floor":14,"turns":4},{"damage":14,"enemies":"Hexaghost","floor":16,"turns":8},{"damage":0,"enemies":"3 Byrds","floor":18,"turns":2},{"damage":20,"enemies":"Shell Parasite","floor":21,"turns":6},{"damage":17,"enemies":"Snecko","floor":22,"turns":5},{"damage":36,"enemies":"Slavers","floor":23,"turns":4}],"seed_played":"3897278906469221094","potions_obtained":[{"floor":12,"key":"DuplicationPotion"},{"floor":13,"key":"Flashbang"},{"floor":21,"key":"Weak Potion"}],"is_trial":false,"path_per_floor":["M","M","?","M","?","R","E","?","T","?","$","E","M","E","R","B",null,"M","?","$","M","M","E"],"character_chosen":"THE_SILENT","items_purchased":["hubris:PeanutButter","BargainBundle","Infinite Blades","Poisoned Stab","Outmaneuver","Finesse","Flying Knee","Setup","Oddly Smooth Stone","Death Potion","Toxic Potion","Strength Potion","Replay:Arrowhead","Membership Card","ReplayTheSpireMod:CursedCoin","ReplayTheSpireMod:Necrogeddon","Cloak And Dagger","Fluid Movement"],"campfire_rested":0,"item_purchase_floors":[0,0,0,0,0,0,0,0,0,0,0,0,11,20,20,20,20,20],"current_hp_per_floor":[46,46,46,46,46,46,39,36,36,36,36,28,28,12,33,19,70,70,70,70,50,33,0,0],"gold":37,"neow_bonus":"","is_prod":false,"is_daily":false,"chose_seed":false,"campfire_upgraded":1,"win_rate":0,"timestamp":1607556403,"path_taken":["M","M","?","M","?","R","E","?","T","?","$","E","M","E","R","BOSS","M","?","$","M","?","E"],"build_version":"2020-11-30","purchased_purges":2,"victory":false,"max_hp_per_floor":[70,70,70,70,70,70,70,70,70,70,70,70,70,70,70,70,70,70,70,70,70,70,70,70],"card_choices":[{"not_picked":["Dagger Spray","Poisoned Stab"],"picked":"Fluid Movement","floor":1},{"not_picked":["Underhanded Strike","Poisoned Stab"],"picked":"Blade Dance","floor":2},{"not_picked":["Prepared","Deflect"],"picked":"Caltrops","floor":4},{"not_picked":["hubris:SlightOfHand","Dagger Throw"],"picked":"Bouncing Flask","floor":5},{"not_picked":["Outmaneuver","Deflect"],"picked":"Crippling Poison","floor":5},{"not_picked":["Deadly Poison","Grand Finale"],"picked":"Crippling Poison","floor":7},{"not_picked":["Prepared","Blade Dance"],"picked":"Noxious Fumes","floor":12},{"not_picked":["Underhanded Strike","ReplayTheSpireMod:Scrap Shanks"],"picked":"Setup","floor":13},{"not_picked":["Flying Knee","Dagger Spray"],"picked":"Tools of the Trade","floor":14},{"not_picked":["Bullet Time","Unload"],"picked":"Doppelganger","floor":16},{"not_picked":["Quick Slash","Bouncing Flask"],"picked":"Draining Mist","floor":18},{"not_picked":["Dodge and Roll","Flying Knee+1"],"picked":"Die Die Die","floor":21},{"not_picked":["Cloak And Dagger","Draining Mist"],"picked":"Blade Dance","floor":22}],"player_experience":397461,"relics_obtained":[{"floor":5,"key":"Grinning Jar"},{"floor":7,"key":"ReplayTheSpireMod:Lightbulb"},{"floor":9,"key":"hubris:TenFootPole"},{"floor":12,"key":"Mirror"},{"floor":14,"key":"War Paint"}],"event_choices":[{"damage_healed":0,"gold_gain":0,"player_choice":"Success","damage_taken":3,"relics_obtained":["hubris:SlimyHat"],"max_hp_gain":0,"max_hp_loss":0,"event_name":"Scrap Ooze","floor":8,"gold_loss":0},{"damage_healed":0,"gold_gain":0,"player_choice":"Traded Relic","damage_taken":0,"relics_obtained":["Nloth\u0027s Gift"],"max_hp_gain":0,"max_hp_loss":0,"event_name":"N\u0027loth","floor":19,"relics_lost":["hubris:Icosahedron"],"gold_loss":0}],"is_beta":false,"boss_relics":[{"not_picked":["Replay:Wanted Poster","hubris:RunicObelisk"],"picked":"HoveringKite"}],"items_purged_floors":[0,20],"is_endless":false,"potions_floor_spawned":[12,13,21],"killed_by":"Slavers","ascension_level":2}}