{"host":"l4zsyynf3knc4g5z","time":1607550943,"event":{"gold_per_floor":[361,361,374,388,56,90,90,114,140,165,183,202,202,225,225,351,351,372,372,298,298,298,298,316,334,334,349,171,194,194,209,209,330,330,346,346,346,346],"floor_reached":37,"playtime":1262,"items_purged":["Strike_G","Strike_G","Strike_G"],"score":400,"play_id":"6efa085b-9224-4297-ac87-f1af55a867c6","local_time":"20201209135543","is_ascension_mode":false,"campfire_choices":[{"floor":7.0,"key":"REST"},{"floor":13.0,"key":"REST"},{"floor":15.0,"key":"REST"},{"data":"Catalyst","floor":23.0,"key":"SMITH"},{"floor":30,"key":"REST"},{"floor":32,"key":"REST"}],"neow_cost":"PERCENT_DAMAGE","seed_source_timestamp":1594515675609100,"circlet_count":0,"master_deck":["Strike_G+1","Strike_G+1","Defend_G","Defend_G","Defend_G","Defend_G","Defend_G+1","Survivor","Neutralize","Bouncing Flask","Catalyst+1","Backflip","Venomology+1","Deadly Poison","Deflect","Poisoned Stab+1","Poison Darts","Poisoned Stab","hubris:TrickCloak","Noxious Fumes","Backflip","Envenom","Crippling Poison+1","PiercingWail"],"special_seed":0,"relics":["Ring of the Snake","Golden Idol","Membership Card","HollowMod:PaleOreRelic","Gremlin Food","Black Star","MutagenicStrength","hubris:Icosahedron","MealTicket","hubris:EmptyBottle"],"potions_floor_usage":[25,25,25,27,29,33,33,33,35,35,35,35,37,37,37,37,37,37],"damage_taken":[{"damage":6.0,"enemies":"2 Louse","floor":1.0,"turns":3.0},{"damage":1.0,"enemies":"Jaw Worm","floor":3.0,"turns":3.0},{"damage":3.0,"enemies":"Small Slimes","floor":4.0,"turns":2.0},{"damage":20.0,"enemies":"Lagavulin","floor":6.0,"turns":6.0},{"damage":7.0,"enemies":"Blue Slaver","floor":8.0,"turns":3.0},{"damage":2.0,"enemies":"2 Fungi Beasts","floor":10.0,"turns":3.0},{"damage":13.0,"enemies":"Looter","floor":11.0,"turns":4.0},{"damage":13.0,"enemies":"Large Slime","floor":12.0,"turns":7.0},{"damage":8.0,"enemies":"Blue Slaver","floor":14.0,"turns":2.0},{"damage":14.0,"enemies":"The Guardian","floor":16.0,"turns":8.0},{"damage":0.0,"enemies":"Spheric Guardian","floor":18.0,"turns":2.0},{"damage":0.0,"enemies":"Chosen","floor":24.0,"turns":3.0},{"damage":22,"enemies":"Shelled Parasite and Fungi","floor":25,"turns":5},{"damage":18,"enemies":"Centurion and Healer","floor":27,"turns":6},{"damage":46,"enemies":"Cultist and Chosen","floor":29,"turns":6},{"damage":25,"enemies":"Snake Plant","floor":31,"turns":3},{"damage":32,"enemies":"hubris:MusketHawk","floor":33,"turns":6},{"damage":44,"enemies":"3 Darklings","floor":35,"turns":4},{"damage":18,"enemies":"Mind Bloom Boss Battle","floor":37,"turns":8}],"seed_played":"-8226485318851689864","potions_obtained":[{"floor":1.0,"key":"Fire Potion"},{"floor":4.0,"key":"AttackPotion"},{"floor":8.0,"key":"FairyPotion"},{"floor":10.0,"key":"ColorlessPotion"},{"floor":16.0,"key":"Cursed Concoction"},{"floor":33,"key":"GamblersBrew"},{"floor":35,"key":"BlessingOfTheForge"}],"is_trial":false,"path_per_floor":["M","?","M","M","$","E","R","M","T","M","M","M","R","M","R","B",null,"M","?","$","?","?","R","M","M","T","M","$","M","R","M","R","B",null,"M","?","?"],"character_chosen":"THE_SILENT","items_purchased":["Venomology+1","Membership Card","Poisoned Stab","Noxious Fumes","hubris:EmptyBottle"],"campfire_rested":5,"item_purchase_floors":[5,5,20,28,28],"current_hp_per_floor":[43,43,42,39,39,19,38,31,31,29,16,3,22,14,33,19,65,65,65,65,65,65,65,65,43,43,25,40,19,38,13,32,19,65,21,21,3,3],"gold":346,"neow_bonus":"TWO_FIFTY_GOLD","is_prod":false,"is_daily":false,"chose_seed":false,"campfire_upgraded":1,"win_rate":0.0,"timestamp":1607550943,"path_taken":["M","?","M","M","$","E","R","M","T","M","M","M","R","M","R","BOSS","M","?","?","?","?","R","M","M","T","M","?","?","R","M","R","BOSS","M","?","?"],"build_version":"2020-11-30","purchased_purges":3,"victory":false,"max_hp_per_floor":[70,65,65,65,65,65,65,65,65,65,65,65,65,65,65,65,65,65,65,65,65,65,65,65,65,65,65,65,65,65,65,65,65,65,65,65,65,65],"card_choices":[{"not_picked":["Outmaneuver","Bane"],"picked":"Bouncing Flask","floor":1.0},{"not_picked":["hubris:SlightOfHand","Prepared"],"picked":"Catalyst","floor":3.0},{"not_picked":["Dodge and Roll","Flying Knee"],"picked":"Backflip","floor":4.0},{"not_picked":["Envenom","Dash"],"picked":"Deadly Poison","floor":6.0},{"not_picked":["hubris:SlightOfHand","Hidden Blade","Choke"],"picked":"SKIP","floor":8.0},{"not_picked":["Dagger Throw","Dagger Spray"],"picked":"Deflect","floor":10.0},{"not_picked":["hubris:SlightOfHand","Choke"],"picked":"Poisoned Stab","floor":11.0},{"not_picked":["ReplayTheSpireMod:Exploit Weakness","Prepared","Fluid Movement"],"picked":"SKIP","floor":12.0},{"not_picked":["Dagger Spray","Hidden Blade","Slice"],"picked":"SKIP","floor":14.0},{"not_picked":["Unload","Replay:Bag of Tricks"],"picked":"Poison Darts","floor":16.0},{"not_picked":["Blade Dance","ReplayTheSpireMod:The Works","Reflex"],"picked":"SKIP","floor":18.0},{"not_picked":["Quick Slash","ReplayTheSpireMod:The Works+1","Draining Mist"],"picked":"SKIP","floor":24.0},{"not_picked":["Riddle With Holes","Acrobatics"],"picked":"hubris:TrickCloak","floor":25},{"not_picked":["Infinite Blades","Setup","Underhanded Strike+1"],"picked":"SKIP","floor":27},{"not_picked":["PiercingWail","Flying Knee"],"picked":"Backflip","floor":29},{"not_picked":["Underhanded Strike","Acrobatics","Backstab"],"picked":"SKIP","floor":31},{"not_picked":["Die Die Die","Doppelganger"],"picked":"Envenom","floor":33},{"not_picked":["Deflect","Slice+1"],"picked":"Crippling Poison+1","floor":35}],"player_experience":96010,"relics_obtained":[{"floor":6.0,"key":"HollowMod:PaleOreRelic"},{"floor":9.0,"key":"Gremlin Food"},{"floor":26,"key":"MealTicket"}],"event_choices":[{"damage_healed":0.0,"max_hp_gain":0.0,"max_hp_loss":5.0,"gold_gain":0.0,"event_name":"Golden Idol","player_choice":"Lose Max HP","floor":2.0,"gold_loss":0.0,"damage_taken":0.0,"relics_obtained":["Golden Idol"]},{"damage_healed":0.0,"max_hp_gain":0.0,"max_hp_loss":0.0,"gold_gain":0.0,"event_name":"Drug Dealer","player_choice":"Inject Mutagens","floor":19.0,"gold_loss":0.0,"damage_taken":0.0,"relics_obtained":["MutagenicStrength"]},{"damage_healed":0.0,"max_hp_gain":0.0,"max_hp_loss":0.0,"gold_gain":0.0,"event_name":"Ghosts","player_choice":"Ignored","floor":21.0,"gold_loss":0.0,"damage_taken":0.0},{"damage_healed":0,"gold_gain":0,"player_choice":"Fight","damage_taken":0,"max_hp_gain":0,"max_hp_loss":0,"event_name":"MindBloom","floor":37,"gold_loss":0}],"is_beta":false,"boss_relics":[{"not_picked":["Cursed Key","hubris:HollowSoul"],"picked":"Black Star"},{"not_picked":["Runic Dome","Astrolabe","hubris:RunicObelisk"]}],"items_purged_floors":[5,20,28],"is_endless":false,"potions_floor_spawned":[1,4,8,10,16,31,33,35],"killed_by":"Mind Bloom Boss Battle","ascension_level":0}}