{"host":"jm9833yuloeli2yd","time":1607551202,"event":{"gold_per_floor":[317,201,126,126,136,168,184,215,260,260,293,304,323,333,333,410,410,423,423,434,451,33,33,49,74,74,88,106,133,133,158,158,158,158],"floor_reached":33,"playtime":1023,"items_purged":["Strike_B"],"score":643,"play_id":"68ae9605-18b1-40da-abd2-9ac5446593a9","local_time":"20201209170002","is_ascension_mode":true,"campfire_choices":[{"floor":10,"key":"REST"},{"floor":15,"key":"REST"},{"floor":23,"key":"REST"},{"data":"Biased Cognition","floor":30,"key":"SMITH"},{"floor":32,"key":"REST"}],"neow_cost":"NO_GOLD","seed_source_timestamp":776647869182300,"circlet_count":0,"master_deck":["AscendersBane","Strike_B","Strike_B","Defend_B","Defend_B+1","Defend_B","Defend_B","Zap+1","Dualcast","Ball Lightning","Streamline","Machine Learning","FTL","Chill","Genetic Algorithm","Beam Cell","Capacitor","Steam","Electrodynamics","Conserve Battery","Core Surge","Fission","Biased Cognition+1"],"special_seed":0,"relics":["Cracked Core","Old Coin","CultistMask","StrikeDummy","Bronze Scales","White Beast Statue","SacredBark","Nloth\u0027s Gift","Mango","Pear","Torii","Anchor"],"potions_floor_usage":[8,13,14,16,16,20,21,25,25,29,29,33],"damage_taken":[{"damage":0.0,"enemies":"Small Slimes","floor":1.0,"turns":2.0},{"damage":0.0,"enemies":"Cultist","floor":5.0,"turns":2.0},{"damage":39.0,"enemies":"3 Sentries","floor":6.0,"turns":7.0},{"damage":7.0,"enemies":"Jaw Worm","floor":7.0,"turns":3.0},{"damage":13,"enemies":"Lagavulin","floor":8,"turns":5},{"damage":15,"enemies":"3 Sentries","floor":11,"turns":6},{"damage":0,"enemies":"3 Louse","floor":12,"turns":4},{"damage":4,"enemies":"Exordium Wildlife","floor":13,"turns":3},{"damage":0,"enemies":"2 Fungi Beasts","floor":14,"turns":2},{"damage":13,"enemies":"Slime Boss","floor":16,"turns":8},{"damage":28,"enemies":"2 Thieves","floor":18,"turns":4},{"damage":12,"enemies":"3 Byrds","floor":20,"turns":3},{"damage":0,"enemies":"Snecko","floor":21,"turns":3},{"damage":18,"enemies":"3 Cultists","floor":24,"turns":5},{"damage":12,"enemies":"Book of Stabbing","floor":25,"turns":6},{"damage":2,"enemies":"Snake Plant","floor":27,"turns":5},{"damage":11,"enemies":"Centurion and Healer","floor":28,"turns":8},{"damage":6,"enemies":"Slavers","floor":29,"turns":3},{"damage":61,"enemies":"Champ","floor":33,"turns":11}],"seed_played":"-3638153546058722239","potions_obtained":[{"floor":6.0,"key":"Dexterity Potion"},{"floor":7.0,"key":"GamblersBrew"},{"floor":11,"key":"Strength Potion"},{"floor":12,"key":"AttackPotion"},{"floor":13,"key":"Fruit Juice"},{"floor":14,"key":"AttackPotion"},{"floor":16,"key":"LiquidBronze"},{"floor":18,"key":"DistilledChaos"},{"floor":20,"key":"SneckoOil"},{"floor":21,"key":"SkillPotion"},{"floor":24,"key":"SpeedPotion"},{"floor":25,"key":"EssenceOfDarkness"},{"floor":27,"key":"SkillPotion"},{"floor":28,"key":"LiquidMemories"},{"floor":29,"key":"FearPotion"}],"is_trial":false,"path_per_floor":["M","$","?","?","M","E","M","E","T","R","E","M","M","M","R","B",null,"M","?","M","M","$","R","M","E","T","M","M","E","R","T","R","B"],"character_chosen":"DEFECT","items_purchased":["BlessingOfTheForge","Streamline","Mango"],"campfire_rested":4,"item_purchase_floors":[2,2,22],"current_hp_per_floor":[64,64,64,64,64,25,18,5,5,26,11,11,7,12,34,21,62,34,34,22,22,36,63,45,43,43,41,30,24,24,24,54,0,0],"gold":158,"neow_bonus":"ONE_RARE_RELIC","is_prod":false,"is_daily":false,"chose_seed":false,"campfire_upgraded":1,"win_rate":0,"timestamp":1607551202,"path_taken":["M","$","?","?","?","E","M","E","T","R","E","?","M","M","R","BOSS","M","?","M","?","$","R","?","E","T","M","?","E","R","?","R","BOSS"],"build_version":"2020-11-30","purchased_purges":1,"victory":false,"max_hp_per_floor":[71,71,71,71,71,71,71,71,71,71,71,71,71,76,76,76,76,76,76,76,76,90,90,90,100,100,100,100,100,100,100,100,100,100],"card_choices":[{"not_picked":["Force Field","Reprogram"],"picked":"Ball Lightning","floor":1.0},{"not_picked":["Fusion","Rip and Tear","Steam Power"],"picked":"SKIP","floor":5.0},{"not_picked":["Go for the Eyes","Gash"],"picked":"Machine Learning","floor":6.0},{"not_picked":["Stack","Leap"],"picked":"FTL","floor":7.0},{"not_picked":["Coolheaded","Leap"],"picked":"Chill","floor":8},{"not_picked":["Creative AI","Turbo"],"picked":"Genetic Algorithm","floor":11},{"not_picked":["Force Field","Compile Driver"],"picked":"Beam Cell","floor":12},{"not_picked":["Rip and Tear","Barrage"],"picked":"Capacitor","floor":13},{"not_picked":["Stack","Compile Driver"],"picked":"Steam","floor":14},{"not_picked":["Creative AI","Echo Form"],"picked":"Electrodynamics","floor":16},{"not_picked":["Go for the Eyes","Barrage","Hello World"],"picked":"SKIP","floor":18},{"not_picked":["Storm","Rebound","Sunder+1"],"picked":"SKIP","floor":20},{"not_picked":["Chaos","Cold Snap"],"picked":"Conserve Battery","floor":21},{"not_picked":["Streamline","Conserve Battery"],"picked":"Core Surge","floor":24},{"not_picked":["Rainbow","Heatsinks"],"picked":"Fission","floor":25},{"not_picked":["Coolheaded","Gash","Steam"],"picked":"SKIP","floor":27},{"not_picked":["Barrage","Turbo"],"picked":"Biased Cognition","floor":28},{"not_picked":["Machine Learning","Hyperbeam","Rebound"],"picked":"SKIP","floor":29}],"player_experience":982883,"relics_obtained":[{"floor":6.0,"key":"StrikeDummy"},{"floor":8,"key":"War Paint"},{"floor":9,"key":"Bronze Scales"},{"floor":11,"key":"White Beast Statue"},{"floor":25,"key":"Pear"},{"floor":26,"key":"Torii"},{"floor":29,"key":"Anchor"}],"event_choices":[{"cards_removed":["Strike_B"],"damage_healed":0.0,"max_hp_gain":0.0,"max_hp_loss":0.0,"gold_gain":0.0,"event_name":"The Cleric","player_choice":"Card Removal","floor":3.0,"gold_loss":75.0,"damage_taken":0.0},{"damage_healed":0.0,"max_hp_gain":0.0,"max_hp_loss":0.0,"gold_gain":0.0,"event_name":"FaceTrader","player_choice":"Trade","floor":4.0,"gold_loss":0.0,"damage_taken":0.0,"relics_obtained":["CultistMask"]},{"damage_healed":0,"gold_gain":0,"player_choice":"Traded Relic","damage_taken":0,"relics_obtained":["Nloth\u0027s Gift"],"max_hp_gain":0,"max_hp_loss":0,"event_name":"N\u0027loth","floor":19,"relics_lost":["War Paint"],"gold_loss":0}],"is_beta":false,"boss_relics":[{"not_picked":["Sozu","Tiny House"],"picked":"SacredBark"}],"items_purged_floors":[22],"is_endless":false,"potions_floor_spawned":[6,7,11,12,13,14,16,18,20,21,24,25,27,28,29],"killed_by":"Champ","ascension_level":20}}