{"host":"zx10cf1fsoa3eqiy","time":1607494161,"event":{"gold_per_floor":[119,119,119,294,294,332,332,363,413,433,433,454,487,265,265,386,386,402,421,421,421,52,95,133,133,182,217,217,217,45,45,45,165,165,190,190,190,204,204,204,237,251,277,277,291,327,390,424,424,424,424],"floor_reached":50,"playtime":1772,"items_purged":["Doubt"],"score":832,"play_id":"5c8bf90e-8655-4e2a-9b8a-78794f0d776f","local_time":"20201209140921","is_ascension_mode":true,"campfire_choices":[{"data":"Zap","floor":7.0,"key":"SMITH"},{"floor":11.0,"key":"REST"},{"floor":15.0,"key":"REST"},{"floor":25.0,"key":"REST"},{"floor":29.0,"key":"REST"},{"floor":40.0,"key":"REST"},{"floor":44.0,"key":"REST"},{"data":"Enlightenment","floor":49,"key":"SMITH"}],"neow_cost":"NONE","seed_source_timestamp":8957449792300,"circlet_count":0,"master_deck":["Strike_B","Strike_B","Strike_B","Defend_B","Defend_B","Defend_B","Zap+1","Dualcast","Sweeping Beam+1","Biased Cognition","Genetic Algorithm","Electrodynamics","Leap","Loop+1","Leap+1","Genetic Algorithm","Capacitor","Enlightenment+1","Core Surge","CurseOfTheBell","ReplayTheSpireMod:Calculation Training","Barrage","Capacitor","Leap+1","Stack"],"special_seed":0,"relics":["Cracked Core","NeowsBlessing","Golden Idol","Toy Ornithopter","Bronze Scales","Replay:Bottled Snecko","Orichalcum","Philosopher\u0027s Stone","ReplayTheSpireMod:Ring of Challenge","Oddly Smooth Stone","ClockworkSouvenir","Meat on the Bone","Replay:Wax Seal","Pantograph","Enchiridion","Calling Bell","Regal Pillow","Symbiotic Virus","Torii","Pen Nib","Omamori","Potion Belt","Mango","White Beast Statue"],"potions_floor_usage":[46,46,50,50],"damage_taken":[{"damage":0.0,"enemies":"Cultist","floor":1.0,"turns":1.0},{"damage":0.0,"enemies":"Lagavulin","floor":6.0,"turns":1.0},{"damage":0.0,"enemies":"Gremlin Nob","floor":8.0,"turns":1.0},{"damage":3.0,"enemies":"2 Louse","floor":10.0,"turns":2.0},{"damage":7.0,"enemies":"Jaw Worm","floor":12.0,"turns":2.0},{"damage":23.0,"enemies":"Lagavulin","floor":13.0,"turns":6.0},{"damage":78.0,"enemies":"Fading Forest","floor":16.0,"turns":11.0},{"damage":18.0,"enemies":"2 Thieves","floor":18.0,"turns":2.0},{"damage":6.0,"enemies":"Spheric Guardian","floor":19.0,"turns":3.0},{"damage":2.0,"enemies":"Replay:Snechameleon","floor":23.0,"turns":5.0},{"damage":19.0,"enemies":"Snake Plant","floor":24.0,"turns":3.0},{"damage":54.0,"enemies":"Book of Stabbing","floor":27.0,"turns":5.0},{"damage":47.0,"enemies":"Pondfish","floor":33.0,"turns":9.0},{"damage":7.0,"enemies":"3 Darklings","floor":35.0,"turns":3.0},{"damage":19.0,"enemies":"3 Shapes","floor":38.0,"turns":5.0},{"damage":1.0,"enemies":"Nemesis","floor":41.0,"turns":5.0},{"damage":24.0,"enemies":"Writhing Mass","floor":42.0,"turns":5.0},{"damage":17.0,"enemies":"Jaw Worm Horde","floor":45.0,"turns":4.0},{"damage":66,"enemies":"Giant Head","floor":46,"turns":8},{"damage":6,"enemies":"Mind Bloom Boss Battle","floor":47,"turns":6},{"damage":0,"enemies":"R_Hoarder","floor":48,"turns":6},{"damage":100,"enemies":"Awakened One","floor":50,"turns":6}],"seed_played":"-2943665803517935906","potions_obtained":[{"floor":8.0,"key":"Block Potion"},{"floor":10.0,"key":"Strength Potion"},{"floor":16.0,"key":"SpeedPotion"},{"floor":27.0,"key":"PowerPotion"},{"floor":33.0,"key":"Dexterity Potion"},{"floor":38.0,"key":"Weak Potion"},{"floor":41.0,"key":"Energy Potion"},{"floor":42.0,"key":"Energy Potion"},{"floor":48,"key":"CultistPotion"}],"is_trial":false,"path_per_floor":["M","$","?","?","?","E","R","E","T","M","R","M","E","$","R","B",null,"M","M","?","?","$","E","M","R","T","E","?","R","$","?","R","B",null,"M","?","?","M","?","R","E","M","T","R","M","E","?","E","R","B"],"character_chosen":"DEFECT","items_purchased":["Orichalcum","Oddly Smooth Stone","Loop","ClockworkSouvenir","Capacitor","Enlightenment"],"campfire_rested":6,"item_purchase_floors":[14,22,22,22,30,30],"current_hp_per_floor":[75,75,75,75,57,57,57,57,57,54,75,68,50,50,72,19,75,57,51,51,51,51,54,47,69,69,27,11,33,33,33,55,45,75,68,68,68,49,49,75,75,51,51,75,58,14,59,59,59,0,0],"gold":424,"neow_bonus":"THREE_ENEMY_KILL","is_prod":false,"is_daily":false,"chose_seed":false,"campfire_upgraded":2,"win_rate":0,"timestamp":1607494161,"path_taken":["M","?","?","?","?","E","R","E","T","M","R","M","E","$","R","BOSS","M","M","?","?","$","E","M","R","T","E","?","R","?","?","R","BOSS","M","?","?","?","?","R","E","M","T","R","?","E","?","E","R","BOSS"],"build_version":"2020-11-30","purchased_purges":1,"victory":false,"max_hp_per_floor":[75,75,75,75,75,75,75,75,75,75,75,75,75,75,75,75,75,75,75,75,75,75,75,75,75,75,75,75,75,75,75,75,75,75,75,75,75,75,75,75,75,75,75,75,75,75,89,89,89,89,89],"card_choices":[{"not_picked":["Ball Lightning","Darkness","Hello World"],"picked":"SKIP","floor":1.0},{"not_picked":["Beam Cell","Blizzard","Go for the Eyes"],"picked":"SKIP","floor":6.0},{"not_picked":["ReplayTheSpireMod:Calculation Training","Go for the Eyes"],"picked":"Biased Cognition","floor":8.0},{"not_picked":["Beam Cell","BasicCrystalCard","Sweeping Beam"],"picked":"SKIP","floor":10.0},{"not_picked":["BasicCrystalCard","Fission"],"picked":"Genetic Algorithm","floor":12.0},{"not_picked":["Turbo","Chill","Rainbow"],"picked":"SKIP","floor":13.0},{"not_picked":["Seek","Machine Learning"],"picked":"Electrodynamics","floor":16.0},{"not_picked":["Hologram","Redo","FTL"],"picked":"SKIP","floor":18.0},{"not_picked":["Darkness+1","Steam"],"picked":"Leap","floor":19.0},{"not_picked":["Time Bomb","Barrage"],"picked":"Leap+1","floor":23.0},{"not_picked":["Gash","ReplayTheSpireMod:System Scan+1"],"picked":"Genetic Algorithm","floor":24.0},{"not_picked":["Cold Snap+1","Heatsinks+1"],"picked":"Auto Shields","floor":27.0},{"not_picked":["ReplayTheSpireMod:Omega Cannon","Fission"],"picked":"Core Surge","floor":33.0},{"not_picked":["Beam Cell","Undo","Glacier+1"],"picked":"SKIP","floor":35.0},{"not_picked":["Scrape+1","Sunder+1"],"picked":"ReplayTheSpireMod:Calculation Training","floor":38.0},{"not_picked":["Chill+1","ReplayTheSpireMod:Repulse+1"],"picked":"Capacitor","floor":41.0},{"not_picked":["Coolheaded+1","Sweeping Beam"],"picked":"Leap+1","floor":42.0},{"not_picked":["ReplayTheSpireMod:Reroute Power","Barrage+1"],"picked":"Stack","floor":45.0},{"not_picked":["Redo","Blizzard","Doom and Gloom+1"],"picked":"SKIP","floor":46},{"not_picked":["Steam Power","Turbo","Rebound+1"],"picked":"SKIP","floor":48}],"player_experience":226847,"relics_obtained":[{"floor":6.0,"key":"Toy Ornithopter"},{"floor":8.0,"key":"Bronze Scales"},{"floor":13.0,"key":"Replay:Bottled Snecko"},{"floor":20.0,"key":"ReplayTheSpireMod:Ring of Challenge"},{"floor":23.0,"key":"Meat on the Bone"},{"floor":26.0,"key":"Replay:Wax Seal"},{"floor":27.0,"key":"Pantograph"},{"floor":28.0,"key":"Enchiridion"},{"floor":34.0,"key":"Regal Pillow"},{"floor":34.0,"key":"Symbiotic Virus"},{"floor":34.0,"key":"Torii"},{"floor":41.0,"key":"Pen Nib"},{"floor":43.0,"key":"Omamori"},{"floor":46,"key":"Potion Belt"},{"floor":47,"key":"Mango"},{"floor":48,"key":"White Beast Statue"}],"event_choices":[{"damage_healed":0.0,"max_hp_gain":0.0,"max_hp_loss":0.0,"gold_gain":175.0,"event_name":"Liars Game","player_choice":"AGREE","floor":4.0,"gold_loss":0.0,"damage_taken":0.0,"cards_obtained":["Doubt"]},{"damage_healed":0.0,"max_hp_gain":0.0,"max_hp_loss":0.0,"gold_gain":0.0,"event_name":"Golden Idol","player_choice":"Take Damage","floor":5.0,"gold_loss":0.0,"damage_taken":18.0,"relics_obtained":["Golden Idol"]},{"damage_healed":0.0,"max_hp_gain":0.0,"max_hp_loss":0.0,"gold_gain":0.0,"event_name":"Ghosts","player_choice":"Ignored","floor":21.0,"gold_loss":0.0,"damage_taken":0.0},{"damage_healed":0.0,"max_hp_gain":0.0,"max_hp_loss":0.0,"gold_gain":0.0,"event_name":"Cursed Tome","player_choice":"Obtained Book","floor":28.0,"gold_loss":0.0,"damage_taken":16.0},{"damage_healed":0.0,"max_hp_gain":0.0,"max_hp_loss":0.0,"gold_gain":0.0,"event_name":"Vampires","player_choice":"Ignored","floor":31.0,"gold_loss":0.0,"damage_taken":0.0},{"cards_removed":["Auto Shields"],"damage_healed":0.0,"max_hp_gain":0.0,"max_hp_loss":0.0,"gold_gain":0.0,"event_name":"Falling","player_choice":"Removed Skill","floor":36.0,"gold_loss":0.0,"damage_taken":0.0},{"damage_healed":0.0,"max_hp_gain":0.0,"max_hp_loss":0.0,"gold_gain":0.0,"event_name":"Mysterious Sphere","player_choice":"Ignored","floor":37.0,"gold_loss":0.0,"damage_taken":0.0},{"damage_healed":0.0,"max_hp_gain":0.0,"max_hp_loss":0.0,"gold_gain":0.0,"cards_transformed":["Strike_B"],"event_name":"Transmorgrifier","player_choice":"Transformed","floor":39.0,"gold_loss":0.0,"damage_taken":0.0,"cards_obtained":["Barrage"]},{"damage_healed":0,"gold_gain":0,"player_choice":"Fight","damage_taken":0,"max_hp_gain":0,"max_hp_loss":0,"event_name":"MindBloom","floor":47,"gold_loss":0}],"is_beta":false,"boss_relics":[{"not_picked":["Runic Pyramid","Kintsugi"],"picked":"Philosopher\u0027s Stone"},{"not_picked":["SlaversCollar","Busted Crown"],"picked":"Calling Bell"}],"items_purged_floors":[14],"is_endless":false,"potions_floor_spawned":[8,10,16,27,33,38,41,42,48],"killed_by":"Awakened One","ascension_level":3}}