{"host":"qy0m86b6j0qgj9ra","time":1607550838,"event":{"gold_per_floor":[135,148,158,172,186,213,213,213,213,213,238,224,1,13,13,117,117,78,96,111,111,123,158,158,190,214,214,214],"floor_reached":27,"playtime":4017,"items_purged":[],"score":280,"play_id":"a18515d1-3f43-4a70-93c3-f782a712417b","local_time":"20201209225358","is_ascension_mode":true,"campfire_choices":[{"data":"theDuelist:Wildfire","floor":7,"key":"SMITH"},{"data":"theDuelist:GracefulCharity","floor":10,"key":"SMITH"},{"floor":24,"key":"REST"}],"neow_cost":"NONE","seed_source_timestamp":110883600276800,"circlet_count":0,"master_deck":["theDuelist:CastleWalls","theDuelist:NaturiaSpiderfang","theDuelist:MillenniumScorpion","theDuelist:SummoningCurse","theDuelist:Sparks","theDuelist:GracefulCharity+1","theDuelist:NaturiaBarkion","theDuelist:AcidTrapHole+1","theDuelist:WingedKuriboh","theDuelist:SurvivalInstinct","theDuelist:CastleWalls","theDuelist:Sparks","theDuelist:NaturiaBeans","theDuelist:NaturiaCliff","theDuelist:NaturiaLandoise+1","theDuelist:NaturiaTulip","theDuelist:GoldenApples","theDuelist:Wildfire+1","theDuelist:NaturiaBeetle+1","theDuelist:Sparks","theDuelist:NaturiaRock","theDuelist:NaturiaHydrangea","theDuelist:WildNatureRelease","theDuelist:CastleWalls","theDuelist:Blockman"],"relics":["theDuelist:MillenniumPuzzle","theDuelist:BoosterPackPoolRelic","theDuelist:CardPoolAddRelic","theDuelist:CardPoolMinusRelic","theDuelist:CardPoolSaveRelic","theDuelist:CardPoolOptionsRelic","Replay:Wax Seal","halation:EternalFortune","vexMod:ScavengeHelm","ReplayTheSpireMod:Spearhead","theDuelist:MillenniumRod","Runic Pyramid","theDuelist:MillenniumSymbol","hubris:SphereOfDissonance","theDuelist:BoosterPackSpellEgg"],"potions_floor_usage":[16,18],"damage_taken":[{"damage":2,"enemies":"conspire:RoseBush","floor":1,"turns":4},{"damage":8,"enemies":"Jaw Worm","floor":2,"turns":6},{"damage":0,"enemies":"Cultist","floor":3,"turns":3},{"damage":0,"enemies":"Large Slime","floor":4,"turns":4},{"damage":10,"enemies":"Gremlin Gang","floor":5,"turns":3},{"damage":9,"enemies":"Replay:BlueRogue","floor":6,"turns":6},{"damage":17,"enemies":"Gremlin Nob","floor":11,"turns":5},{"damage":20,"enemies":"Looter","floor":12,"turns":6},{"damage":0,"enemies":"3 Louse","floor":14,"turns":2},{"damage":17,"enemies":"Fading Forest","floor":16,"turns":11},{"damage":32,"enemies":"Shell Parasite","floor":18,"turns":7},{"damage":0,"enemies":"Snecko","floor":19,"turns":5},{"damage":9,"enemies":"Sentry and Sphere","floor":20,"turns":6},{"damage":26,"enemies":"conspire:HollyBat","floor":22,"turns":10},{"damage":13,"enemies":"HollowMod:Nosk","floor":23,"turns":7},{"damage":6,"enemies":"Replay:Snechameleon","floor":25,"turns":6},{"damage":26,"enemies":"hubris:Merchant","floor":27,"turns":7}],"seed_played":"-7208907074258882330","potions_obtained":[{"floor":1,"key":"Energy Potion"},{"floor":2,"key":"theDuelist:FireBottle"},{"floor":3,"key":"theDuelist:SealedPack"},{"floor":16,"key":"theDuelist:BurningPotionB"},{"floor":18,"key":"SteroidPotion"}],"is_trial":false,"path_per_floor":["M","M","M","M","M","E","R","?","T","R","E","M","$","M","R","B",null,"M","M","M","?","M","E","R","E","T","$"],"character_chosen":"THE_DUELIST","items_purchased":["theDuelist:MillenniumRod","theDuelist:NaturiaBeans"],"campfire_rested":1,"item_purchase_floors":[13,13],"current_hp_per_floor":[78,70,70,70,60,51,51,54,54,54,37,17,17,17,17,16,83,51,51,45,45,19,6,31,25,25,0,0],"gold":214,"neow_bonus":"ONE_RANDOM_RARE_CARD","is_prod":false,"is_daily":false,"chose_seed":false,"campfire_upgraded":2,"win_rate":0,"timestamp":1607550838,"path_taken":["M","M","M","M","M","E","R","?","T","R","E","M","$","M","R","BOSS","M","M","M","?","M","E","R","E","T","$"],"build_version":"2020-11-30","purchased_purges":0,"victory":false,"max_hp_per_floor":[80,80,80,80,80,80,80,83,83,83,83,83,83,83,83,83,83,83,83,86,86,86,86,86,86,86,86,86],"card_choices":[{"not_picked":["theDuelist:WildNatureRelease","theDuelist:LeodrakeMane","theDuelist:NaturiaSacredTree","theDuelist:FuryFire"],"picked":"theDuelist:GracefulCharity","floor":1},{"not_picked":["theDuelist:NaturiaEggplant","theDuelist:NaturiaDragonfly","theDuelist:NaturiaCliff","theDuelist:SangaEarth"],"picked":"theDuelist:NaturiaHydrangea","floor":2},{"not_picked":["theDuelist:NaturiaHydrangea","theDuelist:NaturiaCliff","theDuelist:NaturiaTulip","theDuelist:FossilDig","theDuelist:FuryFire"],"picked":"SKIP","floor":3},{"not_picked":["theDuelist:NaturiaHydrangea","theDuelist:NaturiaEggplant","theDuelist:NaturiaDragonfly","theDuelist:NaturiaCliff","theDuelist:FuryFire"],"picked":"SKIP","floor":4},{"not_picked":["theDuelist:NaturiaHydrangea","theDuelist:SummoningSwarm","theDuelist:NaturiaCliff","theDuelist:Spore","theDuelist:SpacetimeTranscendence"],"picked":"SKIP","floor":5},{"not_picked":["theDuelist:HammerShot","theDuelist:Cloning","theDuelist:BigFire","theDuelist:ReleaseFromStone"],"picked":"theDuelist:WingedKuriboh","floor":6},{"not_picked":["theDuelist:NaturiaDragonfly","theDuelist:NaturiaCliff","theDuelist:NaturiaHydrangea","theDuelist:BrainCrusher"],"picked":"theDuelist:NaturiaSpiderfang","floor":11},{"not_picked":["theDuelist:GraniteLoyalist","theDuelist:MillenniumGolem","theDuelist:DummyGolem","theDuelist:GemElephant"],"picked":"theDuelist:GoldenApples","floor":12},{"not_picked":["theDuelist:MillenniumGolem","theDuelist:DarkCreator","theDuelist:MudGolem","theDuelist:Polymerization"],"picked":"theDuelist:MillenniumScorpion","floor":14},{"not_picked":["theDuelist:NaturiaForest","theDuelist:ClosedForest","theDuelist:Wildfire","theDuelist:HeartUnderdog"],"picked":"theDuelist:NaturiaBarkion","floor":16},{"not_picked":["theDuelist:NaturiaEggplant","theDuelist:NaturiaDragonfly","theDuelist:BottomlessTrapHole+1","theDuelist:NaturiaCliff"],"picked":"theDuelist:SurvivalInstinct","floor":18},{"not_picked":["theDuelist:NaturiaHydrangea","theDuelist:NaturiaEggplant+1","theDuelist:NaturiaDragonfly","theDuelist:NaturiaCliff"],"picked":"theDuelist:NaturiaLandoise+1","floor":19},{"not_picked":["theDuelist:NaturiaRock","theDuelist:NaturiaGaiastrio+1","theDuelist:NaturiaLandoise+1","theDuelist:NaturiaCliff"],"picked":"theDuelist:Blockman","floor":20},{"not_picked":["theDuelist:BigFire","theDuelist:EarthEffigy","theDuelist:HaneHane","theDuelist:DianKeto","theDuelist:MillenniumGolem+1"],"picked":"SKIP","floor":22},{"not_picked":["theDuelist:WildNatureRelease","theDuelist:NaturiaParadizo"],"picked":"theDuelist:AcidTrapHole+1","floor":23},{"not_picked":["theDuelist:NaturiaHydrangea","theDuelist:NaturiaEggplant","theDuelist:NaturiaDragonfly+1","theDuelist:NaturiaCliff"],"picked":"theDuelist:NaturiaBeetle+1","floor":25}],"player_experience":469533,"relics_obtained":[{"floor":6,"key":"Replay:Wax Seal"},{"floor":9,"key":"vexMod:ScavengeHelm"},{"floor":11,"key":"ReplayTheSpireMod:Spearhead"},{"floor":20,"key":"halation:EternalFortune"},{"floor":23,"key":"hubris:SphereOfDissonance"},{"floor":25,"key":"theDuelist:BoosterPackSpellEgg"}],"event_choices":[{"damage_healed":0,"gold_gain":0,"player_choice":"Took item - Received: Millennium Symbol","duelist":true,"damage_taken":0,"max_hp_gain":0,"max_hp_loss":0,"event_name":"Millennium Items","floor":21,"gold_loss":0}],"is_beta":false,"boss_relics":[{"not_picked":["conspire:SlowCooker","Replay:Cursed D8"],"picked":"Runic Pyramid"}],"items_purged_floors":[],"is_endless":false,"potions_floor_spawned":[1,2,3,12,16,18,23],"killed_by":"hubris:Merchant","ascension_level":1}}