{"host":"w6ebodudjlk2jwu4","time":1607501623,"event":{"gold_per_floor":[113,113,130,130,28,62,62,95,118,138,148,148,161,178,178,280,280,290,565,4,14,25,25,42,62,89,49,49,49],"floor_reached":28,"playtime":3843,"items_purged":["Defend_S","Regret"],"score":232,"play_id":"d985b822-68ef-4500-bc33-8fc592ce26f1","local_time":"20201209001343","is_ascension_mode":false,"campfire_choices":[{"floor":7,"key":"REST"},{"floor":12,"key":"REST"},{"floor":15,"key":"REST"},{"floor":23,"key":"REST"}],"neow_cost":"NONE","seed_source_timestamp":2191399626470800,"circlet_count":0,"master_deck":["Strike_S","Strike_S","Strike_S","Strike_S","Defend_S","Defend_S","Defend_S","KidneyShot","Exchange","Snipe","Inflame","Heavy Blade","Desolation","Rewind","BestPractice","ShatteredReality","Inflame","Starlight","Alleviate","MurderousAura","LightFlow","Revamp+1","Replay:Bootleg Shield Generator","SilverBlades","Revamp+1","Defy+1","Rewind","Rewind","Spin"],"relics":["m_ScarletBlood","Bag of Marbles","Replay:Baseball","Potion Belt","Sozu","Replay:Bottled Flurry","Ancient Tea Set"],"potions_floor_usage":[6,16,22],"damage_taken":[{"damage":1,"enemies":"2 Louse","floor":1,"turns":3},{"damage":7,"enemies":"Small Slimes","floor":3,"turns":4},{"damage":27,"enemies":"HollowMod:MossKnight","floor":6,"turns":9},{"damage":45,"enemies":"3 Sentries","floor":8,"turns":10},{"damage":1,"enemies":"Cultist","floor":10,"turns":3},{"damage":3,"enemies":"Exordium Wildlife","floor":11,"turns":4},{"damage":6,"enemies":"Red Slaver","floor":13,"turns":4},{"damage":3,"enemies":"Looter","floor":14,"turns":3},{"damage":28,"enemies":"Fading Forest","floor":16,"turns":11},{"damage":0,"enemies":"theJungle:MUSHROOMGANG","floor":18,"turns":5},{"damage":16,"enemies":"theJungle:GiantWrat","floor":21,"turns":5},{"damage":37,"enemies":"theJungle:2_Snecko_Cultists","floor":22,"turns":7},{"damage":18,"enemies":"theJungle:SlimyTreeVines","floor":24,"turns":6},{"damage":17,"enemies":"Snake Plant","floor":25,"turns":6},{"damage":20,"enemies":"theJungle:Snecko_Cultist_And_Trap","floor":28,"turns":4}],"seed_played":"485535538376125658","potions_obtained":[{"floor":1,"key":"PowerPotion"},{"floor":8,"key":"blueLaboratory:HorrorPotion"},{"floor":10,"key":"AttackPotion"},{"floor":16,"key":"Weak Potion"}],"is_trial":false,"path_per_floor":["M","?","M","?","$","E","R","E","T","M","M","R","M","M","R","B",null,"M","?","$","M","M","R","M","M","T","?","M"],"character_chosen":"THE_SERVANT","items_purchased":["Rewind","Replay:Bottled Flurry","Replay:Bootleg Shield Generator","SilverBlades","Revamp+1"],"campfire_rested":4,"item_purchase_floors":[5,20,20,20,20],"current_hp_per_floor":[70,70,63,63,63,36,57,12,12,11,8,29,23,20,41,23,71,71,71,71,55,18,39,27,10,10,10,0,0],"gold":49,"neow_bonus":"TEN_PERCENT_HP_BONUS","is_prod":false,"is_daily":false,"chose_seed":false,"campfire_upgraded":0,"win_rate":0.0,"timestamp":1607501623,"path_taken":["M","?","M","?","$","E","R","E","T","?","M","R","M","M","R","BOSS","M","?","$","?","M","R","M","M","T","?","M"],"build_version":"2020-11-30","purchased_purges":2,"victory":false,"max_hp_per_floor":[71,71,71,71,71,71,71,71,71,71,71,71,71,71,71,71,71,71,71,71,71,71,71,71,71,71,71,71,71],"relic_stats":{"Sozu":5,"counters":[15,83],"obtain_stats":[{"Potion Belt":9,"Sozu":17,"m_ScarletBlood":2,"Replay:Baseball":8,"Uniform":0,"Bag of Marbles":6,"Replay:Bottled Flurry":20,"Ancient Tea Set":26},{"Potion Belt":4,"Sozu":9,"m_ScarletBlood":1,"Replay:Baseball":4,"Uniform":0,"Bag of Marbles":3,"Replay:Bottled Flurry":10,"Ancient Tea Set":14},{"Potion Belt":26,"Sozu":50,"m_ScarletBlood":3,"Replay:Baseball":26,"Uniform":0,"Bag of Marbles":16,"Replay:Bottled Flurry":55,"Ancient Tea Set":79}]},"card_choices":[{"not_picked":["FastForward","Unruled"],"picked":"Snipe","floor":1},{"not_picked":["DualDimension","Unruled"],"picked":"Heavy Blade","floor":3},{"not_picked":["Gouge","Pummel"],"picked":"BestPractice","floor":6},{"not_picked":["Unruled","TimeWarp"],"picked":"ShatteredReality","floor":8},{"not_picked":["FanOfKnives","FlawlessForm"],"picked":"Inflame","floor":10},{"not_picked":["Snipe","Rewind"],"picked":"Starlight","floor":11},{"not_picked":["Flex","Potential"],"picked":"Alleviate","floor":13},{"not_picked":["Spin","ReturningBlade"],"picked":"MurderousAura","floor":14},{"not_picked":["MurderousAura","FloweringNight"],"picked":"LightFlow","floor":16},{"not_picked":["Unruled","Defy"],"picked":"Revamp+1","floor":18},{"not_picked":["Revamp","Rewind+1"],"picked":"Defy+1","floor":21},{"not_picked":["ShatteredReality+1","TimeWarp"],"picked":"Rewind","floor":22},{"not_picked":["ShatteredReality","LightFlow"],"picked":"Rewind","floor":24},{"not_picked":["DoubleEdge","ShatteredReality"],"picked":"Spin","floor":25}],"player_experience":13558,"relics_obtained":[{"floor":6,"key":"Bag of Marbles"},{"floor":8,"key":"Replay:Baseball"},{"floor":9,"key":"Potion Belt"},{"floor":26,"key":"Ancient Tea Set"}],"event_choices":[{"damage_healed":0,"gold_gain":0,"player_choice":"1 cards matched","damage_taken":0,"max_hp_gain":0,"max_hp_loss":0,"event_name":"Match and Keep!","floor":4,"gold_loss":0,"cards_obtained":["Desolation"]},{"damage_healed":0,"gold_gain":275,"player_choice":"Desecrate","damage_taken":0,"max_hp_gain":0,"max_hp_loss":0,"event_name":"Golden Shrine","floor":19,"gold_loss":0,"cards_obtained":["Regret"]},{"damage_healed":0,"gold_gain":0,"player_choice":"Bought 3 Potions","damage_taken":0,"max_hp_gain":0,"max_hp_loss":0,"event_name":"The Woman in Blue","floor":27,"gold_loss":0}],"is_beta":false,"boss_relics":[{"not_picked":["ReplayTheSpireMod:DimensionalGlitch","Busted Crown"],"picked":"Sozu"}],"items_purged_floors":[5,20],"is_endless":false,"potions_floor_spawned":[1,8,10,16,18,22],"killed_by":"theJungle:Snecko_Cultist_And_Trap","ascension_level":0}}