{"host":"zkqorkqsr6o67e8b","time":1607477840,"event":{"gold_per_floor":[117,117,132,147,147,147,178,195,222,241,269,269,300,315,315,387,387,399,399,418,438,438,438,466,466,466,466,466,466,499,117,117,194,194,213,258,269,269,269,304,304,333,333,333,349,380,399,419,419,424,424,424,13,43,43],"floor_reached":56,"playtime":2988,"items_purged":["alterego_mod:Impale"],"score":2150,"play_id":"a6bdeb68-3275-4f3d-bb60-f1672281ad45","local_time":"20201209093720","is_ascension_mode":true,"campfire_choices":[{"data":"alterego_mod:GIGAMILK","floor":6.0,"key":"SMITH"},{"data":"alterego_mod:Nekomimi","floor":12.0,"key":"SMITH"},{"data":"alterego_mod:SakuraFive","floor":15.0,"key":"SMITH"},{"floor":23,"key":"REST"},{"data":"alterego_mod:Venus","floor":25,"key":"SMITH"},{"data":"alterego_mod:Strike","floor":27,"key":"PURGE"},{"data":"alterego_mod:Lift","floor":29,"key":"SMITH"},{"data":"alterego_mod:TrashNCrash","floor":32,"key":"SMITH"},{"data":"alterego_mod:BrynhildrRomantia","floor":41,"key":"SMITH"},{"data":"alterego_mod:Defend","floor":44,"key":"PURGE"},{"floor":49,"key":"RECALL"},{"data":"1","floor":52,"key":"LIFT"}],"neow_cost":"PERCENT_DAMAGE","seed_source_timestamp":344030213979300,"circlet_count":0,"master_deck":["AscendersBane","alterego_mod:Defend","alterego_mod:Defend","alterego_mod:Defend","alterego_mod:BrynhildrsRune","alterego_mod:GIGAMILK+1","alterego_mod:Nekomimi+1","alterego_mod:Lift+1","alterego_mod:SakuraFive+1","alterego_mod:Venus+1","alterego_mod:Cushion+1","alterego_mod:BrynhildrRomantia+1","Bite","Bite","Bite","alterego_mod:TrashNCrash+1","Chrysalis","alterego_mod:Birthday"],"special_seed":0,"relics":["alterego_mod:MasochisticConstitution","Toy Ornithopter","Bag of Preparation","Pantograph","InkBottle","Runic Pyramid","WingedGreaves","Peace Pipe","CaptainsWheel","Girya","SlaversCollar","Incense Burner","Vajra","Molten Egg 2","The Courier","Torii","Frozen Eye","Lantern","Du-Vu Doll"],"potions_floor_usage":[24,30,55],"damage_taken":[{"damage":4.0,"enemies":"Small Slimes","floor":1.0,"turns":7.0},{"damage":3.0,"enemies":"2 Louse","floor":3.0,"turns":6.0},{"damage":2.0,"enemies":"Jaw Worm","floor":4.0,"turns":5.0},{"damage":20.0,"enemies":"Lagavulin","floor":7.0,"turns":10.0},{"damage":2.0,"enemies":"2 Fungi Beasts","floor":8.0,"turns":6.0},{"damage":39.0,"enemies":"Gremlin Gang","floor":10.0,"turns":5.0},{"damage":11.0,"enemies":"3 Sentries","floor":11.0,"turns":9.0},{"damage":21.0,"enemies":"Gremlin Nob","floor":13.0,"turns":4.0},{"damage":9.0,"enemies":"Looter","floor":14.0,"turns":5.0},{"damage":3.0,"enemies":"The Guardian","floor":16.0,"turns":3.0},{"damage":21.0,"enemies":"Chosen","floor":18.0,"turns":6.0},{"damage":35,"enemies":"Spheric Guardian","floor":20,"turns":6},{"damage":23,"enemies":"3 Cultists","floor":21,"turns":5},{"damage":15,"enemies":"Book of Stabbing","floor":24,"turns":5},{"damage":23,"enemies":"Slavers","floor":30,"turns":8},{"damage":10,"enemies":"Automaton","floor":33,"turns":8},{"damage":41,"enemies":"3 Darklings","floor":35,"turns":11},{"damage":81,"enemies":"2 Orb Walkers","floor":36,"turns":6},{"damage":16,"enemies":"3 Shapes","floor":37,"turns":7},{"damage":4,"enemies":"Nemesis","floor":40,"turns":7},{"damage":13,"enemies":"Reptomancer","floor":42,"turns":4},{"damage":16,"enemies":"3 Darklings","floor":45,"turns":7},{"damage":2,"enemies":"Nemesis","floor":46,"turns":5},{"damage":16,"enemies":"Sphere and 2 Shapes","floor":47,"turns":6},{"damage":0,"enemies":"Transient","floor":48,"turns":5},{"damage":2,"enemies":"Donu and Deca","floor":50,"turns":3},{"damage":90,"enemies":"Shield and Spear","floor":54,"turns":6},{"damage":43,"enemies":"The Heart","floor":55,"turns":7}],"seed_played":"-6035019061414328793","potions_obtained":[{"floor":1.0,"key":"ColorlessPotion"},{"floor":3.0,"key":"SkillPotion"},{"floor":8.0,"key":"GamblersBrew"},{"floor":18.0,"key":"SkillPotion"},{"floor":21,"key":"SteroidPotion"},{"floor":24,"key":"ColorlessPotion"},{"floor":30,"key":"GamblersBrew"}],"is_trial":false,"path_per_floor":["M","?","M","M","?","R","E","M","T","M","E","R","E","M","R","B",null,"M","?","M","M","?","R","E","R","T","R","?","R","E","$","R","B",null,"M","?","M","?","?","E","R","E","T","R","M","E","M","M","R","B",null,"R","$","E","B",null],"character_chosen":"The_Alterego","items_purchased":["Girya","Frozen Eye","Lantern","Chrysalis","alterego_mod:Birthday"],"campfire_rested":1,"item_purchase_floors":[31,53,53,53,53],"current_hp_per_floor":[55,50,62,61,54,54,42,53,53,34,45,45,25,24,24,47,68,55,55,28,6,6,29,27,27,27,27,27,27,44,44,44,78,78,83,27,45,45,45,57,57,73,73,73,92,104,124,129,129,135,135,135,135,84,85],"gold":43,"neow_bonus":"THREE_RARE_CARDS","is_prod":false,"is_daily":false,"chose_seed":false,"campfire_upgraded":7,"win_rate":0,"timestamp":1607477840,"path_taken":["M","?","M","M","?","R","E","M","T","?","E","R","E","M","R","BOSS","M","?","M","?","?","R","E","R","T","R","?","R","E","$","R","BOSS","M","?","M","?","?","E","R","E","T","R","M","E","M","?","R","BOSS","R","$","E","BOSS"],"build_version":"2020-11-30","purchased_purges":1,"victory":true,"max_hp_per_floor":[66,66,67,68,68,68,69,70,70,71,72,72,73,74,74,75,75,76,76,77,78,78,78,79,79,79,79,64,64,73,73,73,78,78,83,87,97,97,97,102,102,107,107,107,112,117,130,130,130,135,135,135,135,144,145],"card_choices":[{"not_picked":["alterego_mod:ClassAdvantage","alterego_mod:RingBreak"],"picked":"alterego_mod:GIGAMILK","floor":0.0},{"not_picked":["alterego_mod:GoddessCore","alterego_mod:Collar"],"picked":"alterego_mod:Nekomimi","floor":1.0},{"not_picked":["alterego_mod:GoddessCore","alterego_mod:ChallengeComplete","alterego_mod:Maid"],"picked":"SKIP","floor":3.0},{"not_picked":["alterego_mod:GoddessCore","alterego_mod:Maid"],"picked":"alterego_mod:ChallengeComplete","floor":3.0},{"not_picked":["alterego_mod:Jiggle","alterego_mod:Bounce","alterego_mod:Support"],"picked":"SKIP","floor":4.0},{"not_picked":["alterego_mod:Cycle","alterego_mod:RocketPunch"],"picked":"alterego_mod:Lift","floor":7.0},{"not_picked":["alterego_mod:PurpleHair","alterego_mod:HighServant"],"picked":"alterego_mod:SakuraFive","floor":8.0},{"not_picked":["alterego_mod:Jiggle","alterego_mod:DustData","alterego_mod:Rip"],"picked":"SKIP","floor":10.0},{"not_picked":["alterego_mod:1TonWallop","alterego_mod:RocketPunch","alterego_mod:Cycle"],"picked":"SKIP","floor":11.0},{"not_picked":["alterego_mod:Cooking","alterego_mod:Mirror"],"picked":"alterego_mod:Belle","floor":13.0},{"not_picked":["alterego_mod:Punishment","alterego_mod:DeftHands","alterego_mod:Belts"],"picked":"SKIP","floor":14.0},{"not_picked":["alterego_mod:Smother","alterego_mod:1TonWallop+1","alterego_mod:Cooking"],"picked":"SKIP","floor":18.0},{"not_picked":["alterego_mod:Table","alterego_mod:BoobPocket+1"],"picked":"alterego_mod:Cushion","floor":20},{"not_picked":["alterego_mod:MagicResistance","alterego_mod:DiscoLights","alterego_mod:Schoolgirl"],"picked":"SKIP","floor":21},{"not_picked":["alterego_mod:RocketPunch","alterego_mod:Collar","alterego_mod:Skirt"],"picked":"SKIP","floor":24},{"not_picked":["alterego_mod:Belts","alterego_mod:Cushion"],"picked":"alterego_mod:TrashNCrash","floor":30},{"not_picked":["alterego_mod:BiFurious","alterego_mod:BusterCard","alterego_mod:Rip"],"picked":"SKIP","floor":35},{"not_picked":["alterego_mod:HighServant","alterego_mod:Belts+1","alterego_mod:BiFurious"],"picked":"SKIP","floor":37},{"not_picked":["alterego_mod:TrashNCrash","alterego_mod:DiscoLights+1","alterego_mod:Valentines"],"picked":"SKIP","floor":40},{"not_picked":["alterego_mod:Complex+1","alterego_mod:Pet"],"picked":"alterego_mod:Belle+1","floor":42},{"not_picked":["alterego_mod:ChallengeComplete","alterego_mod:BoobPocket+1","alterego_mod:GoddessCore+1"],"picked":"SKIP","floor":45},{"not_picked":["alterego_mod:Antipathy","alterego_mod:Bounce+1","alterego_mod:1TonWallop+1"],"picked":"SKIP","floor":46},{"not_picked":["alterego_mod:Antipathy","alterego_mod:Bounce+1","alterego_mod:1TonWallop+1"],"picked":"SKIP","floor":46},{"not_picked":["alterego_mod:GoddessCore+1","alterego_mod:Rip+1","alterego_mod:ChallengeComplete"],"picked":"SKIP","floor":47},{"not_picked":["alterego_mod:Maid+1","alterego_mod:DiscoLights","alterego_mod:Bloomers+1"],"picked":"SKIP","floor":48},{"not_picked":["alterego_mod:Cycle","alterego_mod:Punishment","alterego_mod:Bounce+1"],"picked":"SKIP","floor":54}],"player_experience":350172,"relics_obtained":[{"floor":7.0,"key":"Bag of Preparation"},{"floor":11.0,"key":"Pantograph"},{"floor":13.0,"key":"InkBottle"},{"floor":24,"key":"WingedGreaves"},{"floor":26,"key":"Peace Pipe"},{"floor":30,"key":"CaptainsWheel"},{"floor":36,"key":"Incense Burner"},{"floor":40,"key":"Vajra"},{"floor":42,"key":"Molten Egg 2"},{"floor":43,"key":"The Courier"},{"floor":46,"key":"Torii"},{"floor":54,"key":"Du-Vu Doll"}],"event_choices":[{"damage_healed":0.0,"max_hp_gain":0.0,"max_hp_loss":0.0,"gold_gain":0.0,"event_name":"Scrap Ooze","player_choice":"Success","floor":2.0,"gold_loss":0.0,"damage_taken":5.0,"relics_obtained":["Toy Ornithopter"]},{"cards_removed":["alterego_mod:BigMeatyClaws"],"damage_healed":0.0,"max_hp_gain":0.0,"max_hp_loss":0.0,"gold_gain":0.0,"event_name":"Golden Wing","player_choice":"Card Removal","floor":5.0,"gold_loss":0.0,"damage_taken":7.0},{"damage_healed":0,"gold_gain":0,"cards_transformed":["alterego_mod:ChallengeComplete"],"player_choice":"Transformed","damage_taken":0,"max_hp_gain":0,"max_hp_loss":0,"event_name":"Transmorgrifier","floor":19,"gold_loss":0,"cards_obtained":["alterego_mod:Venus"]},{"damage_healed":0,"gold_gain":0,"player_choice":"Read","damage_taken":0,"max_hp_gain":0,"max_hp_loss":0,"event_name":"The Library","floor":22,"gold_loss":0,"cards_obtained":["alterego_mod:BrynhildrRomantia"]},{"damage_healed":0,"gold_gain":0,"player_choice":"Became a vampire","damage_taken":0,"max_hp_gain":0,"max_hp_loss":15,"event_name":"Vampires","floor":28,"gold_loss":0,"cards_obtained":["Bite","Bite","Bite"]},{"damage_healed":0,"gold_gain":0,"player_choice":"Fight","damage_taken":0,"max_hp_gain":0,"max_hp_loss":0,"event_name":"Mysterious Sphere","floor":36,"gold_loss":0},{"damage_healed":0,"gold_gain":0,"player_choice":"Ignored","damage_taken":0,"max_hp_gain":0,"max_hp_loss":0,"event_name":"Tomb of Lord Red Mask","floor":38,"gold_loss":0},{"damage_healed":0,"gold_gain":0,"player_choice":"Upgraded","damage_taken":0,"max_hp_gain":0,"max_hp_loss":0,"event_name":"Upgrade Shrine","floor":39,"gold_loss":0,"cards_upgraded":["alterego_mod:Cushion"]}],"is_beta":false,"boss_relics":[{"not_picked":["Pandora\u0027s Box","Cursed Key"],"picked":"Runic Pyramid"},{"not_picked":["Snecko Eye","SacredBark"],"picked":"SlaversCollar"}],"items_purged_floors":[31],"is_endless":false,"potions_floor_spawned":[1,3,8,18,21,24,30,36,40],"ascension_level":15}}