{"host":"woah5shdh5xsovm3","time":1607546163,"event":{"gold_per_floor":[118,118,129,147,147,178,178,193,193,209,31,60,60,110,110,210,210,221,235,235,250,267,267,267,85,158,80,95,95,95,112,112,223,223,248,158,186,218,268,268,268],"floor_reached":40,"playtime":2276,"items_purged":["HollowMod:NailStrikeStart","HollowMod:NailStrikeStart"],"score":573,"play_id":"ec4465bc-c3aa-4ffa-bb04-d9c3ae22fce4","local_time":"20201209143603","is_ascension_mode":false,"campfire_choices":[{"floor":7,"key":"REST"},{"data":"HollowMod:GrimmsGift","floor":13,"key":"SMITH"},{"data":"HollowMod:MantisMark","floor":15,"key":"SMITH"},{"floor":23,"key":"REST"},{"floor":30,"key":"REST"},{"floor":32,"key":"REST"}],"neow_cost":"NONE","seed_source_timestamp":663686806016800,"circlet_count":0,"master_deck":["HollowMod:NailStrikeStart","HollowMod:QuickDashStart","HollowMod:QuickDashStart","HollowMod:QuickDashStart","HollowMod:QuickDashStart","HollowMod:FocusHealStart+1","HollowMod:PogoStrike","HollowMod:SoulVessel","HollowMod:GrimmsGift+1","HollowMod:MantisMark+1","HollowMod:ZotesMagnificence","HollowMod:ElderbugsWisdom+1","HollowMod:PureNailStrike+1","HollowMod:GoodIntentions+1","HollowMod:NewLittleFool","HollowMod:Grubsong","Deep Breath","HollowMod:HowlingWraiths+1","HollowMod:MidwifesHunger","HollowMod:SoulEater+1","HollowMod:PerfectDash+1","HollowMod:GoodIntentions+1"],"relics":["HollowMod:VesselMask","Pondfish Scales","The Courier","Lee\u0027s Waffle","ScarletDevilRocket","Omamori","hubris:TerracottaHorce","Strawberry","Letter Opener","infinitespire:Beetle Shell","Busted Crown","infinitespire:EvilPickle","Sozu","Durian"],"potions_floor_usage":[16,16,35,40],"damage_taken":[{"damage":10,"enemies":"Small Slimes","floor":1,"turns":5},{"damage":6,"enemies":"Cultist","floor":3,"turns":4},{"damage":2,"enemies":"2 Louse","floor":4,"turns":4},{"damage":31,"enemies":"Lagavulin","floor":6,"turns":6},{"damage":8,"enemies":"Exordium Wildlife","floor":8,"turns":4},{"damage":16,"enemies":"Exordium Thugs","floor":10,"turns":6},{"damage":22,"enemies":"Gremlin Nob","floor":12,"turns":4},{"damage":77,"enemies":"Hexaghost","floor":16,"turns":12},{"damage":19,"enemies":"Shell Parasite","floor":18,"turns":4},{"damage":23,"enemies":"Chosen","floor":19,"turns":5},{"damage":21,"enemies":"Snecko","floor":21,"turns":5},{"damage":29,"enemies":"3 Cultists","floor":22,"turns":7},{"damage":22,"enemies":"Sentry and Sphere","floor":28,"turns":5},{"damage":19,"enemies":"Snecko","floor":31,"turns":5},{"damage":34,"enemies":"Pondfish","floor":33,"turns":8},{"damage":35,"enemies":"3 Darklings","floor":35,"turns":5},{"damage":3,"enemies":"3 Shapes","floor":37,"turns":3},{"damage":57,"enemies":"Spire Growth","floor":38,"turns":6},{"damage":26,"enemies":"Mind Bloom Boss Battle","floor":39,"turns":7},{"damage":44,"enemies":"Nightmare","floor":40,"turns":4}],"seed_played":"-3654402811143360923","potions_obtained":[{"floor":1,"key":"Regen Potion"},{"floor":10,"key":"hexamod:EctoCoolerPotion"},{"floor":12,"key":"FairyPotion"},{"floor":16,"key":"Swift Potion"},{"floor":19,"key":"SpeedPotion"},{"floor":21,"key":"Energy Potion"}],"is_trial":false,"path_per_floor":["M","?","M","M","?","E","R","M","T","M","$","E","R","T","R","B",null,"M","M","?","M","M","R","?","$","T","$","M","AVR","R","M","R","B",null,"M","?","M","M","?","NM"],"character_chosen":"THE_BUGKNIGHT","items_purchased":["Lee\u0027s Waffle","HollowMod:Grubsong","Strawberry","Deep Breath"],"campfire_rested":4,"item_purchase_floors":[11,25,25,27],"current_hp_per_floor":[70,63,67,75,75,44,66,64,64,58,82,60,60,60,60,10,64,55,42,42,31,14,38,38,45,45,45,33,33,59,50,76,54,80,51,51,54,7,35,0,0],"gold":268,"neow_bonus":"UPGRADE_CARD","is_prod":false,"is_daily":false,"chose_seed":false,"campfire_upgraded":2,"win_rate":0,"timestamp":1607546163,"path_taken":["M","?","?","M","?","E","R","M","T","M","$","E","R","?","R","BOSS","M","M","?","M","?","R","?","?","T","$","M","AVR","R","M","R","BOSS","M","?","?","M","?","NM"],"build_version":"2020-11-30","purchased_purges":2,"victory":false,"max_hp_per_floor":[75,75,75,75,75,75,75,75,75,75,82,82,82,82,82,82,82,82,82,82,82,82,82,82,89,89,89,89,89,89,89,89,89,89,89,89,89,89,94,94,94],"card_choices":[{"not_picked":["HollowMod:PerfectDash","HollowMod:MothsMistake"],"picked":"HollowMod:SoulVessel","floor":1},{"not_picked":["HollowMod:GoodIntentions","HollowMod:NewLittleFool","HollowMod:FastStrike"],"picked":"SKIP","floor":3},{"not_picked":["HollowMod:BlackTendrils","HollowMod:NewLittleFool"],"picked":"HollowMod:GrimmsGift","floor":4},{"not_picked":["HollowMod:ShadowDash","HollowMod:DashSlash"],"picked":"HollowMod:MantisMark","floor":6},{"not_picked":["HollowMod:TaintedHusks","HollowMod:GreatSlash","HollowMod:BrokenVessel"],"picked":"SKIP","floor":8},{"not_picked":["HollowMod:MawleksShell","HollowMod:SharpenedNail","HollowMod:CrystalDash"],"picked":"SKIP","floor":10},{"not_picked":["HollowMod:BaldurShell","HollowMod:VengefulVoid"],"picked":"HollowMod:ZotesMagnificence","floor":12},{"not_picked":["HollowMod:LifebloodCore","HollowMod:Hiveblood"],"picked":"HollowMod:ElderbugsWisdom","floor":16},{"not_picked":["HollowMod:InfectionAssault","HollowMod:BrokenVessel","HollowMod:DungDefenderAura"],"picked":"SKIP","floor":18},{"not_picked":["HollowMod:BrokenVessel+1","HollowMod:NewJinnsSoul"],"picked":"HollowMod:PureNailStrike+1","floor":19},{"not_picked":["HollowMod:HeavyBlow+1","HollowMod:InfectedCysts"],"picked":"HollowMod:GoodIntentions","floor":21},{"not_picked":["HollowMod:WraithStrike","HollowMod:ShadowDash"],"picked":"HollowMod:NewLittleFool","floor":22},{"not_picked":["HollowMod:SoulStrike","HollowMod:WraithStrike"],"picked":"HollowMod:HowlingWraiths+1","floor":28},{"not_picked":["HollowMod:DoubleDash"],"picked":"SKIP","floor":31},{"not_picked":[],"picked":"HollowMod:MidwifesHunger","floor":33},{"not_picked":[],"picked":"HollowMod:SoulEater+1","floor":35},{"not_picked":[],"picked":"HollowMod:PerfectDash+1","floor":37},{"not_picked":["HollowMod:GrimmsGift+1"],"picked":"SKIP","floor":38},{"not_picked":[],"picked":"HollowMod:GoodIntentions+1","floor":39}],"player_experience":363246,"relics_obtained":[{"floor":6,"key":"Pondfish Scales"},{"floor":9,"key":"The Courier"},{"floor":12,"key":"ScarletDevilRocket"},{"floor":14,"key":"Omamori"},{"floor":26,"key":"Letter Opener"},{"floor":39,"key":"Durian"}],"event_choices":[{"damage_healed":0,"gold_gain":0,"player_choice":"Damaged","damage_taken":7,"max_hp_gain":0,"max_hp_loss":0,"event_name":"Wheel of Change","floor":2,"gold_loss":0},{"damage_healed":0,"gold_gain":0,"player_choice":"Upgraded","damage_taken":0,"max_hp_gain":0,"max_hp_loss":0,"event_name":"Upgrade Shrine","floor":20,"gold_loss":0,"cards_upgraded":["HollowMod:ElderbugsWisdom"]},{"damage_healed":0,"gold_gain":0,"player_choice":"Bought 0 Potions","damage_taken":0,"max_hp_gain":0,"max_hp_loss":0,"event_name":"The Woman in Blue","floor":24,"gold_loss":0},{"cards_removed":["HollowMod:NailStrikeStart"],"damage_healed":0,"gold_gain":0,"player_choice":"Upgrade and Remove","damage_taken":0,"max_hp_gain":0,"max_hp_loss":0,"event_name":"Designer","floor":36,"gold_loss":90,"cards_upgraded":["HollowMod:GoodIntentions"]},{"damage_healed":0,"gold_gain":0,"player_choice":"Fight","damage_taken":0,"max_hp_gain":0,"max_hp_loss":0,"event_name":"MindBloom","floor":39,"gold_loss":0}],"is_beta":false,"boss_relics":[{"not_picked":["hubris:BlackHole","Runesmith:UraniumAnvil"],"picked":"hubris:TerracottaHorce"},{"not_picked":["SlaversCollar","Runic Dome"],"picked":"Sozu"}],"items_purged_floors":[11,29],"is_endless":false,"potions_floor_spawned":[1,10,12,16,19,21,22,35,38],"killed_by":"Nightmare","ascension_level":0}}