{"host":"ci7ivtocgfxh0ueo","time":1607505268,"event":{"gold_per_floor":[112,27,106,106,106,106,149,8,35,76,91,91,111,136,136,230,230,245,245,245,80,80,80,99,99,99,99,99,119,137,81,81,158,158,173,12,12,12,37,37,56,56,56,0,0,12,29,48,48,48],"floor_reached":51,"playtime":1115,"items_purged":[],"score":1157,"play_id":"c25fa33e-dc1b-477f-9144-601e839f092f","local_time":"20201209171428","is_ascension_mode":true,"campfire_choices":[{"data":"Uppercut","floor":6,"key":"SMITH"},{"data":"Infernal Blade","floor":15,"key":"SMITH"},{"data":"Seeing Red","floor":23,"key":"SMITH"},{"data":"Armaments","floor":27,"key":"SMITH"},{"data":"Immolate","floor":32,"key":"SMITH"},{"data":"Panacea","floor":40,"key":"SMITH"},{"data":"Offering","floor":42,"key":"SMITH"},{"data":"Madness","floor":49,"key":"SMITH"}],"neow_cost":"NONE","seed_source_timestamp":80212005805000,"circlet_count":0,"master_deck":["AscendersBane","Bash","Iron Wave","Uppercut+1","Infernal Blade+1","Panacea+1","Dropkick+1","Sword Boomerang","Flame Barrier","Seeing Red+1","Bludgeon","Immolate+1","Twin Strike","Burning Pact","Rage","Carnage","Inflame","Juggernaut","Reckless Charge","Sever Soul+1","Disarm","Necronomicurse","Armaments+1","Pummel","Battle Trance+1","Offering+1","CurseOfTheBell","Spot Weakness","Madness","Madness+1","Feed","Seeing Red+1","Rampage+1"],"relics":["Burning Blood","Oddly Smooth Stone","Bloody Idol","Torii","Red Skull","Turnip","Pandora\u0027s Box","Necronomicon","Lantern","Calling Bell","Paper Frog","Anchor","Prayer Wheel","Whetstone","Mango","Eternal Feather","Red Mask"],"potions_floor_usage":[16,24,28,29,33,33,39,41,48,48],"damage_taken":[{"damage":0,"enemies":"Small Slimes","floor":1,"turns":3},{"damage":31,"enemies":"Gremlin Nob","floor":7,"turns":4},{"damage":14,"enemies":"3 Sentries","floor":10,"turns":8},{"damage":8,"enemies":"2 Louse","floor":11,"turns":2},{"damage":1,"enemies":"Jaw Worm","floor":13,"turns":3},{"damage":8,"enemies":"3 Louse","floor":14,"turns":4},{"damage":24,"enemies":"The Guardian","floor":16,"turns":13},{"damage":1,"enemies":"3 Byrds","floor":18,"turns":4},{"damage":0,"enemies":"Chosen","floor":24,"turns":3},{"damage":0,"enemies":"3 Cultists","floor":29,"turns":1},{"damage":0,"enemies":"Centurion and Healer","floor":30,"turns":3},{"damage":29,"enemies":"Automaton","floor":33,"turns":6},{"damage":0,"enemies":"3 Shapes","floor":35,"turns":3},{"damage":6,"enemies":"Mind Bloom Boss Battle","floor":39,"turns":3},{"damage":0,"enemies":"Orb Walker","floor":41,"turns":1},{"damage":0,"enemies":"4 Shapes","floor":46,"turns":1},{"damage":0,"enemies":"Sphere and 2 Shapes","floor":47,"turns":2},{"damage":38,"enemies":"Maw","floor":48,"turns":7},{"damage":77,"enemies":"Donu and Deca","floor":50,"turns":6}],"seed_played":"-1476091151501693981","potions_obtained":[{"floor":13,"key":"Strength Potion"},{"floor":28,"key":"Fruit Juice"},{"floor":28,"key":"GamblersBrew"},{"floor":29,"key":"Weak Potion"},{"floor":35,"key":"GamblersBrew"},{"floor":39,"key":"AttackPotion"},{"floor":47,"key":"BlessingOfTheForge"}],"is_trial":false,"path_per_floor":["M","$","?","?","?","R","E","$","T","E","M","?","M","M","R","B",null,"M","?","?","$","?","R","M","?","T","R","?","M","M","$","R","B",null,"M","$","$","?","?","R","M","R","T","$","?","M","M","M","R","B",null],"character_chosen":"IRONCLAD","items_purchased":["Uppercut","Infernal Blade","Panacea","Armaments","Block Potion","Dexterity Potion","SteroidPotion","Whetstone","Swift Potion"],"campfire_rested":0,"item_purchase_floors":[2,8,8,21,21,21,31,36,44],"current_hp_per_floor":[74,74,74,74,74,74,49,49,49,41,39,64,69,67,67,49,69,74,53,53,53,53,53,64,75,75,75,80,80,80,80,80,62,76,80,80,80,66,85,85,94,94,94,94,94,94,94,67,85,14],"gold":48,"neow_bonus":"RANDOM_COMMON_RELIC","is_prod":false,"is_daily":false,"chose_seed":false,"campfire_upgraded":8,"win_rate":0,"timestamp":1607505268,"path_taken":["M","$","?","?","?","R","E","?","T","E","M","?","?","M","R","BOSS","M","?","?","$","?","R","M","?","T","R","?","M","?","$","R","BOSS","M","?","$","?","?","R","M","R","T","?","?","M","M","M","R","BOSS"],"build_version":"2020-11-30","purchased_purges":0,"victory":true,"max_hp_per_floor":[75,75,75,75,75,75,75,75,75,75,75,75,75,75,75,75,75,75,75,75,75,75,75,75,75,75,75,80,80,80,80,80,80,80,80,80,80,80,94,94,94,94,94,94,94,94,94,94,94,94],"card_choices":[{"not_picked":["Wild Strike","Rage"],"picked":"Iron Wave","floor":1},{"not_picked":["Warcry","Pommel Strike","Body Slam"],"picked":"SKIP","floor":7},{"not_picked":["Anger","Intimidate"],"picked":"Dropkick","floor":10},{"not_picked":["Perfected Strike","Twin Strike"],"picked":"Sword Boomerang","floor":11},{"not_picked":["Warcry","Pommel Strike"],"picked":"Flame Barrier","floor":13},{"not_picked":["Reckless Charge","Thunderclap"],"picked":"Seeing Red","floor":14},{"not_picked":["Limit Break","Immolate"],"picked":"Bludgeon","floor":16},{"not_picked":["Entrench","Heavy Blade+1"],"picked":"Disarm","floor":18},{"not_picked":["Perfected Strike","Iron Wave"],"picked":"Pummel","floor":24},{"not_picked":["Cleave","Perfected Strike+1"],"picked":"Battle Trance+1","floor":29},{"not_picked":["Perfected Strike","Combust","Second Wind"],"picked":"SKIP","floor":30},{"not_picked":["Exhume","Demon Form"],"picked":"Offering","floor":33},{"not_picked":["Clothesline","Blood for Blood+1"],"picked":"Spot Weakness","floor":35},{"not_picked":["Pummel+1","Warcry","Iron Wave"],"picked":"SKIP","floor":35},{"not_picked":["Sword Boomerang+1","Disarm"],"picked":"Feed","floor":39},{"not_picked":["Iron Wave","Thunderclap"],"picked":"Seeing Red+1","floor":41},{"not_picked":["Havoc","Warcry","Intimidate"],"picked":"SKIP","floor":41},{"not_picked":["Rage+1","Perfected Strike","Cleave"],"picked":"SKIP","floor":46},{"not_picked":["Reckless Charge","Battle Trance","True Grit"],"picked":"SKIP","floor":46},{"not_picked":["Intimidate","Shrug It Off","Wild Strike"],"picked":"SKIP","floor":47},{"not_picked":["Burning Pact+1","Ghostly Armor","Perfected Strike"],"picked":"SKIP","floor":47},{"not_picked":["Twin Strike","Rupture+1"],"picked":"Rampage+1","floor":48},{"not_picked":["Limit Break","Armaments","Anger"],"picked":"SKIP","floor":48}],"player_experience":1235634,"relics_obtained":[{"floor":7,"key":"Torii"},{"floor":9,"key":"Red Skull"},{"floor":10,"key":"Turnip"},{"floor":19,"key":"Necronomicon"},{"floor":26,"key":"Lantern"},{"floor":34,"key":"Paper Frog"},{"floor":34,"key":"Anchor"},{"floor":34,"key":"Prayer Wheel"},{"floor":39,"key":"Mango"},{"floor":43,"key":"Eternal Feather"}],"event_choices":[{"damage_healed":0,"gold_gain":79,"player_choice":"Gained Gold","damage_taken":0,"max_hp_gain":0,"max_hp_loss":0,"event_name":"Golden Wing","floor":3,"gold_loss":0},{"damage_healed":0,"gold_gain":0,"player_choice":"Take Wound","damage_taken":0,"relics_obtained":["Golden Idol"],"max_hp_gain":0,"max_hp_loss":0,"event_name":"Golden Idol","floor":4,"gold_loss":0,"cards_obtained":["Injury"]},{"cards_removed":["Injury"],"damage_healed":0,"gold_gain":0,"player_choice":"Forget","damage_taken":0,"max_hp_gain":0,"max_hp_loss":0,"event_name":"Living Wall","floor":5,"gold_loss":0},{"damage_healed":25,"gold_gain":0,"player_choice":"Banana","damage_taken":0,"max_hp_gain":0,"max_hp_loss":0,"event_name":"Big Fish","floor":12,"gold_loss":0},{"damage_healed":0,"gold_gain":0,"player_choice":"Obtained Book","damage_taken":21,"max_hp_gain":0,"max_hp_loss":0,"event_name":"Cursed Tome","floor":19,"gold_loss":0},{"damage_healed":0,"gold_gain":0,"player_choice":"Ignored","damage_taken":0,"max_hp_gain":0,"max_hp_loss":0,"event_name":"Beggar","floor":20,"gold_loss":0},{"damage_healed":0,"gold_gain":0,"player_choice":"Gave Idol","damage_taken":0,"relics_obtained":["Bloody Idol"],"max_hp_gain":0,"max_hp_loss":0,"event_name":"Forgotten Altar","floor":22,"relics_lost":["Golden Idol"],"gold_loss":0},{"damage_healed":15,"gold_gain":0,"player_choice":"Heal","damage_taken":0,"max_hp_gain":0,"max_hp_loss":0,"event_name":"The Library","floor":25,"gold_loss":0},{"damage_healed":0,"gold_gain":0,"player_choice":"Got Potions","damage_taken":0,"max_hp_gain":0,"max_hp_loss":0,"event_name":"Lab","floor":28,"gold_loss":0},{"damage_healed":0,"gold_gain":0,"player_choice":"Embrace Madness","damage_taken":14,"max_hp_gain":0,"max_hp_loss":0,"event_name":"Winding Halls","floor":38,"gold_loss":0,"cards_obtained":["Madness","Madness"]},{"damage_healed":0,"gold_gain":0,"player_choice":"Fight","damage_taken":0,"max_hp_gain":0,"max_hp_loss":0,"event_name":"MindBloom","floor":39,"gold_loss":0},{"damage_healed":0,"gold_gain":0,"player_choice":"Paid","damage_taken":0,"relics_obtained":["Red Mask"],"max_hp_gain":0,"max_hp_loss":0,"event_name":"Tomb of Lord Red Mask","floor":45,"gold_loss":0}],"is_beta":false,"boss_relics":[{"not_picked":["SlaversCollar","Tiny House"],"picked":"Pandora\u0027s Box"},{"not_picked":["Cursed Key","Mark of Pain"],"picked":"Calling Bell"}],"items_purged_floors":[],"is_endless":false,"potions_floor_spawned":[13,29,35,39,47],"ascension_level":16}}