{"host":"bos5votkudm6su2k","time":1607516701,"event":{"gold_per_floor":[115,190,190,34,34,66,66,95,185,229,256,284,312,342,354,461,473,504,536,548,177,191,191,223,223,296,296,296,395,413,438,438,535,535,554,570,530,544,352,352,385,403,430,430,462,462,462,491,491,491],"floor_reached":51,"playtime":1319,"items_purged":["Scrape"],"score":1232,"play_id":"aba17872-7423-4257-8ef4-09ebbf4d6b41","local_time":"20201209202501","is_ascension_mode":true,"campfire_choices":[{"data":"Dualcast","floor":7,"key":"SMITH"},{"data":"Lockon","floor":15,"key":"SMITH"},{"data":"Static Discharge","floor":23,"key":"SMITH"},{"data":"Electrodynamics","floor":25,"key":"SMITH"},{"data":"Lockon","floor":28,"key":"SMITH"},{"floor":32,"key":"REST"},{"data":"Thunder Strike","floor":40,"key":"SMITH"},{"data":"Electrodynamics","floor":44,"key":"SMITH"},{"floor":49,"key":"REST"}],"neow_cost":"NONE","seed_source_timestamp":4767399177559,"circlet_count":0,"master_deck":["Dualcast+1","Ball Lightning","Glacier","Lockon+1","Conserve Battery","Beam Cell","Ball Lightning","Thunder Strike+1","Streamline","Beam Cell","Turbo","Conserve Battery","All For One","Amplify","Reinforced Body","Electrodynamics+1","Electrodynamics+1","Lockon+1","Auto Shields","Ball Lightning","Reinforced Body","J.A.X.+1","Static Discharge+1","Capacitor+1","Streamline","Capacitor+1","Thunder Strike+1","CurseOfTheBell","Fusion+1","Capacitor","Machine Learning","Capacitor+1","Streamline+1","Tempest+1"],"special_seed":0,"relics":["Cracked Core","NeowsBlessing","HornCleat","Mango","MawBank","Mummified Hand","Mercury Hourglass","Pandora\u0027s Box","Membership Card","Lizard Tail","StrikeDummy","Letter Opener","Tiny Chest","Calling Bell","Lantern","Sundial","Du-Vu Doll","Lee\u0027s Waffle","DataDisk","Blood Vial","Dream Catcher","Ancient Tea Set","FossilizedHelix","Ginger"],"potions_floor_usage":[33,50,50,50,50,50,50],"damage_taken":[{"damage":0,"enemies":"Jaw Worm","floor":1,"turns":1},{"damage":0,"enemies":"Lagavulin","floor":6,"turns":2},{"damage":0,"enemies":"3 Sentries","floor":8,"turns":1},{"damage":4,"enemies":"Gremlin Nob","floor":10,"turns":3},{"damage":0,"enemies":"2 Louse","floor":11,"turns":2},{"damage":0,"enemies":"Cultist","floor":12,"turns":2},{"damage":0,"enemies":"3 Louse","floor":13,"turns":2},{"damage":9,"enemies":"2 Fungi Beasts","floor":14,"turns":2},{"damage":19,"enemies":"Slime Boss","floor":16,"turns":8},{"damage":0,"enemies":"Spheric Guardian","floor":18,"turns":3},{"damage":12,"enemies":"3 Byrds","floor":19,"turns":2},{"damage":11,"enemies":"Snake Plant","floor":22,"turns":4},{"damage":20,"enemies":"Slavers","floor":24,"turns":3},{"damage":6,"enemies":"3 Cultists","floor":30,"turns":4},{"damage":25,"enemies":"Gremlin Leader","floor":31,"turns":6},{"damage":24,"enemies":"Collector","floor":33,"turns":7},{"damage":6,"enemies":"3 Shapes","floor":35,"turns":3},{"damage":25,"enemies":"3 Darklings","floor":36,"turns":4},{"damage":43,"enemies":"Transient","floor":38,"turns":5},{"damage":32,"enemies":"Giant Head","floor":41,"turns":6},{"damage":0,"enemies":"4 Shapes","floor":42,"turns":1},{"damage":5,"enemies":"Reptomancer","floor":45,"turns":3},{"damage":64,"enemies":"Giant Head","floor":48,"turns":7},{"damage":36,"enemies":"Donu and Deca","floor":50,"turns":5}],"seed_played":"6032668107758473518","potions_obtained":[{"floor":6,"key":"FairyPotion"},{"floor":10,"key":"Ancient Potion"},{"floor":11,"key":"SteroidPotion"},{"floor":33,"key":"BlessingOfTheForge"},{"floor":38,"key":"EntropicBrew"},{"floor":42,"key":"Dexterity Potion"}],"is_trial":false,"path_per_floor":["M","?","?","$","T","E","R","E","T","E","M","M","M","M","R","B",null,"M","M","?","$","M","R","E","R","T","?","R","?","M","E","R","B",null,"M","M","?","M","$","R","E","M","T","R","E","?","T","E","R","B",null],"character_chosen":"DEFECT","items_purchased":["Glacier","Lockon","Conserve Battery","Membership Card","Lizard Tail","Static Discharge","Lee\u0027s Waffle","DataDisk","Machine Learning"],"campfire_rested":2,"item_purchase_floors":[4,4,4,21,21,21,39,39,39],"current_hp_per_floor":[68,57,50,50,50,64,64,64,64,60,60,60,60,51,51,32,75,75,63,63,63,52,52,32,32,32,32,32,32,26,1,27,3,68,62,37,37,26,96,96,64,66,66,66,63,63,63,1,29,48],"gold":491,"neow_bonus":"THREE_ENEMY_KILL","is_prod":false,"is_daily":false,"chose_seed":false,"campfire_upgraded":7,"win_rate":0,"timestamp":1607516701,"path_taken":["M","?","?","$","?","E","R","E","T","E","M","?","M","M","R","BOSS","M","M","?","$","M","R","E","R","T","?","R","?","M","E","R","BOSS","M","M","?","?","$","R","E","M","T","R","E","?","?","E","R","BOSS"],"build_version":"2020-11-30","purchased_purges":1,"victory":true,"max_hp_per_floor":[75,75,75,75,75,89,89,89,89,89,89,89,89,89,89,89,89,89,89,89,89,89,89,89,89,89,89,89,89,89,89,89,89,89,89,89,89,89,96,96,96,96,96,96,96,96,96,96,96,96],"card_choices":[{"not_picked":["Conserve Battery","Rebound"],"picked":"Ball Lightning","floor":1},{"not_picked":["Coolheaded","Doom and Gloom"],"picked":"Beam Cell","floor":6},{"not_picked":["Gash","White Noise"],"picked":"Ball Lightning","floor":8},{"not_picked":["Rebound","Capacitor"],"picked":"Thunder Strike","floor":10},{"not_picked":["Compile Driver","Self Repair"],"picked":"Streamline","floor":11},{"not_picked":["Aggregate","Redo"],"picked":"Beam Cell","floor":12},{"not_picked":["Hologram","Barrage"],"picked":"Turbo","floor":13},{"not_picked":["Rip and Tear","Steam Power"],"picked":"Conserve Battery","floor":14},{"not_picked":["Buffer","Hyperbeam"],"picked":"All For One","floor":16},{"not_picked":["Barrage","Beam Cell+1"],"picked":"Ball Lightning","floor":18},{"not_picked":["Steam Power","Sweeping Beam"],"picked":"Reinforced Body","floor":19},{"not_picked":["Stack+1","Leap","Auto Shields+1"],"picked":"SKIP","floor":22},{"not_picked":["Amplify","Genetic Algorithm+1"],"picked":"Capacitor+1","floor":24},{"not_picked":["Hello World+1","Compile Driver"],"picked":"Streamline","floor":30},{"not_picked":["Blizzard","Reboot"],"picked":"Capacitor+1","floor":31},{"not_picked":["Fission","Buffer"],"picked":"Thunder Strike","floor":33},{"not_picked":["Beam Cell","Turbo+1"],"picked":"Fusion+1","floor":35},{"not_picked":["Tempest","Sweeping Beam+1","Fusion"],"picked":"SKIP","floor":36},{"not_picked":["Reprogram","Aggregate"],"picked":"Capacitor","floor":38},{"not_picked":["White Noise+1","Barrage"],"picked":"Capacitor+1","floor":41},{"not_picked":["Beam Cell+1","Blizzard"],"picked":"Streamline+1","floor":42},{"not_picked":["Recycle+1","Darkness+1","Steam Power+1"],"picked":"SKIP","floor":45},{"not_picked":["Aggregate","Darkness","Leap"],"picked":"SKIP","floor":48},{"not_picked":["Hologram+1","Go for the Eyes+1"],"picked":"Tempest+1","floor":49}],"player_experience":430302,"relics_obtained":[{"floor":5,"key":"HornCleat"},{"floor":6,"key":"Mango"},{"floor":8,"key":"MawBank"},{"floor":9,"key":"Mummified Hand"},{"floor":10,"key":"Mercury Hourglass"},{"floor":24,"key":"StrikeDummy"},{"floor":26,"key":"Letter Opener"},{"floor":31,"key":"Tiny Chest"},{"floor":34,"key":"Lantern"},{"floor":34,"key":"Sundial"},{"floor":34,"key":"Du-Vu Doll"},{"floor":41,"key":"Blood Vial"},{"floor":43,"key":"Dream Catcher"},{"floor":45,"key":"Ancient Tea Set"},{"floor":47,"key":"FossilizedHelix"},{"floor":48,"key":"Ginger"}],"event_choices":[{"damage_healed":0,"gold_gain":75,"player_choice":"Gather Gold","damage_taken":11,"max_hp_gain":0,"max_hp_loss":0,"event_name":"World of Goop","floor":2,"gold_loss":0},{"cards_removed":["Strike_B"],"damage_healed":0,"gold_gain":0,"player_choice":"Card Removal","damage_taken":7,"max_hp_gain":0,"max_hp_loss":0,"event_name":"Golden Wing","floor":3,"gold_loss":0},{"damage_healed":0,"gold_gain":0,"player_choice":"Obtain J.A.X.","damage_taken":0,"max_hp_gain":0,"max_hp_loss":0,"event_name":"Drug Dealer","floor":20,"gold_loss":0,"cards_obtained":["J.A.X."]},{"cards_removed":["Zap"],"damage_healed":0,"gold_gain":0,"player_choice":"Elegance","damage_taken":0,"max_hp_gain":0,"max_hp_loss":0,"event_name":"Back to Basics","floor":27,"gold_loss":0},{"damage_healed":0,"gold_gain":99,"player_choice":"Stole From Cult","damage_taken":0,"max_hp_gain":0,"max_hp_loss":0,"event_name":"Nest","floor":29,"gold_loss":0},{"damage_healed":0,"gold_gain":0,"player_choice":"Upgrade","damage_taken":0,"max_hp_gain":0,"max_hp_loss":0,"event_name":"Designer","floor":37,"gold_loss":40,"cards_upgraded":["Thunder Strike"]},{"damage_healed":0,"gold_gain":0,"player_choice":"Upgraded","damage_taken":0,"max_hp_gain":0,"max_hp_loss":0,"event_name":"Upgrade Shrine","floor":46,"gold_loss":0,"cards_upgraded":["J.A.X."]}],"is_beta":false,"boss_relics":[{"not_picked":["Snecko Eye","FrozenCore"],"picked":"Pandora\u0027s Box"},{"not_picked":["Black Star","Empty Cage"],"picked":"Calling Bell"}],"items_purged_floors":[21],"is_endless":false,"potions_floor_spawned":[6,10,11,12,22,33,38,41,42,48],"ascension_level":8}}