{"host":"6ko66ogg91i6g7xq","time":1607481926,"event":{"gold_per_floor":[111,121,121,24,99,126,126,146,171,182,200,225,239,239,239,336,336,354,366,426,60,128,160,160,160,160],"floor_reached":25,"playtime":842,"items_purged":["Regret"],"score":273,"play_id":"6b8b1200-1b19-4f07-a73b-1dd3cf5b1132","local_time":"20201208214526","is_ascension_mode":true,"campfire_choices":[{"floor":7,"key":"RECALL"},{"floor":15,"key":"REST"},{"floor":24,"key":"REST"}],"neow_cost":"NONE","seed_source_timestamp":110709728451000,"circlet_count":0,"master_deck":["Strike_G","Strike_G","Strike_G","Strike_G","Strike_G","Defend_G","Defend_G","Defend_G","Defend_G","Defend_G","Survivor","Neutralize","Caltrops","Deadly Poison","A Thousand Cuts","Caltrops","Terror","Bane","Leg Sweep","Corpse Explosion","CurseOfTheBell","Catalyst","Deadly Poison","Backflip+1","Noxious Fumes","Dagger Spray+1","Venomology"],"relics":["Ring of the Snake","NeowsBlessing","Snake Skull","Sundial","Oddly Smooth Stone","Shuriken","SsserpentHead","Calling Bell","Strawberry","Molten Egg 2","FossilizedHelix","Thread and Needle","HornCleat"],"potions_floor_usage":[12,18,19,20,22,25,25],"damage_taken":[{"damage":0,"enemies":"Jaw Worm","floor":1,"turns":1},{"damage":0,"enemies":"2 Louse","floor":2,"turns":1},{"damage":0,"enemies":"3 Sentries","floor":6,"turns":2},{"damage":0,"enemies":"Cultist","floor":8,"turns":4},{"damage":15,"enemies":"Gremlin Gang","floor":10,"turns":5},{"damage":6,"enemies":"Red Slaver","floor":11,"turns":4},{"damage":10,"enemies":"Lagavulin","floor":12,"turns":6},{"damage":4,"enemies":"Blue Slaver","floor":13,"turns":4},{"damage":26,"enemies":"The Guardian","floor":16,"turns":9},{"damage":12,"enemies":"2 Thieves","floor":18,"turns":3},{"damage":10,"enemies":"Shell Parasite","floor":19,"turns":7},{"damage":8,"enemies":"Centurion and Healer","floor":20,"turns":4},{"damage":14,"enemies":"Shelled Parasite and Fungi","floor":22,"turns":5},{"damage":25,"enemies":"Book of Stabbing","floor":23,"turns":5},{"damage":40,"enemies":"Gremlin Leader","floor":25,"turns":7}],"seed_played":"-3088647672562011372","potions_obtained":[{"floor":1,"key":"Weak Potion"},{"floor":8,"key":"Dexterity Potion"},{"floor":11,"key":"ColorlessPotion"},{"floor":13,"key":"PowerPotion"},{"floor":18,"key":"SpeedPotion"},{"floor":19,"key":"sneckomod:MuddlingPotion"}],"is_trial":false,"path_per_floor":["M","M","?","$","?","E","R","M","T","M","M","E","M","?","R","B",null,"M","M","M","$","M","E","R","E"],"character_chosen":"THE_SILENT","items_purchased":["Deadly Poison","Noxious Fumes","Thread and Needle"],"campfire_rested":2,"item_purchase_floors":[4,21,21],"current_hp_per_floor":[70,70,70,70,59,59,59,59,59,44,38,28,24,24,45,19,77,65,55,47,47,33,8,31,0,0],"gold":160,"neow_bonus":"THREE_ENEMY_KILL","is_prod":false,"is_daily":false,"chose_seed":false,"campfire_upgraded":0,"win_rate":0,"timestamp":1607481926,"path_taken":["M","M","?","$","?","E","R","M","T","M","M","E","M","?","R","BOSS","M","M","?","$","?","E","R","E"],"build_version":"2020-11-30","purchased_purges":1,"victory":false,"max_hp_per_floor":[70,70,70,70,70,70,70,70,70,70,70,70,70,70,70,70,77,77,77,77,77,77,77,77,77,77],"relic_stats":{"SsserpentHead":100,"counters":[15,67],"Sundial":[8],"Shuriken":[3],"Snake Skull":[37],"obtain_stats":[{"NeowsBlessing":0,"Oddly Smooth Stone":9,"Thread and Needle":21,"Snake Skull":3,"Calling Bell":17,"SsserpentHead":14,"HornCleat":23,"Sundial":6,"Shuriken":12,"Strawberry":17,"Molten Egg 2":17,"FossilizedHelix":17,"Ring of the Snake":0},{"NeowsBlessing":0,"Oddly Smooth Stone":4,"Thread and Needle":12,"Snake Skull":2,"Calling Bell":9,"SsserpentHead":8,"HornCleat":14,"Sundial":3,"Shuriken":7,"Strawberry":9,"Molten Egg 2":9,"FossilizedHelix":9,"Ring of the Snake":0},{"NeowsBlessing":0,"Oddly Smooth Stone":8,"Thread and Needle":50,"Snake Skull":2,"Calling Bell":36,"SsserpentHead":27,"HornCleat":60,"Sundial":4,"Shuriken":23,"Strawberry":36,"Molten Egg 2":36,"FossilizedHelix":36,"Ring of the Snake":0}],"Ring of the Snake":[30]},"card_choices":[{"not_picked":["Underhanded Strike","PiercingWail","Eviscerate"],"picked":"SKIP","floor":1},{"not_picked":["PiercingWail","Poisoned Stab"],"picked":"Caltrops","floor":2},{"not_picked":["Skewer","Calculated Gamble"],"picked":"A Thousand Cuts","floor":6},{"not_picked":["Dagger Spray","Well Laid Plans","Skewer"],"picked":"SKIP","floor":8},{"not_picked":["All Out Attack","Backflip"],"picked":"Caltrops","floor":10},{"not_picked":["Distraction","Slice"],"picked":"Terror","floor":11},{"not_picked":["Prepared","Deflect"],"picked":"Bane","floor":12},{"not_picked":["Flying Knee","Distraction"],"picked":"Leg Sweep","floor":13},{"not_picked":["Adrenaline","Glass Knife"],"picked":"Corpse Explosion","floor":16},{"not_picked":["Choke+1","Underhanded Strike+1"],"picked":"Catalyst","floor":18},{"not_picked":["Endless Agony+1","Distraction"],"picked":"Deadly Poison","floor":19},{"not_picked":["Acrobatics+1","Riddle With Holes+1"],"picked":"Backflip+1","floor":20},{"not_picked":["Acrobatics","Bane+1"],"picked":"Dagger Spray+1","floor":22},{"not_picked":["Calculated Gamble+1","Dagger Throw+1"],"picked":"Venomology","floor":23}],"player_experience":241981,"relics_obtained":[{"floor":6,"key":"Sundial"},{"floor":9,"key":"Oddly Smooth Stone"},{"floor":12,"key":"Shuriken"},{"floor":17,"key":"Strawberry"},{"floor":17,"key":"Molten Egg 2"},{"floor":17,"key":"FossilizedHelix"},{"floor":23,"key":"HornCleat"}],"event_choices":[{"damage_healed":0,"gold_gain":0,"player_choice":"Box","damage_taken":0,"relics_obtained":["Snake Skull"],"max_hp_gain":0,"max_hp_loss":0,"event_name":"Big Fish","floor":3,"gold_loss":0,"cards_obtained":["Regret"]},{"damage_healed":0,"gold_gain":75,"player_choice":"Gather Gold","damage_taken":11,"max_hp_gain":0,"max_hp_loss":0,"event_name":"World of Goop","floor":5,"gold_loss":0},{"damage_healed":0,"gold_gain":0,"player_choice":"Trade","damage_taken":0,"relics_obtained":["SsserpentHead"],"max_hp_gain":0,"max_hp_loss":0,"event_name":"FaceTrader","floor":14,"gold_loss":0}],"is_beta":false,"boss_relics":[{"not_picked":["Philosopher\u0027s Stone","Fusion Hammer"],"picked":"Calling Bell"}],"items_purged_floors":[4],"is_endless":false,"potions_floor_spawned":[1,8,11,13,16,18,19],"killed_by":"Gremlin Leader","ascension_level":1}}