{"host":"cjhtzh7tp54jdfyv","time":1607527570,"event":{"gold_per_floor":[114,129,149,149,166,192,206,233,278,307,56,71,97,112,112,185,185,202,45,56,56,71,71,406,406,406,449,126,137,156,184,184,184,184],"floor_reached":33,"playtime":2050,"items_purged":["Strike_G"],"score":828,"play_id":"d1e2a567-c66f-43d1-8c1a-9313b34d6474","local_time":"20201209102610","is_ascension_mode":true,"campfire_choices":[{"data":"Predator","floor":15,"key":"SMITH"},{"data":"Bouncing Flask","floor":23,"key":"SMITH"},{"data":"Well Laid Plans","floor":25,"key":"SMITH"},{"data":"Panacea","floor":32,"key":"SMITH"}],"neow_cost":"NONE","seed_source_timestamp":676498448994400,"circlet_count":0,"master_deck":["AscendersBane","Strike_G","Strike_G","Strike_G","Strike_G","Defend_G","Defend_G","Defend_G","Defend_G","Defend_G","Survivor","Neutralize","Deadly Poison+1","Acrobatics","Footwork","Predator","Predator+1","All Out Attack","Bouncing Flask+1","Well Laid Plans+1","Dash","Burst+1","PiercingWail+1","Adrenaline","Panacea+1","Corpse Explosion"],"special_seed":0,"relics":["Velvet Choker","FossilizedHelix","Bottled Flame","Blood Vial","StrikeDummy","TwistedFunnel","Snake Skull","SlaversCollar","Sling","Old Coin","MawBank","White Beast Statue","Strange Spoon","Bottled Lightning"],"potions_floor_usage":[6,6,13,22,24,29,31],"damage_taken":[{"damage":0.0,"enemies":"Cultist","floor":1.0,"turns":5.0},{"damage":12.0,"enemies":"Jaw Worm","floor":2.0,"turns":4.0},{"damage":3.0,"enemies":"Small Slimes","floor":3.0,"turns":3.0},{"damage":5.0,"enemies":"Exordium Wildlife","floor":5.0,"turns":5.0},{"damage":4,"enemies":"3 Sentries","floor":6,"turns":8},{"damage":0,"enemies":"Blue Slaver","floor":7,"turns":2},{"damage":13,"enemies":"Lagavulin","floor":8,"turns":6},{"damage":6,"enemies":"3 Sentries","floor":10,"turns":9},{"damage":0,"enemies":"3 Louse","floor":12,"turns":2},{"damage":0,"enemies":"Gremlin Nob","floor":13,"turns":2},{"damage":0,"enemies":"Lots of Slimes","floor":14,"turns":3},{"damage":0,"enemies":"Hexaghost","floor":16,"turns":7},{"damage":3,"enemies":"Shell Parasite","floor":18,"turns":3},{"damage":0,"enemies":"Chosen","floor":20,"turns":3},{"damage":11,"enemies":"Centurion and Healer","floor":22,"turns":6},{"damage":4,"enemies":"Slavers","floor":24,"turns":4},{"damage":22,"enemies":"Gremlin Leader","floor":27,"turns":5},{"damage":2,"enemies":"Snecko","floor":29,"turns":4},{"damage":0,"enemies":"3 Cultists","floor":30,"turns":4},{"damage":7,"enemies":"Slavers","floor":31,"turns":3},{"damage":21,"enemies":"Collector","floor":33,"turns":6}],"seed_played":"-7312900647644331431","potions_obtained":[{"floor":1.0,"key":"Dexterity Potion"},{"floor":5.0,"key":"LiquidMemories"},{"floor":7,"key":"Fire Potion"},{"floor":8,"key":"Block Potion"},{"floor":13,"key":"Block Potion"},{"floor":22,"key":"Explosive Potion"},{"floor":24,"key":"Fruit Juice"},{"floor":29,"key":"AttackPotion"},{"floor":30,"key":"CultistPotion"},{"floor":31,"key":"BlessingOfTheForge"}],"is_trial":false,"path_per_floor":["M","M","M","?","M","E","M","E","T","E","$","M","E","M","R","B",null,"M","$","M","?","M","R","E","R","T","E","$","M","M","E","R","B"],"character_chosen":"THE_SILENT","items_purchased":["TwistedFunnel","Well Laid Plans","Sling","Strange Spoon","Panacea"],"campfire_rested":0,"item_purchase_floors":[11,11,19,28,28],"current_hp_per_floor":[59,47,44,44,39,35,35,22,22,18,18,20,22,24,24,26,56,55,55,57,57,48,48,46,46,46,26,26,31,33,28,28,9,9],"gold":184,"neow_bonus":"BOSS_RELIC","is_prod":false,"is_daily":false,"chose_seed":false,"campfire_upgraded":4,"win_rate":0,"timestamp":1607527570,"path_taken":["M","M","M","?","M","E","M","E","T","E","$","M","E","M","R","BOSS","M","$","M","?","M","R","E","R","T","E","?","M","M","E","R","BOSS"],"build_version":"2020-11-30","purchased_purges":1,"victory":false,"max_hp_per_floor":[66,66,66,66,66,66,66,66,66,66,66,66,66,66,66,66,66,66,66,66,66,66,66,66,66,66,66,66,71,71,71,71,71,71],"card_choices":[{"not_picked":["Quick Slash","Outmaneuver"],"picked":"Deadly Poison","floor":1.0},{"not_picked":["Sucker Punch","PiercingWail"],"picked":"Acrobatics","floor":2.0},{"not_picked":["Poisoned Stab","Tactician"],"picked":"Footwork","floor":3.0},{"not_picked":["Blur","Masterful Stab"],"picked":"Predator","floor":5.0},{"not_picked":["Calculated Gamble","Sucker Punch"],"picked":"Predator","floor":6},{"not_picked":["Heel Hook","Expertise"],"picked":"All Out Attack","floor":7},{"not_picked":["Underhanded Strike","Bullet Time","Reflex"],"picked":"SKIP","floor":8},{"not_picked":["Deadly Poison","Deflect"],"picked":"Bouncing Flask","floor":10},{"not_picked":["Quick Slash","Backflip","Escape Plan"],"picked":"SKIP","floor":12},{"not_picked":["Dagger Spray","Backflip"],"picked":"Dash","floor":13},{"not_picked":["Acrobatics","Deadly Poison","Blur"],"picked":"SKIP","floor":14},{"not_picked":["Grand Finale","Envenom"],"picked":"Burst","floor":16},{"not_picked":["Dodge and Roll","Bane","Finisher"],"picked":"SKIP","floor":18},{"not_picked":["Flying Knee","Prepared","Deadly Poison"],"picked":"SKIP","floor":20},{"not_picked":["Predator","Prepared","Poisoned Stab"],"picked":"SKIP","floor":22},{"not_picked":["Expertise","Poisoned Stab"],"picked":"PiercingWail+1","floor":24},{"not_picked":["Deflect","Infinite Blades+1"],"picked":"Adrenaline","floor":27},{"not_picked":["Slice","Prepared","Blade Dance+1"],"picked":"SKIP","floor":29},{"not_picked":["Bane","Cloak And Dagger","All Out Attack"],"picked":"SKIP","floor":30},{"not_picked":["Burst","Escape Plan+1"],"picked":"Corpse Explosion","floor":31}],"player_experience":4062332,"relics_obtained":[{"floor":6,"key":"FossilizedHelix"},{"floor":8,"key":"Bottled Flame"},{"floor":9,"key":"Blood Vial"},{"floor":10,"key":"StrikeDummy"},{"floor":13,"key":"Snake Skull"},{"floor":24,"key":"Old Coin"},{"floor":26,"key":"MawBank"},{"floor":27,"key":"White Beast Statue"},{"floor":31,"key":"Bottled Lightning"}],"event_choices":[{"damage_healed":0.0,"max_hp_gain":0.0,"max_hp_loss":0.0,"gold_gain":0.0,"event_name":"Living Wall","player_choice":"Grow","floor":4.0,"gold_loss":0.0,"damage_taken":0.0,"cards_upgraded":["Deadly Poison"]},{"damage_healed":0,"gold_gain":0,"player_choice":"Upgraded","damage_taken":0,"max_hp_gain":0,"max_hp_loss":0,"event_name":"Upgrade Shrine","floor":21,"gold_loss":0,"cards_upgraded":["Burst"]}],"is_beta":false,"boss_relics":[{"not_picked":["HoveringKite","Runic Pyramid"],"picked":"SlaversCollar"}],"items_purged_floors":[28],"is_endless":false,"potions_floor_spawned":[1,5,7,8,13,22,24,29,30,31],"killed_by":"Collector","ascension_level":20}}