{"host":"f7i0xv5umhttwhc1","time":1607500164,"event":{"gold_per_floor":[20,38,57,76,94,94,128,128,128,144,171,171,171,121,121,226,276,292,0,17,107,118,118,147,147,171,121,137,151,151,168,168,168,168],"floor_reached":33,"playtime":4735,"items_purged":["Defend_G"],"score":304,"play_id":"5a2f6564-2a9b-4ad1-8463-df2705ad0791","local_time":"20201209184924","is_ascension_mode":false,"campfire_choices":[{"data":"Prepared","floor":6.0,"key":"SMITH"},{"data":"Prepared","floor":8.0,"key":"SMITH"},{"data":"Neutralize","floor":15.0,"key":"SMITH"},{"floor":23,"key":"REST"},{"floor":25,"key":"REST"},{"floor":30,"key":"REST"},{"floor":32,"key":"REST"}],"neow_cost":"NO_GOLD","seed_source_timestamp":207058503992300,"circlet_count":0,"master_deck":["Strike_G","Strike_G","Strike_G","Strike_G","Defend_G","Defend_G","Defend_G","Defend_G","Survivor","Neutralize+1","All Out Attack","Underhanded Strike+1","Prepared+1","Dash","Prepared+1","Flying Knee","Backflip","Prepared","Acrobatics","Dodge and Roll","Blur"],"special_seed":0,"relics":["Ring of the Snake","Tough Bandages","Pocketwatch","Omamori","Smiling Mask","Tiny House","CaptainsWheel","Kunai","Oddly Smooth Stone"],"potions_floor_usage":[24,24,24,33],"damage_taken":[{"damage":0.0,"enemies":"Small Slimes","floor":1.0,"turns":5.0},{"damage":0.0,"enemies":"Jaw Worm","floor":2.0,"turns":3.0},{"damage":0.0,"enemies":"Cultist","floor":3.0,"turns":3.0},{"damage":7.0,"enemies":"Red Slaver","floor":4.0,"turns":4.0},{"damage":0.0,"enemies":"3 Louse","floor":5.0,"turns":2.0},{"damage":0.0,"enemies":"3 Sentries","floor":7.0,"turns":6.0},{"damage":0.0,"enemies":"Large Slime","floor":10.0,"turns":4.0},{"damage":14.0,"enemies":"Gremlin Nob","floor":11.0,"turns":4.0},{"damage":43.0,"enemies":"Slime Boss","floor":16.0,"turns":12.0},{"damage":0,"enemies":"Chosen","floor":18,"turns":5},{"damage":17,"enemies":"2 Thieves","floor":20,"turns":5},{"damage":4,"enemies":"Centurion and Healer","floor":22,"turns":7},{"damage":31,"enemies":"Slavers","floor":24,"turns":6},{"damage":13,"enemies":"Snake Plant","floor":28,"turns":8},{"damage":24,"enemies":"Sentry and Sphere","floor":29,"turns":8},{"damage":3,"enemies":"Cultist and Chosen","floor":31,"turns":9},{"damage":64,"enemies":"Automaton","floor":33,"turns":12}],"seed_played":"-9128850154944053714","potions_obtained":[{"floor":4.0,"key":"Fire Potion"},{"floor":7.0,"key":"EssenceOfSteel"},{"floor":10.0,"key":"Explosive Potion"},{"floor":16.0,"key":"Weak Potion"},{"floor":17,"key":"EssenceOfSteel"},{"floor":22,"key":"Fire Potion"},{"floor":31,"key":"DistilledChaos"}],"is_trial":false,"path_per_floor":["M","M","M","M","M","R","E","R","T","M","E","?","?","?","R","B",null,"M","$","M","?","M","R","E","R","T","$","M","M","R","M","R","B"],"character_chosen":"THE_SILENT","items_purchased":["CaptainsWheel"],"campfire_rested":4,"item_purchase_floors":[19],"current_hp_per_floor":[70,70,70,63,63,63,63,63,63,63,49,47,64,64,64,21,75,75,75,58,46,42,64,33,55,55,55,42,18,40,37,59,0,0],"gold":168,"neow_bonus":"ONE_RARE_RELIC","is_prod":false,"is_daily":false,"chose_seed":false,"campfire_upgraded":3,"win_rate":0.0,"timestamp":1607500164,"path_taken":["M","M","M","M","M","R","E","R","T","M","E","?","?","?","R","BOSS","M","$","M","?","M","R","E","R","T","$","M","?","R","M","R","BOSS"],"build_version":"2020-11-30","purchased_purges":1,"victory":false,"max_hp_per_floor":[70,70,70,70,70,70,70,70,70,70,70,70,70,70,70,70,75,75,75,75,75,75,75,75,75,75,75,75,75,75,75,75,75,75],"relic_stats":{"Tough Bandages":[573],"counters":[17,103],"Kunai":[10],"Smiling Mask":25,"obtain_stats":[{"Tough Bandages":0,"CaptainsWheel":19,"Tiny House":17,"Oddly Smooth Stone":26,"Omamori":9,"Kunai":24,"Smiling Mask":11,"Ring of the Snake":0,"Pocketwatch":7},{"Tough Bandages":0,"CaptainsWheel":10,"Tiny House":9,"Oddly Smooth Stone":13,"Omamori":6,"Kunai":13,"Smiling Mask":8,"Ring of the Snake":0,"Pocketwatch":6},{"Tough Bandages":0,"CaptainsWheel":48,"Tiny House":43,"Oddly Smooth Stone":66,"Omamori":23,"Kunai":66,"Smiling Mask":31,"Ring of the Snake":0,"Pocketwatch":23}],"Ring of the Snake":[34],"Pocketwatch":[57]},"card_choices":[{"not_picked":["Quick Slash","PiercingWail"],"picked":"All Out Attack","floor":1.0},{"not_picked":["Deflect","Predator"],"picked":"Underhanded Strike","floor":2.0},{"not_picked":["Noxious Fumes","Backflip"],"picked":"Prepared","floor":3.0},{"not_picked":["Well Laid Plans","Sucker Punch"],"picked":"Dash","floor":4.0},{"not_picked":["PiercingWail","Blur"],"picked":"Prepared","floor":5.0},{"not_picked":["PiercingWail","Slice","Masterful Stab"],"picked":"SKIP","floor":7.0},{"not_picked":["Quick Slash","Cloak And Dagger"],"picked":"Flying Knee","floor":10.0},{"not_picked":["Dodge and Roll","Expertise","Endless Agony"],"picked":"SKIP","floor":11.0},{"not_picked":["Sucker Punch+1","Deadly Poison"],"picked":"Backflip","floor":18},{"not_picked":["Bane+1","Poisoned Stab"],"picked":"Prepared","floor":20},{"not_picked":["Deadly Poison","Sucker Punch","Well Laid Plans"],"picked":"SKIP","floor":22},{"not_picked":["Bane+1","Escape Plan","Poisoned Stab"],"picked":"SKIP","floor":24},{"not_picked":["Masterful Stab","Setup"],"picked":"Acrobatics","floor":28},{"not_picked":["Poisoned Stab","Noxious Fumes+1"],"picked":"Dodge and Roll","floor":29},{"not_picked":["Outmaneuver","Well Laid Plans"],"picked":"Blur","floor":31}],"player_experience":147492,"relics_obtained":[{"floor":7.0,"key":"Pocketwatch"},{"floor":9.0,"key":"Omamori"},{"floor":11.0,"key":"Smiling Mask"},{"floor":24,"key":"Kunai"},{"floor":26,"key":"Oddly Smooth Stone"}],"event_choices":[{"damage_healed":0.0,"max_hp_gain":0.0,"max_hp_loss":0.0,"gold_gain":1.0,"event_name":"betterThird:BetterScrap","player_choice":"LEAVE","floor":12.0,"gold_loss":0.0,"damage_taken":2.0,"cards_obtained":["MasterReality"]},{"damage_healed":17.0,"max_hp_gain":0.0,"max_hp_loss":0.0,"gold_gain":0.0,"event_name":"Mushrooms","player_choice":"Healed and dodged fight","floor":13.0,"gold_loss":0.0,"damage_taken":0.0,"cards_obtained":["Parasite"]},{"cards_removed":["Strike_G"],"damage_healed":0.0,"max_hp_gain":0.0,"max_hp_loss":0.0,"gold_gain":0.0,"event_name":"The Cleric","player_choice":"Card Removal","floor":14.0,"gold_loss":50.0,"damage_taken":0.0},{"damage_healed":0,"gold_gain":90,"player_choice":"GOLD ","damage_taken":12,"max_hp_gain":0,"max_hp_loss":0,"event_name":"Knowing Skull","floor":21,"potions_obtained":[],"gold_loss":0,"cards_obtained":[]}],"is_beta":false,"boss_relics":[{"not_picked":["Calling Bell","Snecko Eye"],"picked":"Tiny House"}],"items_purged_floors":[27],"is_endless":false,"potions_floor_spawned":[4,7,10,16,22,31],"killed_by":"Automaton","ascension_level":0}}