{"host":"nptej036rrbiurf5","time":1607481758,"event":{"gold_per_floor":[117,129,129,129,10,54,54,89,89,89,89,103,103,122,122,215,215,240,218,6,6,6,6,22,55,81,81,81],"floor_reached":27,"playtime":738,"items_purged":["Strike_R","Strike_R"],"score":578,"play_id":"1a7f7658-eb42-4d5f-b2f2-576653e07844","local_time":"20201209114238","is_ascension_mode":true,"campfire_choices":[{"data":"Body Slam","floor":7.0,"key":"SMITH"},{"data":"Barricade","floor":13.0,"key":"SMITH"},{"data":"Flame Barrier","floor":15.0,"key":"SMITH"},{"data":"Entrench","floor":23,"key":"SMITH"}],"neow_cost":"NONE","seed_source_timestamp":1203341245785800,"circlet_count":0,"master_deck":["AscendersBane","Strike_R","Defend_R","Defend_R+1","Defend_R+1","Defend_R","Bash","Body Slam+1","Headbutt","Carnage","Flame Barrier+1","Barricade+1","Second Wind","Shrug It Off","Brutality","Armaments+1","Warcry","Entrench+1","Exhume","Battle Trance","Dark Embrace+1"],"special_seed":0,"relics":["Burning Blood","NeowsBlessing","Golden Idol","Molten Egg 2","Smiling Mask","Singing Bowl","Runic Pyramid","Orrery","InkBottle","Potion Belt"],"potions_floor_usage":[24],"damage_taken":[{"damage":0.0,"enemies":"Small Slimes","floor":1.0,"turns":1.0},{"damage":0.0,"enemies":"2 Louse","floor":2.0,"turns":1.0},{"damage":0.0,"enemies":"Lagavulin","floor":6.0,"turns":1.0},{"damage":0.0,"enemies":"Gremlin Nob","floor":8.0,"turns":3.0},{"damage":0.0,"enemies":"Cultist","floor":12.0,"turns":5.0},{"damage":6.0,"enemies":"3 Louse","floor":14.0,"turns":4.0},{"damage":13.0,"enemies":"Slime Boss","floor":16.0,"turns":9.0},{"damage":16,"enemies":"Shell Parasite","floor":18,"turns":5},{"damage":27,"enemies":"2 Thieves","floor":19,"turns":5},{"damage":13,"enemies":"Centurion and Healer","floor":24,"turns":7},{"damage":28,"enemies":"Book of Stabbing","floor":25,"turns":7},{"damage":15,"enemies":"3 Cultists","floor":27,"turns":3}],"seed_played":"-1599948054111713017","potions_obtained":[{"floor":2.0,"key":"CultistPotion"},{"floor":6.0,"key":"AttackPotion"},{"floor":12.0,"key":"EssenceOfSteel"},{"floor":19,"key":"SteroidPotion"}],"is_trial":false,"path_per_floor":["M","M","?","?","$","E","R","E","T","?","?","M","R","M","R","B",null,"M","M","$","?","?","R","M","E","T","M"],"character_chosen":"IRONCLAD","items_purchased":["Carnage","Orrery"],"campfire_rested":0,"item_purchase_floors":[5,20],"current_hp_per_floor":[74,75,68,73,73,73,73,73,73,51,51,57,57,57,57,50,67,57,38,42,42,42,42,35,13,13,0,0],"gold":81,"neow_bonus":"THREE_ENEMY_KILL","is_prod":false,"is_daily":false,"chose_seed":false,"campfire_upgraded":4,"win_rate":0,"timestamp":1607481758,"path_taken":["M","M","?","?","$","E","R","E","T","?","?","M","R","M","R","BOSS","M","M","$","?","?","R","M","E","T","M"],"build_version":"2020-11-30","purchased_purges":2,"victory":false,"max_hp_per_floor":[75,75,68,73,73,73,73,73,73,73,73,73,73,73,73,73,73,73,75,79,79,79,79,79,79,79,79,79],"card_choices":[{"not_picked":["Iron Wave","Warcry"],"picked":"Body Slam","floor":1.0},{"not_picked":["Clash","Wild Strike"],"picked":"Headbutt","floor":2.0},{"not_picked":["Combust","Perfected Strike+1"],"picked":"Flame Barrier","floor":6.0},{"not_picked":["Flex","Dropkick+1"],"picked":"Barricade","floor":8.0},{"not_picked":["Carnage+1","Clothesline+1"],"picked":"Second Wind","floor":12.0},{"not_picked":["Thunderclap+1","Pommel Strike+1"],"picked":"Shrug It Off","floor":14.0},{"not_picked":["Limit Break","Berserk"],"picked":"Brutality","floor":16.0},{"not_picked":["Combust","Hemokinesis+1"],"picked":"Armaments+1","floor":18},{"not_picked":["Dropkick+1","Combust","Inflame"],"picked":"Singing Bowl","floor":19},{"not_picked":["Havoc","Thunderclap+1"],"picked":"Warcry","floor":20},{"not_picked":["Clothesline+1","Uppercut+1","Inflame"],"picked":"Singing Bowl","floor":20},{"not_picked":["Battle Trance","Clash+1"],"picked":"Entrench","floor":20},{"not_picked":["Spot Weakness","Twin Strike+1","Second Wind"],"picked":"Singing Bowl","floor":20},{"not_picked":["Pommel Strike+1","Armaments"],"picked":"Exhume","floor":20},{"not_picked":["Anger+1","Twin Strike+1"],"picked":"Battle Trance","floor":24},{"not_picked":["Twin Strike+1","Entrench"],"picked":"Dark Embrace+1","floor":25}],"player_experience":804947,"relics_obtained":[{"floor":6.0,"key":"Molten Egg 2"},{"floor":8.0,"key":"Smiling Mask"},{"floor":9.0,"key":"Singing Bowl"},{"floor":25,"key":"InkBottle"},{"floor":26,"key":"Potion Belt"}],"event_choices":[{"damage_healed":0.0,"max_hp_gain":0.0,"max_hp_loss":7.0,"gold_gain":0.0,"event_name":"Golden Idol","player_choice":"Lose Max HP","floor":3.0,"gold_loss":0.0,"damage_taken":0.0,"relics_obtained":["Golden Idol"]},{"damage_healed":0.0,"max_hp_gain":5.0,"max_hp_loss":0.0,"gold_gain":0.0,"event_name":"Big Fish","player_choice":"Donut","floor":4.0,"gold_loss":0.0,"damage_taken":0.0},{"damage_healed":0.0,"max_hp_gain":0.0,"max_hp_loss":0.0,"gold_gain":0.0,"event_name":"Shining Light","player_choice":"Entered Light","floor":10.0,"gold_loss":0.0,"damage_taken":22.0,"cards_upgraded":["Defend_R","Defend_R"]},{"cards_removed":["Strike_R"],"damage_healed":0.0,"max_hp_gain":0.0,"max_hp_loss":0.0,"gold_gain":0.0,"event_name":"Bonfire Elementals","player_choice":"Offered Basic","floor":11.0,"gold_loss":0.0,"damage_taken":0.0},{"cards_removed":["Strike_R"],"damage_healed":0,"gold_gain":0,"player_choice":"Elegance","damage_taken":0,"max_hp_gain":0,"max_hp_loss":0,"event_name":"Back to Basics","floor":21,"gold_loss":0}],"is_beta":false,"boss_relics":[{"not_picked":["Pandora\u0027s Box","Runic Dome"],"picked":"Runic Pyramid"}],"items_purged_floors":[5,20],"is_endless":false,"potions_floor_spawned":[2,6,12,19],"killed_by":"3 Cultists","ascension_level":20}}