{"host":"z9x5nldzhmx4jdfi","time":1607491640,"event":{"gold_per_floor":[131,2,21,21,46,75,75,89,136,136,136,136],"floor_reached":11,"playtime":487,"items_purged":[],"score":146,"play_id":"5714435a-df53-4541-87db-af6feab94083","local_time":"20201208232720","is_ascension_mode":true,"campfire_choices":[{"data":"animator:Strike","floor":7,"key":"PURGE"},{"data":"animator:Strike","floor":10,"key":"PURGE"}],"neow_cost":"NONE","seed_source_timestamp":1065763200327500,"circlet_count":0,"master_deck":["AscendersBane","animator:Strike_Fate","animator:Defend_Fate","animator:Strike","animator:Defend","animator:Defend","animator:Defend","animator:Alexander","animator:Rider","animator:Emonzaemon","animator:Caster","animator:Archer","animator:Assassin","animator:RinTohsaka","animator:ZankiKiguchi"],"relics":["animator:LivingPicture","animator:TheMissingPiece","NeowsBlessing","Peace Pipe","Lantern"],"potions_floor_usage":[],"damage_taken":[{"damage":0,"enemies":"Cultist","floor":1,"turns":1},{"damage":0,"enemies":"Jaw Worm","floor":3,"turns":1},{"damage":0,"enemies":"2 Louse","floor":5,"turns":1},{"damage":29,"enemies":"Lagavulin","floor":6,"turns":7},{"damage":5,"enemies":"2 Fungi Beasts","floor":8,"turns":3},{"damage":31,"enemies":"Large Slime","floor":11,"turns":6}],"seed_played":"7013450305987560451","potions_obtained":[{"floor":5,"key":"SteroidPotion"},{"floor":6,"key":"GamblersBrew"}],"is_trial":false,"path_per_floor":["M","$","M","$","M","E","R","M","T","R","M"],"character_chosen":"THE_ANIMATOR","items_purchased":["animator:Caster","animator:Archer"],"campfire_rested":0,"item_purchase_floors":[2,2],"current_hp_per_floor":[54,54,54,54,54,26,26,22,22,22,0,0],"gold":136,"neow_bonus":"THREE_ENEMY_KILL","is_prod":false,"is_daily":false,"chose_seed":false,"campfire_upgraded":0,"win_rate":0,"timestamp":1607491640,"path_taken":["M","$","M","$","?","E","R","M","T","R","M"],"build_version":"2020-11-30","purchased_purges":0,"victory":false,"max_hp_per_floor":[60,60,60,60,60,61,61,62,62,62,62,62],"card_choices":[{"not_picked":["animator:Vanir","animator:KyokoSakura"],"picked":"animator:Emonzaemon","floor":1},{"not_picked":["animator:Chung","animator:IrohaTamaki","animator:Konayuki"],"picked":"SKIP","floor":3},{"not_picked":["animator:Illya","animator:Rena"],"picked":"animator:Assassin","floor":5},{"not_picked":["animator:Illya","animator:ShinjiMatou"],"picked":"animator:RinTohsaka","floor":6},{"not_picked":["animator:Mitsurugi","animator:Ciel"],"picked":"animator:ZankiKiguchi","floor":8}],"player_experience":1469825,"relics_obtained":[{"floor":6,"key":"Peace Pipe"},{"floor":9,"key":"Lantern"}],"event_choices":[],"is_beta":false,"boss_relics":[],"items_purged_floors":[],"is_endless":false,"potions_floor_spawned":[5,6],"killed_by":"Large Slime","ascension_level":20}}