{"host":"jm9833yuloeli2yd","time":1607543683,"event":{"gold_per_floor":[16,31,106,106,26,26,60,60,60,86,105,105,105],"floor_reached":12,"playtime":254,"items_purged":[],"score":172,"play_id":"03f93cc1-d579-4b8b-968f-36f7abe90f6a","local_time":"20201209145443","is_ascension_mode":true,"campfire_choices":[{"floor":6,"key":"REST"},{"data":"Go for the Eyes","floor":8,"key":"SMITH"}],"neow_cost":"NO_GOLD","seed_source_timestamp":769938049737800,"circlet_count":0,"master_deck":["AscendersBane","Strike_B","Strike_B","Strike_B","Defend_B","Defend_B","Defend_B","Defend_B","Zap","Dualcast","Electrodynamics","Go for the Eyes+1","Hologram","Compile Driver","Self Repair","Ball Lightning"],"special_seed":0,"relics":["Cracked Core","Blue Candle","Tiny Chest","Orichalcum"],"potions_floor_usage":[7,10],"damage_taken":[{"damage":4,"enemies":"Jaw Worm","floor":1,"turns":4},{"damage":8,"enemies":"Small Slimes","floor":2,"turns":2},{"damage":15,"enemies":"3 Sentries","floor":7,"turns":5},{"damage":18,"enemies":"Lagavulin","floor":10,"turns":7},{"damage":7,"enemies":"Cultist","floor":11,"turns":4},{"damage":35,"enemies":"Gremlin Nob","floor":12,"turns":4}],"seed_played":"2328120692344166380","potions_obtained":[{"floor":7,"key":"BlessingOfTheForge"}],"is_trial":false,"path_per_floor":["M","M","?","?","$","R","E","R","T","E","M","E"],"character_chosen":"DEFECT","items_purchased":["DistilledChaos"],"campfire_rested":1,"item_purchase_floors":[5],"current_hp_per_floor":[60,52,41,34,34,55,40,40,40,22,22,0,0],"gold":105,"neow_bonus":"THREE_RARE_CARDS","is_prod":false,"is_daily":false,"chose_seed":false,"campfire_upgraded":1,"win_rate":0,"timestamp":1607543683,"path_taken":["M","M","?","?","?","R","E","R","T","E","M","E"],"build_version":"2020-11-30","purchased_purges":0,"victory":false,"max_hp_per_floor":[71,71,71,71,71,71,71,71,71,71,71,71,71],"card_choices":[{"not_picked":["Biased Cognition","Seek"],"picked":"Electrodynamics","floor":0},{"not_picked":["Coolheaded","Hello World"],"picked":"Go for the Eyes","floor":1},{"not_picked":["Sweeping Beam","Stack"],"picked":"Hologram","floor":2},{"not_picked":["Coolheaded","Gash"],"picked":"Compile Driver","floor":7},{"not_picked":["Skim","Chaos"],"picked":"Self Repair","floor":10},{"not_picked":["Capacitor","Stack"],"picked":"Ball Lightning","floor":11}],"player_experience":982883,"relics_obtained":[{"floor":7,"key":"Blue Candle"},{"floor":9,"key":"Tiny Chest"},{"floor":10,"key":"Orichalcum"}],"event_choices":[{"damage_healed":0,"gold_gain":75,"player_choice":"Gather Gold","damage_taken":11,"max_hp_gain":0,"max_hp_loss":0,"event_name":"World of Goop","floor":3,"gold_loss":0},{"cards_removed":["Strike_B"],"damage_healed":0,"gold_gain":0,"player_choice":"Card Removal","damage_taken":7,"max_hp_gain":0,"max_hp_loss":0,"event_name":"Golden Wing","floor":4,"gold_loss":0}],"is_beta":false,"boss_relics":[],"items_purged_floors":[],"is_endless":false,"potions_floor_spawned":[7],"killed_by":"Gremlin Nob","ascension_level":20}}