{"host":"flm17o2q7bfjyna6","time":1607539085,"event":{"gold_per_floor":[113,113,132,55,75,109,109,119,167,196,196,223,235,255,255,255,255],"floor_reached":16,"playtime":594,"items_purged":[],"score":168,"play_id":"5f9429e7-7a49-4d38-93e8-161ef7e944a0","local_time":"20201209133805","is_ascension_mode":true,"campfire_choices":[{"data":"Dagger Spray","floor":7,"key":"SMITH"},{"floor":15,"key":"REST"}],"neow_cost":"NONE","seed_source_timestamp":98552960881193,"circlet_count":0,"master_deck":["AscendersBane","Strike_G","Strike_G","Strike_G","Strike_G","Strike_G","Defend_G","Defend_G","Defend_G","Defend_G","Defend_G","Survivor","Neutralize+1","Escape Plan","Dagger Spray+1","Slice","Underhanded Strike","Draining Mist","Terror","Replay:Parry","Infinite Blades","Predator","Footwork"],"relics":["Ring of the Snake","MealTicket","TheAbacus","Replay:Accelerometer","Ancient Tea Set","Odd Mushroom","Pen Nib"],"potions_floor_usage":[],"damage_taken":[{"damage":13,"enemies":"Jaw Worm","floor":1,"turns":6},{"damage":0,"enemies":"Small Slimes","floor":3,"turns":3},{"damage":0,"enemies":"2 Louse","floor":5,"turns":3},{"damage":15,"enemies":"Replay:BlueRogue","floor":6,"turns":11},{"damage":1,"enemies":"Exordium Wildlife","floor":8,"turns":2},{"damage":14,"enemies":"The Mushroom Lair","floor":10,"turns":4},{"damage":13,"enemies":"3 Sentries","floor":12,"turns":6},{"damage":1,"enemies":"Looter","floor":13,"turns":4},{"damage":14,"enemies":"Red Slaver","floor":14,"turns":4},{"damage":28,"enemies":"Slime Boss","floor":16,"turns":3}],"seed_played":"-8010943563140359558","potions_obtained":[{"floor":1,"key":"Weak Potion"},{"floor":6,"key":"LiquidBronze"},{"floor":8,"key":"Milkshake"}],"is_trial":false,"path_per_floor":["M","?","M","$","M","E","R","M","T","?","?","E","M","M","R","B"],"character_chosen":"THE_SILENT","items_purchased":["TheAbacus"],"campfire_rested":1,"item_purchase_floors":[4],"current_hp_per_floor":[50,50,50,65,65,50,50,49,49,35,35,22,21,7,28,0,0],"gold":255,"neow_bonus":"RANDOM_COMMON_RELIC","is_prod":false,"is_daily":false,"chose_seed":false,"campfire_upgraded":1,"win_rate":0,"timestamp":1607539085,"path_taken":["M","?","M","$","M","E","R","M","T","?","?","E","?","M","R","BOSS"],"build_version":"2020-11-30","purchased_purges":0,"victory":false,"max_hp_per_floor":[70,70,70,70,70,70,70,70,70,70,70,70,70,70,70,70,70],"card_choices":[{"not_picked":["Outmaneuver","ReplayTheSpireMod:Scrap Shanks"],"picked":"Escape Plan","floor":1},{"not_picked":["Leg Sweep","Distraction"],"picked":"Dagger Spray","floor":3},{"not_picked":["Acrobatics","Endless Agony"],"picked":"Slice","floor":5},{"not_picked":["Flechettes","Grand Finale"],"picked":"Underhanded Strike","floor":6},{"not_picked":["Hidden Blade","Bouncing Flask"],"picked":"Draining Mist","floor":8},{"not_picked":["Quick Slash","Poisoned Stab"],"picked":"Terror","floor":10},{"not_picked":["The Bomb","Violence"],"picked":"Replay:Parry","floor":11},{"not_picked":["Flying Knee","Quick Slash"],"picked":"Infinite Blades","floor":12},{"not_picked":["Sneak Up","Acrobatics"],"picked":"Predator","floor":13},{"not_picked":["Cloak And Dagger","Toxin Wave"],"picked":"Footwork","floor":14}],"player_experience":1558347,"relics_obtained":[{"floor":6,"key":"Replay:Accelerometer"},{"floor":9,"key":"Ancient Tea Set"},{"floor":10,"key":"Odd Mushroom"},{"floor":12,"key":"Pen Nib"}],"event_choices":[{"damage_healed":0,"gold_gain":0,"player_choice":"Grow","damage_taken":0,"max_hp_gain":0,"max_hp_loss":0,"event_name":"Living Wall","floor":2,"gold_loss":0,"cards_upgraded":["Neutralize"]},{"damage_healed":0,"gold_gain":0,"player_choice":"Fought Mushrooms","damage_taken":0,"max_hp_gain":0,"max_hp_loss":0,"event_name":"Mushrooms","floor":10,"gold_loss":0},{"damage_healed":0,"gold_gain":1,"player_choice":"1","damage_taken":0,"max_hp_gain":0,"max_hp_loss":0,"event_name":"betterStone:BetterStone","floor":11,"gold_loss":0}],"is_beta":false,"boss_relics":[],"items_purged_floors":[],"is_endless":false,"potions_floor_spawned":[1,6,8,12],"killed_by":"Slime Boss","ascension_level":10}}