{"host":"pf47v7h0307523iy","time":1607542464,"event":{"gold_per_floor":[116,191,38,38,52,87,97,97,97,115,115,159,159,198,198,284,284,313,313,222,222,241,276,296,333,409,359,402,402,32,43,43,130,130,152,175,193,213,233,260,260,295,295,330,108,131,131,150,150,150,150,150,150,19,19,19],"floor_reached":55,"playtime":3803,"items_purged":["Strike_G","Strike_G","Strike_G","Strike_G"],"score":2320,"play_id":"0f682b8f-b177-414f-b8bc-76818010ff3c","local_time":"20201209213424","is_ascension_mode":true,"campfire_choices":[{"data":"Noxious Fumes","floor":8.0,"key":"SMITH"},{"data":"Footwork","floor":11.0,"key":"SMITH"},{"floor":13.0,"key":"REST"},{"data":"After Image","floor":15.0,"key":"SMITH"},{"data":"Neutralize","floor":29.0,"key":"SMITH"},{"floor":32.0,"key":"RECALL"},{"data":"Survivor","floor":41,"key":"SMITH"},{"data":"Escape Plan","floor":49,"key":"SMITH"},{"data":"Defend_G","floor":53,"key":"SMITH"}],"neow_cost":"NONE","seed_source_timestamp":279223417395700,"circlet_count":0,"master_deck":["AscendersBane","Strike_G+1","Defend_G+1","Defend_G+1","Defend_G","Defend_G","Defend_G","Survivor+1","Neutralize+1","Predator","Footwork+1","Escape Plan+1","Noxious Fumes+1","Catalyst+1","PiercingWail+1","Leg Sweep+1","After Image+1","After Image","Deflect+1","Escape Plan+1","Crippling Poison+1","Catalyst+1","Backflip+1","Acrobatics+1","Cloak And Dagger+1","Night Terror+1","Backflip+1","Dodge and Roll+1","Footwork+1","Cloak And Dagger+1","Acrobatics+1","Escape Plan+1","Adrenaline+1"],"special_seed":0,"relics":["Ring of the Snake","NeowsBlessing","Toxic Egg 2","Nunchaku","CeramicFish","Boot","Coffee Dripper","Matryoshka","Anchor","Pen Nib","Akabeko","Ornamental Fan","Gremlin Horn","Snake Skull","Busted Crown","Smiling Mask","Du-Vu Doll","White Beast Statue","Potion Belt","Lantern"],"potions_floor_usage":[40,40,40,40,40,48,50,50],"damage_taken":[{"damage":0.0,"enemies":"Small Slimes","floor":1.0,"turns":1.0},{"damage":0.0,"enemies":"2 Louse","floor":5.0,"turns":1.0},{"damage":0.0,"enemies":"Lagavulin","floor":6.0,"turns":1.0},{"damage":0.0,"enemies":"Jaw Worm","floor":7.0,"turns":5.0},{"damage":0.0,"enemies":"Exordium Thugs","floor":10.0,"turns":5.0},{"damage":1.0,"enemies":"3 Sentries","floor":12.0,"turns":5.0},{"damage":26.0,"enemies":"Gremlin Nob","floor":14.0,"turns":5.0},{"damage":16.0,"enemies":"Hexaghost","floor":16.0,"turns":10.0},{"damage":3.0,"enemies":"Shell Parasite","floor":18.0,"turns":9.0},{"damage":0.0,"enemies":"2 Thieves","floor":20.0,"turns":5.0},{"damage":12.0,"enemies":"Cultist and Chosen","floor":22.0,"turns":10.0},{"damage":13.0,"enemies":"Book of Stabbing","floor":23.0,"turns":7.0},{"damage":0.0,"enemies":"Chosen and Byrds","floor":24.0,"turns":4.0},{"damage":15.0,"enemies":"Slavers","floor":25.0,"turns":6.0},{"damage":0.0,"enemies":"Book of Stabbing","floor":28.0,"turns":4.0},{"damage":0.0,"enemies":"Centurion and Healer","floor":31.0,"turns":5.0},{"damage":12.0,"enemies":"Collector","floor":33.0,"turns":7.0},{"damage":0.0,"enemies":"3 Darklings","floor":35.0,"turns":5.0},{"damage":0.0,"enemies":"Orb Walker","floor":36.0,"turns":4.0},{"damage":0,"enemies":"3 Darklings","floor":37,"turns":6},{"damage":0,"enemies":"Sphere and 2 Shapes","floor":38,"turns":6},{"damage":0,"enemies":"Maw","floor":39,"turns":6},{"damage":0,"enemies":"Reptomancer","floor":40,"turns":6},{"damage":2,"enemies":"Nemesis","floor":42,"turns":7},{"damage":0,"enemies":"Reptomancer","floor":44,"turns":5},{"damage":0,"enemies":"Jaw Worm Horde","floor":46,"turns":5},{"damage":18,"enemies":"4 Shapes","floor":48,"turns":6},{"damage":14,"enemies":"Awakened One","floor":50,"turns":15},{"damage":0,"enemies":"Donu and Deca","floor":51,"turns":12},{"damage":56,"enemies":"Shield and Spear","floor":55,"turns":3}],"seed_played":"-5610840012767320783","potions_obtained":[{"floor":6.0,"key":"CunningPotion"},{"floor":10.0,"key":"SkillPotion"},{"floor":14.0,"key":"CunningPotion"},{"floor":22.0,"key":"GamblersBrew"},{"floor":25.0,"key":"Fire Potion"},{"floor":35.0,"key":"DuplicationPotion"},{"floor":38,"key":"EntropicBrew"},{"floor":44,"key":"PowerPotion"},{"floor":46,"key":"Strength Potion"},{"floor":48,"key":"Ancient Potion"}],"is_trial":false,"path_per_floor":["M","?","$","?","M","E","M","R","T","M","R","E","R","E","R","B",null,"M","?","M","T","M","E","M","E","T","?","E","R","$","M","R","B",null,"M","M","M","M","M","E","R","E","T","E","$","M","?","M","R","B","B",null,"R","$","E"],"character_chosen":"THE_SILENT","items_purchased":["Footwork","Snake Skull","FairyPotion","Lantern","Adrenaline+1"],"campfire_rested":1,"item_purchase_floors":[3,30,30,45,54],"current_hp_per_floor":[59,48,48,28,28,28,28,28,28,28,28,27,46,20,20,4,51,48,48,48,48,36,23,23,8,8,8,8,8,8,8,8,19,54,54,54,54,54,54,54,54,52,52,52,52,52,52,34,34,20,20,55,55,55,0,0],"gold":19,"neow_bonus":"THREE_ENEMY_KILL","is_prod":false,"is_daily":false,"chose_seed":false,"campfire_upgraded":7,"win_rate":0,"timestamp":1607542464,"path_taken":["M","?","$","?","M","E","M","R","T","M","R","E","R","E","R","BOSS","M","?","M","?","M","E","?","E","T","?","E","R","$","M","R","BOSS","M","M","?","M","?","E","R","E","T","E","$","M","?","M","R","BOSS","BOSS","R","$","E"],"build_version":"2020-11-30","purchased_purges":4,"victory":false,"max_hp_per_floor":[66,66,66,66,66,66,66,66,66,66,66,66,66,66,66,66,66,66,66,66,66,66,66,66,66,66,66,66,66,66,66,66,66,66,66,66,66,66,66,66,66,66,66,66,66,66,66,66,66,66,66,66,66,66,66,66],"card_choices":[{"not_picked":["Dagger Spray","Prepared"],"picked":"Predator","floor":1.0},{"not_picked":["Poisoned Stab","Eviscerate"],"picked":"Escape Plan","floor":5.0},{"not_picked":["Poisoned Stab","PiercingWail+1"],"picked":"Noxious Fumes","floor":6.0},{"not_picked":["Dodge and Roll+1","Caltrops"],"picked":"Catalyst+1","floor":7.0},{"not_picked":["Poisoned Stab","Quick Slash"],"picked":"PiercingWail+1","floor":10.0},{"not_picked":["Backflip+1","Eviscerate"],"picked":"Leg Sweep+1","floor":12.0},{"not_picked":["Concentrate+1","Storm of Steel+1"],"picked":"After Image","floor":14.0},{"not_picked":["Storm of Steel+1","Night Terror+1"],"picked":"After Image","floor":16.0},{"not_picked":["Quick Slash","Dagger Spray"],"picked":"Deflect+1","floor":18.0},{"not_picked":["Calculated Gamble+1","Cloak And Dagger+1"],"picked":"Escape Plan+1","floor":20.0},{"not_picked":["Quick Slash","Sucker Punch"],"picked":"Crippling Poison+1","floor":22.0},{"not_picked":["Underhanded Strike+1","PiercingWail+1"],"picked":"Catalyst+1","floor":23.0},{"not_picked":["Heel Hook","Cloak And Dagger+1"],"picked":"Backflip+1","floor":24.0},{"not_picked":["Prepared+1","Setup+1"],"picked":"Acrobatics+1","floor":25.0},{"not_picked":["Quick Slash","Dagger Throw"],"picked":"Cloak And Dagger+1","floor":28.0},{"not_picked":["Dagger Throw","Heel Hook","Grand Finale"],"picked":"SKIP","floor":31.0},{"not_picked":["Envenom","Bullet Time+1"],"picked":"Night Terror+1","floor":33.0},{"not_picked":[],"picked":"Backflip+1","floor":35.0},{"not_picked":[],"picked":"Dodge and Roll+1","floor":36.0},{"not_picked":["Concentrate+1"],"picked":"SKIP","floor":37},{"not_picked":["Masterful Stab+1"],"picked":"SKIP","floor":38},{"not_picked":["Dagger Throw"],"picked":"SKIP","floor":39},{"not_picked":["Deflect+1"],"picked":"SKIP","floor":40},{"not_picked":[],"picked":"Footwork","floor":42},{"not_picked":[],"picked":"Cloak And Dagger+1","floor":44},{"not_picked":[],"picked":"Acrobatics+1","floor":46},{"not_picked":[],"picked":"Escape Plan+1","floor":48}],"player_experience":1454806,"relics_obtained":[{"floor":6.0,"key":"Toxic Egg 2"},{"floor":9.0,"key":"Nunchaku"},{"floor":12.0,"key":"CeramicFish"},{"floor":14.0,"key":"Boot"},{"floor":21.0,"key":"Matryoshka"},{"floor":23.0,"key":"Anchor"},{"floor":25.0,"key":"Pen Nib"},{"floor":26.0,"key":"Akabeko"},{"floor":26.0,"key":"Ornamental Fan"},{"floor":28.0,"key":"Gremlin Horn"},{"floor":40,"key":"Smiling Mask"},{"floor":42,"key":"Du-Vu Doll"},{"floor":43,"key":"White Beast Statue"},{"floor":44,"key":"Potion Belt"}],"event_choices":[{"damage_healed":0.0,"max_hp_gain":0.0,"max_hp_loss":0.0,"gold_gain":75.0,"event_name":"World of Goop","player_choice":"Gather Gold","floor":2.0,"gold_loss":0.0,"damage_taken":11.0},{"damage_healed":0.0,"max_hp_gain":0.0,"max_hp_loss":0.0,"gold_gain":0.0,"event_name":"Shining Light","player_choice":"Entered Light","floor":4.0,"gold_loss":0.0,"damage_taken":20.0,"cards_upgraded":["Defend_G","Strike_G"]},{"damage_healed":0.0,"max_hp_gain":0.0,"max_hp_loss":0.0,"gold_gain":0.0,"event_name":"Vampires","player_choice":"Ignored","floor":19.0,"gold_loss":0.0,"damage_taken":0.0},{"damage_healed":0.0,"max_hp_gain":0.0,"max_hp_loss":0.0,"gold_gain":0.0,"event_name":"The Joust","player_choice":"Bet on Owner","floor":27.0,"gold_loss":50.0,"damage_taken":0.0},{"damage_healed":0,"gold_gain":0,"player_choice":"Forge","damage_taken":0,"max_hp_gain":0,"max_hp_loss":0,"event_name":"Accursed Blacksmith","floor":47,"gold_loss":0,"cards_upgraded":["Footwork"]}],"is_beta":false,"boss_relics":[{"not_picked":["HoveringKite","Ectoplasm"],"picked":"Coffee Dripper"},{"not_picked":["WristBlade","Tiny House"],"picked":"Busted Crown"}],"items_purged_floors":[3,30,45,54],"is_endless":false,"potions_floor_spawned":[6,10,14,22,25,31,35,38,44,46,48],"killed_by":"Shield and Spear","ascension_level":20}}