{"host":"wi1dz5t8299iil0b","time":1607528167,"event":{"gold_per_floor":[99,116,116,126,41,41,41,74,74,107,118,152,168,180,198,198,198],"floor_reached":16,"playtime":1841,"items_purged":[],"score":112,"play_id":"0e545ffa-c3e4-4470-b7c1-0b8587186f69","local_time":"20201209103607","is_ascension_mode":false,"campfire_choices":[{"data":"Guardian:TwinSlam","floor":1,"key":"SMITH"},{"floor":9,"key":"RECALL"}],"neow_cost":"NONE","seed_source_timestamp":2077107684409200,"circlet_count":0,"master_deck":["Guardian:Strike_Guardian","Guardian:Strike_Guardian","Guardian:Strike_Guardian","Guardian:Strike_Guardian","Guardian:Defend_Guardian","Guardian:Defend_Guardian","Guardian:Defend_Guardian","Guardian:Defend_Guardian","Guardian:CurlUp+1","Guardian:TwinSlam+1","Guardian:ChargeUp","Guardian:ArmoredProtocol","Guardian:BaubleBeam","Guardian:Gem_Cyan","Guardian:SpikerProtocol","Guardian:SpikerProtocol","Guardian:ExploitGems","Guardian:ShieldCharger"],"relics":["Guardian:ModeShifter","halation:PromiseList","trackpad:PetRock","StuffTheSpire:NeowsTribute","ReplayTheSpireMod:Shallot","DemoMod:GlassGuonStoneRelic"],"potions_floor_usage":[10,10,12,12],"damage_taken":[{"damage":0,"enemies":"Cultist","floor":2,"turns":3},{"damage":0,"enemies":"Small Slimes","floor":4,"turns":3},{"damage":0,"enemies":"downfall:FleeingMerchant","floor":5,"turns":4},{"damage":13,"enemies":"3 Sentries","floor":8,"turns":9},{"damage":41,"enemies":"Gremlin Nob","floor":10,"turns":5},{"damage":0,"enemies":"Jaw Worm","floor":11,"turns":3},{"damage":21,"enemies":"conspire:MimicChest","floor":12,"turns":8},{"damage":3,"enemies":"3 Louse","floor":13,"turns":2},{"damage":0,"enemies":"2 Fungi Beasts","floor":14,"turns":3},{"damage":0,"enemies":"Lots of Slimes","floor":15,"turns":4},{"damage":2,"enemies":"downfall:CharBossSilent","floor":16,"turns":2}],"seed_played":"-2309906871503074808","potions_obtained":[{"floor":4,"key":"blueLaboratory:FrostheartPotion"},{"floor":8,"key":"potionbrewer:SplittingPotion"},{"floor":11,"key":"blueLaboratory:CorrosionFlask"}],"is_trial":false,"path_per_floor":["R","M","?","M","$","?","T","E","R","E","M","?","M","M","M","B"],"character_chosen":"GUARDIAN","items_purchased":["Guardian:ArmoredProtocol"],"campfire_rested":0,"item_purchase_floors":[5],"current_hp_per_floor":[80,80,80,80,80,80,80,67,67,26,26,5,2,2,2,0,0],"gold":198,"neow_bonus":"UPGRADE_CARD","is_prod":false,"is_daily":false,"chose_seed":false,"campfire_upgraded":1,"win_rate":0.0,"timestamp":1607528167,"path_taken":["R","M","?","M","?","?","T","E","R","E","?","?","M","?","M","BOSS"],"build_version":"2020-11-30","purchased_purges":0,"victory":false,"max_hp_per_floor":[80,80,80,80,80,80,80,80,80,80,80,80,80,80,80,80,80],"card_choices":[{"not_picked":["Guardian:Gem_Red","Guardian:CrystalBeam"],"picked":"Guardian:Gem_Green","floor":2},{"not_picked":["Guardian:Incinerate","Guardian:Emergency"],"picked":"Guardian:ChargeUp","floor":4},{"not_picked":["Guardian:RefractedBeam","Guardian:MultiBeam"],"picked":"Guardian:Gem_Green","floor":8},{"not_picked":["Guardian:TemporalStrike","Guardian:Reroute"],"picked":"Guardian:BaubleBeam","floor":10},{"not_picked":["Guardian:Gem_Fragmented","Guardian:RollAttack"],"picked":"Guardian:Gem_Cyan","floor":11},{"not_picked":["Guardian:Repulse","Guardian:WalkerClaw"],"picked":"Guardian:SpikerProtocol","floor":12},{"not_picked":["Guardian:TemporalShield","Guardian:Harden"],"picked":"Guardian:SpikerProtocol","floor":13},{"not_picked":["Guardian:RefractedBeam","Guardian:DecasProtection"],"picked":"Guardian:ExploitGems","floor":14},{"not_picked":["Guardian:Planning","Guardian:CrystalBeam"],"picked":"Guardian:ShieldCharger","floor":15}],"player_experience":134656,"relics_obtained":[{"floor":7,"key":"halation:PromiseList"},{"floor":8,"key":"trackpad:PetRock"},{"floor":10,"key":"StuffTheSpire:NeowsTribute"},{"floor":12,"key":"ReplayTheSpireMod:Shallot"}],"event_choices":[],"is_beta":false,"boss_relics":[],"items_purged_floors":[],"is_endless":false,"potions_floor_spawned":[4,8,11],"killed_by":"downfall:CharBossSilent","ascension_level":0}}