{"host":"1a32ffxog1zcqoh0","time":1607487542,"event":{"gold_per_floor":[10,10,20,32,32,32,62,77,77,77,88,88,99,118,118,118,118],"floor_reached":16,"playtime":767,"items_purged":[],"score":130,"play_id":"9068f516-af18-4ef0-a821-11dcaf58cfaa","local_time":"20201208231902","is_ascension_mode":true,"campfire_choices":[{"floor":6,"key":"DIG"},{"floor":10,"key":"REST"},{"floor":12,"key":"DIG"},{"floor":15,"key":"REST"}],"neow_cost":"NO_GOLD","seed_source_timestamp":278796005048900,"circlet_count":0,"master_deck":["Strike_G","Strike_G","Strike_G","Strike_G","Defend_G","Defend_G","Defend_G","Defend_G","Defend_G","Survivor","Neutralize","Flying Knee","Tools of the Trade","Blade Dance","Dagger Spray","Poisoned Stab","Footwork","Endless Agony","Bouncing Flask"],"relics":["Ring of the Snake","Shovel","Snake Skull","Singing Bowl","Pen Nib","Art of War"],"potions_floor_usage":[14],"damage_taken":[{"damage":6,"enemies":"Small Slimes","floor":1,"turns":5},{"damage":0,"enemies":"Cultist","floor":3,"turns":4},{"damage":0,"enemies":"2 Louse","floor":4,"turns":3},{"damage":27,"enemies":"Lagavulin","floor":7,"turns":8},{"damage":2,"enemies":"2 Fungi Beasts","floor":8,"turns":4},{"damage":13,"enemies":"Blue Slaver","floor":11,"turns":3},{"damage":0,"enemies":"Large Slime","floor":13,"turns":5},{"damage":16,"enemies":"Lots of Slimes","floor":14,"turns":3},{"damage":29,"enemies":"Slime Boss","floor":16,"turns":5}],"seed_played":"-4255415841415895080","potions_obtained":[{"floor":1,"key":"Energy Potion"},{"floor":7,"key":"Ancient Potion"},{"floor":13,"key":"LiquidBronze"},{"floor":14,"key":"Strength Potion"}],"is_trial":false,"path_per_floor":["M","?","M","M","$","R","E","M","T","R","M","R","M","M","R","B"],"character_chosen":"THE_SILENT","items_purchased":[],"campfire_rested":2,"item_purchase_floors":[],"current_hp_per_floor":[64,64,64,64,64,64,37,35,35,56,43,43,45,29,50,21,21],"gold":118,"neow_bonus":"ONE_RARE_RELIC","is_prod":false,"is_daily":false,"chose_seed":false,"campfire_upgraded":0,"win_rate":0,"timestamp":1607487542,"path_taken":["M","?","?","M","?","R","E","M","T","R","M","R","M","M","R","BOSS"],"build_version":"2020-11-30","purchased_purges":0,"victory":false,"max_hp_per_floor":[70,70,70,70,70,70,70,70,70,70,70,70,72,72,72,72,72],"relic_stats":{"Shovel":2,"Singing Bowl":2,"counters":[9,39],"Snake Skull":[10],"Pen Nib":[4],"Art of War":[0],"obtain_stats":[{"Shovel":0,"Singing Bowl":7,"Snake Skull":6,"Pen Nib":9,"Art of War":12,"Ring of the Snake":0},{"Shovel":0,"Singing Bowl":4,"Snake Skull":3,"Pen Nib":5,"Art of War":6,"Ring of the Snake":0},{"Shovel":0,"Singing Bowl":20,"Snake Skull":12,"Pen Nib":24,"Art of War":27,"Ring of the Snake":0}],"Ring of the Snake":[18]},"card_choices":[{"not_picked":["Dash","Dagger Throw"],"picked":"Flying Knee","floor":1},{"not_picked":["Sucker Punch","Deadly Poison"],"picked":"Blade Dance","floor":3},{"not_picked":["Blade Dance","Underhanded Strike"],"picked":"Dagger Spray","floor":4},{"not_picked":["Backflip","Caltrops"],"picked":"Poisoned Stab","floor":7},{"not_picked":["Prepared","Backflip"],"picked":"Footwork","floor":8},{"not_picked":["Heel Hook","Acrobatics"],"picked":"Endless Agony","floor":11},{"not_picked":["Flechettes","Dash","Backflip"],"picked":"Singing Bowl","floor":13},{"not_picked":["Sucker Punch","Backflip"],"picked":"Bouncing Flask","floor":14}],"player_experience":223355,"relics_obtained":[{"floor":6,"key":"Snake Skull"},{"floor":7,"key":"Singing Bowl"},{"floor":9,"key":"Pen Nib"},{"floor":12,"key":"Art of War"}],"event_choices":[{"damage_healed":0,"gold_gain":0,"cards_transformed":["Strike_G"],"player_choice":"Transformed","damage_taken":0,"max_hp_gain":0,"max_hp_loss":0,"event_name":"Transmorgrifier","floor":2,"gold_loss":0,"cards_obtained":["Tools of the Trade"]}],"is_beta":false,"boss_relics":[],"items_purged_floors":[],"is_endless":false,"potions_floor_spawned":[1,7,13,14],"killed_by":"Slime Boss","ascension_level":5}}