{"host":"agga6lej02o7kt08","time":1607536804,"event":{"gold_per_floor":[111,111,36,1,1,26,39,138,138,138,158,158,187,33,33,133,133,153,153,172,172,172,503,503,503,503,518,552,247,264,299,299,299,299],"floor_reached":33,"playtime":1910,"items_purged":["ats:Powerful Strike","ats:Defend Up+1","ats:Defend Up+1"],"score":633,"play_id":"f1873796-b1ba-4bee-a83b-bec533ee509e","local_time":"20201210030004","is_ascension_mode":true,"campfire_choices":[{"data":"ats:Hook Shot","floor":15,"key":"SMITH"}],"neow_cost":"NONE","seed_source_timestamp":724980277415500,"circlet_count":0,"master_deck":["Pot Of Greed+1","ats:Powerful Strike+1","ats:Powerful Strike+1","ats:Armor Crushing Shot+1","ats:Emotion Absorption+1","ats:Emotion Absorption+1","LessonLearned+1","ats:Hook Shot+1","ats:Shell Defense+1","ats:Hook Shot+1","ats:Roar Of Ursus+1","ats:Assault Order+1","infinitespire:Collect+1","ats:Shadow Assault+1"],"relics":["ats:Sanity","REME_ComplimentaryCards","aspiration:Nostalgia","PureWater","Regal Pillow","ats:Old Coin","infinitespire:Broken Mirror","ats:Originium","Eternal Feather","Juzu Bracelet","ats:Tactical Delivery","Lantern","Black Star","Potion Belt","Old Coin","hubris:TenFootPole","infinitespire:PuzzleCube","infinitespire:Bottled Soul","Replay:Wax Seal","ats:Arts","Ginger","ats:Industrial Water Cannon","ats:Originium"],"potions_floor_usage":[8,8],"damage_taken":[{"damage":0,"enemies":"Jaw Worm","floor":1,"turns":5},{"damage":4,"enemies":"Lagavulin","floor":6,"turns":9},{"damage":0,"enemies":"Small Slimes","floor":7,"turns":2},{"damage":3,"enemies":"Gremlin Nob","floor":8,"turns":3},{"damage":0,"enemies":"2 Louse","floor":11,"turns":2},{"damage":0,"enemies":"Lagavulin","floor":13,"turns":6},{"damage":0,"enemies":"Fading Forest","floor":16,"turns":9},{"damage":0,"enemies":"Spheric Guardian","floor":18,"turns":1},{"damage":0,"enemies":"Chosen","floor":20,"turns":1},{"damage":0,"enemies":"Gremlin Leader","floor":23,"turns":1},{"damage":0,"enemies":"Shelled Parasite and Fungi","floor":27,"turns":1},{"damage":0,"enemies":"Book of Stabbing","floor":28,"turns":1},{"damage":0,"enemies":"3 Cultists","floor":30,"turns":1},{"damage":21,"enemies":"Slavers","floor":31,"turns":2},{"damage":32,"enemies":"Pondfish","floor":33,"turns":2}],"seed_played":"-4196241958989892389","potions_obtained":[{"floor":6,"key":"SteroidPotion"},{"floor":7,"key":"Strength Potion"},{"floor":16,"key":"Energy Potion"},{"floor":20,"key":"GamblersBrew"},{"floor":23,"key":"Energy Potion"},{"floor":27,"key":"Milkshake"}],"is_trial":false,"path_per_floor":["M","?","$","?","?","E","M","E","T","R","M","?","E","$","R","B",null,"M","AVR","M","?","?","E","?","?","T","M","E","$","M","E","R","B"],"character_chosen":"DOCTOR_CLASS","items_purchased":["Juzu Bracelet","Replay:Wax Seal","ats:Arts"],"campfire_rested":0,"item_purchase_floors":[14,29,29],"current_hp_per_floor":[65,65,65,72,72,68,68,65,65,65,65,58,65,65,71,71,72,72,72,72,54,54,54,46,46,46,46,46,46,46,25,31,0,0],"gold":299,"neow_bonus":"NOSTALGIA","is_prod":false,"is_daily":false,"chose_seed":false,"campfire_upgraded":1,"win_rate":0,"timestamp":1607536804,"path_taken":["M","?","$","?","?","E","M","E","T","R","M","?","E","$","R","BOSS","M","AVR","M","?","?","E","?","?","T","M","E","$","M","E","R","BOSS"],"build_version":"2020-11-30","purchased_purges":3,"victory":false,"max_hp_per_floor":[72,72,72,72,72,72,72,72,72,72,72,72,72,72,72,72,72,72,72,72,72,72,72,72,72,72,72,72,72,72,72,72,72,72],"card_choices":[{"not_picked":["ats:Overload","ats:Explosion Area Strengthen","ats:Thermite Blade"],"picked":"SKIP","floor":1},{"not_picked":["ats:Rat Pack","ats:Just Like an Apocalypse","ats:Explosion Area Strengthen"],"picked":"SKIP","floor":6},{"not_picked":["ats:Curse Doll","ats:Revitalization"],"picked":"ats:Shell Defense","floor":7},{"not_picked":["ats:Explosion Area Strengthen","ats:Very Hot Blade","ats:Assault Order"],"picked":"SKIP","floor":8},{"not_picked":["ats:Shadow Raid","ats:Very Hot Blade","ats:Curse Doll"],"picked":"SKIP","floor":11},{"not_picked":["ats:Composite Medical Shells","ats:Consecutive Shot: Auto"],"picked":"ats:Hook Shot","floor":13},{"not_picked":["ats:Nebulous Foxfire","ats:Disruption Kick"],"picked":"ats:Roar Of Ursus","floor":16},{"not_picked":["ats:Revitalization+1","ats:Curse Doll","ats:Poison Spread+1"],"picked":"SKIP","floor":18},{"not_picked":["ats:Ignite","ats:Blood Oath+1"],"picked":"ats:Assault Order","floor":20},{"not_picked":["infinitespire:FinalStrike","infinitespire:TheBestDefense"],"picked":"infinitespire:Collect","floor":21},{"not_picked":["ats:Sunburst","ats:Flexible Camouflage","ats:Shell Defense"],"picked":"SKIP","floor":23},{"not_picked":["ats:Curse Doll","ats:Flexible Camouflage+1","ats:Consecutive Shot: Auto"],"picked":"SKIP","floor":27},{"not_picked":["ats:Sunburst","ats:Cat Scratch","ats:Composite Medical Shells"],"picked":"SKIP","floor":28},{"not_picked":["ats:Sunburst","ats:Cat Scratch","ats:Composite Medical Shells"],"picked":"SKIP","floor":28},{"not_picked":["ats:Curse Doll","ats:Revitalization+1","ats:Rapid Magazine"],"picked":"SKIP","floor":30},{"not_picked":["ats:Flexible Camouflage","ats:Curse Doll","ats:Revitalization"],"picked":"SKIP","floor":31}],"player_experience":1075534,"relics_obtained":[{"floor":6,"key":"Regal Pillow"},{"floor":8,"key":"ats:Old Coin"},{"floor":9,"key":"infinitespire:Broken Mirror"},{"floor":10,"key":"ats:Originium"},{"floor":13,"key":"Eternal Feather"},{"floor":23,"key":"Potion Belt"},{"floor":23,"key":"Old Coin"},{"floor":26,"key":"hubris:TenFootPole"},{"floor":28,"key":"infinitespire:PuzzleCube"},{"floor":28,"key":"infinitespire:Bottled Soul"},{"floor":31,"key":"Ginger"},{"floor":31,"key":"ats:Industrial Water Cannon"},{"floor":32,"key":"ats:Originium"}],"event_choices":[{"damage_healed":18,"gold_gain":0,"player_choice":"Healed","damage_taken":0,"max_hp_gain":0,"max_hp_loss":0,"event_name":"The Cleric","floor":4,"gold_loss":35},{"cards_removed":["ats:Defend Up"],"damage_healed":0,"gold_gain":0,"player_choice":"Card Removal","damage_taken":7,"max_hp_gain":0,"max_hp_loss":0,"event_name":"Golden Wing","floor":12,"gold_loss":0},{"damage_healed":0,"gold_gain":0,"player_choice":"Read","damage_taken":0,"max_hp_gain":0,"max_hp_loss":0,"event_name":"The Library","floor":25,"gold_loss":0,"cards_obtained":["ats:Shadow Assault"]}],"is_beta":false,"boss_relics":[{"not_picked":["hubris:HollowSoul","hubris:RunicObelisk"],"picked":"ats:Tactical Delivery"}],"items_purged_floors":[3,19,29],"is_endless":false,"potions_floor_spawned":[6,7,16,20,23,27],"killed_by":"Pondfish","ascension_level":7}}