{"host":"v0byp44r5syn346h","time":1607537131,"event":{"gold_per_floor":[114,191,191,208,225,225,262,262,262,262,30,83,102,133,133,259,259,303,349,349,409,36,67,67,67,116,159,159,259,259,278,328,459,459,469,485,515,515,561,586,586,561,585,137,151,151,151,205,205,255,395,457,457,9,9,29,29,66,66,68],"floor_reached":61,"playtime":2721,"items_purged":["Strike_P","Strike_P","Defend_P","Strike_P+1","LessonLearned+1"],"score":2073,"play_id":"e65ec048-cb1f-4fca-8de1-840254917a03","local_time":"20201209190531","is_ascension_mode":true,"campfire_choices":[{"data":"Eruption","floor":6,"key":"SMITH"},{"floor":25,"key":"DIG"},{"data":"Collect","floor":28,"key":"SMITH"},{"floor":41,"key":"DIG"},{"data":"Defend_P","floor":49,"key":"PURGE"},{"floor":55,"key":"DIG"},{"data":"Secret Technique","floor":57,"key":"SMITH"}],"neow_cost":"","seed_source_timestamp":758640000602100,"circlet_count":0,"master_deck":["Eruption+1","CutThroughFate+1","CutThroughFate+1","FearNoEvil+1","ThirdEye+1","FlurryOfBlows+1","FlurryOfBlows+1","Collect+1","Wish+1","Sanctity+1","CutThroughFate+1","CutThroughFate+1","DeusExMachina+1","EmptyMind+1","WindmillStrike+1","Replay:ManipulateFuture+1","JustLucky+1","Ragnarok+1","CutThroughFate+1","DeceiveReality+1","Alpha+1","Replay:Cycle+1","ClearTheMind+1","Wallop+1","Secret Technique+1"],"relics":["m_GuardianBlood","infinitespire:Midas Blood","Replay:Multitool","qcfpunch:Unceasing_Flame","Omamori","halation:PromiseList","Replay:M_StaffOfTheSnake","Eternal Feather","infinitespire:Cubic Diamond","hubris:TenFootPole","Replay:Lucky Slots","Potion Belt","Sozu","Red Mask","GoldenEye","infinitespire:Lucky Rock","Replay:Baseball","Anchor","conspire:TopHat","hubris:64BitClover","Mercury Hourglass","ShockBauble","Sandwich","halation:EternalFortune","hubris:MobiusCoin","qcfpunch:Red_Beret","Regal Pillow","Membership Card","Ice Cream","LugNut","Pet Ghost","Frozen Egg 2","paleoftheancients:Timepiece","paleoftheancients:KeyRelic","Gremlin Horn","Spirit Poop","paleoftheancients:SoulOfTheSilent","Quantum Egg","Ornamental Fan","Unceasing Top","ReplayTheSpireMod:ShopPack","hubris:BundleOfHerbs","ReplayTheSpireMod:CursedCoin","ClockworkSouvenir"],"potions_floor_usage":[37,52,60,60],"damage_taken":[{"damage":3,"enemies":"Jaw Worm","floor":1,"turns":3},{"damage":0,"enemies":"conspire:RoseBush","floor":4,"turns":3},{"damage":1,"enemies":"Cultist","floor":5,"turns":2},{"damage":11,"enemies":"3 Sentries","floor":7,"turns":4},{"damage":0,"enemies":"2 Fungi Beasts","floor":13,"turns":2},{"damage":11,"enemies":"Replay:BlueRogue","floor":14,"turns":3},{"damage":21,"enemies":"Fading Forest","floor":16,"turns":11},{"damage":17,"enemies":"conspire:FuzzyDice","floor":18,"turns":5},{"damage":22,"enemies":"2 Thieves","floor":19,"turns":5},{"damage":0,"enemies":"Masked Bandits","floor":21,"turns":2},{"damage":12,"enemies":"conspire:Head Lice","floor":23,"turns":4},{"damage":1,"enemies":"3 Cultists","floor":27,"turns":3},{"damage":0,"enemies":"Colosseum Slavers","floor":29,"turns":2},{"damage":0,"enemies":"Colosseum Nobs","floor":29,"turns":2},{"damage":0,"enemies":"Centurion and Healer","floor":31,"turns":2},{"damage":19,"enemies":"Champ","floor":33,"turns":5},{"damage":0,"enemies":"3 Darklings","floor":35,"turns":1},{"damage":0,"enemies":"3 Shapes","floor":36,"turns":1},{"damage":0,"enemies":"Spire Growth","floor":37,"turns":1},{"damage":0,"enemies":"Transient","floor":39,"turns":5},{"damage":0,"enemies":"Reptomancer","floor":40,"turns":2},{"damage":0,"enemies":"Jaw Worm Horde","floor":45,"turns":1},{"damage":13,"enemies":"Writhing Mass","floor":48,"turns":3},{"damage":71,"enemies":"hubris:GrandSnecko","floor":50,"turns":6},{"damage":55,"enemies":"hubris:GrandSnecko","floor":51,"turns":3},{"damage":19,"enemies":"hubris:GrandSnecko","floor":52,"turns":3},{"damage":0,"enemies":"hubris:GrandSnecko","floor":56,"turns":1},{"damage":1,"enemies":"paleoftheancients:N","floor":60,"turns":4}],"seed_played":"-7647768390056757010","potions_obtained":[{"floor":4,"key":"SmokeBomb"},{"floor":5,"key":"blueLaboratory:BubblePotion"},{"floor":7,"key":"ColorlessPotion"},{"floor":14,"key":"SteroidPotion"}],"is_trial":false,"path_per_floor":["M","?","?","M","M","R","E","?","T","?","$","?","M","E","R","B",null,"M","M","?","?","$","E","?","R","T","M","R","?","T","M","R_BF","B",null,"M","M","M","?","M","E","R","?","T","$","M","R","?","M","R","B","M","M","?","$","R","M","R","$","?","B",null],"character_chosen":"WATCHER","items_purchased":["CutThroughFate","infinitespire:Midas Blood","FearNoEvil+1","Omamori","hubris:TenFootPole","Replay:Lucky Slots","GoldenEye","infinitespire:Lucky Rock","Membership Card","Ice Cream","LugNut","Alpha","Pet Ghost","Quantum Egg","Ornamental Fan","Unceasing Top","ReplayTheSpireMod:ShopPack","ReplayTheSpireMod:CursedCoin","ClockworkSouvenir"],"campfire_rested":0,"item_purchase_floors":[0,0,0,0,11,11,22,22,44,44,44,44,44,54,54,54,54,58,58],"current_hp_per_floor":[21,10,73,74,74,74,66,66,66,66,66,66,72,67,73,66,75,64,48,48,54,54,48,48,57,57,62,71,78,78,78,78,65,75,78,78,78,81,81,81,81,81,81,81,84,84,84,77,84,68,53,63,63,63,78,84,84,84,84,84],"gold":68,"neow_bonus":"","is_prod":false,"is_daily":false,"chose_seed":false,"campfire_upgraded":3,"win_rate":0,"timestamp":1607537131,"path_taken":["M","?","?","M","?","R","E","?","T","?","$","?","M","E","R","BOSS","M","M","?","?","?","E","?","R","T","?","R","?","?","M","R_BF","BOSS","M","?","M","?","M","E","R","?","T","$","M","R","?","M","R","BOSS","M","M","?","$","R","M","R","$","?","BOSS"],"build_version":"2020-11-30","purchased_purges":5,"victory":true,"max_hp_per_floor":[73,73,73,74,75,75,78,78,78,78,78,78,78,78,78,78,78,78,78,78,78,78,78,78,78,78,78,78,78,78,78,78,78,78,78,78,78,81,81,81,81,81,81,81,84,84,84,84,84,84,84,84,84,84,84,84,84,84,84,84],"relic_stats":{"Sozu":10,"Regal Pillow":0,"Gremlin Horn":[6,6],"counters":[55,187],"Ornamental Fan":[48],"Eternal Feather":46,"GoldenEye":[160],"obtain_stats":[{"Ice Cream":44,"ShockBauble":30,"Gremlin Horn":50,"Spirit Poop":50,"infinitespire:Cubic Diamond":10,"qcfpunch:Red_Beret":41,"Bottled Tornado":20,"halation:StarCompass":37,"trackpad:DisasterInABottle":58,"qcfpunch:Unceasing_Flame":0,"m_GuardianBlood":10,"Sozu":50,"trackpad:ZombieHeart":0,"HornCleat":42,"Prayer Wheel":9,"hubris:DeckOfHolding":58,"Iron Hammer":11,"halation:PromiseList":7,"trackpad:BiPhaseBiplane":58,"LugNut":44,"hubris:MobiusCoin":40,"paleoftheancients:KeyRelic":50,"ReplayTheSpireMod:CursedCoin":58,"Eternal Feather":9,"vexMod:PaidLearning":20,"qcfpunch:Dark_Gi":34,"Du-Vu Doll":47,"paleoftheancients:Timepiece":50,"Replay:Baseball":23,"paleoftheancients:SoulOfTheWokeBloke":52,"Bronze Scales":50,"trackpad:BottledShadow":54,"hubris:TenFootPole":11,"paleoftheancients:SoulOfTheSilent":51,"Kintsugi":17,"Unceasing Top":54,"Regal Pillow":43,"Replay:Multitool":0,"conspire:TopHat":26,"Pet Ghost":44,"Replay:Rubber Ducky":41,"ClockworkSouvenir":58,"Dream Catcher":12,"TheAbacus":58,"Pantograph":6,"aspiration:AnachronicSnailShell":24,"Replay:Lucky Slots":11,"Red Mask":21,"halation:LettersToHer":43,"Potion Belt":14,"Replay:M_StaffOfTheSnake":8,"NeowsBlessing":0,"hubris:64BitClover":29,"Quantum Egg":54,"Omamori":0,"infinitespire:Lucky Rock":26,"Frozen Egg 2":45,"GoldenEye":22,"Replay:Arrowhead":58,"Mercury Hourglass":29,"Sandwich":34,"Anchor":20,"Ornamental Fan":54,"halation:EternalFortune":38,"Ring of Fury":10,"hubris:BundleOfHerbs":55,"Membership Card":44,"PureWater":0,"halation:PinkSoulGem":14,"hubris:NiceRug":58,"infinitespire:Midas Blood":0,"ReplayTheSpireMod:ShopPack":54},{"Ice Cream":48,"ShockBauble":41,"Gremlin Horn":51,"Spirit Poop":51,"infinitespire:Cubic Diamond":31,"qcfpunch:Red_Beret":48,"Bottled Tornado":7,"halation:StarCompass":15,"trackpad:DisasterInABottle":25,"qcfpunch:Unceasing_Flame":27,"m_GuardianBlood":31,"Sozu":22,"trackpad:ZombieHeart":27,"HornCleat":17,"Prayer Wheel":4,"hubris:DeckOfHolding":26,"Iron Hammer":4,"halation:PromiseList":31,"trackpad:BiPhaseBiplane":26,"LugNut":48,"hubris:MobiusCoin":48,"paleoftheancients:KeyRelic":22,"ReplayTheSpireMod:CursedCoin":54,"Eternal Feather":31,"vexMod:PaidLearning":7,"qcfpunch:Dark_Gi":13,"Du-Vu Doll":20,"paleoftheancients:Timepiece":22,"Replay:Baseball":38,"paleoftheancients:SoulOfTheWokeBloke":24,"Bronze Scales":22,"trackpad:BottledShadow":24,"hubris:TenFootPole":31,"paleoftheancients:SoulOfTheSilent":52,"Kintsugi":6,"Unceasing Top":53,"Regal Pillow":48,"Replay:Multitool":27,"conspire:TopHat":38,"Pet Ghost":48,"Replay:Rubber Ducky":16,"ClockworkSouvenir":54,"Dream Catcher":5,"TheAbacus":26,"Pantograph":3,"aspiration:AnachronicSnailShell":8,"Replay:Lucky Slots":31,"Red Mask":37,"halation:LettersToHer":17,"Potion Belt":33,"Replay:M_StaffOfTheSnake":31,"NeowsBlessing":0,"hubris:64BitClover":41,"Quantum Egg":53,"Omamori":27,"infinitespire:Lucky Rock":8,"Frozen Egg 2":49,"GoldenEye":37,"Replay:Arrowhead":26,"Mercury Hourglass":41,"Sandwich":43,"Anchor":7,"Ornamental Fan":53,"halation:EternalFortune":46,"Ring of Fury":4,"hubris:BundleOfHerbs":53,"Membership Card":48,"PureWater":0,"halation:PinkSoulGem":5,"hubris:NiceRug":26,"infinitespire:Midas Blood":27,"ReplayTheSpireMod:ShopPack":53},{"Ice Cream":166,"ShockBauble":149,"Gremlin Horn":176,"Spirit Poop":176,"infinitespire:Cubic Diamond":110,"qcfpunch:Red_Beret":166,"Bottled Tornado":20,"halation:StarCompass":48,"trackpad:DisasterInABottle":90,"qcfpunch:Unceasing_Flame":98,"m_GuardianBlood":110,"Sozu":76,"trackpad:ZombieHeart":98,"HornCleat":54,"Prayer Wheel":6,"hubris:DeckOfHolding":92,"Iron Hammer":6,"halation:PromiseList":110,"trackpad:BiPhaseBiplane":92,"LugNut":166,"hubris:MobiusCoin":166,"paleoftheancients:KeyRelic":76,"ReplayTheSpireMod:CursedCoin":183,"Eternal Feather":110,"vexMod:PaidLearning":20,"qcfpunch:Dark_Gi":42,"Du-Vu Doll":65,"paleoftheancients:Timepiece":76,"Replay:Baseball":142,"paleoftheancients:SoulOfTheWokeBloke":85,"Bronze Scales":76,"trackpad:BottledShadow":85,"hubris:TenFootPole":110,"paleoftheancients:SoulOfTheSilent":179,"Kintsugi":16,"Unceasing Top":182,"Regal Pillow":166,"Replay:Multitool":98,"conspire:TopHat":142,"Pet Ghost":166,"Replay:Rubber Ducky":51,"ClockworkSouvenir":183,"Dream Catcher":10,"TheAbacus":92,"Pantograph":4,"aspiration:AnachronicSnailShell":23,"Replay:Lucky Slots":110,"Red Mask":138,"halation:LettersToHer":54,"Potion Belt":115,"Replay:M_StaffOfTheSnake":110,"NeowsBlessing":0,"hubris:64BitClover":149,"Quantum Egg":182,"Omamori":98,"infinitespire:Lucky Rock":23,"Frozen Egg 2":167,"GoldenEye":138,"Replay:Arrowhead":92,"Mercury Hourglass":149,"Sandwich":156,"Anchor":20,"Ornamental Fan":182,"halation:EternalFortune":159,"Ring of Fury":6,"hubris:BundleOfHerbs":182,"Membership Card":166,"PureWater":0,"halation:PinkSoulGem":10,"hubris:NiceRug":92,"infinitespire:Midas Blood":98,"ReplayTheSpireMod:ShopPack":182}],"Unceasing Top":[0],"Mercury Hourglass":[141]},"card_choices":[{"not_picked":["Wireheading","EmptyFist"],"picked":"ThirdEye","floor":1},{"not_picked":["InnerPeace","Worship"],"picked":"FlurryOfBlows","floor":4},{"not_picked":["EmptyBody","Evaluate"],"picked":"FlurryOfBlows","floor":5},{"not_picked":["Replay:ManipulateFuture","Replay:BluntJabs","Consecrate"],"picked":"SKIP","floor":7},{"not_picked":["Thunderclap","Replay:BluntJabs"],"picked":"Collect","floor":13},{"not_picked":["Perseverance","JustLucky"],"picked":"Wish","floor":14},{"not_picked":["ConjureBlade","Establishment"],"picked":"LessonLearned","floor":16},{"not_picked":["WheelKick","Replay:Vibes"],"picked":"CutThroughFate","floor":18},{"not_picked":["Prostrate","ThirdEye"],"picked":"CutThroughFate+1","floor":19},{"not_picked":["WreathOfFlame","Replay:Cycle","Adaptation"],"picked":"SKIP","floor":23},{"not_picked":["Prostrate","EmptyMind+1"],"picked":"WindmillStrike+1","floor":27},{"not_picked":["JustLucky+1","SashWhip"],"picked":"Replay:ManipulateFuture+1","floor":29},{"not_picked":["Replay:Battleflow","TalkToTheHand+1"],"picked":"JustLucky+1","floor":31},{"not_picked":["Judgement","Replay:LoomingThreat"],"picked":"Ragnarok","floor":33},{"not_picked":["Weave","JustLucky","Protect+1"],"picked":"SKIP","floor":35},{"not_picked":["BowlingBash","SashWhip"],"picked":"CutThroughFate+1","floor":36},{"not_picked":["Replay:AtTheReady","CrushJoints+1","CarveReality"],"picked":"SKIP","floor":39},{"not_picked":["FlyingSleeves","Replay:BluntJabs+1"],"picked":"DeceiveReality+1","floor":40},{"not_picked":["Replay:BluntJabs","FearNoEvil","CrushJoints+1"],"picked":"SKIP","floor":45},{"not_picked":["ClearTheMind+1","Indignation","Conclude"],"picked":"SKIP","floor":48},{"not_picked":["SashWhip+1","WheelKick"],"picked":"ClearTheMind+1","floor":51},{"not_picked":["FollowUp","EmptyBody"],"picked":"Wallop+1","floor":52},{"not_picked":["ReplayTheSpireMod:Necrogeddon","Mayhem"],"picked":"Secret Technique","floor":54},{"not_picked":["FlurryOfBlows","Prostrate","Evaluate"],"picked":"SKIP","floor":56}],"player_experience":806028,"relics_obtained":[{"floor":7,"key":"halation:PromiseList"},{"floor":9,"key":"Eternal Feather"},{"floor":14,"key":"Potion Belt"},{"floor":21,"key":"Red Mask"},{"floor":23,"key":"Replay:Baseball"},{"floor":25,"key":"Anchor"},{"floor":26,"key":"conspire:TopHat"},{"floor":29,"key":"hubris:64BitClover"},{"floor":29,"key":"Mercury Hourglass"},{"floor":30,"key":"ShockBauble"},{"floor":40,"key":"hubris:MobiusCoin"},{"floor":41,"key":"qcfpunch:Red_Beret"},{"floor":43,"key":"Regal Pillow"},{"floor":45,"key":"halation:EternalFortune"},{"floor":45,"key":"Frozen Egg 2"},{"floor":51,"key":"paleoftheancients:SoulOfTheSilent"},{"floor":55,"key":"hubris:BundleOfHerbs"}],"event_choices":[{"damage_healed":0,"gold_gain":75,"player_choice":"Gold","damage_taken":11,"max_hp_gain":0,"max_hp_loss":0,"event_name":"betterThird:BetterGoop","floor":2,"gold_loss":0},{"cards_removed":["Study"],"damage_healed":63,"gold_gain":0,"player_choice":"Offered Uncommon","damage_taken":0,"max_hp_gain":0,"max_hp_loss":0,"event_name":"Bonfire Elementals","floor":3,"gold_loss":0},{"damage_healed":0,"gold_gain":53,"player_choice":"Gained Gold","damage_taken":0,"max_hp_gain":0,"max_hp_loss":0,"event_name":"Golden Wing","floor":12,"gold_loss":0},{"cards_removed":["Defend_P"],"damage_healed":0,"gold_gain":0,"player_choice":"Take \u0026 Give","damage_taken":0,"max_hp_gain":0,"max_hp_loss":0,"event_name":"betterNote:BetterNote","floor":20,"gold_loss":0,"cards_obtained":["DeusExMachina"]},{"damage_healed":0,"gold_gain":0,"player_choice":"Fought Bandits","damage_taken":0,"max_hp_gain":0,"max_hp_loss":0,"event_name":"Masked Bandits","floor":21,"gold_loss":0},{"damage_healed":0,"gold_gain":0,"cards_transformed":["Defend_P"],"player_choice":"Transformed","damage_taken":0,"max_hp_gain":0,"max_hp_loss":0,"event_name":"Transmorgrifier","floor":24,"gold_loss":0,"cards_obtained":["EmptyMind"]},{"damage_healed":0,"gold_gain":0,"player_choice":"Fight","damage_taken":0,"max_hp_gain":0,"max_hp_loss":0,"event_name":"Colosseum","floor":29,"gold_loss":0},{"damage_healed":0,"gold_gain":0,"player_choice":"Fought Nobs","damage_taken":0,"max_hp_gain":0,"max_hp_loss":0,"event_name":"Colosseum","floor":29,"gold_loss":0},{"damage_healed":0,"gold_gain":0,"player_choice":"Forge","damage_taken":0,"max_hp_gain":0,"max_hp_loss":0,"event_name":"Accursed Blacksmith","floor":53,"gold_loss":0,"cards_upgraded":["Ragnarok"]}],"is_beta":false,"boss_relics":[{"not_picked":["Empty Cage","Snecko Heart"],"picked":"Sozu"},{"not_picked":["conspire:RunicOctahedron","VioletLotus"],"picked":"Sandwich"}],"items_purged_floors":[0,0,0,54,58],"is_endless":false,"potions_floor_spawned":[4,5,7,14,18,29,31,33,37,40,45,52],"ascension_level":6}}