{"host":"ly20tmf9be7b85hl","time":1607497978,"event":{"gold_per_floor":[111,111,128,128,139,139,156,156,236,311,311,248,248,261,261,340,340,352,364,384,395,415,415,415,415],"floor_reached":24,"playtime":383,"items_purged":[],"score":380,"play_id":"f525fed1-e0c6-47b5-b672-2f7b3f2b7003","local_time":"20201209161258","is_ascension_mode":true,"campfire_choices":[{"data":"Searing Blow","floor":6.0,"key":"SMITH"},{"data":"Searing Blow+1","floor":8.0,"key":"SMITH"},{"data":"Searing Blow+2","floor":11.0,"key":"SMITH"},{"data":"Searing Blow+3","floor":13.0,"key":"SMITH"},{"data":"Searing Blow+4","floor":15.0,"key":"SMITH"},{"data":"Searing Blow+5","floor":23,"key":"SMITH"}],"neow_cost":"NONE","seed_source_timestamp":922608977777,"circlet_count":0,"master_deck":["AscendersBane","Strike_R","Strike_R","Strike_R","Strike_R","Defend_R","Defend_R","Defend_R","Defend_R","Bash","Impervious","Shrug It Off","Searing Blow+6","Barricade","Second Wind","Shockwave"],"special_seed":0,"relics":["Burning Blood","Happy Flower","Sozu"],"potions_floor_usage":[],"damage_taken":[{"damage":6.0,"enemies":"2 Louse","floor":1.0,"turns":5.0},{"damage":4.0,"enemies":"Small Slimes","floor":3.0,"turns":5.0},{"damage":12.0,"enemies":"Cultist","floor":5.0,"turns":4.0},{"damage":15.0,"enemies":"2 Fungi Beasts","floor":7.0,"turns":4.0},{"damage":8.0,"enemies":"3 Louse","floor":14.0,"turns":5.0},{"damage":2.0,"enemies":"Slime Boss","floor":16.0,"turns":7.0},{"damage":7.0,"enemies":"Chosen","floor":18.0,"turns":4.0},{"damage":0.0,"enemies":"Spheric Guardian","floor":19.0,"turns":3.0},{"damage":22.0,"enemies":"Centurion and Healer","floor":20.0,"turns":8.0},{"damage":18.0,"enemies":"Snecko","floor":21.0,"turns":6.0},{"damage":18,"enemies":"Snake Plant","floor":22,"turns":4},{"damage":33,"enemies":"Slavers","floor":24,"turns":4}],"seed_played":"-342739349927390154","potions_obtained":[{"floor":1.0,"key":"Ancient Potion"},{"floor":3.0,"key":"Swift Potion"}],"is_trial":false,"path_per_floor":["M","?","M","?","M","R","M","R","T","?","R","?","R","M","R","B",null,"M","M","M","M","M","R","E"],"character_chosen":"IRONCLAD","items_purchased":[],"campfire_rested":0,"item_purchase_floors":[],"current_hp_per_floor":[68,73,75,75,69,69,60,60,60,49,49,49,49,47,47,51,73,72,78,62,50,38,38,5,5],"gold":415,"neow_bonus":"ONE_RANDOM_RARE_CARD","is_prod":false,"is_daily":false,"chose_seed":false,"campfire_upgraded":6,"win_rate":0,"timestamp":1607497978,"path_taken":["M","?","M","?","M","R","?","R","T","?","R","?","R","M","R","BOSS","M","M","M","?","M","R","E"],"build_version":"2020-11-30","purchased_purges":0,"victory":false,"max_hp_per_floor":[75,80,80,80,80,80,80,80,80,80,80,80,80,80,80,80,80,80,80,80,80,80,80,80,80],"card_choices":[{"not_picked":["Blood for Blood","Havoc"],"picked":"Shrug It Off","floor":1.0},{"not_picked":["Rampage","Spot Weakness"],"picked":"Searing Blow","floor":3.0},{"not_picked":["Heavy Blade","Searing Blow","Wild Strike"],"picked":"SKIP","floor":5.0},{"not_picked":["Anger","Shrug It Off","Power Through"],"picked":"SKIP","floor":7.0},{"not_picked":["Twin Strike","Armaments","Havoc"],"picked":"SKIP","floor":14.0},{"not_picked":["Limit Break","Demon Form"],"picked":"Barricade","floor":16.0},{"not_picked":["Perfected Strike","Clash","Wild Strike"],"picked":"SKIP","floor":18.0},{"not_picked":["Anger","Hemokinesis"],"picked":"Second Wind","floor":19.0},{"not_picked":["Wild Strike","Barricade","Havoc"],"picked":"SKIP","floor":20.0},{"not_picked":["Clothesline","True Grit"],"picked":"Shockwave","floor":21.0},{"not_picked":["Feel No Pain+1","Warcry","Havoc"],"picked":"SKIP","floor":22}],"player_experience":834657,"relics_obtained":[],"event_choices":[{"damage_healed":0.0,"max_hp_gain":5.0,"max_hp_loss":0.0,"gold_gain":0.0,"event_name":"Big Fish","player_choice":"Donut","floor":2.0,"gold_loss":0.0,"damage_taken":0.0},{"cards_removed":["Strike_R"],"damage_healed":0.0,"max_hp_gain":0.0,"max_hp_loss":0.0,"gold_gain":0.0,"event_name":"Purifier","player_choice":"Purged","floor":4.0,"gold_loss":0.0,"damage_taken":0.0},{"damage_healed":0.0,"max_hp_gain":0.0,"max_hp_loss":0.0,"gold_gain":75.0,"event_name":"World of Goop","player_choice":"Gather Gold","floor":10.0,"gold_loss":0.0,"damage_taken":11.0},{"damage_healed":0.0,"max_hp_gain":0.0,"max_hp_loss":0.0,"gold_gain":0.0,"event_name":"WeMeetAgain","player_choice":"Paid Gold","floor":12.0,"gold_loss":63.0,"damage_taken":0.0,"relics_obtained":["Happy Flower"]}],"is_beta":false,"boss_relics":[{"not_picked":["Calling Bell","Fusion Hammer"],"picked":"Sozu"}],"items_purged_floors":[],"is_endless":false,"potions_floor_spawned":[1,3,19,20,21],"killed_by":"Slavers","ascension_level":20}}