{"host":"jm9833yuloeli2yd","time":1607553873,"event":{"gold_per_floor":[115,126,10,10,35,35,35,66,66,86,129,154,190,4,4,4,4],"floor_reached":16,"playtime":440,"items_purged":[],"score":240,"play_id":"24e3bd1f-3ce7-4ec1-8347-3c376fb6f5c7","local_time":"20201209174433","is_ascension_mode":true,"campfire_choices":[{"data":"Defragment","floor":6.0,"key":"SMITH"},{"data":"Hologram","floor":15,"key":"SMITH"}],"neow_cost":"NONE","seed_source_timestamp":779904263677000,"circlet_count":0,"master_deck":["AscendersBane","Strike_B","Strike_B","Strike_B","Strike_B","Defend_B","Defend_B","Defend_B","Defend_B","Zap","Dualcast","Dramatic Entrance","Beam Cell","Cold Snap","Defragment+1","Sunder","Reinforced Body","FTL","Glacier","Steam","Hologram+1","Go for the Eyes"],"special_seed":0,"relics":["Cracked Core","Golden Idol","Question Card","Oddly Smooth Stone","Ornamental Fan","MealTicket","Membership Card"],"potions_floor_usage":[8,11,13,16],"damage_taken":[{"damage":0.0,"enemies":"Cultist","floor":1.0,"turns":2.0},{"damage":2.0,"enemies":"Jaw Worm","floor":2.0,"turns":2.0},{"damage":0.0,"enemies":"2 Louse","floor":5.0,"turns":1.0},{"damage":25,"enemies":"Lagavulin","floor":8,"turns":7},{"damage":20,"enemies":"Exordium Thugs","floor":10,"turns":4},{"damage":16,"enemies":"3 Sentries","floor":11,"turns":11},{"damage":0,"enemies":"Large Slime","floor":12,"turns":5},{"damage":1,"enemies":"Lagavulin","floor":13,"turns":7},{"damage":22,"enemies":"Hexaghost","floor":16,"turns":9}],"seed_played":"-42854000936943172","potions_obtained":[{"floor":1.0,"key":"EssenceOfSteel"},{"floor":5.0,"key":"Fruit Juice"},{"floor":11,"key":"BlessingOfTheForge"},{"floor":13,"key":"SkillPotion"}],"is_trial":false,"path_per_floor":["M","M","$","?","M","R","$","E","T","M","E","M","E","$","R","B"],"character_chosen":"DEFECT","items_purchased":["Defragment","Sunder","Membership Card","Go for the Eyes"],"campfire_rested":0,"item_purchase_floors":[3,3,14,14],"current_hp_per_floor":[64,62,62,62,62,62,62,37,37,17,6,6,5,20,20,0,0],"gold":4,"neow_bonus":"RANDOM_COLORLESS","is_prod":false,"is_daily":false,"chose_seed":false,"campfire_upgraded":2,"win_rate":0,"timestamp":1607553873,"path_taken":["M","M","$","?","M","R","$","E","T","M","E","M","E","$","R","BOSS"],"build_version":"2020-11-30","purchased_purges":0,"victory":false,"max_hp_per_floor":[71,71,71,64,64,64,64,64,64,64,69,69,69,69,69,69,69],"card_choices":[{"not_picked":["Blind","Jack Of All Trades"],"picked":"Dramatic Entrance","floor":0.0},{"not_picked":["Redo","Undo"],"picked":"Beam Cell","floor":1.0},{"not_picked":["Hello World","Chaos"],"picked":"Cold Snap","floor":2.0},{"not_picked":["Melter","Tempest"],"picked":"Reinforced Body","floor":5.0},{"not_picked":["Rainbow","Streamline"],"picked":"FTL","floor":8},{"not_picked":["Compile Driver","Auto Shields","Chill"],"picked":"Glacier","floor":10},{"not_picked":["Barrage","Conserve Battery","Chill"],"picked":"Steam","floor":11},{"not_picked":["Force Field","Storm","Heatsinks","Stack"],"picked":"SKIP","floor":12},{"not_picked":["Consume","Auto Shields","Chaos"],"picked":"Hologram","floor":13}],"player_experience":982883,"relics_obtained":[{"floor":8,"key":"Question Card"},{"floor":9,"key":"Oddly Smooth Stone"},{"floor":11,"key":"Ornamental Fan"},{"floor":13,"key":"MealTicket"}],"event_choices":[{"damage_healed":0.0,"max_hp_gain":0.0,"max_hp_loss":7.0,"gold_gain":0.0,"event_name":"Golden Idol","player_choice":"Lose Max HP","floor":4.0,"gold_loss":0.0,"damage_taken":0.0,"relics_obtained":["Golden Idol"]}],"is_beta":false,"boss_relics":[],"items_purged_floors":[],"is_endless":false,"potions_floor_spawned":[1,5,11,13],"killed_by":"Hexaghost","ascension_level":20}}