{"host":"hx4olfpwxcse6xrc","time":1607480836,"event":{"gold_per_floor":[110,121,81,97,108,126,155,155,155,155,155,87,107,107,134,153,153,254,254,269,286,286,299,316,347,363,363,389,400,419,429,458,658,658,798,798,865,933,933,1012,1091,1195,1195,975,1056,1056,1141,1141,1141,1229,1229,1410,1410,1506,1618,1413,1502,1607,1726,1726,1849,1875,2007,2157,2207,2207,1864,1864,2071,2071,2205,2205,2357,2357,2357,2511,2511,2511,2511,2511,2673,2847,2847,3040,3040,3315,3315,3533,3533,3766,4013,4274,4274,4566,4566,4644,4944,4488,4754,5072,4874,4874,5247,5247,5602,5975,5975,6373,6797,7253,7253,7728,7754,8260,8811,8105,8633,9212,9212,9884,9884,10533,10533,10533],"floor_reached":123,"playtime":8159,"items_purged":["Impatience","Starlight","SilverMatrix","ReplayTheSpireMod:Splinters","TimeWarp","Starlight","Deny","Solidify","SilverMatrix","Potential"],"score":3362,"play_id":"d149c695-21c8-46ca-95f3-6d2d71e31db3","local_time":"20201208192716","is_ascension_mode":false,"campfire_choices":[{"floor":10.0,"key":"REST"},{"floor":17.0,"key":"REST"},{"floor":27.0,"key":"REST"},{"floor":34.0,"key":"REST"},{"data":"SilverBlades","floor":43.0,"key":"SMITH"},{"data":"KillingDoll","floor":46.0,"key":"SMITH"},{"floor":51.0,"key":"REST"},{"data":"MurderousAura","floor":60.0,"key":"SMITH"},{"data":"SurpressingFire","floor":68.0,"key":"SMITH"},{"data":"MurderousAura","floor":77.0,"key":"SMITH"},{"data":"SoulSculpture","floor":80.0,"key":"SMITH"},{"floor":85.0,"key":"REST"},{"floor":93.0,"key":"REST"},{"data":"infinitespire:Punishment","floor":95.0,"key":"SMITH"},{"data":"Initiator","floor":102.0,"key":"SMITH"},{"data":"Duplication","floor":111.0,"key":"SMITH"},{"floor":119.0,"key":"DIG"}],"neow_cost":"NONE","seed_source_timestamp":0,"circlet_count":0,"master_deck":["KidneyShot","Exchange","ShatteredReality","FanOfKnives","Replace","BottledTime","GearUp","SilverBlades+1","Moonlight+1","FlawlessForm","ShatteredReality","Rearm+1","infinitespire:Punishment+1","Revamp","Dilation","Rearm","Luminosity","SilverBlades+1","SurpressingFire+1","TimeWarp","KillingDoll+1","Alleviate+1","Moonlight","Barrier","Rewind","MurderousAura+1","BestPractice+1","GearUp+1","Initiator+1","GearUp","SurpressingFire+1","InstantArmor+1","GearUp","SoulSculpture+1","Rearm+1","infinitespire:SealOfDarkness+","DancingSilver+1","Desolation","MurderousAura+1","MoonPhase","MurderousAura+1","KillingDoll+1","infinitespire:Collect","Duplication+1","Duplication"],"special_seed":0,"relics":["Uniform","Mirror","ReplayTheSpireMod:TigerMarble","Calipers","Black Star","Kunai","Honey Jar","CaptainsWheel","Bottled Tornado","Smiling Mask","Gambling Chip","Chameleon Ring","infinitespire:EvilPickle","hubris:Stopwatch","hubris:TenFootPole","StoneMask","Centennial Puzzle","Gremlin Horn","hubris:DeckOfHolding","hubris:Towel","hubris:Icosahedron","hubris:Backtick","Gungnir","Replay:Rubber Ducky","ReplayTheSpireMod:CursedCoin","hubris:SlimyHat","RuthlessExorcism:ReiMu","infinitespire:Golems Mask","HollowMod:PaleOreRelic","Pen Nib","Lantern","Pet Ghost","Tiny House","Ice Cream","Art of War","Pandora\u0027s Box","FossilizedHelix","hubris:FunFungus","infinitespire:WardingShard","PaperSwan","Onion Ring","infinitespire:Lucky Rock","War Paint","hubris:MysteriousPyramids","hubris:Metronome","Toy Ornithopter","Bag of Marbles","Boot","Anchor","Prayer Wheel","SlaversCollar","Replay:WaspNest","Gremlin Food","Hololive_LightStick","Letter Opener","Matryoshka","Medical Kit","Shovel","PreservedInsect","Golden Egg"],"potions_floor_usage":[],"damage_taken":[{"damage":4.0,"enemies":"Small Slimes","floor":1.0,"turns":3.0},{"damage":0.0,"enemies":"Cultist","floor":2.0,"turns":3.0},{"damage":0.0,"enemies":"2 Louse","floor":4.0,"turns":1.0},{"damage":0.0,"enemies":"Exordium Wildlife","floor":5.0,"turns":2.0},{"damage":13.0,"enemies":"Exordium Thugs","floor":6.0,"turns":4.0},{"damage":31.0,"enemies":"Lagavulin","floor":7.0,"turns":8.0},{"damage":2.0,"enemies":"Looter","floor":13.0,"turns":2.0},{"damage":9.0,"enemies":"Gremlin Nob","floor":15.0,"turns":4.0},{"damage":0.0,"enemies":"Exordium Wildlife","floor":16.0,"turns":1.0},{"damage":51.0,"enemies":"Fading Forest","floor":18.0,"turns":11.0},{"damage":12.0,"enemies":"Spheric Guardian","floor":20.0,"turns":5.0},{"damage":9.0,"enemies":"3 Byrds","floor":21.0,"turns":3.0},{"damage":0.0,"enemies":"Cultist and Chosen","floor":23.0,"turns":3.0},{"damage":0.0,"enemies":"Snecko","floor":24.0,"turns":3.0},{"damage":9.0,"enemies":"HollowMod:Nosk","floor":25.0,"turns":4.0},{"damage":6.0,"enemies":"Centurion and Healer","floor":26.0,"turns":3.0},{"damage":0.0,"enemies":"Cultist and Chosen","floor":29.0,"turns":1.0},{"damage":2.0,"enemies":"Snake Plant","floor":30.0,"turns":2.0},{"damage":0.0,"enemies":"Chosen and Byrds","floor":31.0,"turns":3.0},{"damage":44.0,"enemies":"Slavers","floor":32.0,"turns":3.0},{"damage":0.0,"enemies":"Pondfish","floor":35.0,"turns":7.0},{"damage":24.0,"enemies":"3 Darklings","floor":37.0,"turns":4.0},{"damage":0.0,"enemies":"Orb Walker","floor":38.0,"turns":1.0},{"damage":7.0,"enemies":"Sphere and 2 Shapes","floor":40.0,"turns":3.0},{"damage":0.0,"enemies":"Jaw Worm Horde","floor":41.0,"turns":3.0},{"damage":17.0,"enemies":"Nightmare","floor":42.0,"turns":6.0},{"damage":23.0,"enemies":"3 Darklings","floor":47.0,"turns":3.0},{"damage":3.0,"enemies":"Writhing Mass","floor":50.0,"turns":4.0},{"damage":0.0,"enemies":"Donu and Deca","floor":52.0,"turns":6.0},{"damage":0.0,"enemies":"Cultist","floor":54.0,"turns":2.0},{"damage":0.0,"enemies":"Small Slimes","floor":55.0,"turns":1.0},{"damage":0.0,"enemies":"Jaw Worm","floor":57.0,"turns":3.0},{"damage":0.0,"enemies":"Exordium Wildlife","floor":58.0,"turns":1.0},{"damage":0.0,"enemies":"Gremlin Nob","floor":59.0,"turns":2.0},{"damage":0.0,"enemies":"Red Slaver","floor":61.0,"turns":2.0},{"damage":0.0,"enemies":"Blue Slaver","floor":63.0,"turns":2.0},{"damage":0.0,"enemies":"Lagavulin","floor":64.0,"turns":2.0},{"damage":1.0,"enemies":"The Guardian","floor":69.0,"turns":3.0},{"damage":0.0,"enemies":"Shell Parasite","floor":71.0,"turns":3.0},{"damage":0.0,"enemies":"Spheric Guardian","floor":73.0,"turns":1.0},{"damage":0.0,"enemies":"Gremlin Leader","floor":76.0,"turns":4.0},{"damage":0.0,"enemies":"Shelled Parasite and Fungi","floor":81.0,"turns":2.0},{"damage":8.0,"enemies":"Snake Plant","floor":82.0,"turns":2.0},{"damage":16.0,"enemies":"Slavers","floor":84.0,"turns":2.0},{"damage":0.0,"enemies":"Automaton","floor":86.0,"turns":4.0},{"damage":0.0,"enemies":"Orb Walker","floor":88.0,"turns":2.0},{"damage":13.0,"enemies":"3 Darklings","floor":90.0,"turns":2.0},{"damage":33.0,"enemies":"4 Shapes","floor":91.0,"turns":2.0},{"damage":0.0,"enemies":"Spire Growth","floor":92.0,"turns":3.0},{"damage":0.0,"enemies":"R_Hoarder","floor":94.0,"turns":2.0},{"damage":0.0,"enemies":"Maw","floor":97.0,"turns":3.0},{"damage":0.0,"enemies":"Transient","floor":99.0,"turns":5.0},{"damage":0.0,"enemies":"Reptomancer","floor":100.0,"turns":2.0},{"damage":15.0,"enemies":"Awakened One","floor":103.0,"turns":5.0},{"damage":0.0,"enemies":"Jaw Worm","floor":105.0,"turns":1.0},{"damage":0.0,"enemies":"Small Slimes","floor":106.0,"turns":1.0},{"damage":0.0,"enemies":"2 Louse","floor":108.0,"turns":1.0},{"damage":0.0,"enemies":"Exordium Thugs","floor":109.0,"turns":2.0},{"damage":0.0,"enemies":"Replay:BlueRogue","floor":110.0,"turns":2.0},{"damage":0.0,"enemies":"Blue Slaver","floor":112.0,"turns":2.0},{"damage":0.0,"enemies":"2 Fungi Beasts","floor":114.0,"turns":1.0},{"damage":0.0,"enemies":"3 Louse","floor":115.0,"turns":1.0},{"damage":0.0,"enemies":"Looter","floor":117.0,"turns":1.0},{"damage":0.0,"enemies":"3 Sentries","floor":118.0,"turns":2.0},{"damage":0.0,"enemies":"The Guardian","floor":120.0,"turns":3.0},{"damage":0.0,"enemies":"Chosen","floor":122.0,"turns":2.0},{"damage":0,"enemies":"Snecko","floor":123,"turns":1}],"seed_played":"3233536490871474167","potions_obtained":[{"floor":2.0,"key":"Fire Potion"},{"floor":6.0,"key":"Reflective Coating"},{"floor":13.0,"key":"Ancient Potion"},{"floor":18.0,"key":"DistilledChaos"},{"floor":23.0,"key":"Dexterity Potion"},{"floor":24.0,"key":"Strength Potion"},{"floor":26.0,"key":"LiquidBronze"},{"floor":29.0,"key":"Weak Potion"},{"floor":30.0,"key":"EssenceOfSteel"},{"floor":32.0,"key":"LiquidBronze"},{"floor":37.0,"key":"LiquidBronze"},{"floor":40.0,"key":"Fire Potion"},{"floor":41.0,"key":"Slimebound:ThreeZeroPotion"},{"floor":52.0,"key":"sneckomod:MuddlingPotion"},{"floor":58.0,"key":"AttackPotion"},{"floor":59.0,"key":"ZuzhouPotion:ReiMu"},{"floor":61.0,"key":"Weak Potion"},{"floor":63.0,"key":"DuplicationPotion"},{"floor":65.0,"key":"ZuzhouPotion:ReiMu"},{"floor":71.0,"key":"FearPotion"},{"floor":92.0,"key":"FearPotion"},{"floor":94.0,"key":"Elixir"},{"floor":97.0,"key":"FairyPotion"}],"is_trial":false,"path_per_floor":["M","M","$","M","M","M","E","PTL","PTL","R","T","$","M","?","E","M","R","B",null,"M","M","AVR","M","M","E","M","R","T","M","M","M","E","?","R","B",null,"M","M","AVR","M","M","NM","R","$","T","R","M","?","?","M","R","B",null,"M","M","$","M","M","E","R","M","T","M","E","AVR","?","$","R","B",null,"M","AVR","M","?","?","E","R","?","T","R","M","M","?","E","R","B",null,"M","?","M","M","M","R","E","R","T","M","$","M","E","$","R","B",null,"M","M","AVR","M","M","E","R","M","T","M","M","$","M","E","R","B",null,"M","M"],"character_chosen":"THE_SERVANT","items_purchased":["FanOfKnives","GearUp","DistilledChaos","Fire Potion","Weak Potion","Replay:Rubber Ducky","ReplayTheSpireMod:CursedCoin","hubris:SlimyHat","Ice Cream","hubris:Metronome","Toy Ornithopter","Anchor","Letter Opener","Matryoshka","Medical Kit"],"campfire_rested":7,"item_purchase_floors":[3,12,44,44,44,56,56,56,67,98,98,101,116,116,116],"current_hp_per_floor":[61,61,61,61,61,48,17,17,17,36,36,36,34,34,25,25,44,7,65,53,44,44,44,44,35,29,48,48,48,46,46,2,2,21,21,65,41,41,41,43,52,43,43,43,43,43,23,23,23,23,45,51,76,77,79,79,80,82,83,83,84,84,85,86,91,91,91,91,92,92,93,93,94,94,94,95,95,95,95,95,97,94,94,89,101,102,102,103,103,93,72,75,107,110,110,110,111,111,112,113,113,113,106,117,118,120,120,122,124,125,125,126,126,128,131,131,132,135,135,136,136,137,137,137],"gold":10533,"neow_bonus":"ONE_RANDOM_RARE_CARD","is_prod":false,"is_daily":false,"chose_seed":false,"campfire_upgraded":9,"win_rate":0,"timestamp":1607480836,"path_taken":["M","M","$","M","M","M","E","PTL","PTL","R","T","$","M","?","E","M","R","BOSS","M","M","AVR","M","M","E","M","R","T","M","M","M","E","?","R","BOSS","M","M","AVR","M","M","NM","R","$","T","R","?","?","?","M","R","BOSS","M","M","$","M","M","E","R","M","T","M","E","AVR","?","?","R","BOSS","M","AVR","M","?","?","E","R","?","T","R","M","?","?","E","R","BOSS","M","?","M","M","M","R","E","R","T","M","$","M","E","$","R","BOSS","M","M","AVR","M","M","E","R","M","T","M","M","?","M","E","R","BOSS","M","M"],"build_version":"2020-11-30","purchased_purges":10,"victory":false,"max_hp_per_floor":[65,65,65,65,65,65,65,65,65,65,65,65,65,65,65,65,65,65,65,65,65,65,65,65,65,65,65,65,65,65,65,65,65,65,65,65,65,65,65,68,71,72,72,72,72,72,73,73,73,74,74,76,76,77,79,79,80,82,83,83,84,84,85,86,91,91,91,91,92,92,93,93,94,94,94,95,95,95,95,95,97,98,98,101,101,102,102,103,103,104,108,109,109,110,110,110,111,111,112,113,113,113,117,117,118,120,120,122,124,125,125,126,126,128,131,131,132,135,135,136,136,137,137,137],"card_choices":[{"not_picked":["BottledTime","DualDimension"],"picked":"Starlight","floor":1.0},{"not_picked":["Spin","Unruled"],"picked":"ShatteredReality","floor":2.0},{"not_picked":["Defy","Moondial"],"picked":"Replace","floor":4.0},{"not_picked":["FastForward","Alleviate"],"picked":"Starlight","floor":5.0},{"not_picked":["Replace","Advance"],"picked":"BottledTime","floor":6.0},{"not_picked":["Collapse","SilverMatrix"],"picked":"TimeWarp","floor":7.0},{"not_picked":["RealityMarble","Shuttle","FanOfKnives"],"picked":"SKIP","floor":13.0},{"not_picked":["Potential","Rewind"],"picked":"Moonlight","floor":15.0},{"not_picked":["Gouge","DualDimension","Deadline"],"picked":"SKIP","floor":16.0},{"not_picked":["SoulSculpture","Deny"],"picked":"FlawlessForm","floor":18.0},{"not_picked":["Advance","Replace"],"picked":"ShatteredReality","floor":20.0},{"not_picked":["ShatteredReality+1","Unruled"],"picked":"Rearm+1","floor":21.0},{"not_picked":["Moondial","Collapse+1","Desolation"],"picked":"Revamp","floor":23.0},{"not_picked":["Manipulate","Unruled","FastForward+1"],"picked":"Potential","floor":24.0},{"not_picked":["Rewind+1","ShatteredReality","PendulumOfEternity"],"picked":"Dilation","floor":25.0},{"not_picked":["Replace","Advance","Defy"],"picked":"Rearm","floor":26.0},{"not_picked":["Starlight","Rewind","Potential"],"picked":"Luminosity","floor":29.0},{"not_picked":["Reset","Unruled","Potential+1"],"picked":"SilverBlades+1","floor":30.0},{"not_picked":["DoubleEdge","Sunlight","Rearm"],"picked":"SurpressingFire+1","floor":31.0},{"not_picked":["Replace","DancingSilver","FastForward"],"picked":"TimeWarp","floor":32.0},{"not_picked":["TheWorld","Solidify","FlawlessForm"],"picked":"KillingDoll","floor":35.0},{"not_picked":["Replace+1","TimeWarp+1","Revamp"],"picked":"Alleviate+1","floor":37.0},{"not_picked":["Revamp+1","DoubleEdge","ReturningBlade"],"picked":"Moonlight","floor":38.0},{"not_picked":["Starlight","FastForward","Defy+1"],"picked":"Barrier","floor":40.0},{"not_picked":["Starlight+1","Ricochet","DoubleEdge+1"],"picked":"Rewind","floor":41.0},{"not_picked":["TimeWarp","Advance","ShiftingGears"],"picked":"MurderousAura","floor":42.0},{"not_picked":["InstantArmor","FanOfKnives+1","WasteNot"],"picked":"BestPractice+1","floor":47.0},{"not_picked":["Potential","Rearm+1","Deadline+1"],"picked":"GearUp+1","floor":50.0},{"not_picked":["Solidify","PendulumOfEternity","FlawlessForm"],"picked":"Initiator","floor":52.0},{"not_picked":["Replace","ShatteredReality","Starlight"],"picked":"GearUp","floor":54.0},{"not_picked":["FastForward","Collapse","SpecialFormula"],"picked":"SurpressingFire","floor":55.0},{"not_picked":["Rewind","Read","TimeTheft","Solidify"],"picked":"SKIP","floor":57.0},{"not_picked":["FastForward","Defy","Manipulate","Starlight"],"picked":"SKIP","floor":58.0},{"not_picked":["TimeTheft","Sunlight","Ricochet"],"picked":"InstantArmor","floor":59.0},{"not_picked":["Contraction","DualDimension","DoubleEdge"],"picked":"GearUp","floor":61.0},{"not_picked":["FastForward","Ricochet","Rewind","DualDimension"],"picked":"SKIP","floor":63.0},{"not_picked":["Comet","DoubleEdge","FastForward","Spin"],"picked":"SKIP","floor":64.0},{"not_picked":["ForgedInTime","FloweringNight","SilverMatrix"],"picked":"SoulSculpture","floor":69.0},{"not_picked":["SilverMatrix","Revamp","Moondial"],"picked":"Rearm+1","floor":71.0},{"not_picked":["BottledTime","FastForward","Replace+1","Starlight"],"picked":"SKIP","floor":73.0},{"not_picked":["Replace","Alleviate","Revamp"],"picked":"MurderousAura","floor":76.0},{"not_picked":["Rearm","StarChef","Potential","Collapse+1"],"picked":"SKIP","floor":81.0},{"not_picked":["DoubleEdge","FanOfKnives","Rearm+1","Spin"],"picked":"SKIP","floor":82.0},{"not_picked":["DoubleEdge","TimeTheft","Rearm","BottledTime+1"],"picked":"SKIP","floor":84.0},{"not_picked":["FlawlessForm","PendulumOfEternity","SoulSculpture"],"picked":"KillingDoll","floor":86.0},{"not_picked":["BottledTime","DancingSilver+1","ShatteredReality","Revamp"],"picked":"SKIP","floor":88.0},{"not_picked":["Alleviate","Starlight+1","ShatteredReality","Ricochet"],"picked":"SKIP","floor":90.0},{"not_picked":["Desolation+1","Starlight","Barrier","TimeWarp"],"picked":"SKIP","floor":91.0},{"not_picked":["Misdirection+1","Replace","BottledTime","Revamp"],"picked":"SKIP","floor":92.0},{"not_picked":["SurpressingFire+1","Orbit","DancingSilver","FastForward+1"],"picked":"SKIP","floor":94.0},{"not_picked":["Sabotage+1","Moonlight+1","Starlight","ShiftingGears"],"picked":"SKIP","floor":97.0},{"not_picked":["Rewind","Alleviate","Defy","ShiftingGears+1"],"picked":"SKIP","floor":99.0},{"not_picked":["infinitespire:NeuralNetwork","ReplayTheSpireMod:Haul"],"picked":"infinitespire:Collect","floor":100.0},{"not_picked":["FastForward+1","Rewind","Snipe+1","Spin"],"picked":"SKIP","floor":100.0},{"not_picked":["Solidify","TheWorld","Initiator"],"picked":"Duplication","floor":103.0},{"not_picked":["Unruled","Rewind","Starlight","Comet"],"picked":"SKIP","floor":105.0},{"not_picked":["Rewind","Sabotage","TimeWarp","Spin"],"picked":"SKIP","floor":106.0},{"not_picked":["WasteNot","Defy","Alleviate"],"picked":"Duplication","floor":108.0},{"not_picked":["Hightail","Defy","BottledTime","BestPractice"],"picked":"SKIP","floor":108.0},{"not_picked":["Starlight","Orbit","Potential","Defy"],"picked":"SKIP","floor":109.0},{"not_picked":["Spin","SpecialFormula","Rewind","DoubleEdge"],"picked":"SKIP","floor":109.0},{"not_picked":["Moondial","Barrier","BottledTime","TimeWarp"],"picked":"SKIP","floor":110.0},{"not_picked":["Desolation","Sabotage","Replace","TimeTheft"],"picked":"SKIP","floor":112.0},{"not_picked":["Luminosity","BottledTime","FanOfKnives","Hightail"],"picked":"SKIP","floor":112.0},{"not_picked":["Reset","Spin","FastForward","Desolation"],"picked":"SKIP","floor":114.0},{"not_picked":["Desolation","Rearm","Unruled","Spin"],"picked":"SKIP","floor":114.0},{"not_picked":["SurpressingFire","DancingSilver","Defy","Ricochet"],"picked":"SKIP","floor":115.0},{"not_picked":["TheWorld","FastForward","GearUp","FanOfKnives"],"picked":"SKIP","floor":115.0},{"not_picked":["Ricochet","Orbit","Rearm","Alleviate"],"picked":"SKIP","floor":117.0},{"not_picked":["Contraction","Rewind","Sabotage","Hightail"],"picked":"SKIP","floor":117.0},{"not_picked":["ShatteredReality","Hightail","Alleviate","Defy"],"picked":"SKIP","floor":118.0},{"not_picked":["Replace","TimeWarp","Rewind","Defy"],"picked":"SKIP","floor":122.0},{"not_picked":["Deadline","Replace+1","Defy","Unruled+1"],"picked":"SKIP","floor":122.0}],"player_experience":475563,"relics_obtained":[{"floor":7.0,"key":"Mirror"},{"floor":11.0,"key":"ReplayTheSpireMod:TigerMarble"},{"floor":15.0,"key":"Calipers"},{"floor":25.0,"key":"CaptainsWheel"},{"floor":25.0,"key":"Bottled Tornado"},{"floor":28.0,"key":"Smiling Mask"},{"floor":32.0,"key":"Gambling Chip"},{"floor":32.0,"key":"Chameleon Ring"},{"floor":42.0,"key":"Centennial Puzzle"},{"floor":42.0,"key":"Gremlin Horn"},{"floor":45.0,"key":"hubris:DeckOfHolding"},{"floor":59.0,"key":"RuthlessExorcism:ReiMu"},{"floor":59.0,"key":"infinitespire:Golems Mask"},{"floor":62.0,"key":"HollowMod:PaleOreRelic"},{"floor":64.0,"key":"Pen Nib"},{"floor":64.0,"key":"Lantern"},{"floor":76.0,"key":"FossilizedHelix"},{"floor":76.0,"key":"hubris:FunFungus"},{"floor":79.0,"key":"infinitespire:WardingShard"},{"floor":84.0,"key":"PaperSwan"},{"floor":84.0,"key":"Onion Ring"},{"floor":94.0,"key":"infinitespire:Lucky Rock"},{"floor":94.0,"key":"War Paint"},{"floor":96.0,"key":"hubris:MysteriousPyramids"},{"floor":100.0,"key":"Bag of Marbles"},{"floor":100.0,"key":"Boot"},{"floor":110.0,"key":"Replay:WaspNest"},{"floor":110.0,"key":"Gremlin Food"},{"floor":113.0,"key":"Hololive_LightStick"},{"floor":118.0,"key":"Shovel"},{"floor":118.0,"key":"PreservedInsect"},{"floor":119.0,"key":"Golden Egg"}],"event_choices":[{"damage_healed":0.0,"max_hp_gain":0.0,"max_hp_loss":0.0,"gold_gain":0.0,"event_name":"Match and Keep!","player_choice":"2 cards matched","floor":14.0,"gold_loss":0.0,"damage_taken":0.0,"cards_obtained":["Impatience","SilverBlades"]},{"damage_healed":0.0,"max_hp_gain":0.0,"max_hp_loss":0.0,"gold_gain":200.0,"event_name":"Wheel of Change","player_choice":"Gold","floor":33.0,"gold_loss":0.0,"damage_taken":0.0},{"cards_removed":["Strike_S"],"damage_healed":0.0,"max_hp_gain":0.0,"max_hp_loss":0.0,"gold_gain":0.0,"event_name":"Wheel of Change","player_choice":"Card Removal","floor":66.0,"gold_loss":0.0,"damage_taken":0.0},{"damage_healed":0.0,"max_hp_gain":0.0,"max_hp_loss":0.0,"gold_gain":0.0,"event_name":"Ghosts","player_choice":"Ignored","floor":74.0,"gold_loss":0.0,"damage_taken":0.0},{"damage_healed":0.0,"max_hp_gain":0.0,"max_hp_loss":0.0,"gold_gain":0.0,"event_name":"Accursed Blacksmith","player_choice":"Forge","floor":78.0,"gold_loss":0.0,"damage_taken":0.0,"cards_upgraded":["MurderousAura"]},{"damage_healed":0.0,"max_hp_gain":0.0,"max_hp_loss":0.0,"gold_gain":0.0,"event_name":"Upgrade Shrine","player_choice":"Upgraded","floor":89.0,"gold_loss":0.0,"damage_taken":0.0,"cards_upgraded":["KillingDoll"]}],"is_beta":false,"boss_relics":[{"not_picked":["Painkiller Herb","hubris:HollowSoul"],"picked":"Black Star"},{"not_picked":["ReplayTheSpireMod:DimensionalGlitch","Kintsugi"],"picked":"hubris:Stopwatch"},{"not_picked":["Tiny House","Replay:Drink Me"],"picked":"hubris:Backtick"},{"not_picked":["Busted Crown","ChewingGum","Kintsugi"]},{"not_picked":["Replay:Ancient Bell","Hololive_TopUpMoneyS","Replay:Bronze Core"]},{"not_picked":["Runic Dome","Abe\u0027s Treasure","hubris:TerracottaHorce"]},{"not_picked":["ChewingGum","Runic Dome","infinitespire:Cupcake"]}],"items_purged_floors":[22,39,44,56,67,72,98,101,107,116],"is_endless":true,"potions_floor_spawned":[2,6,13,18,23,24,26,29,30,32,37,40,41,52,58,59,61,63,69,71,81,82,92,94,97,99,108,109,114,117],"killed_by":"Snecko","ascension_level":0}}