{"host":"p7j7o00jacnw7qzt","time":1607533317,"event":{"gold_per_floor":[117,130,130,145,165,165,195,39,109,136,136,61,71,86,86,158,158,169,181,193,118,152,180,180,210,258,173,202,252,278,6,6,80,80,100,100,118,118,118,118,143,158,158,158,170,198,420,455,455,455,455,455,455,163,191,191],"floor_reached":57,"playtime":3672,"items_purged":["Defend_G","Strike_G","Neutralize"],"score":3477,"play_id":"45cf629c-bdc9-4379-8d89-86de00da251b","local_time":"20201209120157","is_ascension_mode":true,"campfire_choices":[{"data":"Apotheosis","floor":6.0,"key":"SMITH"},{"data":"Defend_G","floor":15.0,"key":"PURGE"},{"floor":24.0,"key":"REST"},{"data":"Strike_G","floor":32.0,"key":"PURGE"},{"data":"Leg Sweep","floor":40.0,"key":"PURGE"},{"floor":44,"key":"RECALL"},{"data":"Survivor","floor":49,"key":"PURGE"},{"data":"Prepared","floor":53,"key":"PURGE"}],"neow_cost":"CURSE","seed_source_timestamp":2118448213517299,"circlet_count":0,"master_deck":["AscendersBane","Apotheosis+1","Backflip","Concentrate","Well Laid Plans+1","Terror","Reflex","Acrobatics+1","Tactician+1","Venomology","Escape Plan","Grand Finale","Adrenaline","Endless Agony"],"special_seed":0,"relics":["Ring of the Snake","Peace Pipe","Matryoshka","Juzu Bracelet","Empty Cage","Red Mask","Frozen Egg 2","Dream Catcher","Potion Belt","Darkstone Periapt","PreservedInsect","Orichalcum","Toy Ornithopter","Pandora\u0027s Box","Blood Vial","Bag of Marbles","Art of War","Gremlin Horn","Bottled Lightning","InkBottle","War Paint","Pen Nib"],"potions_floor_usage":[42,45,46,48,50,51,56],"damage_taken":[{"damage":0.0,"enemies":"Small Slimes","floor":1.0,"turns":4.0},{"damage":4.0,"enemies":"Cultist","floor":2.0,"turns":5.0},{"damage":4.0,"enemies":"Jaw Worm","floor":4.0,"turns":4.0},{"damage":2.0,"enemies":"Large Slime","floor":5.0,"turns":8.0},{"damage":14.0,"enemies":"Gremlin Nob","floor":7.0,"turns":4.0},{"damage":10.0,"enemies":"3 Sentries","floor":10.0,"turns":15.0},{"damage":0.0,"enemies":"3 Louse","floor":13.0,"turns":5.0},{"damage":0.0,"enemies":"2 Fungi Beasts","floor":14.0,"turns":4.0},{"damage":1.0,"enemies":"Hexaghost","floor":16.0,"turns":5.0},{"damage":0.0,"enemies":"Shell Parasite","floor":18.0,"turns":2.0},{"damage":5.0,"enemies":"Spheric Guardian","floor":19.0,"turns":5.0},{"damage":22.0,"enemies":"Cultist and Chosen","floor":20.0,"turns":6.0},{"damage":20.0,"enemies":"Masked Bandits","floor":22.0,"turns":7.0},{"damage":10.0,"enemies":"Slavers","floor":23.0,"turns":5.0},{"damage":0.0,"enemies":"Book of Stabbing","floor":25.0,"turns":3.0},{"damage":0.0,"enemies":"Gremlin Leader","floor":28.0,"turns":2.0},{"damage":0.0,"enemies":"Book of Stabbing","floor":30.0,"turns":2.0},{"damage":0.0,"enemies":"Automaton","floor":33.0,"turns":1.0},{"damage":0.0,"enemies":"3 Shapes","floor":35.0,"turns":2.0},{"damage":0.0,"enemies":"Orb Walker","floor":37.0,"turns":1.0},{"damage":0.0,"enemies":"Reptomancer","floor":41.0,"turns":1.0},{"damage":0,"enemies":"3 Darklings","floor":42,"turns":1},{"damage":5,"enemies":"Sphere and 2 Shapes","floor":45,"turns":2},{"damage":7,"enemies":"Nemesis","floor":46,"turns":3},{"damage":0,"enemies":"Giant Head","floor":48,"turns":1},{"damage":0,"enemies":"Awakened One","floor":50,"turns":2},{"damage":8,"enemies":"Time Eater","floor":51,"turns":2},{"damage":0,"enemies":"Shield and Spear","floor":55,"turns":1},{"damage":22,"enemies":"The Heart","floor":56,"turns":4}],"seed_played":"-3172406171972142048","potions_obtained":[{"floor":4.0,"key":"GhostInAJar"},{"floor":5.0,"key":"SkillPotion"},{"floor":13.0,"key":"PowerPotion"},{"floor":16.0,"key":"SteroidPotion"},{"floor":18.0,"key":"Fruit Juice"},{"floor":22.0,"key":"BlessingOfTheForge"},{"floor":25.0,"key":"Swift Potion"},{"floor":28.0,"key":"SteroidPotion"},{"floor":42,"key":"Swift Potion"}],"is_trial":false,"path_per_floor":["M","M","?","M","M","R","E","$","T","E","?","?","M","M","R","B",null,"M","M","M","?","?","E","R","E","T","?","E","?","E","$","R","B",null,"M","$","M","T","?","R","E","M","T","R","M","E","?","E","R","B","B",null,"R","$","E","B",null],"character_chosen":"THE_SILENT","items_purchased":["Terror","Toy Ornithopter","War Paint"],"campfire_rested":1,"item_purchase_floors":[8,31,54],"current_hp_per_floor":[59,55,55,51,49,49,35,35,35,25,25,25,25,25,25,24,56,56,56,34,34,29,19,40,40,40,40,40,40,40,40,40,45,65,70,70,71,71,61,61,63,70,70,70,66,64,64,71,71,71,63,69,69,69,71,54],"gold":191,"neow_bonus":"RANDOM_COLORLESS_2","is_prod":false,"is_daily":false,"chose_seed":false,"campfire_upgraded":1,"win_rate":0,"timestamp":1607533317,"path_taken":["M","M","?","M","M","R","E","$","T","E","?","?","M","M","R","BOSS","M","M","M","?","?","E","R","E","T","?","E","?","E","$","R","BOSS","M","$","M","?","?","R","E","M","T","R","M","E","?","E","R","BOSS","BOSS","R","$","E","BOSS"],"build_version":"2020-11-30","purchased_purges":3,"victory":true,"max_hp_per_floor":[66,66,66,66,66,66,66,66,66,66,66,66,66,66,66,66,66,66,71,71,71,71,71,71,71,71,71,71,71,71,71,71,71,71,71,71,71,71,71,71,71,71,71,71,71,71,71,71,71,71,71,71,71,71,71,71],"relic_stats":{"Darkstone Periapt":0,"Gremlin Horn":[5,5],"counters":[29,107],"PreservedInsect":360,"Pen Nib":[1],"Juzu Bracelet":1,"Orichalcum":[6],"War Paint":["Acrobatics","Tactician"],"Peace Pipe":6,"Blood Vial":11,"Dream Catcher":0,"Pandora\u0027s Box":["Adrenaline","Endless Agony"],"Art of War":[0],"obtain_stats":[{"Potion Belt":26,"Darkstone Periapt":27,"Gremlin Horn":43,"PreservedInsect":28,"Pen Nib":55,"Juzu Bracelet":10,"Frozen Egg 2":23,"Orichalcum":30,"War Paint":54,"Empty Cage":17,"Peace Pipe":7,"Blood Vial":38,"Dream Catcher":25,"Matryoshka":9,"Pandora\u0027s Box":34,"Red Mask":22,"Bag of Marbles":38,"Art of War":41,"Bottled Lightning":46,"Toy Ornithopter":31,"InkBottle":48,"Ring of the Snake":0},{"Potion Belt":15,"Darkstone Periapt":15,"Gremlin Horn":22,"PreservedInsect":16,"Pen Nib":28,"Juzu Bracelet":6,"Frozen Egg 2":14,"Orichalcum":17,"War Paint":27,"Empty Cage":9,"Peace Pipe":5,"Blood Vial":20,"Dream Catcher":15,"Matryoshka":5,"Pandora\u0027s Box":18,"Red Mask":13,"Bag of Marbles":20,"Art of War":21,"Bottled Lightning":24,"Toy Ornithopter":17,"InkBottle":25,"Ring of the Snake":0},{"Potion Belt":82,"Darkstone Periapt":82,"Gremlin Horn":92,"PreservedInsect":84,"Pen Nib":103,"Juzu Bracelet":40,"Frozen Egg 2":79,"Orichalcum":86,"War Paint":102,"Empty Cage":54,"Peace Pipe":25,"Blood Vial":90,"Dream Catcher":82,"Matryoshka":25,"Pandora\u0027s Box":87,"Red Mask":74,"Bag of Marbles":90,"Art of War":91,"Bottled Lightning":97,"Toy Ornithopter":86,"InkBottle":98,"Ring of the Snake":0}],"Toy Ornithopter":29,"InkBottle":[10],"Ring of the Snake":[59]},"card_choices":[{"not_picked":["Sadistic Nature","Thinking Ahead"],"picked":"Apotheosis","floor":0.0},{"not_picked":["Skewer","Crippling Poison"],"picked":"Prepared","floor":1.0},{"not_picked":["Poisoned Stab","Caltrops"],"picked":"Backflip","floor":2.0},{"not_picked":["Cloak And Dagger","Bane"],"picked":"Leg Sweep","floor":4.0},{"not_picked":["Dodge and Roll","Crippling Poison"],"picked":"Concentrate","floor":5.0},{"not_picked":["Slice","Predator"],"picked":"Well Laid Plans","floor":7.0},{"not_picked":["Quick Slash","Phantasmal Killer"],"picked":"Reflex","floor":10.0},{"not_picked":["Catalyst","Dagger Throw"],"picked":"Acrobatics","floor":13.0},{"not_picked":["Poisoned Stab","Dodge and Roll"],"picked":"Tactician","floor":14.0},{"not_picked":["Night Terror","Burst"],"picked":"Venomology","floor":16.0},{"not_picked":["Underhanded Strike","Endless Agony","Backflip"],"picked":"SKIP","floor":18.0},{"not_picked":["Poisoned Stab","Dagger Throw","Cloak And Dagger"],"picked":"SKIP","floor":19.0},{"not_picked":["Blade Dance","Noxious Fumes"],"picked":"Escape Plan","floor":20.0},{"not_picked":["Dash","Footwork+1","Quick Slash"],"picked":"SKIP","floor":23.0},{"not_picked":["PiercingWail","Footwork+1","Deflect"],"picked":"SKIP","floor":25.0},{"not_picked":["Prepared","Well Laid Plans+1","Backflip"],"picked":"SKIP","floor":28.0},{"not_picked":["Reflex","Deflect"],"picked":"Grand Finale","floor":30.0},{"not_picked":["Noxious Fumes+1","Slice","Quick Slash+1"],"picked":"SKIP","floor":35.0},{"not_picked":["PiercingWail","Underhanded Strike","Choke+1"],"picked":"SKIP","floor":37.0},{"not_picked":["Caltrops+1","Underhanded Strike+1","Outmaneuver"],"picked":"SKIP","floor":41.0},{"not_picked":["Underhanded Strike","Flying Knee","Quick Slash"],"picked":"SKIP","floor":42},{"not_picked":["Finisher","Deflect","Backflip+1"],"picked":"SKIP","floor":45},{"not_picked":["Dagger Throw","Infinite Blades+1","Catalyst"],"picked":"SKIP","floor":46},{"not_picked":["Dodge and Roll","Accuracy+1","Dagger Throw+1"],"picked":"SKIP","floor":48},{"not_picked":["Expertise+1","Accuracy+1","Bullet Time"],"picked":"SKIP","floor":55}],"player_experience":705620,"relics_obtained":[{"floor":7.0,"key":"Peace Pipe"},{"floor":9.0,"key":"Matryoshka"},{"floor":10.0,"key":"Juzu Bracelet"},{"floor":22.0,"key":"Red Mask"},{"floor":23.0,"key":"Frozen Egg 2"},{"floor":25.0,"key":"Dream Catcher"},{"floor":26.0,"key":"Potion Belt"},{"floor":28.0,"key":"PreservedInsect"},{"floor":30.0,"key":"Orichalcum"},{"floor":38.0,"key":"Blood Vial"},{"floor":38.0,"key":"Bag of Marbles"},{"floor":41.0,"key":"Art of War"},{"floor":43,"key":"Gremlin Horn"},{"floor":46,"key":"Bottled Lightning"},{"floor":48,"key":"InkBottle"},{"floor":55,"key":"Pen Nib"}],"event_choices":[{"cards_removed":["Decay"],"damage_healed":0.0,"max_hp_gain":0.0,"max_hp_loss":0.0,"gold_gain":0.0,"event_name":"Living Wall","player_choice":"Forget","floor":3.0,"gold_loss":0.0,"damage_taken":0.0},{"damage_healed":0.0,"max_hp_gain":0.0,"max_hp_loss":0.0,"gold_gain":0.0,"event_name":"Accursed Blacksmith","player_choice":"Forge","floor":11.0,"gold_loss":0.0,"damage_taken":0.0,"cards_upgraded":["Well Laid Plans"]},{"cards_removed":["Defend_G"],"damage_healed":0.0,"max_hp_gain":0.0,"max_hp_loss":0.0,"gold_gain":0.0,"event_name":"The Cleric","player_choice":"Card Removal","floor":12.0,"gold_loss":75.0,"damage_taken":0.0},{"cards_removed":["Strike_G"],"damage_healed":0.0,"max_hp_gain":0.0,"max_hp_loss":0.0,"gold_gain":0.0,"event_name":"Beggar","player_choice":"Gave Gold","floor":21.0,"gold_loss":75.0,"damage_taken":0.0},{"damage_healed":0.0,"max_hp_gain":0.0,"max_hp_loss":0.0,"gold_gain":0.0,"event_name":"Masked Bandits","player_choice":"Fought Bandits","floor":22.0,"gold_loss":0.0,"damage_taken":0.0},{"damage_healed":0.0,"max_hp_gain":0.0,"max_hp_loss":0.0,"gold_gain":0.0,"event_name":"Addict","player_choice":"Obtained Relic","floor":27.0,"gold_loss":85.0,"damage_taken":0.0,"relics_obtained":["Darkstone Periapt"]},{"damage_healed":0.0,"max_hp_gain":0.0,"max_hp_loss":0.0,"gold_gain":100.0,"event_name":"The Joust","player_choice":"Bet on Murderer","floor":29.0,"gold_loss":50.0,"damage_taken":0.0},{"damage_healed":0.0,"max_hp_gain":0.0,"max_hp_loss":0.0,"gold_gain":0.0,"event_name":"SensoryStone","player_choice":"Memory 3","floor":39.0,"gold_loss":0.0,"damage_taken":10.0},{"damage_healed":0,"gold_gain":222,"player_choice":"Wore Mask","damage_taken":0,"max_hp_gain":0,"max_hp_loss":0,"event_name":"Tomb of Lord Red Mask","floor":47,"gold_loss":0}],"is_beta":false,"boss_relics":[{"not_picked":["WristBlade","Calling Bell"],"picked":"Empty Cage"},{"not_picked":["Philosopher\u0027s Stone","SlaversCollar"],"picked":"Pandora\u0027s Box"}],"items_purged_floors":[8,31,54],"is_endless":false,"potions_floor_spawned":[4,5,13,16,18,22,25,28,41,42,46],"ascension_level":20}}