{"host":"9anmc1688xy4jiyg","time":1607517177,"event":{"gold_per_floor":[110,128,148,148,164,164,164],"floor_reached":6,"playtime":225,"items_purged":[],"score":57,"play_id":"72c208bf-2696-45f9-b763-b6b4c602e972","local_time":"20201209133257","is_ascension_mode":true,"campfire_choices":[],"neow_cost":"NONE","seed_source_timestamp":2070491666701900,"circlet_count":0,"master_deck":["AscendersBane","Strike_G","Strike_G","Strike_G","Strike_G","Strike_G","Defend_G","Defend_G","Defend_G","Defend_G","Defend_G","Survivor","Neutralize","Catalyst","Predator","Expertise","Backflip"],"relics":["Coffee Dripper","Bronze Scales"],"potions_floor_usage":[],"damage_taken":[{"damage":0,"enemies":"Small Slimes","floor":1,"turns":4},{"damage":10,"enemies":"Jaw Worm","floor":2,"turns":6},{"damage":2,"enemies":"2 Louse","floor":3,"turns":4},{"damage":13,"enemies":"Exordium Wildlife","floor":5,"turns":3},{"damage":0,"enemies":"3 Sentries","floor":6,"turns":1}],"seed_played":"-8957717662859023176","potions_obtained":[{"floor":1,"key":"Weak Potion"},{"floor":2,"key":"Energy Potion"},{"floor":5,"key":"AttackPotion"}],"is_trial":false,"path_per_floor":["M","M","M","?","M","E"],"character_chosen":"THE_SILENT","items_purchased":[],"campfire_rested":0,"item_purchase_floors":[],"current_hp_per_floor":[63,53,51,18,5,5,5],"gold":164,"neow_bonus":"BOSS_RELIC","is_prod":false,"is_daily":false,"chose_seed":false,"campfire_upgraded":0,"win_rate":0,"timestamp":1607517177,"path_taken":["M","M","M","?","M","E"],"build_version":"2020-11-30","purchased_purges":0,"victory":false,"max_hp_per_floor":[70,70,70,70,70,70,70],"relic_stats":{"counters":[5,18],"Bronze Scales":[9],"obtain_stats":[{"Bronze Scales":4,"Coffee Dripper":0,"Ring of the Snake":0},{"Bronze Scales":3,"Coffee Dripper":0,"Ring of the Snake":0},{"Bronze Scales":14,"Coffee Dripper":0,"Ring of the Snake":0}]},"card_choices":[{"not_picked":["Setup","Acrobatics"],"picked":"Catalyst","floor":1},{"not_picked":["Reflex","Outmaneuver"],"picked":"Predator","floor":2},{"not_picked":["Bane","Deflect"],"picked":"Expertise","floor":3},{"not_picked":["Dodge and Roll","Slice"],"picked":"Backflip","floor":5}],"player_experience":411482,"relics_obtained":[],"event_choices":[{"damage_healed":0,"gold_gain":0,"player_choice":"Success","damage_taken":33,"relics_obtained":["Bronze Scales"],"max_hp_gain":0,"max_hp_loss":0,"event_name":"Scrap Ooze","floor":4,"gold_loss":0}],"is_beta":false,"boss_relics":[],"items_purged_floors":[],"is_endless":false,"potions_floor_spawned":[1,2,5],"killed_by":"3 Sentries","ascension_level":10}}