{"host":"og6lam4kt3nibbw0","time":1607473158,"event":{"gold_per_floor":[14,14,34,48,48,48,74,74,74,86,98,98,98,118,118,190,190,206,206,131,146,146,176,176,176,176],"floor_reached":25,"playtime":707,"items_purged":[],"score":442,"play_id":"e656147f-862f-47f9-a95e-0c3a48e8a7f7","local_time":"20201209091918","is_ascension_mode":true,"campfire_choices":[{"data":"Static Discharge","floor":6.0,"key":"SMITH"},{"data":"Darkness","floor":8.0,"key":"SMITH"},{"data":"Redo","floor":13.0,"key":"SMITH"},{"data":"Echo Form","floor":15.0,"key":"SMITH"},{"floor":24.0,"key":"REST"}],"neow_cost":"NO_GOLD","seed_source_timestamp":2108078579380999,"circlet_count":0,"master_deck":["AscendersBane","Strike_B","Strike_B","Defend_B","Defend_B","Defend_B","Zap","Dualcast","Self Repair","Static Discharge+1","FTL","Darkness+1","Doom and Gloom","Redo+1","Echo Form+1","Amplify","Chill","Leap","Undo"],"special_seed":0,"relics":["Cracked Core","StrikeDummy","Potion Belt","Fusion Hammer","SsserpentHead","Pocketwatch"],"potions_floor_usage":[25],"damage_taken":[{"damage":1.0,"enemies":"Cultist","floor":1.0,"turns":3.0},{"damage":10.0,"enemies":"Small Slimes","floor":3.0,"turns":4.0},{"damage":9.0,"enemies":"Jaw Worm","floor":4.0,"turns":3.0},{"damage":40.0,"enemies":"3 Sentries","floor":7.0,"turns":5.0},{"damage":13.0,"enemies":"2 Fungi Beasts","floor":10.0,"turns":3.0},{"damage":3.0,"enemies":"Large Slime","floor":11.0,"turns":4.0},{"damage":6.0,"enemies":"Looter","floor":14.0,"turns":2.0},{"damage":57.0,"enemies":"The Guardian","floor":16.0,"turns":7.0},{"damage":14.0,"enemies":"Spheric Guardian","floor":18.0,"turns":3.0},{"damage":9.0,"enemies":"Chosen","floor":21.0,"turns":4.0},{"damage":22.0,"enemies":"Slavers","floor":23.0,"turns":5.0},{"damage":62,"enemies":"Gremlin Leader","floor":25,"turns":4}],"seed_played":"2304003142873852418","potions_obtained":[{"floor":7.0,"key":"SteroidPotion"},{"floor":10.0,"key":"FairyPotion"},{"floor":14.0,"key":"Dexterity Potion"},{"floor":16.0,"key":"Swift Potion"},{"floor":21.0,"key":"SpeedPotion"}],"is_trial":false,"path_per_floor":["M","$","M","M","?","R","E","R","T","M","M","?","R","M","R","B",null,"M","?","?","M","?","E","R","E"],"character_chosen":"DEFECT","items_purchased":[],"campfire_rested":1,"item_purchase_floors":[],"current_hp_per_floor":[63,63,60,58,58,58,25,25,25,19,23,46,46,40,40,15,57,50,50,50,55,55,40,61,0,0],"gold":176,"neow_bonus":"REMOVE_TWO","is_prod":false,"is_daily":false,"chose_seed":false,"campfire_upgraded":4,"win_rate":0,"timestamp":1607473158,"path_taken":["M","?","M","M","?","R","E","R","T","?","M","?","R","M","R","BOSS","M","?","?","M","?","E","R","E"],"build_version":"2020-11-30","purchased_purges":0,"victory":false,"max_hp_per_floor":[71,71,71,71,71,71,71,71,71,71,71,71,71,71,71,71,71,71,71,71,71,71,71,71,71,71],"card_choices":[{"not_picked":["Stack","Ball Lightning"],"picked":"Self Repair","floor":1.0},{"not_picked":["Cold Snap","Steam"],"picked":"Static Discharge","floor":3.0},{"not_picked":["Sweeping Beam","Barrage"],"picked":"FTL","floor":4.0},{"not_picked":["Stack","Cold Snap"],"picked":"Darkness","floor":7.0},{"not_picked":["Streamline","Gash"],"picked":"Doom and Gloom","floor":10.0},{"not_picked":["Cold Snap","Recycle"],"picked":"Redo","floor":11.0},{"not_picked":["Capacitor","Compile Driver"],"picked":"Echo Form","floor":14.0},{"not_picked":["All For One","Core Surge"],"picked":"Amplify","floor":16.0},{"not_picked":["Force Field","Redo"],"picked":"Chill","floor":18.0},{"not_picked":["Rebound","Conserve Battery"],"picked":"Leap","floor":21.0},{"not_picked":["FTL","Leap"],"picked":"Undo","floor":23.0}],"player_experience":749292,"relics_obtained":[{"floor":7.0,"key":"StrikeDummy"},{"floor":9.0,"key":"Potion Belt"},{"floor":23.0,"key":"Pocketwatch"}],"event_choices":[{"damage_healed":0.0,"max_hp_gain":0.0,"max_hp_loss":0.0,"gold_gain":0.0,"event_name":"The Cleric","player_choice":"Leave","floor":5.0,"gold_loss":0.0,"damage_taken":0.0},{"damage_healed":23.0,"max_hp_gain":0.0,"max_hp_loss":0.0,"gold_gain":0.0,"event_name":"Big Fish","player_choice":"Banana","floor":12.0,"gold_loss":0.0,"damage_taken":0.0},{"damage_healed":0.0,"max_hp_gain":0.0,"max_hp_loss":0.0,"gold_gain":0.0,"event_name":"Vampires","player_choice":"Ignored","floor":19.0,"gold_loss":0.0,"damage_taken":0.0},{"cards_removed":["Strike_B"],"damage_healed":0.0,"max_hp_gain":0.0,"max_hp_loss":0.0,"gold_gain":0.0,"event_name":"Beggar","player_choice":"Gave Gold","floor":20.0,"gold_loss":75.0,"damage_taken":0.0},{"damage_healed":0.0,"max_hp_gain":0.0,"max_hp_loss":0.0,"gold_gain":0.0,"event_name":"FaceTrader","player_choice":"Trade","floor":22.0,"gold_loss":0.0,"damage_taken":0.0,"relics_obtained":["SsserpentHead"]}],"is_beta":false,"boss_relics":[{"not_picked":["Philosopher\u0027s Stone","SlaversCollar"],"picked":"Fusion Hammer"}],"items_purged_floors":[],"is_endless":false,"potions_floor_spawned":[7,10,14,16,21],"killed_by":"Gremlin Leader","ascension_level":20}}