{"host":"hyrsuayny3efwwum","time":1607487470,"event":{"gold_per_floor":[114,133,148,226,237,268,280,93,138,168,168,168,182,237,237,338,338,358,63,63,78,94,94,124,141,165,165,198,213,230,230,230,335,335,354,36,48,65,0,35,55,85,85,112,112,387,420,420,420,420,420,420,159,189,189,189],"floor_reached":55,"playtime":4103,"items_purged":["Finisher","Slice","Regret"],"score":1299,"play_id":"b4a5070e-789f-406e-81be-6d7bf3f71bf8","local_time":"20201208231750","is_ascension_mode":true,"campfire_choices":[{"data":"Neutralize","floor":7.0,"key":"SMITH"},{"data":"Catalyst","floor":11.0,"key":"SMITH"},{"data":"Dagger Spray","floor":15.0,"key":"SMITH"},{"data":"Venomology","floor":23.0,"key":"SMITH"},{"floor":32.0,"key":"REST"},{"floor":45.0,"key":"RECALL"},{"data":"Catalyst","floor":49.0,"key":"SMITH"},{"data":"Adrenaline","floor":52.0,"key":"SMITH"}],"neow_cost":"NONE","seed_source_timestamp":0,"circlet_count":0,"master_deck":["Survivor","Neutralize+1","Poisoned Stab","Dagger Spray+1","Catalyst+1","Terror","Deadly Poison","Acrobatics","Leg Sweep","Burst","Grand Finale","Crippling Poison+1","Dagger Spray","Venomology+1","Dash","Escape Plan","Noxious Fumes","Blur","Prepared","Catalyst+1","Catalyst+1","Deflect","Blur","Adrenaline+1","Distraction","Malaise","Footwork+1","Well Laid Plans","Escape Plan","Well Laid Plans+1","Escape Plan+1","Madness","Madness","Backflip+1"],"special_seed":0,"relics":["Ring of the Snake","NeowsBlessing","Eternal Feather","MawBank","Toolbox","Akabeko","Art of War","Oddly Smooth Stone","Pandora\u0027s Box","DollysMirror","StrikeDummy","Potion Belt","The Courier","GremlinMask","Coffee Dripper","Toy Ornithopter","Red Mask","Juzu Bracelet","Happy Flower","Nunchaku","Ancient Tea Set","Strawberry","Kunai"],"potions_floor_usage":[55,55,55,55,55,55,55,55,55,55],"damage_taken":[{"damage":0.0,"enemies":"Cultist","floor":1.0,"turns":1.0},{"damage":0.0,"enemies":"2 Louse","floor":2.0,"turns":1.0},{"damage":0.0,"enemies":"Small Slimes","floor":3.0,"turns":1.0},{"damage":9.0,"enemies":"Red Slaver","floor":5.0,"turns":4.0},{"damage":25.0,"enemies":"3 Sentries","floor":6.0,"turns":7.0},{"damage":6.0,"enemies":"Lagavulin","floor":10.0,"turns":5.0},{"damage":0.0,"enemies":"3 Louse","floor":13.0,"turns":2.0},{"damage":16.0,"enemies":"Slime Boss","floor":16.0,"turns":9.0},{"damage":0.0,"enemies":"Chosen","floor":18.0,"turns":4.0},{"damage":0.0,"enemies":"Spheric Guardian","floor":21.0,"turns":3.0},{"damage":13.0,"enemies":"Snake Plant","floor":22.0,"turns":2.0},{"damage":11.0,"enemies":"Book of Stabbing","floor":24.0,"turns":3.0},{"damage":16.0,"enemies":"Centurion and Healer","floor":25.0,"turns":3.0},{"damage":1.0,"enemies":"Gremlin Leader","floor":28.0,"turns":5.0},{"damage":0.0,"enemies":"3 Cultists","floor":29.0,"turns":4.0},{"damage":0.0,"enemies":"Cultist and Chosen","floor":30.0,"turns":4.0},{"damage":21.0,"enemies":"Collector","floor":33.0,"turns":5.0},{"damage":0.0,"enemies":"Orb Walker","floor":35.0,"turns":2.0},{"damage":0.0,"enemies":"3 Darklings","floor":37.0,"turns":4.0},{"damage":9.0,"enemies":"4 Shapes","floor":38.0,"turns":3.0},{"damage":0.0,"enemies":"Nemesis","floor":40.0,"turns":3.0},{"damage":23.0,"enemies":"Jaw Worm Horde","floor":41.0,"turns":3.0},{"damage":18.0,"enemies":"Reptomancer","floor":42.0,"turns":6.0},{"damage":0.0,"enemies":"Giant Head","floor":44.0,"turns":6.0},{"damage":15.0,"enemies":"Nemesis","floor":47.0,"turns":5.0},{"damage":0.0,"enemies":"Time Eater","floor":50.0,"turns":3.0},{"damage":24.0,"enemies":"Shield and Spear","floor":54.0,"turns":5.0},{"damage":101,"enemies":"The Heart","floor":55,"turns":6}],"seed_played":"-571355304800489595","potions_obtained":[{"floor":2.0,"key":"GhostInAJar"},{"floor":3.0,"key":"Explosive Potion"},{"floor":5.0,"key":"ColorlessPotion"},{"floor":12.0,"key":"SteroidPotion"},{"floor":12.0,"key":"BlessingOfTheForge"},{"floor":21.0,"key":"GamblersBrew"},{"floor":28.0,"key":"GhostInAJar"},{"floor":29.0,"key":"CunningPotion"},{"floor":30.0,"key":"PowerPotion"},{"floor":35.0,"key":"EntropicBrew"},{"floor":38.0,"key":"Fire Potion"},{"floor":40.0,"key":"LiquidBronze"},{"floor":44.0,"key":"Explosive Potion"},{"floor":47.0,"key":"Block Potion"}],"is_trial":false,"path_per_floor":["M","M","M","T","M","E","R","$","T","E","R","?","M","T","R","B",null,"M","$","?","M","M","R","E","M","T","?","E","M","M","?","R","B",null,"M","$","M","M","?","E","M","E","T","E","R","?","E","?","R","B",null,"R","$","E","B"],"character_chosen":"THE_SILENT","items_purchased":["Deadly Poison","Toolbox","Catalyst","DollysMirror","Toy Ornithopter","Well Laid Plans","Escape Plan","Strawberry","PowerPotion"],"campfire_rested":1,"item_purchase_floors":[8,8,19,19,36,36,36,53,53],"current_hp_per_floor":[63,63,63,63,54,29,38,38,38,32,41,41,41,41,53,37,62,62,62,55,55,42,54,43,27,27,27,26,26,26,26,62,41,63,63,63,70,66,66,70,52,59,59,64,70,70,55,46,64,70,70,70,77,53,0,0],"gold":189,"neow_bonus":"THREE_ENEMY_KILL","is_prod":false,"is_daily":false,"chose_seed":false,"campfire_upgraded":6,"win_rate":0,"timestamp":1607487470,"path_taken":["M","M","M","?","M","E","R","?","T","E","R","?","?","?","R","BOSS","M","$","?","M","?","R","E","M","T","?","E","?","M","?","R","BOSS","M","$","M","?","?","E","M","E","T","E","R","?","E","?","R","BOSS","R","$","E","BOSS"],"build_version":"2020-11-30","purchased_purges":3,"victory":false,"max_hp_per_floor":[70,70,70,70,70,70,70,70,70,70,70,70,70,70,70,70,70,70,70,70,70,70,70,70,70,70,70,70,70,70,70,70,70,70,70,70,70,70,70,70,70,70,70,70,70,70,70,70,70,70,70,70,77,77,77,77],"relic_stats":{"Nunchaku":[1],"Happy Flower":[8],"counters":[28,109],"Eternal Feather":81,"Pandora\u0027s Box":["Finisher","Grand Finale","Crippling Poison","Dagger Spray","Venomology","Dash","Escape Plan","Noxious Fumes","Blur","Prepared"],"Art of War":[27],"Juzu Bracelet":1,"Kunai":[1],"MawBank":24,"obtain_stats":[{"Potion Belt":26,"NeowsBlessing":0,"Happy Flower":42,"Oddly Smooth Stone":14,"Eternal Feather":4,"GremlinMask":31,"The Courier":28,"Juzu Bracelet":40,"MawBank":6,"Ancient Tea Set":47,"Akabeko":9,"Nunchaku":44,"DollysMirror":19,"Strawberry":53,"Toolbox":8,"Pandora\u0027s Box":17,"Art of War":10,"Coffee Dripper":34,"Red Mask":39,"Kunai":54,"StrikeDummy":24,"Toy Ornithopter":36,"Ring of the Snake":0},{"Potion Belt":13,"NeowsBlessing":0,"Happy Flower":23,"Oddly Smooth Stone":7,"Eternal Feather":3,"GremlinMask":16,"The Courier":14,"Juzu Bracelet":21,"MawBank":5,"Ancient Tea Set":25,"Akabeko":5,"Nunchaku":24,"DollysMirror":9,"Strawberry":26,"Toolbox":5,"Pandora\u0027s Box":8,"Art of War":6,"Coffee Dripper":17,"Red Mask":20,"Kunai":27,"StrikeDummy":12,"Toy Ornithopter":18,"Ring of the Snake":0},{"Potion Belt":45,"NeowsBlessing":0,"Happy Flower":84,"Oddly Smooth Stone":21,"Eternal Feather":3,"GremlinMask":58,"The Courier":50,"Juzu Bracelet":75,"MawBank":14,"Ancient Tea Set":95,"Akabeko":14,"Nunchaku":90,"DollysMirror":34,"Strawberry":98,"Toolbox":14,"Pandora\u0027s Box":30,"Art of War":19,"Coffee Dripper":63,"Red Mask":72,"Kunai":103,"StrikeDummy":42,"Toy Ornithopter":65,"Ring of the Snake":0}],"Toy Ornithopter":98,"Ring of the Snake":[56]},"card_choices":[{"not_picked":["Deflect","Choke"],"picked":"Poisoned Stab","floor":1.0},{"not_picked":["Caltrops","Well Laid Plans"],"picked":"Dagger Spray","floor":2.0},{"not_picked":["PiercingWail","Quick Slash"],"picked":"Slice","floor":3.0},{"not_picked":["Dodge and Roll","Masterful Stab"],"picked":"Catalyst","floor":5.0},{"not_picked":["Choke","Accuracy"],"picked":"Terror","floor":6.0},{"not_picked":["Outmaneuver","Blade Dance"],"picked":"Acrobatics","floor":10.0},{"not_picked":["Terror","Setup"],"picked":"Leg Sweep","floor":13.0},{"not_picked":["Doppelganger","Grand Finale"],"picked":"Burst","floor":16.0},{"not_picked":["Slice+1","Infinite Blades","Backflip"],"picked":"SKIP","floor":18.0},{"not_picked":["Quick Slash+1","Slice"],"picked":"Deflect","floor":21.0},{"not_picked":["All Out Attack","Terror"],"picked":"Blur","floor":22.0},{"not_picked":["Flechettes","Flying Knee","Dagger Spray"],"picked":"SKIP","floor":24.0},{"not_picked":["Backstab","Bane","Poisoned Stab"],"picked":"SKIP","floor":25.0},{"not_picked":["Concentrate","Footwork"],"picked":"Adrenaline","floor":28.0},{"not_picked":["Prepared","Quick Slash"],"picked":"Distraction","floor":29.0},{"not_picked":["Dagger Throw","Flying Knee","Outmaneuver"],"picked":"SKIP","floor":30.0},{"not_picked":["Venomology","Bullet Time"],"picked":"Malaise","floor":33.0},{"not_picked":["Blur","Dodge and Roll"],"picked":"Footwork+1","floor":35.0},{"not_picked":["Cloak And Dagger+1","Acrobatics+1","Setup+1"],"picked":"SKIP","floor":37.0},{"not_picked":["Endless Agony+1","Backflip+1","Concentrate"],"picked":"SKIP","floor":38.0},{"not_picked":["Poisoned Stab","Dash+1","Predator+1"],"picked":"SKIP","floor":40.0},{"not_picked":["Noxious Fumes","Dagger Throw","Riddle With Holes"],"picked":"SKIP","floor":41.0},{"not_picked":["Masterful Stab+1","Expertise+1"],"picked":"Well Laid Plans+1","floor":42.0},{"not_picked":["Acrobatics","Dagger Spray"],"picked":"Escape Plan+1","floor":44.0},{"not_picked":["Flying Knee+1","Distraction","Finisher"],"picked":"SKIP","floor":47.0},{"not_picked":["Distraction+1","Backstab"],"picked":"Backflip+1","floor":54.0}],"player_experience":739703,"relics_obtained":[{"floor":4.0,"key":"Eternal Feather"},{"floor":6.0,"key":"MawBank"},{"floor":9.0,"key":"Akabeko"},{"floor":10.0,"key":"Art of War"},{"floor":14.0,"key":"Oddly Smooth Stone"},{"floor":24.0,"key":"StrikeDummy"},{"floor":26.0,"key":"Potion Belt"},{"floor":28.0,"key":"The Courier"},{"floor":40.0,"key":"Juzu Bracelet"},{"floor":42.0,"key":"Happy Flower"},{"floor":44.0,"key":"Nunchaku"},{"floor":47.0,"key":"Ancient Tea Set"},{"floor":54.0,"key":"Kunai"}],"event_choices":[{"damage_healed":0.0,"max_hp_gain":0.0,"max_hp_loss":0.0,"gold_gain":0.0,"event_name":"Lab","player_choice":"Got Potions","floor":12.0,"gold_loss":0.0,"damage_taken":0.0},{"damage_healed":0.0,"max_hp_gain":0.0,"max_hp_loss":0.0,"gold_gain":0.0,"event_name":"Wheel of Change","player_choice":"Damaged","floor":20.0,"gold_loss":0.0,"damage_taken":7.0},{"damage_healed":0.0,"max_hp_gain":0.0,"max_hp_loss":0.0,"gold_gain":0.0,"event_name":"Upgrade Shrine","player_choice":"Upgraded","floor":27.0,"gold_loss":0.0,"damage_taken":0.0,"cards_upgraded":["Crippling Poison"]},{"damage_healed":0.0,"max_hp_gain":0.0,"max_hp_loss":0.0,"gold_gain":0.0,"event_name":"FaceTrader","player_choice":"Trade","floor":31.0,"gold_loss":0.0,"damage_taken":0.0,"relics_obtained":["GremlinMask"]},{"damage_healed":0.0,"max_hp_gain":0.0,"max_hp_loss":0.0,"gold_gain":0.0,"event_name":"Tomb of Lord Red Mask","player_choice":"Paid","floor":39.0,"gold_loss":65.0,"damage_taken":0.0,"relics_obtained":["Red Mask"]},{"damage_healed":0.0,"max_hp_gain":0.0,"max_hp_loss":0.0,"gold_gain":275.0,"event_name":"Golden Shrine","player_choice":"Desecrate","floor":46.0,"gold_loss":0.0,"damage_taken":0.0,"cards_obtained":["Regret"]},{"damage_healed":0.0,"max_hp_gain":0.0,"max_hp_loss":0.0,"gold_gain":0.0,"event_name":"Winding Halls","player_choice":"Embrace Madness","floor":48.0,"gold_loss":0.0,"damage_taken":9.0,"cards_obtained":["Madness","Madness"]}],"is_beta":false,"boss_relics":[{"not_picked":["Astrolabe","Runic Dome"],"picked":"Pandora\u0027s Box"},{"not_picked":["WristBlade","Calling Bell"],"picked":"Coffee Dripper"}],"items_purged_floors":[19,36,53],"is_endless":false,"potions_floor_spawned":[2,3,5,21,25,28,29,30,35,38,40,44,47],"killed_by":"The Heart","ascension_level":8}}