{"host":"brlhu57vzmgrzvkq","time":1607498574,"event":{"gold_per_floor":[119,119,132,307,320,320,334,364,440,440,468,468,503,516,516,614,664,676,693,380,400,428,428,444,477,477,477,44,44,44,54,54,157,157,175,225,241,143,143,143,175,175,229,280,12,31,43,58,58,58],"floor_reached":51,"playtime":2014,"items_purged":["Strike_R","Strike_R","Defend_R+1","Defend_R+1"],"score":859,"play_id":"3b697526-299e-40a9-b0f1-6075e68ab716","local_time":"20201209002254","is_ascension_mode":true,"campfire_choices":[{"data":"Doubt","floor":6.0,"key":"PURGE"},{"data":"Body Slam","floor":10.0,"key":"SMITH"},{"data":"Strike_R","floor":12.0,"key":"PURGE"},{"data":"Ghostly Armor","floor":15.0,"key":"SMITH"},{"floor":23.0,"key":"REST"},{"floor":27.0,"key":"REST"},{"data":"Reaper","floor":30.0,"key":"SMITH"},{"data":"Fire Breathing","floor":32.0,"key":"SMITH"},{"data":"Body Slam","floor":40,"key":"SMITH"},{"data":"Strike_R+1","floor":42,"key":"PURGE"},{"data":"Shrug It Off","floor":49,"key":"SMITH"}],"neow_cost":"NONE","seed_source_timestamp":680428366244200,"circlet_count":0,"master_deck":["Strike_R+1","Defend_R+1","Defend_R+1","Bash","Body Slam+1","Reckless Charge","Ghostly Armor+1","Reckless Charge","Shrug It Off+1","Armaments+1","Impervious+1","Disarm+1","Feed+1","Whirlwind","Clothesline+1","Spot Weakness+1","Reaper+1","Shrug It Off+1","Entrench+1","Ghostly Armor+1","Fire Breathing+1","Body Slam+1","Impervious+1","Double Tap+1","Body Slam+1"],"special_seed":0,"relics":["Burning Blood","NeowsBlessing","Peace Pipe","MealTicket","Shuriken","Toxic Egg 2","Centennial Puzzle","Tiny House","Bag of Marbles","Red Mask","Letter Opener","Smiling Mask","Magic Flower","Busted Crown","Ginger","Vajra","Red Skull","Champion Belt"],"potions_floor_usage":[33,50,50],"damage_taken":[{"damage":0.0,"enemies":"Small Slimes","floor":1.0,"turns":1.0},{"damage":0.0,"enemies":"Jaw Worm","floor":3.0,"turns":1.0},{"damage":0.0,"enemies":"2 Louse","floor":5.0,"turns":1.0},{"damage":7.0,"enemies":"Looter","floor":7.0,"turns":4.0},{"damage":27.0,"enemies":"3 Sentries","floor":8.0,"turns":11.0},{"damage":16.0,"enemies":"Gremlin Nob","floor":11.0,"turns":5.0},{"damage":13.0,"enemies":"Lagavulin","floor":13.0,"turns":6.0},{"damage":1.0,"enemies":"Exordium Thugs","floor":14.0,"turns":4.0},{"damage":3.0,"enemies":"Hexaghost","floor":16.0,"turns":10.0},{"damage":22.0,"enemies":"Spheric Guardian","floor":18.0,"turns":5.0},{"damage":15.0,"enemies":"Chosen","floor":19.0,"turns":5.0},{"damage":21.0,"enemies":"Snecko","floor":21.0,"turns":7.0},{"damage":64.0,"enemies":"Masked Bandits","floor":22.0,"turns":8.0},{"damage":8.0,"enemies":"Centurion and Healer","floor":24.0,"turns":6.0},{"damage":61.0,"enemies":"Gremlin Leader","floor":25.0,"turns":7.0},{"damage":10.0,"enemies":"Chosen and Byrds","floor":31.0,"turns":6.0},{"damage":77,"enemies":"Champ","floor":33,"turns":16},{"damage":8,"enemies":"3 Darklings","floor":35,"turns":6},{"damage":35,"enemies":"Mind Bloom Boss Battle","floor":36,"turns":8},{"damage":0,"enemies":"Orb Walker","floor":37,"turns":3},{"damage":36,"enemies":"Reptomancer","floor":41,"turns":7},{"damage":15,"enemies":"2 Orb Walkers","floor":44,"turns":4},{"damage":9,"enemies":"Sphere and 2 Shapes","floor":46,"turns":3},{"damage":3,"enemies":"Jaw Worm Horde","floor":47,"turns":7},{"damage":3,"enemies":"Transient","floor":48,"turns":5},{"damage":68,"enemies":"Donu and Deca","floor":50,"turns":9}],"seed_played":"1229978241642039623","potions_obtained":[{"floor":5.0,"key":"Fruit Juice"},{"floor":8.0,"key":"Block Potion"},{"floor":11.0,"key":"Strength Potion"},{"floor":13.0,"key":"SpeedPotion"},{"floor":17.0,"key":"ColorlessPotion"},{"floor":18.0,"key":"Energy Potion"},{"floor":19.0,"key":"SpeedPotion"},{"floor":21.0,"key":"EntropicBrew"},{"floor":25.0,"key":"BlessingOfTheForge"},{"floor":36,"key":"SpeedPotion"}],"is_trial":false,"path_per_floor":["M","?","M","?","M","R","M","E","T","R","E","R","E","M","R","B",null,"M","M","$","M","?","R","M","E","T","R","$","?","R","M","R","B",null,"M","?","M","$","?","R","E","R","T","?","$","M","M","M","R","B",null],"character_chosen":"IRONCLAD","items_purchased":["Reaper","Bag of Marbles","Fire Breathing","Magic Flower","Body Slam","Impervious+1","Double Tap+1"],"campfire_rested":2,"item_purchase_floors":[20,20,28,28,38,45,45],"current_hp_per_floor":[80,68,74,74,80,80,79,58,58,58,48,48,46,51,51,54,90,74,65,80,71,21,49,47,12,12,40,55,55,55,69,69,24,94,94,68,88,94,94,94,82,82,82,76,91,94,98,98,98,72],"gold":58,"neow_bonus":"THREE_ENEMY_KILL","is_prod":false,"is_daily":false,"chose_seed":false,"campfire_upgraded":6,"win_rate":0,"timestamp":1607498574,"path_taken":["M","?","M","?","M","R","M","E","T","R","E","R","E","M","R","BOSS","M","M","$","M","?","R","M","E","T","R","$","?","R","M","R","BOSS","M","?","M","$","?","R","E","R","T","?","$","M","M","M","R","BOSS"],"build_version":"2020-11-30","purchased_purges":4,"victory":true,"max_hp_per_floor":[80,80,80,80,80,80,80,80,80,80,80,80,85,85,85,85,90,90,90,90,90,94,94,94,94,94,94,94,94,94,94,94,94,94,94,94,94,94,94,94,94,94,94,94,94,94,98,98,98,98],"card_choices":[{"not_picked":["Flex","Feel No Pain"],"picked":"Body Slam","floor":1.0},{"not_picked":["Clash","Iron Wave"],"picked":"Reckless Charge","floor":3.0},{"not_picked":["Clash","Heavy Blade"],"picked":"Ghostly Armor","floor":5.0},{"not_picked":["Ghostly Armor","Clothesline"],"picked":"Reckless Charge","floor":7.0},{"not_picked":["Heavy Blade","True Grit"],"picked":"Shrug It Off","floor":8.0},{"not_picked":["Iron Wave","Sword Boomerang"],"picked":"Armaments+1","floor":11.0},{"not_picked":["Thunderclap","Carnage"],"picked":"Impervious+1","floor":13.0},{"not_picked":["Power Through+1","Wild Strike"],"picked":"Disarm+1","floor":14.0},{"not_picked":["Fiend Fire","Brutality"],"picked":"Feed","floor":16.0},{"not_picked":["Warcry+1","Ghostly Armor+1"],"picked":"Whirlwind","floor":17.0},{"not_picked":["Sword Boomerang+1","Inflame"],"picked":"Clothesline+1","floor":18.0},{"not_picked":["Combust","Shockwave+1"],"picked":"Spot Weakness+1","floor":19.0},{"not_picked":["Headbutt","Cleave+1"],"picked":"Shrug It Off+1","floor":21.0},{"not_picked":["Searing Blow","Twin Strike"],"picked":"Entrench+1","floor":22.0},{"not_picked":["Thunderclap","Flex+1","Clothesline+1"],"picked":"SKIP","floor":24.0},{"not_picked":["Headbutt","Searing Blow"],"picked":"Ghostly Armor+1","floor":25.0},{"not_picked":["Twin Strike","Ghostly Armor+1","True Grit+1"],"picked":"SKIP","floor":31.0},{"not_picked":["Pommel Strike"],"picked":"SKIP","floor":35},{"not_picked":[],"picked":"Combust+1","floor":36},{"not_picked":["Dark Embrace+1"],"picked":"SKIP","floor":37},{"not_picked":["Clash"],"picked":"SKIP","floor":41},{"not_picked":["Clothesline+1"],"picked":"SKIP","floor":46},{"not_picked":[],"picked":"Body Slam+1","floor":47},{"not_picked":["Armaments+1"],"picked":"SKIP","floor":48}],"player_experience":46545,"relics_obtained":[{"floor":8.0,"key":"MealTicket"},{"floor":9.0,"key":"Shuriken"},{"floor":11.0,"key":"Toxic Egg 2"},{"floor":13.0,"key":"Centennial Puzzle"},{"floor":22.0,"key":"Red Mask"},{"floor":25.0,"key":"Letter Opener"},{"floor":26.0,"key":"Smiling Mask"},{"floor":36,"key":"Ginger"},{"floor":41,"key":"Vajra"},{"floor":43,"key":"Red Skull"},{"floor":44,"key":"Champion Belt"}],"event_choices":[{"damage_healed":0.0,"max_hp_gain":0.0,"max_hp_loss":0.0,"gold_gain":0.0,"event_name":"Scrap Ooze","player_choice":"Success","floor":2.0,"gold_loss":0.0,"damage_taken":12.0,"relics_obtained":["Peace Pipe"]},{"damage_healed":0.0,"max_hp_gain":0.0,"max_hp_loss":0.0,"gold_gain":175.0,"event_name":"Liars Game","player_choice":"AGREE","floor":4.0,"gold_loss":0.0,"damage_taken":0.0,"cards_obtained":["Doubt"]},{"damage_healed":0.0,"max_hp_gain":0.0,"max_hp_loss":0.0,"gold_gain":0.0,"event_name":"Masked Bandits","player_choice":"Fought Bandits","floor":22.0,"gold_loss":0.0,"damage_taken":0.0},{"damage_healed":0.0,"max_hp_gain":0.0,"max_hp_loss":0.0,"gold_gain":0.0,"event_name":"Back to Basics","player_choice":"Simplicity","floor":29.0,"gold_loss":0.0,"damage_taken":0.0,"cards_upgraded":["Strike_R","Strike_R","Defend_R","Defend_R","Defend_R","Defend_R"]},{"damage_healed":0,"gold_gain":0,"player_choice":"Fight","damage_taken":0,"max_hp_gain":0,"max_hp_loss":0,"event_name":"MindBloom","floor":36,"gold_loss":0},{"cards_removed":["Combust"],"damage_healed":0,"gold_gain":0,"player_choice":"Removed Power","damage_taken":0,"max_hp_gain":0,"max_hp_loss":0,"event_name":"Falling","floor":39,"gold_loss":0},{"damage_healed":0,"gold_gain":0,"player_choice":"Fight","damage_taken":0,"max_hp_gain":0,"max_hp_loss":0,"event_name":"Mysterious Sphere","floor":44,"gold_loss":0}],"is_beta":false,"boss_relics":[{"not_picked":["Runic Cube","Fusion Hammer"],"picked":"Tiny House"},{"not_picked":["Empty Cage","Sozu"],"picked":"Busted Crown"}],"items_purged_floors":[20,28,38,45],"is_endless":false,"potions_floor_spawned":[5,8,11,13,18,19,21,25,36,37,46],"ascension_level":2}}