{"host":"ih7ofq2zpufcoifs","time":1607503352,"event":{"gold_per_floor":[109,123,140,140,155,185,185,210,210,210,285,285,4,24,24,122,122,142,160,38,49,49,49,49,75,101,130,130,161,161,174,174,269,269,284,297,297,311,65,65,95,95,95,111,131,131,36,49,49,49,49,49,1,1,1],"floor_reached":54,"playtime":2570,"items_purged":["Dualcast"],"score":1278,"play_id":"9d415d49-0b43-480c-8235-6b345a84bc36","local_time":"20201209184232","is_ascension_mode":true,"campfire_choices":[{"data":"Hyperbeam","floor":7.0,"key":"SMITH"},{"data":"Go for the Eyes","floor":10.0,"key":"SMITH"},{"floor":12.0,"key":"REST"},{"data":"Melter","floor":15.0,"key":"SMITH"},{"floor":23.0,"key":"REST"},{"floor":28.0,"key":"REST"},{"floor":30.0,"key":"RECALL"},{"floor":32.0,"key":"REST"},{"floor":40.0,"key":"REST"},{"floor":42.0,"key":"REST"},{"floor":49.0,"key":"REST"},{"floor":52,"key":"REST"}],"neow_cost":"NONE","seed_source_timestamp":593960429273600,"circlet_count":0,"master_deck":["AscendersBane","Defend_B","Defend_B","Defend_B","Defend_B","Melter","Barrage","Go for the Eyes+1","Hyperbeam+1","Melter+1","Rebound+1","Flash of Steel+1","FTL+1","Streamline+1","Seek","Hologram","Recycle","Sweeping Beam+1","Genetic Algorithm","Bite+1","Bite+1","Bite+1","Bite+1","Bite+1","Beam Cell+1","Hyperbeam+1","Leap+1","All For One+1","Deep Breath","Protect","Reboot","Purity"],"special_seed":0,"relics":["Nuclear Battery","Molten Egg 2","Lantern","Pen Nib","Medical Kit","Fusion Hammer","Gremlin Horn","Sundial","Emotion Chip","Black Star","PrismaticShard","Gambling Chip","Smiling Mask","Boot"],"potions_floor_usage":[50,50,50],"damage_taken":[{"damage":2.0,"enemies":"Jaw Worm","floor":1.0,"turns":4.0},{"damage":6.0,"enemies":"Cultist","floor":2.0,"turns":3.0},{"damage":6.0,"enemies":"2 Louse","floor":3.0,"turns":3.0},{"damage":19.0,"enemies":"Large Slime","floor":5.0,"turns":6.0},{"damage":0.0,"enemies":"3 Sentries","floor":6.0,"turns":2.0},{"damage":8.0,"enemies":"Gremlin Nob","floor":8.0,"turns":3.0},{"damage":8.0,"enemies":"Blue Slaver","floor":14.0,"turns":3.0},{"damage":0.0,"enemies":"Slime Boss","floor":16.0,"turns":6.0},{"damage":3.0,"enemies":"Chosen","floor":18.0,"turns":2.0},{"damage":28.0,"enemies":"2 Thieves","floor":19.0,"turns":3.0},{"damage":10.0,"enemies":"Snake Plant","floor":21.0,"turns":3.0},{"damage":16.0,"enemies":"Gremlin Leader","floor":25.0,"turns":4.0},{"damage":16.0,"enemies":"Book of Stabbing","floor":27.0,"turns":3.0},{"damage":0.0,"enemies":"Slavers","floor":29.0,"turns":1.0},{"damage":0.0,"enemies":"3 Cultists","floor":31.0,"turns":2.0},{"damage":27.0,"enemies":"Champ","floor":33.0,"turns":7.0},{"damage":1.0,"enemies":"3 Darklings","floor":35.0,"turns":2.0},{"damage":19.0,"enemies":"Orb Walker","floor":36.0,"turns":4.0},{"damage":20.0,"enemies":"4 Shapes","floor":38.0,"turns":3.0},{"damage":34.0,"enemies":"Nemesis","floor":41.0,"turns":5.0},{"damage":0.0,"enemies":"3 Darklings","floor":44.0,"turns":2.0},{"damage":0.0,"enemies":"Sphere and 2 Shapes","floor":45.0,"turns":1.0},{"damage":1.0,"enemies":"Spire Growth","floor":48.0,"turns":4.0},{"damage":63,"enemies":"Time Eater","floor":50,"turns":10},{"damage":49,"enemies":"Shield and Spear","floor":54,"turns":2}],"seed_played":"2077365932387412733","potions_obtained":[{"floor":1.0,"key":"BlessingOfTheForge"},{"floor":6.0,"key":"Weak Potion"},{"floor":16.0,"key":"PowerPotion"},{"floor":25.0,"key":"Ancient Potion"},{"floor":27.0,"key":"AttackPotion"},{"floor":35.0,"key":"Ancient Potion"},{"floor":41.0,"key":"Explosive Potion"},{"floor":44.0,"key":"DuplicationPotion"}],"is_trial":false,"path_per_floor":["M","M","M","?","M","E","R","E","T","R","?","R","$","M","R","B",null,"M","M","$","M","?","R","?","E","T","E","R","E","R","M","R","B",null,"M","M","?","M","$","R","E","R","T","M","M","?","$","M","R","B",null,"R","$","E"],"character_chosen":"DEFECT","items_purchased":["Flash of Steel+1","Medical Kit","FTL+1","Sweeping Beam+1","PrismaticShard","Deep Breath","Purity","Dexterity Potion"],"campfire_rested":8,"item_purchase_floors":[13,13,13,20,39,39,47,53],"current_hp_per_floor":[66,60,54,54,35,35,35,27,27,27,16,38,38,30,30,30,64,61,33,33,23,23,45,45,44,44,34,49,52,52,52,52,42,50,52,39,39,34,34,49,27,42,42,51,52,49,49,49,49,13,40,49,49,0,0],"gold":1,"neow_bonus":"BOSS_RELIC","is_prod":false,"is_daily":false,"chose_seed":false,"campfire_upgraded":3,"win_rate":0,"timestamp":1607503352,"path_taken":["M","M","M","?","?","E","R","E","T","R","?","R","$","M","R","BOSS","M","M","$","M","?","R","?","E","T","E","R","E","R","M","R","BOSS","M","M","?","M","$","R","E","R","T","M","?","?","$","M","R","BOSS","R","$","E"],"build_version":"2020-11-30","purchased_purges":1,"victory":false,"max_hp_per_floor":[75,75,75,75,75,75,75,75,75,75,75,75,75,75,75,75,75,75,75,75,75,75,75,52,52,52,52,52,52,52,52,52,52,52,52,52,52,52,52,52,52,52,52,52,52,49,49,49,49,49,49,49,49,49,49],"card_choices":[{"not_picked":["Gash","Coolheaded"],"picked":"Melter","floor":1.0},{"not_picked":["Consume","Double Energy"],"picked":"Barrage","floor":2.0},{"not_picked":["Steam","Chill"],"picked":"Go for the Eyes","floor":3.0},{"not_picked":["Rebound","Leap"],"picked":"Melter","floor":5.0},{"not_picked":["Steam Power","Chill"],"picked":"Rebound+1","floor":6.0},{"not_picked":["Chill","Consume","Recycle"],"picked":"SKIP","floor":8.0},{"not_picked":["Conserve Battery","Chaos"],"picked":"Streamline+1","floor":14.0},{"not_picked":["Creative AI","Fission"],"picked":"Seek","floor":16.0},{"not_picked":["Sweeping Beam+1","Leap+1"],"picked":"Hologram","floor":18.0},{"not_picked":["Leap+1","Stack"],"picked":"Recycle","floor":19.0},{"not_picked":["Compile Driver+1","Redo"],"picked":"Genetic Algorithm","floor":21.0},{"not_picked":["Capacitor","Reinforced Body"],"picked":"Beam Cell+1","floor":25.0},{"not_picked":["Coolheaded","Double Energy"],"picked":"Hyperbeam+1","floor":27.0},{"not_picked":["Self Repair","Tempest","Gash+1"],"picked":"SKIP","floor":29.0},{"not_picked":["Steam","Turbo"],"picked":"Leap+1","floor":31.0},{"not_picked":["Multi-Cast","Electrodynamics"],"picked":"All For One+1","floor":33.0},{"not_picked":["Barrage+1","Ball Lightning+1","Conserve Battery"],"picked":"SKIP","floor":35.0},{"not_picked":["Conserve Battery","Sunder+1","Hello World+1"],"picked":"SKIP","floor":36.0},{"not_picked":["Capacitor","Melter+1","White Noise"],"picked":"SKIP","floor":38.0},{"not_picked":["Clothesline+1","Go for the Eyes+1"],"picked":"Protect","floor":41.0},{"not_picked":["Consecrate+1","Poisoned Stab+1","Bane+1"],"picked":"SKIP","floor":44.0},{"not_picked":["Crippling Poison","Twin Strike+1"],"picked":"Reboot","floor":45.0},{"not_picked":["Heavy Blade+1","Prepared","Dramatic Entrance+1"],"picked":"SKIP","floor":48.0}],"player_experience":270028,"relics_obtained":[{"floor":6.0,"key":"Molten Egg 2"},{"floor":8.0,"key":"Lantern"},{"floor":9.0,"key":"Pen Nib"},{"floor":25.0,"key":"Gremlin Horn"},{"floor":27.0,"key":"Sundial"},{"floor":29.0,"key":"Emotion Chip"},{"floor":41.0,"key":"Gambling Chip"},{"floor":41.0,"key":"Smiling Mask"},{"floor":43.0,"key":"Boot"}],"event_choices":[{"damage_healed":0.0,"max_hp_gain":0.0,"max_hp_loss":0.0,"gold_gain":0.0,"event_name":"Match and Keep!","player_choice":"1 cards matched","floor":4.0,"gold_loss":0.0,"damage_taken":0.0,"cards_obtained":["Hyperbeam"]},{"damage_healed":0.0,"max_hp_gain":0.0,"max_hp_loss":0.0,"gold_gain":75.0,"event_name":"World of Goop","player_choice":"Gather Gold","floor":11.0,"gold_loss":0.0,"damage_taken":11.0},{"damage_healed":0.0,"max_hp_gain":0.0,"max_hp_loss":23.0,"gold_gain":0.0,"event_name":"Vampires","player_choice":"Became a vampire","floor":24.0,"gold_loss":0.0,"damage_taken":0.0,"cards_obtained":["Bite","Bite","Bite","Bite","Bite"]},{"cards_removed":["Zap"],"damage_healed":0.0,"max_hp_gain":0.0,"max_hp_loss":0.0,"gold_gain":0.0,"event_name":"Purifier","player_choice":"Purged","floor":37.0,"gold_loss":0.0,"damage_taken":0.0},{"damage_healed":0.0,"max_hp_gain":0.0,"max_hp_loss":3.0,"gold_gain":0.0,"event_name":"Winding Halls","player_choice":"Max HP","floor":46.0,"gold_loss":0.0,"damage_taken":0.0}],"is_beta":false,"boss_relics":[{"not_picked":["Inserter","Ectoplasm"],"picked":"Fusion Hammer"},{"not_picked":["Sozu","Tiny House"],"picked":"Black Star"}],"items_purged_floors":[20],"is_endless":false,"potions_floor_spawned":[1,6,16,25,27,29,31,35,41,44],"killed_by":"Shield and Spear","ascension_level":10}}