{"host":"e4wnmsyty9uvvtwf","time":1607516297,"event":{"gold_per_floor":[118,118,43,56,56,56,76,111,111,124,44,55,55,68,68,166,166,185,200,200,200,213,213,213,213,213],"floor_reached":25,"playtime":696,"items_purged":["Normality"],"score":228,"play_id":"4d345221-b529-4d2b-911d-3c2ab643a24b","local_time":"20201209201817","is_ascension_mode":false,"campfire_choices":[{"data":"Runesmith:CraftFirestone","floor":6,"key":"SMITH"},{"data":"Runesmith:Superposition","floor":13,"key":"SMITH"},{"data":"Runesmith:Fortify","floor":15,"key":"SMITH"},{"floor":23,"key":"REST"}],"neow_cost":"CURSE","seed_source_timestamp":938271782438700,"circlet_count":0,"master_deck":["Runesmith:Defend_RS","Runesmith:Defend_RS","Runesmith:Defend_RS","Runesmith:Defend_RS","Runesmith:CraftFirestone+1","Runesmith:Fortify+1","Runesmith:CraftIndustria+1","Runesmith:CraftMagma","Runesmith:UnstableHammer","Runesmith:Terraform","Runesmith:Duplicate","Runesmith:CraftSpiculum","Runesmith:Superposition+1","Runesmith:RuneHurl","Runesmith:CraftMedicinae","Runesmith:Grindstone","Runesmith:CraftIndustria","Writhe","Necronomicurse","Runesmith:RunicBlueprint","Bite","Bite","Bite","Bite","Bite"],"relics":["Runesmith:CoreCrystal","Torii","Mummified Hand","Letter Opener","Necronomicon"],"potions_floor_usage":[22,25],"damage_taken":[{"damage":1,"enemies":"Small Slimes","floor":1,"turns":4},{"damage":0,"enemies":"Jaw Worm","floor":4,"turns":5},{"damage":0,"enemies":"Cultist","floor":7,"turns":3},{"damage":25,"enemies":"Gremlin Nob","floor":8,"turns":5},{"damage":7,"enemies":"Red Slaver","floor":10,"turns":2},{"damage":0,"enemies":"Looter","floor":12,"turns":3},{"damage":1,"enemies":"3 Louse","floor":14,"turns":3},{"damage":12,"enemies":"Hexaghost","floor":16,"turns":9},{"damage":1,"enemies":"Chosen","floor":18,"turns":5},{"damage":27,"enemies":"Spheric Guardian","floor":19,"turns":6},{"damage":21,"enemies":"Shelled Parasite and Fungi","floor":22,"turns":4},{"damage":39,"enemies":"Masked Bandits","floor":25,"turns":3}],"seed_played":"-3971419197132709858","potions_obtained":[{"floor":8,"key":"Regen Potion"},{"floor":10,"key":"PowerPotion"},{"floor":12,"key":"FearPotion"},{"floor":22,"key":"Swift Potion"}],"is_trial":false,"path_per_floor":["M","?","$","M","$","R","M","E","T","M","$","M","R","M","R","B",null,"M","M","?","?","M","R","?","?"],"character_chosen":"RUNESMITH_CLASS","items_purchased":["Runesmith:Superposition"],"campfire_rested":1,"item_purchase_floors":[11],"current_hp_per_floor":[69,69,69,69,69,69,69,44,44,37,37,37,37,36,36,24,70,69,42,42,26,14,35,35,0,0],"gold":213,"neow_bonus":"THREE_RARE_CARDS","is_prod":false,"is_daily":false,"chose_seed":false,"campfire_upgraded":3,"win_rate":0.0,"timestamp":1607516297,"path_taken":["M","?","$","M","?","R","M","E","T","?","?","M","R","?","R","BOSS","M","M","?","?","M","R","?","?"],"build_version":"2020-11-30","purchased_purges":1,"victory":false,"max_hp_per_floor":[70,70,70,70,70,70,70,70,70,70,70,70,70,70,70,70,70,70,70,70,70,70,70,49,49,49],"card_choices":[{"not_picked":["Runesmith:LastStand","Runesmith:MetallurgicalResearch"],"picked":"Runesmith:CraftIndustria","floor":0},{"not_picked":["Runesmith:Overpower","Runesmith:MakeshiftArmor"],"picked":"Runesmith:CraftMagma","floor":1},{"not_picked":["Runesmith:Overpower","Runesmith:Repurpose"],"picked":"Runesmith:UnstableHammer","floor":4},{"not_picked":["Runesmith:LastStand","Runesmith:FieryHammer"],"picked":"Runesmith:Terraform","floor":7},{"not_picked":["Runesmith:NegativeSpace","Runesmith:RuneHurl"],"picked":"Runesmith:Duplicate","floor":8},{"not_picked":["Runesmith:FieryHammer","Runesmith:MakeshiftArmor"],"picked":"Runesmith:CraftSpiculum","floor":10},{"not_picked":["Runesmith:Permafrost","Runesmith:MakeshiftArmor","Runesmith:UnstableHammer"],"picked":"SKIP","floor":12},{"not_picked":["Runesmith:Attraction","Runesmith:MakeshiftArmor"],"picked":"Runesmith:RuneHurl","floor":14},{"not_picked":["Runesmith:Duplicate","Runesmith:GrandSlam"],"picked":"Runesmith:CraftMedicinae","floor":16},{"not_picked":["Runesmith:HammerThrow","Runesmith:StaticCage"],"picked":"Runesmith:Grindstone","floor":18},{"not_picked":["Runesmith:EnergizedChisel","Runesmith:Grindstone"],"picked":"Runesmith:CraftIndustria","floor":19},{"not_picked":["Runesmith:EarthShield","Runesmith:WhiteBalance"],"picked":"Runesmith:RunicBlueprint","floor":22}],"player_experience":477150,"relics_obtained":[{"floor":8,"key":"Torii"},{"floor":9,"key":"Mummified Hand"},{"floor":21,"key":"Necronomicon"}],"event_choices":[{"damage_healed":0,"gold_gain":0,"player_choice":"Grow","damage_taken":0,"max_hp_gain":0,"max_hp_loss":0,"event_name":"Living Wall","floor":2,"gold_loss":0,"cards_upgraded":["Runesmith:CraftIndustria"]},{"damage_healed":0,"gold_gain":0,"player_choice":"Opened","damage_taken":0,"relics_obtained":["Letter Opener"],"max_hp_gain":0,"max_hp_loss":0,"event_name":"The Mausoleum","floor":20,"gold_loss":0,"cards_obtained":["Writhe"]},{"damage_healed":0,"gold_gain":0,"player_choice":"Obtained Book","damage_taken":16,"max_hp_gain":0,"max_hp_loss":0,"event_name":"Cursed Tome","floor":21,"gold_loss":0},{"damage_healed":0,"gold_gain":0,"player_choice":"Became a vampire","damage_taken":0,"max_hp_gain":0,"max_hp_loss":21,"event_name":"Vampires","floor":24,"gold_loss":0,"cards_obtained":["Bite","Bite","Bite","Bite","Bite"]},{"damage_healed":0,"gold_gain":0,"player_choice":"Fought Bandits","damage_taken":0,"max_hp_gain":0,"max_hp_loss":0,"event_name":"Masked Bandits","floor":25,"gold_loss":0}],"is_beta":false,"boss_relics":[{"not_picked":["Ectoplasm","Black Star"],"picked":"Runesmith:CoreCrystal"}],"items_purged_floors":[3],"is_endless":false,"potions_floor_spawned":[8,10,12,14,16,18,22],"killed_by":"Masked Bandits","ascension_level":0}}