{"host":"knkiqlnt7kg6m7j2","time":1607524305,"event":{"gold_per_floor":[110,110,110,110,128,161,236,236,236,236,411,444,462,488,488,585,585,603,626,676,257,276,303,303,315,315,315,325,404,404,420,420,525,525,536,553,123,155,55,55,68,68,68,100,100,100,119,145,145,145],"floor_reached":51,"playtime":3106,"items_purged":["Doubt","Koishi:BasicDefend","Koishi:BasicDefend"],"score":1180,"play_id":"82726b01-ff3d-43d0-865c-7331f5d7952d","local_time":"20201209223145","is_ascension_mode":true,"campfire_choices":[{"data":"Koishi:JumpScare","floor":8.0,"key":"SMITH"},{"data":"Koishi:CatchAndRose","floor":10.0,"key":"SMITH"},{"floor":15.0,"key":"REST"},{"data":"Koishi:Untouchable","floor":27.0,"key":"SMITH"},{"data":"Koishi:ImGoingToCallYouNow","floor":30.0,"key":"SMITH"},{"data":"Koishi:BloodcurdlingScream","floor":32.0,"key":"SMITH"},{"data":"MostiFishMod:WinterMarkForm","floor":40,"key":"SMITH"},{"data":"Koishi:GhostParty","floor":42,"key":"SMITH"},{"data":"Koishi:ReflexRadar","floor":45,"key":"SMITH"},{"data":"Koishi:JumpScare","floor":49,"key":"SMITH"}],"neow_cost":"NONE","seed_source_timestamp":0,"circlet_count":0,"master_deck":["Koishi:BasicStrike","Koishi:BasicStrike","Koishi:BasicStrike","Koishi:BasicDefend+1","Koishi:BasicDefend","Koishi:Provoke+1","Koishi:HauntingSlash","Koishi:CatchAndRose+1","Koishi:JumpScare+1","Koishi:GhostParty+1","Koishi:TremblingHands","Koishi:ImGoingToCallYouNow+1","Koishi:Untouchable+1","Koishi:ReflexRadar+1","Koishi:BloodcurdlingScream+1","Koishi:SilentAndRestless","MostiFishMod:FrostNova","MostiFishMod:WinterMarkForm+1","Koishi:Vanish+1","Koishi:JumpScare+1","Koishi:SuperEgo+1"],"special_seed":0,"relics":["Koishi:ImaginaryFriend","DaveBox","NeowsBlessing","RhineSuit","Question Card","Tiny Chest","Nunchaku","Ancient Tea Set","War Paint","Lizard Tail","ImportantClient","BirthdayGift-Icosahedron","Happy Flower","DianDianMeat","Bag of Preparation","Enchiridion","Kunai","Letter Opener","FrostBlade","BrkXgEgg","CaptainsWheel","Thread and Needle","Torii","Lantern","CeramicFish"],"potions_floor_usage":[50,50],"damage_taken":[{"damage":0.0,"enemies":"2 Louse","floor":1.0,"turns":1.0},{"damage":0.0,"enemies":"Small Slimes","floor":5.0,"turns":1.0},{"damage":0.0,"enemies":"Lagavulin","floor":6.0,"turns":1.0},{"damage":24.0,"enemies":"3 Sentries","floor":12.0,"turns":11.0},{"damage":1.0,"enemies":"Jaw Worm","floor":13.0,"turns":4.0},{"damage":0.0,"enemies":"Gremlin Nob","floor":14.0,"turns":4.0},{"damage":30.0,"enemies":"Slime Boss","floor":16.0,"turns":17.0},{"damage":20.0,"enemies":"3 Byrds","floor":18.0,"turns":2.0},{"damage":0.0,"enemies":"Chosen","floor":22.0,"turns":4.0},{"damage":0.0,"enemies":"Slavers","floor":23.0,"turns":5.0},{"damage":0.0,"enemies":"Snecko","floor":25.0,"turns":5.0},{"damage":0.0,"enemies":"Cultist and Chosen","floor":28.0,"turns":4.0},{"damage":0.0,"enemies":"3 Cultists","floor":31.0,"turns":4.0},{"damage":0.0,"enemies":"Champ","floor":33.0,"turns":8.0},{"damage":0,"enemies":"3 Darklings","floor":35,"turns":2},{"damage":0,"enemies":"3 Shapes","floor":36,"turns":1},{"damage":0,"enemies":"Writhing Mass","floor":38,"turns":3},{"damage":0,"enemies":"Writhing Mass","floor":41,"turns":4},{"damage":0,"enemies":"Nemesis","floor":44,"turns":3},{"damage":0,"enemies":"Maw","floor":47,"turns":4},{"damage":0,"enemies":"Reptomancer","floor":48,"turns":2},{"damage":0,"enemies":"Awakened One","floor":50,"turns":5}],"seed_played":"-7817470648453000286","potions_obtained":[{"floor":1.0,"key":"Fire Potion"},{"floor":5.0,"key":"PowerPotion"},{"floor":6.0,"key":"BlessingOfTheForge"},{"floor":14.0,"key":"Fruit Juice"},{"floor":18.0,"key":"CultistPotion"},{"floor":23.0,"key":"LiquidMemories"},{"floor":28.0,"key":"SpeedPotion"},{"floor":47,"key":"BlessingOfTheForge"}],"is_trial":false,"path_per_floor":["M","?","?","?","M","E","?","R","T","R","?","E","M","E","R","B",null,"M","T","?","$","M","E","?","M","T","R","M","T","R","M","R","B",null,"M","M","$","MIM","$","R","M","R","T","E","R","?","M","E","R","B",null],"character_chosen":"KOISHI","items_purchased":["DianDianMeat","Koishi:Untouchable","Koishi:ReflexRadar","BrkXgEgg","CaptainsWheel"],"campfire_rested":1,"item_purchase_floors":[21,21,21,37,37],"current_hp_per_floor":[60,60,48,53,53,53,42,42,42,42,42,21,26,26,45,22,70,57,57,57,60,73,73,57,73,73,73,73,73,73,76,76,80,91,91,98,98,106,106,106,115,115,115,115,115,104,104,115,115,115],"gold":145,"neow_bonus":"THREE_ENEMY_KILL","is_prod":false,"is_daily":false,"chose_seed":false,"campfire_upgraded":9,"win_rate":0,"timestamp":1607524305,"path_taken":["M","?","?","?","M","E","?","R","T","R","?","E","M","E","R","BOSS","M","?","?","$","?","E","?","M","T","R","M","?","R","?","R","BOSS","BOSS","M","?","$","?","$","R","M","R","T","E","R","?","?","E","R","BOSS"],"build_version":"2020-11-30","purchased_purges":3,"victory":true,"max_hp_per_floor":[60,60,60,65,65,65,65,65,65,65,65,65,65,65,65,70,70,70,70,70,73,73,73,73,73,73,73,73,73,73,76,76,80,91,91,98,98,106,106,106,115,115,115,115,115,115,115,115,115,115],"card_choices":[{"not_picked":["Koishi:Whimsy","Koishi:FourthEye","Koishi:FleetingPhantom"],"picked":"SKIP","floor":1.0},{"not_picked":["Koishi:IdleWhim","Koishi:CatchAndRose","Koishi:HeartfeltFancy","Koishi:UnansweredLove"],"picked":"SKIP","floor":5.0},{"not_picked":["Koishi:SpiritedAway","Koishi:ParalyzingFear","Koishi:TraumaticStroke"],"picked":"Koishi:JumpScare","floor":6.0},{"not_picked":["Koishi:EmbryosDream","Koishi:StingingMind","Koishi:RuptureMind"],"picked":"Koishi:GhostParty","floor":12.0},{"not_picked":["Koishi:Prune","Koishi:ApparitionsStalkTheNight","Koishi:Jaunt"],"picked":"Koishi:TremblingHands","floor":13.0},{"not_picked":["Koishi:GeneticsOfTheUnconscious","Koishi:PhilosophyOfTheDespised","Koishi:ParalyzingFear","Koishi:ReflexRadar"],"picked":"SKIP","floor":14.0},{"not_picked":["Koishi:Heartbroken","Koishi:MentalBreakdown","Koishi:PerfectMindControl"],"picked":"Koishi:ImGoingToCallYouNow","floor":16.0},{"not_picked":["Koishi:PhilosophyOfTheDespised","Koishi:StingingMind+1","Koishi:Jaunt","Koishi:ParalyzingFear"],"picked":"SKIP","floor":18.0},{"not_picked":["Koishi:PhantomBarrier+1","Koishi:YoukaiPolygraph","Koishi:UnconsciousUprising","Koishi:DreadfulBlow"],"picked":"SKIP","floor":22.0},{"not_picked":["Koishi:Whimsy","Koishi:JumpScare","Koishi:FadingMemory","Koishi:DreadfulBlow"],"picked":"SKIP","floor":23.0},{"not_picked":["Koishi:Prune+1","Koishi:FidgetySnatcher","Koishi:UnconsciousUprising","Koishi:PhantomBarrier"],"picked":"SKIP","floor":25.0},{"not_picked":["Koishi:StingingMind","Koishi:DreadfulBlow","Koishi:ReleaseOfTheId","Koishi:FleetingPhantom"],"picked":"SKIP","floor":28.0},{"not_picked":["Koishi:ReflexRadar","Koishi:Bloodlust","Koishi:YoukaiPolygraph"],"picked":"Koishi:BloodcurdlingScream","floor":31.0},{"not_picked":["Koishi:RoseHell","Koishi:ConfinedInnocent","Koishi:MentalBreakdown"],"picked":"Koishi:SilentAndRestless","floor":33},{"not_picked":["Koishi:PhantomStrike","Koishi:SpiritedAway","Koishi:BloodcurdlingScream+1","Koishi:ReflexRadar"],"picked":"SKIP","floor":35},{"not_picked":["Koishi:HeartAttack+1","Koishi:UnconsciousUprising+1","Koishi:Catatonia"],"picked":"Koishi:Vanish+1","floor":36},{"not_picked":["Koishi:PhantomStrike","Koishi:PhantomBarrier","Koishi:UnconsciousUrges"],"picked":"Koishi:JumpScare","floor":38},{"not_picked":["Koishi:StrangeCloudFist+1","Koishi:TremblingHands","Koishi:UnseenTerror"],"picked":"Koishi:SuperEgo+1","floor":41},{"not_picked":["Koishi:Prune","Koishi:StrangeCloudFist+1","Koishi:SubterraneanRose+1","Koishi:SpiritedAway"],"picked":"SKIP","floor":44},{"not_picked":["Koishi:ReflexRadar+1","Koishi:FidgetySnatcher","Koishi:PhantomStrike","Koishi:StrangeCloudFist+1"],"picked":"SKIP","floor":47},{"not_picked":["Koishi:StingingMind+1","Koishi:LastRemote+1","Koishi:SpiritedAway+1","Koishi:DreadfulBlow"],"picked":"SKIP","floor":48}],"player_experience":74459,"relics_obtained":[{"floor":1.0,"key":"Question Card"},{"floor":6.0,"key":"Nunchaku"},{"floor":9.0,"key":"Ancient Tea Set"},{"floor":12.0,"key":"War Paint"},{"floor":14.0,"key":"Lizard Tail"},{"floor":16.0,"key":"ImportantClient"},{"floor":19.0,"key":"Happy Flower"},{"floor":23.0,"key":"Bag of Preparation"},{"floor":24.0,"key":"Enchiridion"},{"floor":26.0,"key":"Kunai"},{"floor":29.0,"key":"Letter Opener"},{"floor":38,"key":"Thread and Needle"},{"floor":43,"key":"Torii"},{"floor":44,"key":"Lantern"},{"floor":48,"key":"CeramicFish"}],"event_choices":[{"damage_healed":0.0,"max_hp_gain":0.0,"max_hp_loss":0.0,"gold_gain":0.0,"cards_transformed":["Koishi:BasicStrike"],"event_name":"Living Wall","player_choice":"Change","floor":2.0,"gold_loss":0.0,"damage_taken":0.0,"cards_obtained":["Koishi:CatchAndRose"]},{"damage_healed":0.0,"max_hp_gain":0.0,"max_hp_loss":0.0,"gold_gain":0.0,"event_name":"Scrap Ooze","player_choice":"Success","floor":3.0,"gold_loss":0.0,"damage_taken":12.0,"relics_obtained":["Tiny Chest"]},{"damage_healed":0.0,"max_hp_gain":5.0,"max_hp_loss":0.0,"gold_gain":0.0,"event_name":"Big Fish","player_choice":"Donut","floor":4.0,"gold_loss":0.0,"damage_taken":0.0},{"damage_healed":0.0,"max_hp_gain":0.0,"max_hp_loss":0.0,"gold_gain":75.0,"event_name":"World of Goop","player_choice":"Gather Gold","floor":7.0,"gold_loss":0.0,"damage_taken":11.0},{"damage_healed":0.0,"max_hp_gain":0.0,"max_hp_loss":0.0,"gold_gain":175.0,"event_name":"Liars Game","player_choice":"AGREE","floor":11.0,"gold_loss":0.0,"damage_taken":0.0,"cards_obtained":["Doubt"]},{"damage_healed":0.0,"max_hp_gain":0.0,"max_hp_loss":0.0,"gold_gain":100.0,"event_name":"The Joust","player_choice":"Bet on Murderer","floor":20.0,"gold_loss":50.0,"damage_taken":0.0},{"damage_healed":0.0,"max_hp_gain":0.0,"max_hp_loss":0.0,"gold_gain":0.0,"event_name":"Cursed Tome","player_choice":"Obtained Book","floor":24.0,"gold_loss":0.0,"damage_taken":16.0},{"damage_healed":0,"gold_gain":0,"player_choice":"Damaged","damage_taken":11,"max_hp_gain":0,"max_hp_loss":0,"event_name":"Wheel of Change","floor":46,"gold_loss":0}],"is_beta":false,"boss_relics":[{"not_picked":["HaiYi:Twilight","Sozu"],"picked":"BirthdayGift-Icosahedron"},{"not_picked":["Fusion Hammer","Astrolabe"],"picked":"FrostBlade"}],"items_purged_floors":[21,37,39],"is_endless":false,"potions_floor_spawned":[1,5,6,14,18,23,28,31,35,47,48],"ascension_level":2}}