{"host":"ormi09wwzv7sq47a","time":1607523512,"event":{"gold_per_floor":[118,68,88,101,119,119,153,153,180,180,180,192,117,134,134,232,232,246,246,226,237,250,250,250,250],"floor_reached":24,"playtime":809,"items_purged":["Strike_B"],"score":198,"play_id":"b8b7a9d0-7a4b-4c08-bbea-4aa64ad3cd01","local_time":"20201209111832","is_ascension_mode":false,"campfire_choices":[{"data":"Streamline","floor":6.0,"key":"SMITH"},{"data":"Core Surge","floor":8.0,"key":"SMITH"},{"data":"FTL","floor":11.0,"key":"SMITH"},{"data":"Zap","floor":15.0,"key":"SMITH"},{"data":"Beam Cell","floor":23,"key":"SMITH"}],"neow_cost":"NONE","seed_source_timestamp":2134194531865600,"circlet_count":0,"master_deck":["Strike_B","Defend_B","Defend_B","Defend_B","Defend_B","Zap+1","Dualcast","Streamline+1","Core Surge+1","Beam Cell+1","Leap","FTL+1","Turbo","Creative AI","Rebound+1","Gash","Reinforced Body+1","Compile Driver+1"],"special_seed":0,"relics":["FrozenCore","Bag of Marbles","Lantern"],"potions_floor_usage":[21,21],"damage_taken":[{"damage":0.0,"enemies":"2 Louse","floor":1.0,"turns":3.0},{"damage":1.0,"enemies":"Jaw Worm","floor":3.0,"turns":4.0},{"damage":3.0,"enemies":"Small Slimes","floor":4.0,"turns":2.0},{"damage":7.0,"enemies":"3 Louse","floor":5.0,"turns":3.0},{"damage":16.0,"enemies":"Gremlin Nob","floor":7.0,"turns":3.0},{"damage":9.0,"enemies":"Exordium Wildlife","floor":12.0,"turns":3.0},{"damage":2.0,"enemies":"Large Slime","floor":14.0,"turns":3.0},{"damage":22.0,"enemies":"The Guardian","floor":16.0,"turns":9.0},{"damage":0.0,"enemies":"Spheric Guardian","floor":18.0,"turns":6.0},{"damage":6,"enemies":"3 Byrds","floor":21,"turns":5},{"damage":23,"enemies":"3 Cultists","floor":22,"turns":8},{"damage":61,"enemies":"Gremlin Leader","floor":24,"turns":5}],"seed_played":"-6980907068774591265","potions_obtained":[{"floor":4.0,"key":"sneckomod:MuddlingPotion"},{"floor":5.0,"key":"Explosive Potion"},{"floor":12.0,"key":"sneckomod:MuddlingPotion"},{"floor":14.0,"key":"BlessingOfTheForge"},{"floor":20,"key":"FearPotion"}],"is_trial":false,"path_per_floor":["M","?","M","M","M","R","E","R","T","?","R","M","$","M","R","B",null,"M","?","?","M","M","R","E"],"character_chosen":"DEFECT","items_purchased":[],"campfire_rested":0,"item_purchase_floors":[],"current_hp_per_floor":[82,82,81,78,71,71,55,55,55,55,55,46,46,44,44,22,82,82,82,82,76,53,53,0,0],"gold":250,"neow_bonus":"TEN_PERCENT_HP_BONUS","is_prod":false,"is_daily":false,"chose_seed":false,"campfire_upgraded":5,"win_rate":0,"timestamp":1607523512,"path_taken":["M","?","M","M","M","R","E","R","T","?","R","M","$","M","R","BOSS","M","?","?","M","M","R","E"],"build_version":"2020-11-30","purchased_purges":1,"victory":false,"max_hp_per_floor":[82,82,82,82,82,82,82,82,82,82,82,82,82,82,82,82,82,82,82,82,82,82,82,82,82],"relic_stats":{"counters":[12,54],"obtain_stats":[{"Lantern":9,"Bag of Marbles":7,"Cracked Core":0,"FrozenCore":17},{"Lantern":5,"Bag of Marbles":5,"Cracked Core":0,"FrozenCore":8},{"Lantern":15,"Bag of Marbles":15,"Cracked Core":0,"FrozenCore":30}],"FrozenCore":[12]},"card_choices":[{"not_picked":["Rebound","Ball Lightning"],"picked":"Streamline","floor":1.0},{"not_picked":["Cold Snap","Compile Driver"],"picked":"Core Surge","floor":3.0},{"not_picked":["Conserve Battery","Leap"],"picked":"Beam Cell","floor":4.0},{"not_picked":["Tempest","Coolheaded"],"picked":"Leap","floor":5.0},{"not_picked":["Echo Form","Steam Power"],"picked":"FTL","floor":7.0},{"not_picked":["Coolheaded","Beam Cell","Redo"],"picked":"SKIP","floor":12.0},{"not_picked":["Compile Driver","Leap"],"picked":"Turbo","floor":14.0},{"not_picked":["Thunder Strike","Fission"],"picked":"Creative AI","floor":16.0},{"not_picked":["Reprogram","Cold Snap"],"picked":"Rebound+1","floor":18.0},{"not_picked":["Conserve Battery","Undo"],"picked":"Reinforced Body+1","floor":21},{"not_picked":["Auto Shields","Storm"],"picked":"Compile Driver+1","floor":22}],"player_experience":717600,"relics_obtained":[{"floor":7.0,"key":"Bag of Marbles"},{"floor":9.0,"key":"Lantern"}],"event_choices":[{"cards_removed":["Strike_B"],"damage_healed":0.0,"max_hp_gain":0.0,"max_hp_loss":0.0,"gold_gain":0.0,"event_name":"The Cleric","player_choice":"Card Removal","floor":2.0,"gold_loss":50.0,"damage_taken":0.0},{"cards_removed":["Strike_B"],"damage_healed":0.0,"max_hp_gain":0.0,"max_hp_loss":0.0,"gold_gain":0.0,"event_name":"Living Wall","player_choice":"Forget","floor":10.0,"gold_loss":0.0,"damage_taken":0.0},{"damage_healed":0,"gold_gain":0,"player_choice":"1 cards matched","damage_taken":0,"max_hp_gain":0,"max_hp_loss":0,"event_name":"Match and Keep!","floor":19,"gold_loss":0,"cards_obtained":["Gash"]},{"damage_healed":0,"gold_gain":0,"player_choice":"Bought 1 Potion","damage_taken":0,"max_hp_gain":0,"max_hp_loss":0,"event_name":"The Woman in Blue","floor":20,"gold_loss":0}],"is_beta":false,"boss_relics":[{"not_picked":["Busted Crown","Inserter"],"picked":"FrozenCore"}],"items_purged_floors":[13],"is_endless":false,"potions_floor_spawned":[4,5,12,14],"killed_by":"Gremlin Leader","ascension_level":0}}