{"host":"knkiqlnt7kg6m7j2","time":1607519857,"event":{"gold_per_floor":[113,34,52,70,82,108,108,163,190,234,234,234,93,112,112,222,222,242,267,83,83,63,63,79,102,125,125,151,151,184,209,209,320,365,393,127,177,188,201,201,236,236,236,116,116,152,162,188,188,188],"floor_reached":51,"playtime":2541,"items_purged":["Koishi:BasicDefend","Koishi:BasicDefend","Koishi:BasicStrike","Koishi:BasicDefend"],"score":1181,"play_id":"6ce3b04d-bff5-445e-9138-2d2ffdb319f0","local_time":"20201209211737","is_ascension_mode":true,"campfire_choices":[{"floor":7,"key":"REST"},{"data":"Koishi:HeartAttack","floor":11,"key":"SMITH"},{"data":"Koishi:Untouchable","floor":15,"key":"SMITH"},{"data":"Koishi:UnconsciousUrges","floor":23,"key":"SMITH"},{"data":"MostiFishMod:VineMother","floor":27,"key":"SMITH"},{"data":"Koishi:GhostParty","floor":29,"key":"SMITH"},{"floor":32,"key":"REST"},{"data":"Koishi:ApparitionsStalkTheNight","floor":40,"key":"SMITH"},{"data":"Koishi:VengefulSpirit","floor":42,"key":"SMITH"},{"data":"Koishi:BasicStrike","floor":45,"key":"PURGE"},{"data":"Koishi:BasicStrike","floor":49,"key":"PURGE"}],"neow_cost":"NONE","seed_source_timestamp":425896653758300,"circlet_count":0,"master_deck":["Koishi:BasicStrike","Koishi:Provoke","Koishi:HauntingSlash","Koishi:ApparitionsStalkTheNight+1","Koishi:ParalyzingFear","Koishi:PhantomBarrier","Luminous:Flash_Blink_Luminous","Koishi:Bloodlust","Koishi:HeartAttack+1","Koishi:Untouchable+1","Berserk","MostiFishMod:VineMother+1","Koishi:UnconsciousUrges+1","Koishi:GhostParty+1","Koishi:Untouchable","Koishi:BloodcurdlingScream","Koishi:UnansweredLove+1","MostiFishMod:Pointsdynamics","MostiFishMod:Neptune","MostiFishMod:TheEndOfMoonlight","MostiFishMod:SparklingWater","MostiFishMod:FantasySummer","MostiFishMod:NightSea","Koishi:SubconsciousSweep+1","Koishi:VengefulSpirit+1"],"relics":["Koishi:ImaginaryFriend","DaveBox","NeowsBlessing","PatriotShield","Question Card","PrismaticShard","Dream Catcher","Anchor","CeramicFish","Regal Pillow","ImportantClient","RhineCircuit","Enchiridion","Bag of Marbles","Pantograph","HornCleat","MoonlightInvasionPlan","Orichalcum","CombinedTypeHook","Bottled Lightning","Peace Pipe","Civilization","Koishi:EchoesOfADeadGirl"],"potions_floor_usage":[50,50],"damage_taken":[{"damage":0,"enemies":"Cultist","floor":1,"turns":1},{"damage":0,"enemies":"Small Slimes","floor":3,"turns":1},{"damage":0,"enemies":"2 Louse","floor":4,"turns":1},{"damage":1,"enemies":"Red Slaver","floor":5,"turns":1},{"damage":2,"enemies":"Gremlin Nob","floor":6,"turns":3},{"damage":1,"enemies":"Gremlin Nob","floor":8,"turns":3},{"damage":2,"enemies":"Lagavulin","floor":10,"turns":4},{"damage":2,"enemies":"Blue Slaver","floor":14,"turns":2},{"damage":5,"enemies":"Slime Boss","floor":16,"turns":7},{"damage":0,"enemies":"Spheric Guardian","floor":18,"turns":3},{"damage":0,"enemies":"3 Byrds","floor":19,"turns":4},{"damage":0,"enemies":"Centurion and Healer","floor":24,"turns":5},{"damage":2,"enemies":"Snecko","floor":25,"turns":4},{"damage":0,"enemies":"Gremlin Leader","floor":28,"turns":4},{"damage":14,"enemies":"Slavers","floor":30,"turns":2},{"damage":1,"enemies":"Sentry and Sphere","floor":31,"turns":3},{"damage":0,"enemies":"Champ","floor":33,"turns":7},{"damage":0,"enemies":"3 Shapes","floor":35,"turns":4},{"damage":0,"enemies":"Mind Bloom Boss Battle","floor":37,"turns":4},{"damage":0,"enemies":"Orb Walker","floor":38,"turns":2},{"damage":0,"enemies":"Jaw Worm Horde","floor":39,"turns":3},{"damage":0,"enemies":"Nemesis","floor":41,"turns":5},{"damage":0,"enemies":"Maw","floor":46,"turns":4},{"damage":1,"enemies":"Maw","floor":47,"turns":4},{"damage":0,"enemies":"Reptomancer","floor":48,"turns":3},{"damage":0,"enemies":"Donu and Deca","floor":50,"turns":5}],"seed_played":"-1412811174563132043","potions_obtained":[{"floor":1,"key":"SteroidPotion"},{"floor":4,"key":"SpeedPotion"},{"floor":6,"key":"LiquidBronze"},{"floor":10,"key":"ColorlessPotion"}],"is_trial":false,"path_per_floor":["M","$","M","M","M","E","R","?","T","E","R","?","$","M","R","B",null,"M","M","$","?","$","R","M","M","T","R","E","R","E","M","R","B",null,"M","$","?","M","M","R","E","R","T","$","R","MIM","M","E","R","B",null],"character_chosen":"KOISHI","items_purchased":["Koishi:ParalyzingFear","Koishi:PhantomBarrier","Koishi:Untouchable","Koishi:UnconsciousUrges","Koishi:GhostParty","Koishi:Untouchable","Orichalcum","Koishi:VengefulSpirit"],"campfire_rested":2,"item_purchase_floors":[2,2,13,20,20,22,36,36],"current_hp_per_floor":[60,60,60,60,59,59,60,60,60,60,60,60,60,58,58,53,60,60,60,60,44,44,44,46,46,46,46,46,46,34,34,60,60,60,60,60,60,60,60,60,60,60,60,60,60,60,61,67,67,75],"gold":188,"neow_bonus":"THREE_ENEMY_KILL","is_prod":false,"is_daily":false,"chose_seed":false,"campfire_upgraded":7,"win_rate":0,"timestamp":1607519857,"path_taken":["M","$","?","M","M","E","R","?","T","E","R","?","$","M","R","BOSS","M","M","$","?","$","R","M","M","T","R","E","R","E","M","R","BOSS","M","$","?","M","M","R","E","R","T","$","R","?","M","E","R","BOSS"],"build_version":"2020-11-30","purchased_purges":4,"victory":true,"max_hp_per_floor":[60,60,60,60,60,60,60,60,60,60,60,60,60,60,60,60,60,60,60,60,60,60,60,60,60,60,60,60,60,60,60,60,60,60,60,60,60,60,60,60,60,60,60,60,60,60,61,67,67,75],"card_choices":[{"not_picked":["Koishi:Whimsy","Koishi:StingingMind"],"picked":"Koishi:ApparitionsStalkTheNight","floor":1},{"not_picked":["Gatherer:Duality","Koishi:ReflexRadar","Dodge and Roll","SlashOfMeditation"],"picked":"SKIP","floor":3},{"not_picked":["SwordExtraction","Acceleration","ClowCardTheLibra","TheCursedMod:Stigma"],"picked":"SKIP","floor":4},{"not_picked":["Gatherer:Snatch","Gatherer:DrugPower","DarkRealmRedLine_purple","Sever Soul"],"picked":"SKIP","floor":5},{"not_picked":["ClowCardTheWave","Koishi:HeartfeltFancy","ManaConvection"],"picked":"Luminous:Flash_Blink_Luminous","floor":6},{"not_picked":["Purity","Gatherer:FlowerFalling","CasketOfStar"],"picked":"Koishi:Bloodlust","floor":7},{"not_picked":["GravityBeat","Luminous:Light_Gather","Luminous:Arcane_Rage_Luminous"],"picked":"Koishi:HeartAttack","floor":10},{"not_picked":["MilkyWay","IllusionStar","ClowCardTheWindy","EighthInstrument_OneDividesIntoTwo_purple"],"picked":"SKIP","floor":14},{"not_picked":["SuperNova","Luminous:Balance_Baptism","Barricade"],"picked":"Berserk","floor":16},{"not_picked":["Wild Strike","Luminous:Dark_Dim_Erosion","FlashingScatteredFlowers","ThreeKonsSevenHakus+1"],"picked":"SKIP","floor":18},{"not_picked":["TheCursedMod:Stigma","TheCursedMod:CursedArmor+1","Luminous:Dark_Morning_Star"],"picked":"MostiFishMod:VineMother","floor":19},{"not_picked":["Luminous:Accumulation_Luminous","Genetic Algorithm+1","Halt","MeetDecomposer_purple"],"picked":"SKIP","floor":24},{"not_picked":["Mirror_FormAndEmptin_purple","FlashingScatteredFlowers","DoubleEdge"],"picked":"Koishi:BloodcurdlingScream","floor":25},{"not_picked":["Heel Hook","ConstancyOfTheConventionalTruth+1","Gatherer:TreeGrowth","WaveOfTheHand+1"],"picked":"SKIP","floor":28},{"not_picked":["Barrage+1","Chill","KarmicPunishmentOfTheIdleAndUnfocused+1","Unruled"],"picked":"SKIP","floor":30},{"not_picked":["Luminous:Dark_Pressure_Void","Luminous:Light_Wash_Luminous+1","Anger"],"picked":"Koishi:UnansweredLove+1","floor":31},{"not_picked":["Devotion","Gatherer:BomberForm","MostiFishMod:TemporaryOutbreak"],"picked":"MostiFishMod:Pointsdynamics","floor":33},{"not_picked":["Outmaneuver","Double Energy+1","EarthLightRay"],"picked":"Koishi:SubconsciousSweep+1","floor":35},{"not_picked":["Luminous:Light_Track+1","FollowUp+1","ClowCardTheErase","Burning Pact+1"],"picked":"SKIP","floor":38},{"not_picked":["Auto Shields+1","Thunderclap+1","TheCursedMod:FleshFromBone+1","Second Wind+1"],"picked":"SKIP","floor":39},{"not_picked":["ClowCardTheShot","Luminous:Mana_Overload_Luminous+1","MostiFishMod:Dislodge","GalacticHalo+1"],"picked":"SKIP","floor":41},{"not_picked":["Spin","MostiFishMod:Speedup+1","TheCursedMod:RapidMovement+1","Luminous:Mana_Overload_Luminous+1"],"picked":"SKIP","floor":47},{"not_picked":["MostiFishMod:JungleRules","MeetDecomposer_purple+1","ClowCardTheErase+1","Rupture+1"],"picked":"SKIP","floor":48}],"player_experience":125402,"relics_obtained":[{"floor":1,"key":"Question Card"},{"floor":1,"key":"PrismaticShard"},{"floor":6,"key":"Dream Catcher"},{"floor":9,"key":"CeramicFish"},{"floor":10,"key":"Regal Pillow"},{"floor":16,"key":"ImportantClient"},{"floor":21,"key":"Enchiridion"},{"floor":26,"key":"Bag of Marbles"},{"floor":28,"key":"Pantograph"},{"floor":30,"key":"HornCleat"},{"floor":37,"key":"CombinedTypeHook"},{"floor":41,"key":"Bottled Lightning"},{"floor":43,"key":"Peace Pipe"},{"floor":46,"key":"Civilization"},{"floor":48,"key":"Koishi:EchoesOfADeadGirl"}],"event_choices":[{"damage_healed":0,"gold_gain":0,"player_choice":"Searched \u00273\u0027 times","damage_taken":0,"relics_obtained":["Anchor"],"max_hp_gain":0,"max_hp_loss":0,"event_name":"Dead Adventurer","floor":8,"gold_loss":0},{"cards_removed":["Koishi:BasicDefend"],"damage_healed":0,"gold_gain":0,"player_choice":"Purged","damage_taken":0,"max_hp_gain":0,"max_hp_loss":0,"event_name":"Purifier","floor":12,"gold_loss":0},{"damage_healed":0,"gold_gain":0,"player_choice":"Obtained Book","damage_taken":16,"max_hp_gain":0,"max_hp_loss":0,"event_name":"Cursed Tome","floor":21,"gold_loss":0},{"damage_healed":0,"gold_gain":0,"player_choice":"Fight","damage_taken":0,"max_hp_gain":0,"max_hp_loss":0,"event_name":"MindBloom","floor":37,"gold_loss":0}],"is_beta":false,"boss_relics":[{"not_picked":["Busted Crown","HereWithMe"],"picked":"RhineCircuit"},{"not_picked":["Fusion Hammer","FixedStarFall"],"picked":"MoonlightInvasionPlan"}],"items_purged_floors":[13,20,36,44],"is_endless":false,"potions_floor_spawned":[1,4,6,10,18,25,30,33,38,47],"ascension_level":1}}