{"host":"2hea6pl5vmah38iy","time":1607515606,"event":{"gold_per_floor":[110,60,60,74,90,90,90,90,90,90,100,100,116,126,126,229,229,241,253,253,253,178,178,203,203,203],"floor_reached":25,"playtime":1880,"items_purged":["Strike_R"],"score":338,"play_id":"a93fa2c3-9046-49ed-8fe5-b40a9e573905","local_time":"20201209210646","is_ascension_mode":true,"campfire_choices":[{"data":"Defend_R","floor":6.0,"key":"PURGE"},{"data":"Strike_R","floor":8.0,"key":"PURGE"},{"data":"Strike_R","floor":10.0,"key":"PURGE"},{"data":"Disarm","floor":12.0,"key":"SMITH"},{"data":"Dual Wield","floor":15.0,"key":"SMITH"},{"floor":23.0,"key":"REST"}],"neow_cost":"PERCENT_DAMAGE","seed_source_timestamp":1150997849465500,"circlet_count":0,"master_deck":["AscendersBane","Strike_R","Defend_R","Defend_R","Bash","True Grit+1","Blood for Blood","Disarm+1","Dual Wield+1","Barricade","Rage"],"special_seed":0,"relics":["Black Blood","Peace Pipe","CaptainsWheel","Pocketwatch"],"potions_floor_usage":[24,24],"damage_taken":[{"damage":0.0,"enemies":"2 Louse","floor":1.0,"turns":4.0},{"damage":18.0,"enemies":"Jaw Worm","floor":4.0,"turns":5.0},{"damage":1.0,"enemies":"Cultist","floor":5.0,"turns":3.0},{"damage":9.0,"enemies":"Looter","floor":11.0,"turns":4.0},{"damage":6.0,"enemies":"Red Slaver","floor":13.0,"turns":4.0},{"damage":19.0,"enemies":"Large Slime","floor":14.0,"turns":7.0},{"damage":18.0,"enemies":"Hexaghost","floor":16.0,"turns":11.0},{"damage":30.0,"enemies":"2 Thieves","floor":18.0,"turns":5.0},{"damage":31.0,"enemies":"Shell Parasite","floor":19.0,"turns":6.0},{"damage":45,"enemies":"Gremlin Leader","floor":24,"turns":4},{"damage":10,"enemies":"3 Cultists","floor":25,"turns":4}],"seed_played":"-317851251809815762","potions_obtained":[{"floor":1.0,"key":"Explosive Potion"},{"floor":11.0,"key":"FearPotion"},{"floor":14.0,"key":"AttackPotion"},{"floor":19.0,"key":"SteroidPotion"}],"is_trial":false,"path_per_floor":["M","?","?","M","M","R","?","R","T","R","M","R","M","M","R","B",null,"M","M","?","?","$","R","E","M"],"character_chosen":"IRONCLAD","items_purchased":[],"campfire_rested":1,"item_purchase_floors":[],"current_hp_per_floor":[57,57,57,45,50,50,50,50,50,50,47,47,47,34,34,22,66,48,29,29,29,29,53,20,10,10],"gold":203,"neow_bonus":"ONE_RARE_RELIC","is_prod":false,"is_daily":false,"chose_seed":false,"campfire_upgraded":2,"win_rate":0,"timestamp":1607515606,"path_taken":["M","?","?","?","M","R","?","R","T","R","?","R","M","M","R","BOSS","M","M","?","?","$","R","E","M"],"build_version":"2020-11-30","purchased_purges":1,"victory":false,"max_hp_per_floor":[80,80,80,80,80,80,80,80,80,80,80,80,80,80,80,80,80,80,80,80,80,80,80,80,80,80],"card_choices":[{"not_picked":["Sentinel","Headbutt"],"picked":"True Grit","floor":1.0},{"not_picked":["Headbutt","Feel No Pain"],"picked":"Blood for Blood","floor":4.0},{"not_picked":["Body Slam","Bloodletting"],"picked":"Disarm","floor":5.0},{"not_picked":["Perfected Strike","Flex","Carnage"],"picked":"SKIP","floor":11.0},{"not_picked":["Reckless Charge","Sentinel","Fiend Fire"],"picked":"SKIP","floor":13.0},{"not_picked":["Iron Wave","Clothesline"],"picked":"Dual Wield","floor":14.0},{"not_picked":["Brutality","Immolate"],"picked":"Barricade","floor":16.0},{"not_picked":["Hemokinesis+1","Burning Pact"],"picked":"Rage","floor":18.0},{"not_picked":["Cleave+1","Whirlwind","Armaments"],"picked":"SKIP","floor":19.0},{"not_picked":["Flame Barrier","Armaments","Metallicize"],"picked":"SKIP","floor":24}],"player_experience":376643,"relics_obtained":[{"floor":9.0,"key":"CaptainsWheel"},{"floor":24,"key":"Pocketwatch"}],"event_choices":[{"cards_removed":["Defend_R"],"damage_healed":0.0,"max_hp_gain":0.0,"max_hp_loss":0.0,"gold_gain":0.0,"event_name":"The Cleric","player_choice":"Card Removal","floor":2.0,"gold_loss":50.0,"damage_taken":0.0},{"cards_removed":["Strike_R"],"damage_healed":0.0,"max_hp_gain":0.0,"max_hp_loss":0.0,"gold_gain":0.0,"event_name":"Purifier","player_choice":"Purged","floor":3.0,"gold_loss":0.0,"damage_taken":0.0},{"damage_healed":0.0,"max_hp_gain":0.0,"max_hp_loss":0.0,"gold_gain":0.0,"event_name":"Accursed Blacksmith","player_choice":"Forge","floor":7.0,"gold_loss":0.0,"damage_taken":0.0,"cards_upgraded":["True Grit"]},{"damage_healed":0.0,"max_hp_gain":0.0,"max_hp_loss":0.0,"gold_gain":0.0,"event_name":"Cursed Tome","player_choice":"Ignored","floor":20.0,"gold_loss":0.0,"damage_taken":0.0},{"damage_healed":0.0,"max_hp_gain":0.0,"max_hp_loss":0.0,"gold_gain":0.0,"event_name":"Beggar","player_choice":"Ignored","floor":21.0,"gold_loss":0.0,"damage_taken":0.0}],"is_beta":false,"boss_relics":[{"not_picked":["Snecko Eye","Empty Cage"],"picked":"Black Blood"}],"items_purged_floors":[22],"is_endless":false,"potions_floor_spawned":[1,11,14,19],"killed_by":"3 Cultists","ascension_level":12}}