{"host":"zr590xw2unlz0wv7","time":1607527181,"event":{"gold_per_floor":[218,35,35,35,50,50,71,71,71,106,106,67,106,120,120,250,313,331,246,285,285,91,91,111,111,111,111,111,111,111,136,136,257,257,276,276,276],"floor_reached":36,"playtime":1658,"items_purged":["Defend_G"],"score":503,"play_id":"6d25fd02-a770-4e38-9c7f-2df318c41516","local_time":"20201209231941","is_ascension_mode":true,"campfire_choices":[{"data":"Neutralize","floor":6.0,"key":"SMITH"},{"data":"Cloak And Dagger","floor":8.0,"key":"SMITH"},{"floor":11.0,"key":"REST"},{"data":"Cloak And Dagger","floor":15.0,"key":"SMITH"},{"data":"Venomology","floor":23,"key":"SMITH"},{"data":"Terror","floor":25,"key":"SMITH"},{"data":"Choke","floor":28,"key":"SMITH"},{"data":"Accuracy","floor":30,"key":"SMITH"},{"data":"Prepared","floor":32,"key":"SMITH"}],"neow_cost":"NONE","seed_source_timestamp":0,"circlet_count":0,"master_deck":["Strike_G","Strike_G","Strike_G+1","Strike_G","Strike_G","Defend_G","Defend_G","Defend_G","Defend_G","Survivor","Neutralize+1","PiercingWail","Accuracy+1","Cloak And Dagger+1","Die Die Die","Cloak And Dagger+1","Escape Plan","Prepared+1","Venomology+1","Choke+1","Terror+1","Ghostly","Ghostly","Ghostly","Ghostly","Ghostly","Accuracy+1","Glass Knife","Flying Knee"],"special_seed":0,"relics":["Ring of the Snake","Strange Spoon","Golden Idol","MealTicket","Happy Flower","Snake Skull","Tiny House","Potion Belt","Red Mask","Membership Card","Darkstone Periapt","SlaversCollar"],"potions_floor_usage":[18,20,24,24,33,33,33,33,33,36,36,36],"damage_taken":[{"damage":0.0,"enemies":"Small Slimes","floor":1.0,"turns":4.0},{"damage":5.0,"enemies":"Cultist","floor":5.0,"turns":4.0},{"damage":0.0,"enemies":"Jaw Worm","floor":7.0,"turns":5.0},{"damage":37.0,"enemies":"Lagavulin","floor":10.0,"turns":8.0},{"damage":8.0,"enemies":"3 Sentries","floor":13.0,"turns":6.0},{"damage":0.0,"enemies":"Blue Slaver","floor":14.0,"turns":3.0},{"damage":18.0,"enemies":"The Guardian","floor":16.0,"turns":13.0},{"damage":9,"enemies":"3 Byrds","floor":18,"turns":4},{"damage":6,"enemies":"Masked Bandits","floor":20,"turns":3},{"damage":31,"enemies":"Chosen","floor":24,"turns":5},{"damage":5,"enemies":"Centurion and Healer","floor":31,"turns":5},{"damage":0,"enemies":"Collector","floor":33,"turns":9},{"damage":2,"enemies":"3 Shapes","floor":35,"turns":5},{"damage":36,"enemies":"2 Orb Walkers","floor":36,"turns":6}],"seed_played":"-1777631259961081783","potions_obtained":[{"floor":10.0,"key":"SpeedPotion"},{"floor":13.0,"key":"GamblersBrew"},{"floor":14.0,"key":"Ancient Potion"},{"floor":16.0,"key":"Explosive Potion"},{"floor":17.0,"key":"Fire Potion"},{"floor":31,"key":"DistilledChaos"},{"floor":33,"key":"GhostInAJar"},{"floor":35,"key":"BlessingOfTheForge"}],"is_trial":false,"path_per_floor":["M","$","?","?","M","R","M","R","T","E","R","$","E","M","R","B",null,"M","?","?","?","$","R","M","R","T","?","R","?","R","M","R","B",null,"M","?"],"character_chosen":"THE_SILENT","items_purchased":["Accuracy","Strange Spoon","Escape Plan","Membership Card"],"campfire_rested":1,"item_purchase_floors":[2,2,12,22],"current_hp_per_floor":[70,70,53,53,48,48,48,48,48,11,32,47,39,39,39,21,75,66,66,60,65,75,75,44,44,44,37,37,37,37,32,32,32,37,35,0,0],"gold":276,"neow_bonus":"HUNDRED_GOLD","is_prod":false,"is_daily":false,"chose_seed":false,"campfire_upgraded":8,"win_rate":0,"timestamp":1607527181,"path_taken":["M","$","?","?","?","R","M","R","T","E","R","$","E","M","R","BOSS","M","?","?","?","$","R","?","R","T","?","R","?","R","M","R","BOSS","M","?"],"build_version":"2020-11-30","purchased_purges":1,"victory":false,"max_hp_per_floor":[70,70,70,70,70,70,70,70,70,70,70,70,70,70,70,70,75,75,75,75,75,75,75,75,75,75,37,37,37,37,37,37,37,37,37,37,37],"card_choices":[{"not_picked":["Dodge and Roll","Dagger Throw"],"picked":"PiercingWail","floor":1.0},{"not_picked":["Backflip","Dagger Spray"],"picked":"Cloak And Dagger","floor":5.0},{"not_picked":["Bane","Backstab"],"picked":"Die Die Die","floor":7.0},{"not_picked":["Deadly Poison","Dagger Spray"],"picked":"Cloak And Dagger","floor":10.0},{"not_picked":["Underhanded Strike","Acrobatics","Dagger Spray"],"picked":"SKIP","floor":13.0},{"not_picked":["Poisoned Stab","Backflip"],"picked":"Prepared","floor":14.0},{"not_picked":["Night Terror","Tools of the Trade"],"picked":"Venomology","floor":16.0},{"not_picked":["Deadly Poison","Slice"],"picked":"Quick Slash","floor":17.0},{"not_picked":["Prepared","Well Laid Plans+1","Sucker Punch"],"picked":"SKIP","floor":18},{"not_picked":["Crippling Poison","Reflex"],"picked":"Choke","floor":20},{"not_picked":["Prepared","Acrobatics"],"picked":"Terror","floor":24},{"not_picked":["Slice","Flechettes+1","Blur"],"picked":"SKIP","floor":31},{"not_picked":["Malaise","Wraith Form v2"],"picked":"Glass Knife","floor":33},{"not_picked":["Predator","Dagger Spray"],"picked":"Flying Knee","floor":35}],"player_experience":460709,"relics_obtained":[{"floor":9.0,"key":"MealTicket"},{"floor":10.0,"key":"Happy Flower"},{"floor":13.0,"key":"Snake Skull"},{"floor":20,"key":"Red Mask"},{"floor":26,"key":"Darkstone Periapt"}],"event_choices":[{"damage_healed":0.0,"max_hp_gain":0.0,"max_hp_loss":0.0,"gold_gain":0.0,"event_name":"Golden Idol","player_choice":"Take Damage","floor":3.0,"gold_loss":0.0,"damage_taken":17.0,"relics_obtained":["Golden Idol"]},{"damage_healed":0.0,"max_hp_gain":0.0,"max_hp_loss":0.0,"gold_gain":0.0,"event_name":"Accursed Blacksmith","player_choice":"Forge","floor":4.0,"gold_loss":0.0,"damage_taken":0.0,"cards_upgraded":["Accuracy"]},{"damage_healed":0,"gold_gain":0,"player_choice":"Obtained Relic","damage_taken":0,"relics_obtained":["Potion Belt"],"max_hp_gain":0,"max_hp_loss":0,"event_name":"Addict","floor":19,"gold_loss":85},{"damage_healed":0,"gold_gain":0,"player_choice":"Fought Bandits","damage_taken":0,"max_hp_gain":0,"max_hp_loss":0,"event_name":"Masked Bandits","floor":20,"gold_loss":0},{"cards_removed":["Quick Slash"],"damage_healed":5,"gold_gain":0,"player_choice":"Offered Common","damage_taken":0,"max_hp_gain":0,"max_hp_loss":0,"event_name":"Bonfire Elementals","floor":21,"gold_loss":0},{"cards_removed":["Quick Slash"],"damage_healed":5,"gold_gain":0,"player_choice":"Offered Special","damage_taken":0,"max_hp_gain":0,"max_hp_loss":0,"event_name":"Bonfire Elementals","floor":21,"gold_loss":0},{"damage_healed":0,"gold_gain":0,"player_choice":"Became a Ghost","damage_taken":0,"max_hp_gain":0,"max_hp_loss":38,"event_name":"Ghosts","floor":27,"gold_loss":0,"cards_obtained":["Ghostly","Ghostly","Ghostly","Ghostly","Ghostly"]},{"damage_healed":0,"gold_gain":0,"player_choice":"Read","damage_taken":0,"max_hp_gain":0,"max_hp_loss":0,"event_name":"The Library","floor":29,"gold_loss":0,"cards_obtained":["Accuracy"]},{"damage_healed":0,"gold_gain":0,"player_choice":"Fight","damage_taken":0,"max_hp_gain":0,"max_hp_loss":0,"event_name":"Mysterious Sphere","floor":36,"gold_loss":0}],"is_beta":false,"boss_relics":[{"not_picked":["Calling Bell","Pandora\u0027s Box"],"picked":"Tiny House"},{"not_picked":["Philosopher\u0027s Stone","Runic Pyramid"],"picked":"SlaversCollar"}],"items_purged_floors":[22],"is_endless":false,"potions_floor_spawned":[10,13,14,16,31,33,35],"killed_by":"2 Orb Walkers","ascension_level":3}}