{"host":"z9x5nldzhmx4jdfi","time":1607481886,"event":{"gold_per_floor":[122,43,43,43,55,88,88,123,198,198,198,23,23,23,23],"floor_reached":14,"playtime":368,"items_purged":[],"score":238,"play_id":"0fd821ad-9be1-4d60-a179-768bf2c7c504","local_time":"20201208204446","is_ascension_mode":true,"campfire_choices":[{"data":"animator:EmiyaShirou","floor":7,"key":"SMITH"},{"data":"animator:EmiyaShirou","floor":10,"key":"SMITH"},{"data":"animator:Alexander","floor":13,"key":"SMITH"}],"neow_cost":"NONE","seed_source_timestamp":1056130911267200,"circlet_count":0,"master_deck":["AscendersBane","animator:Strike_Fate","animator:Defend_Fate","animator:Strike","animator:Strike","animator:Strike","animator:Defend","animator:Defend","animator:Alexander+1","animator:Rider","animator:SakuraMatou","animator:Archer","animator:EmiyaShirou+1","animator:EmiyaShirou+1","animator:Gilgamesh"],"relics":["animator:LivingPicture","animator:TheMissingPiece","NeowsBlessing","Nunchaku","Orichalcum","infinitespire:FocusingShard","Bottled Tornado"],"potions_floor_usage":[8],"damage_taken":[{"damage":0,"enemies":"Small Slimes","floor":1,"turns":2},{"damage":0,"enemies":"2 Louse","floor":5,"turns":1},{"damage":0,"enemies":"Gremlin Nob","floor":6,"turns":1},{"damage":27,"enemies":"3 Sentries","floor":8,"turns":8},{"damage":29,"enemies":"Gremlin Nob","floor":14,"turns":3}],"seed_played":"-230297208997147134","potions_obtained":[{"floor":1,"key":"LiquidMemories"},{"floor":5,"key":"SteroidPotion"}],"is_trial":false,"path_per_floor":["M","$","?","?","M","E","R","E","T","R","?","$","R","E"],"character_chosen":"THE_ANIMATOR","items_purchased":["animator:Archer","animator:Gilgamesh"],"campfire_rested":0,"item_purchase_floors":[2,12],"current_hp_per_floor":[54,54,54,54,54,55,55,28,28,28,28,28,28,0,0],"gold":23,"neow_bonus":"THREE_ENEMY_KILL","is_prod":false,"is_daily":false,"chose_seed":false,"campfire_upgraded":3,"win_rate":0,"timestamp":1607481886,"path_taken":["M","$","?","?","M","E","R","E","T","R","?","?","R","E"],"build_version":"2020-11-30","purchased_purges":0,"victory":false,"max_hp_per_floor":[60,60,60,60,60,61,61,61,61,61,61,61,61,61,61],"card_choices":[{"not_picked":["animator:Tatsumaki","animator:Kazuma"],"picked":"animator:SakuraMatou","floor":1},{"not_picked":["animator:Verdia","animator:Sebas","animator:Viivi"],"picked":"SKIP","floor":5},{"not_picked":["animator:Ainz","animator:GuildGirl"],"picked":"animator:EmiyaShirou","floor":6},{"not_picked":["animator:Illya","animator:Alexander"],"picked":"animator:EmiyaShirou","floor":8}],"player_experience":1461529,"relics_obtained":[{"floor":3,"key":"Nunchaku"},{"floor":6,"key":"Orichalcum"},{"floor":8,"key":"infinitespire:FocusingShard"},{"floor":9,"key":"Bottled Tornado"}],"event_choices":[{"damage_healed":0,"gold_gain":0,"player_choice":"Ignored","damage_taken":43,"max_hp_gain":0,"max_hp_loss":0,"event_name":"betterThird:BetterSerpent","floor":4,"gold_loss":0},{"cards_removed":["animator:Defend"],"damage_healed":0,"gold_gain":0,"player_choice":"Forget","damage_taken":0,"max_hp_gain":0,"max_hp_loss":0,"event_name":"Living Wall","floor":11,"gold_loss":0}],"is_beta":false,"boss_relics":[],"items_purged_floors":[],"is_endless":false,"potions_floor_spawned":[1,5],"killed_by":"Gremlin Nob","ascension_level":20}}