{"host":"avjwtc49fhlk6kym","time":1607472130,"event":{"gold_per_floor":[116,81,94,0,12,12,38,52,98,98,23,23,36,52,52,155,155,166,91,108,158,178,178,178,178],"floor_reached":24,"playtime":923,"items_purged":["Strike_P"],"score":207,"play_id":"7d1e8e61-dea1-4546-87ab-32723e5126af","local_time":"20201208190210","is_ascension_mode":true,"campfire_choices":[{"data":"Eruption","floor":6.0,"key":"SMITH"},{"floor":10.0,"key":"REST"},{"data":"Devotion","floor":15.0,"key":"SMITH"},{"floor":23,"key":"REST"}],"neow_cost":"PERCENT_DAMAGE","seed_source_timestamp":699561284523100,"circlet_count":0,"master_deck":["Strike_P","Strike_P","Strike_P","Defend_P","Defend_P","Defend_P","Eruption+1","Vigilance","ClearTheMind","FlurryOfBlows","BowlingBash","Protect","Brilliance","Consecrate","Wireheading","Devotion+1","FlyingSleeves","ConjureBlade","Evaluate","FollowUp+1","FearNoEvil+1","SandsOfTime","Halt"],"special_seed":0,"relics":["PureWater","Prayer Wheel","Pen Nib","Blood Vial","SacredBark"],"potions_floor_usage":[20,24],"damage_taken":[{"damage":7.0,"enemies":"Small Slimes","floor":1.0,"turns":3.0},{"damage":9.0,"enemies":"Jaw Worm","floor":3.0,"turns":5.0},{"damage":0.0,"enemies":"2 Louse","floor":5.0,"turns":2.0},{"damage":2.0,"enemies":"Gremlin Gang","floor":8.0,"turns":4.0},{"damage":0.0,"enemies":"Large Slime","floor":13.0,"turns":4.0},{"damage":9.0,"enemies":"Red Slaver","floor":14.0,"turns":3.0},{"damage":17.0,"enemies":"The Guardian","floor":16.0,"turns":7.0},{"damage":28.0,"enemies":"Spheric Guardian","floor":18.0,"turns":6.0},{"damage":13,"enemies":"Shell Parasite","floor":20,"turns":4},{"damage":27,"enemies":"Centurion and Healer","floor":22,"turns":5},{"damage":50,"enemies":"Gremlin Leader","floor":24,"turns":4}],"seed_played":"-5156273290326056573","potions_obtained":[{"floor":3.0,"key":"EssenceOfSteel"},{"floor":13.0,"key":"Dexterity Potion"},{"floor":16.0,"key":"BottledMiracle"},{"floor":18.0,"key":"SkillPotion"},{"floor":22,"key":"DistilledChaos"}],"is_trial":false,"path_per_floor":["M","?","M","?","M","R","T","M","T","R","$","?","M","M","R","B",null,"M","?","M","?","M","R","E"],"character_chosen":"WATCHER","items_purchased":[],"campfire_rested":2,"item_purchase_floors":[],"current_hp_per_floor":[44,62,53,59,59,59,59,57,57,78,78,78,78,69,69,54,78,50,50,39,39,14,37,0,0],"gold":178,"neow_bonus":"ONE_RARE_RELIC","is_prod":false,"is_daily":false,"chose_seed":false,"campfire_upgraded":2,"win_rate":0,"timestamp":1607472130,"path_taken":["M","?","M","?","M","R","?","M","T","R","$","?","?","M","R","BOSS","M","?","M","?","?","R","E"],"build_version":"2020-11-30","purchased_purges":1,"victory":false,"max_hp_per_floor":[72,72,72,78,78,78,78,78,78,78,78,78,78,78,78,78,78,78,78,78,78,78,78,78,78],"card_choices":[{"not_picked":["JustLucky","Meditate"],"picked":"ClearTheMind","floor":1.0},{"not_picked":["Collect","ForeignInfluence"],"picked":"FlurryOfBlows","floor":1.0},{"not_picked":["EmptyBody","Conclude"],"picked":"BowlingBash","floor":3.0},{"not_picked":["EmptyFist","SignatureMove","WreathOfFlame"],"picked":"SKIP","floor":3.0},{"not_picked":["ForeignInfluence","Halt"],"picked":"Protect","floor":5.0},{"not_picked":["Fasting2","Crescendo"],"picked":"Brilliance","floor":5.0},{"not_picked":["WheelKick","WreathOfFlame"],"picked":"Consecrate","floor":8.0},{"not_picked":["Consecrate","Collect"],"picked":"Wireheading","floor":8.0},{"not_picked":["Prostrate","Crescendo"],"picked":"Devotion","floor":13.0},{"not_picked":["Tantrum","SignatureMove","Consecrate"],"picked":"SKIP","floor":13.0},{"not_picked":["SashWhip","Prostrate"],"picked":"FlyingSleeves","floor":14.0},{"not_picked":["BowlingBash","Tantrum","ForeignInfluence"],"picked":"SKIP","floor":14.0},{"not_picked":["Omniscience","Vault"],"picked":"ConjureBlade","floor":16.0},{"not_picked":["ThirdEye","FlurryOfBlows"],"picked":"Evaluate","floor":18.0},{"not_picked":["Protect","Vengeance+1"],"picked":"FollowUp+1","floor":18.0},{"not_picked":["EmptyBody","SashWhip"],"picked":"FearNoEvil+1","floor":20},{"not_picked":["SashWhip","EmptyFist","Perseverance"],"picked":"SKIP","floor":20},{"not_picked":["FlyingSleeves+1","Wireheading"],"picked":"SandsOfTime","floor":22},{"not_picked":["BowlingBash","FlurryOfBlows+1"],"picked":"Halt","floor":22}],"player_experience":481475,"relics_obtained":[{"floor":7.0,"key":"Pen Nib"},{"floor":9.0,"key":"Blood Vial"}],"event_choices":[{"damage_healed":18.0,"max_hp_gain":0.0,"max_hp_loss":0.0,"gold_gain":0.0,"event_name":"The Cleric","player_choice":"Healed","floor":2.0,"gold_loss":35.0,"damage_taken":0.0},{"damage_healed":0.0,"max_hp_gain":0.0,"max_hp_loss":0.0,"gold_gain":0.0,"event_name":"betterThird:BetterSerpent","player_choice":"RENOUNCE","floor":4.0,"gold_loss":94.0,"damage_taken":94.0,"cards_obtained":["Enlightenment"]},{"cards_removed":["Enlightenment"],"damage_healed":0.0,"max_hp_gain":0.0,"max_hp_loss":0.0,"gold_gain":0.0,"event_name":"Bonfire Elementals","player_choice":"Offered Uncommon","floor":12.0,"gold_loss":0.0,"damage_taken":0.0},{"cards_removed":["Defend_P"],"damage_healed":0.0,"max_hp_gain":0.0,"max_hp_loss":0.0,"gold_gain":0.0,"event_name":"Beggar","player_choice":"Gave Gold","floor":19.0,"gold_loss":75.0,"damage_taken":0.0},{"damage_healed":0,"gold_gain":100,"player_choice":"Bet on Murderer","damage_taken":0,"max_hp_gain":0,"max_hp_loss":0,"event_name":"The Joust","floor":21,"gold_loss":50}],"is_beta":false,"boss_relics":[{"not_picked":["Ectoplasm","Busted Crown"],"picked":"SacredBark"}],"items_purged_floors":[11],"is_endless":false,"potions_floor_spawned":[3,13,16,18,22],"killed_by":"Gremlin Leader","ascension_level":2}}