{"host":"lctcqud4f9t1q6q5","time":1607522637,"event":{"gold_per_floor":[113,513,531,531,548,579,579,87,87,87,87,97,131,12,12,109,109,122,147,163,163,163,163,195,61,61,85,112,127,127,127,127,229,229,240,240,240,256,256,291,305,338,338,338,338,338,358,18,18,18,18,18,102,137,137],"floor_reached":56,"playtime":1855,"items_purged":["Writhe","hexamod:Haunted","Decay"],"score":1662,"play_id":"51f08dc8-9e74-4f8d-aecd-27aceb27754a","local_time":"20201209220357","is_ascension_mode":true,"campfire_choices":[{"data":"Seeing Red","floor":7,"key":"SMITH"},{"data":"ReplayTheSpireMod:Limb From Limb","floor":11,"key":"SMITH"},{"floor":23,"key":"RECALL"},{"floor":45,"key":"REST"},{"data":"Double Tap","floor":49,"key":"SMITH"},{"data":"Metallicize","floor":52,"key":"SMITH"}],"neow_cost":"NONE","seed_source_timestamp":46565653167649,"circlet_count":0,"master_deck":["Bash+1","Run Through+1","Sword Boomerang+1","ReplayTheSpireMod:Limb From Limb+1","Seeing Red+1","Double Tap+1","Demonic Infusion","Slimebound:Tackle+1","Slimebound:Tackle+1","Brutality","Pain","Languid","Combust","Replay:Hysterical Blindness","Metallicize+1","Heavy Blade+1"],"relics":["Burning Blood","testmod-ThousandKnives","The Courier","Champion Belt","HandDrill","Tiny Chest","Happy Flower","PreservedInsect","GodSword3","Orichalcum","Replay:Ancient Bell","Vajra","Darkstone Periapt","testmod-Justice","King of Hearts","Ring of Misfortune","Ring of Panic","ZombieArmy","MerchantsRug","Lantern","Centennial Puzzle","sneckomod:BabySnecko","Kintsugi","Pen Nib","RuthlessExorcism:ReiMu","ChaoDraw","HollowMod:StagPassRelic","Membership Card","ReplayTheSpireMod:CursedCoin","HollowMod:LifeEnderRelic","Iron Hammer","Gremlin Food"],"potions_floor_usage":[6,12,33,55],"damage_taken":[{"damage":7,"enemies":"Jaw Worm","floor":1,"turns":3},{"damage":8,"enemies":"2 Louse","floor":3,"turns":2},{"damage":1,"enemies":"Cultist","floor":5,"turns":3},{"damage":32,"enemies":"Lagavulin","floor":6,"turns":4},{"damage":8,"enemies":"Exordium Thugs","floor":12,"turns":3},{"damage":10,"enemies":"3 Sentries","floor":13,"turns":3},{"damage":33,"enemies":"The Guardian","floor":16,"turns":6},{"damage":28,"enemies":"3 Byrds","floor":18,"turns":5},{"damage":23,"enemies":"2 Thieves","floor":20,"turns":3},{"damage":11,"enemies":"Book of Stabbing","floor":24,"turns":2},{"damage":8,"enemies":"Centurion and Healer","floor":29,"turns":2},{"damage":35,"enemies":"Automaton","floor":33,"turns":5},{"damage":1,"enemies":"3 Shapes","floor":35,"turns":2},{"damage":8,"enemies":"Orb Walker","floor":38,"turns":2},{"damage":19,"enemies":"R_Hoarder","floor":40,"turns":3},{"damage":10,"enemies":"Jaw Worm Horde","floor":41,"turns":2},{"damage":48,"enemies":"Reptomancer","floor":42,"turns":3},{"damage":1,"enemies":"4 Shapes","floor":47,"turns":2},{"damage":86,"enemies":"Time Eater","floor":50,"turns":5},{"damage":15,"enemies":"Shield and Spear","floor":54,"turns":3},{"damage":95,"enemies":"The Heart","floor":55,"turns":4}],"seed_played":"-9147126794029804204","potions_obtained":[{"floor":3,"key":"Block Potion"},{"floor":6,"key":"Swift Potion"},{"floor":16,"key":"BlessingOfTheForge"},{"floor":24,"key":"Strength Potion"},{"floor":29,"key":"Death Potion"},{"floor":40,"key":"Dexterity Potion"},{"floor":42,"key":"Fire Potion"},{"floor":54,"key":"Strength Potion"}],"is_trial":false,"path_per_floor":["M","?","M","?","M","E","R","$","T","?","R","M","E","$","R_BF","B",null,"M","T","M","?","?","R","E","$","T","T","T","M","?","?","R_BF","B",null,"M","T","?","M","?","E","M","E","T","T","R","?","M","$","R","B",null,"R","$","E","B",null],"character_chosen":"IRONCLAD","items_purchased":["Champion Belt","HandDrill","Tiny Chest","Happy Flower","PreservedInsect","Whetstone","MerchantsRug","Membership Card","ReplayTheSpireMod:CursedCoin","HollowMod:LifeEnderRelic","Replay:PocketPolymizer","Iron Hammer"],"campfire_rested":1,"item_purchase_floors":[8,8,8,8,8,14,25,48,48,48,48,48],"current_hp_per_floor":[87,87,85,85,88,62,62,62,62,62,62,60,56,56,82,55,106,84,84,67,67,73,73,68,68,68,68,68,66,66,66,72,43,130,130,130,130,128,128,115,111,69,69,69,123,123,128,134,134,54,136,136,136,127,38],"gold":137,"neow_bonus":"TEN_PERCENT_HP_BONUS","is_prod":false,"is_daily":false,"chose_seed":false,"campfire_upgraded":4,"win_rate":0,"timestamp":1607522637,"path_taken":["M","?","M","?","M","E","R","$","T","?","R","?","E","?","R_BF","BOSS","M","?","M","?","?","R","E","$","T","?","?","?","?","?","R_BF","BOSS","M","?","?","?","?","E","M","E","T","?","R","?","M","$","R","BOSS","R","$","E","BOSS"],"build_version":"2020-11-30","purchased_purges":3,"victory":true,"max_hp_per_floor":[88,88,88,88,88,88,88,88,88,88,88,88,88,88,88,88,106,106,106,106,106,112,112,112,112,112,112,112,112,112,112,118,118,130,130,130,130,130,130,130,130,130,130,130,130,130,130,136,136,136,136,136,136,136,136],"relic_stats":{"Darkstone Periapt":48,"Centennial Puzzle":[39],"Happy Flower":[18],"counters":[21,66],"Tiny Chest":4,"PreservedInsect":273,"Pen Nib":[5],"HandDrill":[14],"Champion Belt":[26],"Orichalcum":[102],"obtain_stats":[{"Darkstone Periapt":17,"Regal Pillow":26,"Lantern":27,"Replay:PocketPolymizer":48,"Vajra":17,"King of Hearts":19,"Whetstone":14,"HollowMod:StagPassRelic":44,"Burning Blood":0,"Centennial Puzzle":28,"testmod-ThousandKnives":0,"Tiny Chest":8,"Iron Hammer":48,"HandDrill":8,"Ring of Panic":22,"ZombieArmy":24,"Gremlin Food":54,"MerchantsRug":25,"testmod-TestBox":0,"HollowMod:LifeEnderRelic":48,"Happy Flower":8,"ReplayTheSpireMod:CursedCoin":48,"The Courier":6,"PreservedInsect":8,"Pen Nib":40,"Replay:Ancient Bell":17,"Orichalcum":13,"testmod-Justice":17,"ChaoDraw":43,"sneckomod:BabySnecko":32,"Ring of Misfortune":22,"Champion Belt":8,"Membership Card":48,"Kintsugi":34,"GodSword3":9,"RuthlessExorcism:ReiMu":42},{"Darkstone Periapt":7,"Regal Pillow":10,"Lantern":10,"Replay:PocketPolymizer":18,"Vajra":7,"King of Hearts":8,"Whetstone":6,"HollowMod:StagPassRelic":17,"Burning Blood":0,"Centennial Puzzle":10,"testmod-ThousandKnives":0,"Tiny Chest":4,"Iron Hammer":18,"HandDrill":4,"Ring of Panic":9,"ZombieArmy":10,"Gremlin Food":20,"MerchantsRug":10,"testmod-TestBox":0,"HollowMod:LifeEnderRelic":18,"Happy Flower":4,"ReplayTheSpireMod:CursedCoin":18,"The Courier":4,"PreservedInsect":4,"Pen Nib":15,"Replay:Ancient Bell":7,"Orichalcum":6,"testmod-Justice":7,"ChaoDraw":17,"sneckomod:BabySnecko":11,"Ring of Misfortune":9,"Champion Belt":4,"Membership Card":18,"Kintsugi":12,"GodSword3":4,"RuthlessExorcism:ReiMu":17},{"Darkstone Periapt":24,"Regal Pillow":34,"Lantern":34,"Replay:PocketPolymizer":54,"Vajra":24,"King of Hearts":29,"Whetstone":18,"HollowMod:StagPassRelic":53,"Burning Blood":0,"Centennial Puzzle":34,"testmod-ThousandKnives":0,"Tiny Chest":12,"Iron Hammer":54,"HandDrill":12,"Ring of Panic":32,"ZombieArmy":34,"Gremlin Food":62,"MerchantsRug":34,"testmod-TestBox":0,"HollowMod:LifeEnderRelic":54,"Happy Flower":12,"ReplayTheSpireMod:CursedCoin":54,"The Courier":12,"PreservedInsect":12,"Pen Nib":48,"Replay:Ancient Bell":24,"Orichalcum":18,"testmod-Justice":24,"ChaoDraw":53,"sneckomod:BabySnecko":36,"Ring of Misfortune":32,"Champion Belt":12,"Membership Card":54,"Kintsugi":41,"GodSword3":12,"RuthlessExorcism:ReiMu":53}],"Burning Blood":119},"card_choices":[{"not_picked":["Flex","Cleave"],"picked":"Run Through","floor":1},{"not_picked":["Combust","Shockwave"],"picked":"Sword Boomerang","floor":3},{"not_picked":["Havoc","Warcry"],"picked":"ReplayTheSpireMod:Limb From Limb","floor":5},{"not_picked":["Perfected Strike","ReplayReversal"],"picked":"Seeing Red","floor":6},{"not_picked":["ReplayTheSpireMod:Strike From Hell","Flex","Body Slam"],"picked":"SKIP","floor":12},{"not_picked":["ReplayTheSpireMod:Strike From Hell","Spot Weakness","True Grit"],"picked":"SKIP","floor":13},{"not_picked":["Reaper","Barricade"],"picked":"Double Tap","floor":16},{"not_picked":["Poor:ReiMu","Voices"],"picked":"Decay","floor":17},{"not_picked":["Replay:Sluggish","sneckomod:Bewildered"],"picked":"Writhe","floor":17},{"not_picked":["Parasite","Injury"],"picked":"hexamod:Haunted","floor":17},{"not_picked":["Warcry+1","Anger"],"picked":"Demonic Infusion","floor":18},{"not_picked":["Body Slam","Life Link"],"picked":"Feel No Pain","floor":20},{"not_picked":["ReplayTheSpireMod:Limb From Limb","Thunderclap"],"picked":"Dropkick","floor":24},{"not_picked":["Heavy Blade","Twin Strike+1","Headbutt+1"],"picked":"SKIP","floor":29},{"not_picked":["Impervious","Reaper"],"picked":"Brutality","floor":33},{"not_picked":["Power Through+1","Searing Blow","Heavy Blade+1"],"picked":"SKIP","floor":35},{"not_picked":["Defy Death+1","Cleave+1"],"picked":"Combust","floor":38},{"not_picked":["Exhume","True Grit","ReplayTheSpireMod:Corrosion Curse+1"],"picked":"SKIP","floor":40},{"not_picked":["Thunderclap+1","Power Through+1","Bloodletting+1"],"picked":"SKIP","floor":41},{"not_picked":["Shrug It Off","Cleave","Havoc"],"picked":"SKIP","floor":42},{"not_picked":["Dual Wield+1","Heavy Blade+1","Headbutt+1"],"picked":"SKIP","floor":47},{"not_picked":["Clash","Battle Trance+1"],"picked":"Heavy Blade+1","floor":54}],"player_experience":310407,"relics_obtained":[{"floor":6,"key":"The Courier"},{"floor":9,"key":"GodSword3"},{"floor":13,"key":"Orichalcum"},{"floor":19,"key":"King of Hearts"},{"floor":22,"key":"Ring of Misfortune"},{"floor":22,"key":"Ring of Panic"},{"floor":24,"key":"ZombieArmy"},{"floor":26,"key":"Regal Pillow"},{"floor":27,"key":"Lantern"},{"floor":28,"key":"Centennial Puzzle"},{"floor":40,"key":"Pen Nib"},{"floor":42,"key":"RuthlessExorcism:ReiMu"},{"floor":43,"key":"ChaoDraw"},{"floor":44,"key":"HollowMod:StagPassRelic"},{"floor":54,"key":"Gremlin Food"}],"event_choices":[{"damage_healed":0,"gold_gain":400,"player_choice":"Sell","damage_taken":0,"max_hp_gain":0,"max_hp_loss":0,"event_name":"¶÷ÂåË¹µÄÅÌ×Ó","floor":2,"relics_lost":["testmod-TestBox"],"gold_loss":0},{"damage_healed":0,"gold_gain":0,"player_choice":"Grow","damage_taken":0,"max_hp_gain":0,"max_hp_loss":0,"event_name":"Living Wall","floor":4,"gold_loss":0,"cards_upgraded":["Bash"]},{"cards_removed":["Defend_R"],"damage_healed":0,"gold_gain":0,"player_choice":"Took Card","damage_taken":0,"max_hp_gain":0,"max_hp_loss":0,"event_name":"NoteForYourself","floor":10,"gold_loss":0,"cards_obtained":["Strike_G"]},{"cards_removed":["Hallucinations"],"damage_healed":0,"gold_gain":0,"player_choice":"Elegance","damage_taken":0,"max_hp_gain":0,"max_hp_loss":0,"event_name":"Back to Basics","floor":30,"gold_loss":0},{"damage_healed":0,"gold_gain":0,"player_choice":"Became a vampire","damage_taken":0,"max_hp_gain":0,"max_hp_loss":0,"event_name":"Vampires","floor":31,"gold_loss":0,"cards_obtained":[]},{"cards_removed":["sneckomod:Bewildered"],"damage_healed":0,"gold_gain":0,"player_choice":"Purged","damage_taken":0,"max_hp_gain":0,"max_hp_loss":0,"event_name":"Purifier","floor":37,"gold_loss":0},{"damage_healed":0,"gold_gain":0,"player_choice":"Ignored","damage_taken":0,"max_hp_gain":0,"max_hp_loss":0,"event_name":"SecretPortal","floor":46,"gold_loss":0}],"is_beta":false,"boss_relics":[{"not_picked":["Runic Cube","testmod-BatchProcessingSystem"],"picked":"Replay:Ancient Bell"},{"not_picked":["Pet Ghost","MawBank"],"picked":"Vajra"},{"not_picked":["White Beast Statue","Replay:Ringing Soul"],"picked":"Darkstone Periapt"},{"not_picked":["testmod-BlackFramedGlasses","testmod-CyclicPeriapt"],"picked":"testmod-Justice"},{"not_picked":["testmod-IncinerationGenerator","ReplayTheSpireMod:DimensionalGlitch"],"picked":"Kintsugi"}],"items_purged_floors":[25,48,53],"is_endless":false,"potions_floor_spawned":[3,6,16,24,29,40,42,47,54],"ascension_level":4}}