{"host":"u0m9wcerzdqt9t83","time":1607540004,"event":{"gold_per_floor":[110,75,75,98,111,152,152,44,122,122,122,191,212,238,238,366,366,385,401,401,50,50,50,50,66,66,66,118,33,53,68,68,167,167,183,38,48,98,123,123,123],"floor_reached":40,"playtime":2592,"items_purged":[],"score":609,"play_id":"c71146b9-f5ad-4c9e-9112-08c8de0623da","local_time":"20201209135324","is_ascension_mode":true,"campfire_choices":[{"floor":7,"key":"REST"},{"floor":10,"key":"REST"},{"floor":15,"key":"REST"},{"floor":23,"key":"REST"},{"floor":27,"key":"RECALL"},{"floor":32,"key":"REST"}],"neow_cost":"","seed_source_timestamp":14662261507300,"circlet_count":0,"master_deck":["Strike_G+1","Strike_G+1","Strike_G+1","Strike_G+1","Strike_G+1","Defend_G+1","Defend_G+1","Defend_G+1","Defend_G+1","Defend_G+1","Survivor","Neutralize","Finesse","Accuracy+1","Footwork","Deadly Poison","Flying Knee","Accuracy","Infinite Blades","Terror","Caltrops+1","Masterful Stab","Outmaneuver","Endless Agony","Phantasmal Killer","Endless Agony","Flying Knee","Distraction","PiercingWail+1","Apotheosis","Poisoned Stab","Infinite Blades","Infinite Blades","Corpse Explosion","Masterful Stab","Blade Dance","Predator","Infinite Blades","After Image","CurseOfTheBell","Cloak And Dagger+1","PiercingWail+1","Die Die Die","Backstab","Blade Dance+1","Outmaneuver","A Thousand Cuts"],"relics":["Ring of the Snake","Prayer Wheel","Bloody Idol","Tiny Chest","Oddly Smooth Stone","HoveringKite","Strawberry","Tingsha","Centennial Puzzle","Regal Pillow","Calling Bell","Ancient Tea Set","Eternal Feather","StoneCalendar","Gambling Chip","Blood Vial"],"potions_floor_usage":[6,6,16,33,38,40],"damage_taken":[{"damage":1,"enemies":"Small Slimes","floor":1,"turns":4},{"damage":1,"enemies":"Jaw Worm","floor":4,"turns":6},{"damage":0,"enemies":"2 Louse","floor":5,"turns":2},{"damage":36,"enemies":"Gremlin Nob","floor":6,"turns":6},{"damage":12,"enemies":"2 Fungi Beasts","floor":13,"turns":4},{"damage":27,"enemies":"The Guardian","floor":16,"turns":7},{"damage":9,"enemies":"Shell Parasite","floor":18,"turns":4},{"damage":35,"enemies":"2 Thieves","floor":19,"turns":5},{"damage":12,"enemies":"Centurion and Healer","floor":25,"turns":6},{"damage":33,"enemies":"Snake Plant","floor":30,"turns":4},{"damage":16,"enemies":"Snecko","floor":31,"turns":4},{"damage":12,"enemies":"Champ","floor":33,"turns":7},{"damage":13,"enemies":"3 Shapes","floor":35,"turns":5},{"damage":29,"enemies":"3 Darklings","floor":37,"turns":3},{"damage":31,"enemies":"Mind Bloom Boss Battle","floor":38,"turns":6},{"damage":45,"enemies":"Nemesis","floor":40,"turns":2}],"seed_played":"5649292366005595997","potions_obtained":[{"floor":1,"key":"Energy Potion"},{"floor":4,"key":"Weak Potion"},{"floor":13,"key":"Strength Potion"},{"floor":30,"key":"PowerPotion"},{"floor":33,"key":"Poison Potion"},{"floor":35,"key":"SteroidPotion"},{"floor":38,"key":"AttackPotion"}],"is_trial":false,"path_per_floor":["M","?","?","M","M","E","R","$","T","R","?","?","M","T","R","B",null,"M","M","?","$","?","R","?","M","T","R","T","?","M","M","R","B",null,"M","$","M","?","T","E"],"character_chosen":"THE_SILENT","items_purchased":["Finesse","Caltrops","Masterful Stab","Strawberry","Apotheosis","Poisoned Stab","Die Die Die","Backstab"],"campfire_rested":5,"item_purchase_floors":[0,8,8,21,21,21,36,36],"current_hp_per_floor":[41,58,41,40,40,4,25,25,25,46,32,32,20,20,41,14,70,61,26,26,33,33,56,56,49,49,49,54,54,26,15,53,46,77,69,69,45,19,24,0,0],"gold":123,"neow_bonus":"","is_prod":false,"is_daily":false,"chose_seed":false,"campfire_upgraded":0,"win_rate":0,"timestamp":1607540004,"path_taken":["M","?","?","M","M","E","R","?","T","R","?","?","M","?","R","BOSS","M","M","?","$","?","R","?","M","T","R","?","?","?","M","R","BOSS","M","$","M","?","?","E"],"build_version":"2020-11-30","purchased_purges":0,"victory":false,"max_hp_per_floor":[70,70,70,70,70,70,70,70,70,70,70,70,70,70,70,70,70,70,70,70,77,77,77,77,77,77,77,77,77,77,77,77,77,77,77,77,77,77,77,77,77],"card_choices":[{"not_picked":["Prepared","Outmaneuver"],"picked":"Accuracy","floor":1},{"not_picked":["Poisoned Stab","Eviscerate"],"picked":"Footwork","floor":1},{"not_picked":["Dagger Throw","Skewer"],"picked":"Deadly Poison","floor":4},{"not_picked":["Escape Plan","Caltrops"],"picked":"Flying Knee","floor":4},{"not_picked":["Underhanded Strike","Skewer"],"picked":"Accuracy","floor":5},{"not_picked":["Dodge and Roll","Deadly Poison"],"picked":"Infinite Blades","floor":5},{"not_picked":["Bouncing Flask","Catalyst"],"picked":"Terror","floor":6},{"not_picked":["Heel Hook","Dodge and Roll"],"picked":"Outmaneuver","floor":13},{"not_picked":["Reflex","Bane"],"picked":"Endless Agony","floor":13},{"not_picked":["Bullet Time","Tools of the Trade"],"picked":"Phantasmal Killer","floor":16},{"not_picked":["Dodge and Roll","All Out Attack+1"],"picked":"Endless Agony","floor":18},{"not_picked":["Poisoned Stab","Bouncing Flask"],"picked":"Flying Knee","floor":18},{"not_picked":["Poisoned Stab","PiercingWail"],"picked":"Distraction","floor":19},{"not_picked":["Dagger Spray","Slice"],"picked":"PiercingWail+1","floor":19},{"not_picked":["Dodge and Roll","PiercingWail"],"picked":"Infinite Blades","floor":25},{"not_picked":["Dash","Deadly Poison"],"picked":"Corpse Explosion","floor":25},{"not_picked":["Concentrate","Acrobatics"],"picked":"Masterful Stab","floor":30},{"not_picked":["Escape Plan","Masterful Stab"],"picked":"Blade Dance","floor":30},{"not_picked":["Footwork","Slice"],"picked":"Predator","floor":31},{"not_picked":["Distraction","Dodge and Roll+1"],"picked":"Infinite Blades","floor":31},{"not_picked":["Grand Finale","Wraith Form v2"],"picked":"After Image","floor":33},{"not_picked":["Bane+1","PiercingWail+1"],"picked":"Cloak And Dagger+1","floor":35},{"not_picked":["Dagger Throw+1","Flying Knee"],"picked":"PiercingWail+1","floor":35},{"not_picked":["Poisoned Stab","Calculated Gamble"],"picked":"Blade Dance+1","floor":37},{"not_picked":["Escape Plan+1","Tactician"],"picked":"Outmaneuver","floor":37},{"not_picked":["Bouncing Flask+1","Deflect"],"picked":"A Thousand Cuts","floor":38}],"player_experience":329661,"relics_obtained":[{"floor":6,"key":"Tiny Chest"},{"floor":14,"key":"Oddly Smooth Stone"},{"floor":26,"key":"Tingsha"},{"floor":28,"key":"Centennial Puzzle"},{"floor":34,"key":"Ancient Tea Set"},{"floor":34,"key":"Eternal Feather"},{"floor":34,"key":"StoneCalendar"},{"floor":38,"key":"Gambling Chip"},{"floor":39,"key":"Blood Vial"}],"event_choices":[{"damage_healed":17,"gold_gain":0,"player_choice":"Healed","damage_taken":0,"max_hp_gain":0,"max_hp_loss":0,"event_name":"The Cleric","floor":2,"gold_loss":35},{"damage_healed":0,"gold_gain":0,"player_choice":"Take Damage","damage_taken":17,"relics_obtained":["Golden Idol"],"max_hp_gain":0,"max_hp_loss":0,"event_name":"Golden Idol","floor":3,"gold_loss":0},{"damage_healed":0,"gold_gain":0,"player_choice":"Entered Light","damage_taken":14,"max_hp_gain":0,"max_hp_loss":0,"event_name":"Shining Light","floor":11,"gold_loss":0,"cards_upgraded":["Accuracy","Caltrops"]},{"damage_healed":0,"gold_gain":69,"player_choice":"Gained Gold","damage_taken":0,"max_hp_gain":0,"max_hp_loss":0,"event_name":"Golden Wing","floor":12,"gold_loss":0},{"damage_healed":0,"gold_gain":0,"player_choice":"Simplicity","damage_taken":0,"max_hp_gain":0,"max_hp_loss":0,"event_name":"Back to Basics","floor":20,"gold_loss":0,"cards_upgraded":["Strike_G","Strike_G","Strike_G","Strike_G","Strike_G","Defend_G","Defend_G","Defend_G","Defend_G","Defend_G"]},{"damage_healed":0,"gold_gain":0,"player_choice":"Gave Idol","damage_taken":0,"relics_obtained":["Bloody Idol"],"max_hp_gain":0,"max_hp_loss":0,"event_name":"Forgotten Altar","floor":22,"relics_lost":["Golden Idol"],"gold_loss":0},{"damage_healed":0,"gold_gain":0,"player_choice":"Read","damage_taken":0,"max_hp_gain":0,"max_hp_loss":0,"event_name":"The Library","floor":24,"gold_loss":0,"cards_obtained":["Infinite Blades"]},{"damage_healed":0,"gold_gain":0,"player_choice":"Obtained Relic","damage_taken":0,"relics_obtained":["Regal Pillow"],"max_hp_gain":0,"max_hp_loss":0,"event_name":"Addict","floor":29,"gold_loss":85},{"damage_healed":0,"gold_gain":0,"player_choice":"Fight","damage_taken":0,"max_hp_gain":0,"max_hp_loss":0,"event_name":"MindBloom","floor":38,"gold_loss":0}],"is_beta":false,"boss_relics":[{"not_picked":["Runic Pyramid","Cursed Key"],"picked":"HoveringKite"},{"not_picked":["Pandora\u0027s Box","Sozu"],"picked":"Calling Bell"}],"items_purged_floors":[],"is_endless":false,"potions_floor_spawned":[1,4,13,30,33,35,38],"killed_by":"Nemesis","ascension_level":1}}