{"host":"xeomgo6joa8vwt8r","time":1607490986,"event":{"gold_per_floor":[116,116,116,128,53,79,79,113,140,172,182,182,182,182],"floor_reached":13,"playtime":700,"items_purged":["Bash"],"score":145,"play_id":"b16a075a-8748-4bdb-ba9b-42941cb743a3","local_time":"20201209001626","is_ascension_mode":true,"campfire_choices":[{"data":"infinitespire:Fortify","floor":7,"key":"SMITH"}],"neow_cost":"NONE","seed_source_timestamp":1157096106988200,"circlet_count":0,"master_deck":["Strike_R","Strike_R","Strike_R","Strike_R","Strike_R","Defend_R","Defend_R","Defend_R","Defend_R","Twin Strike","infinitespire:Fortify+1","Shrug It Off","Flame Barrier","Armaments"],"special_seed":0,"relics":["Burning Blood","NeowsBlessing","Anchor","DemoMod:Metronome","DemoMod:ClearGuonStone","DemoMod:GlassGuonStoneRelic","aspiration:HiddenCompartment","Golden Idol"],"potions_floor_usage":[8,10],"damage_taken":[{"damage":0,"enemies":"Jaw Worm","floor":1,"turns":1},{"damage":0,"enemies":"Small Slimes","floor":4,"turns":1},{"damage":0,"enemies":"3 Sentries","floor":6,"turns":2},{"damage":40,"enemies":"Gremlin Nob","floor":8,"turns":6},{"damage":27,"enemies":"Lagavulin","floor":10,"turns":11},{"damage":0,"enemies":"2 Louse","floor":11,"turns":3},{"damage":0,"enemies":"2 Fungi Beasts","floor":13,"turns":1}],"seed_played":"3464044046191128084","potions_obtained":[{"floor":6,"key":"Weak Potion"},{"floor":8,"key":"BloodPotion"}],"is_trial":false,"path_per_floor":["M","?","?","M","$","E","R","E","T","E","M","?","M"],"character_chosen":"IRONCLAD","items_purchased":[],"campfire_rested":0,"item_purchase_floors":[],"current_hp_per_floor":[80,60,68,74,74,80,80,46,46,41,47,47,47,47],"gold":182,"neow_bonus":"THREE_ENEMY_KILL","is_prod":false,"is_daily":false,"chose_seed":false,"campfire_upgraded":1,"win_rate":0,"timestamp":1607490986,"path_taken":["M","?","?","M","$","E","R","E","T","E","M","?","M"],"build_version":"2020-11-30","purchased_purges":1,"victory":false,"max_hp_per_floor":[80,80,80,80,80,80,80,80,80,80,80,74,74,74],"card_choices":[{"not_picked":["Warcry","Iron Wave"],"picked":"Twin Strike","floor":1},{"not_picked":["infinitespire:SevenWalls","infinitespire:DeathsTouch"],"picked":"infinitespire:Fortify","floor":2},{"not_picked":["Power Through","Clothesline","Evolve"],"picked":"SKIP","floor":4},{"not_picked":["Brutality","Second Wind"],"picked":"Shrug It Off","floor":6},{"not_picked":["Perfected Strike","Clash"],"picked":"Flame Barrier","floor":8},{"not_picked":["Entrench","Shockwave","Clothesline"],"picked":"SKIP","floor":10},{"not_picked":["Body Slam","hubris:SharpeningStone"],"picked":"Armaments","floor":11}],"player_experience":97605,"relics_obtained":[{"floor":6,"key":"Anchor"},{"floor":8,"key":"DemoMod:Metronome"},{"floor":9,"key":"DemoMod:ClearGuonStone"},{"floor":10,"key":"aspiration:HiddenCompartment"}],"event_choices":[{"damage_healed":0,"gold_gain":0,"player_choice":"Lose Max HP","damage_taken":0,"relics_obtained":["Golden Idol"],"max_hp_gain":0,"max_hp_loss":6,"event_name":"Golden Idol","floor":12,"gold_loss":0}],"is_beta":false,"boss_relics":[],"items_purged_floors":[5],"is_endless":false,"potions_floor_spawned":[6,8],"killed_by":"2 Fungi Beasts","ascension_level":3}}