{"host":"87w2793jpavfbt1o","time":1607485479,"event":{"gold_per_floor":[99,99],"floor_reached":0,"playtime":89,"items_purged":[],"score":0,"play_id":"7d50470d-3285-403d-9086-936574645557","local_time":"20201208194439","daily_mods":["Draft"],"is_ascension_mode":false,"campfire_choices":[],"neow_cost":"","seed_source_timestamp":5963656830887974776,"circlet_count":0,"master_deck":["Ragnarok","ClearTheMind","REME_MusicOfDeath","InnerPeace","Replay:ManipulateFuture","Wallop","Crescendo","Wallop","Wireheading","FlurryOfBlows","Prostrate","InnerPeace","PathToVictory","Wallop","ClearTheMind","REME_MusicOfDeath"],"relics":["PureWater","REME_ComplimentaryCards"],"potions_floor_usage":[],"damage_taken":[],"seed_played":"-3375579299091093348","potions_obtained":[],"is_trial":true,"path_per_floor":[],"character_chosen":"WATCHER","items_purchased":[],"campfire_rested":0,"item_purchase_floors":[],"current_hp_per_floor":[72,72],"gold":99,"neow_bonus":"","is_prod":false,"is_daily":false,"chose_seed":false,"campfire_upgraded":0,"win_rate":0,"timestamp":1607485479,"path_taken":[],"build_version":"2020-11-30","purchased_purges":0,"victory":false,"max_hp_per_floor":[72,72],"card_choices":[{"not_picked":["Sanctity","Replay:BluntJabs"],"picked":"ClearTheMind","floor":0},{"not_picked":["SandsOfTime","JustLucky"],"picked":"REME_MusicOfDeath","floor":0},{"not_picked":["Consecrate","FollowUp"],"picked":"InnerPeace","floor":0},{"not_picked":["FearNoEvil","FlurryOfBlows"],"picked":"Replay:ManipulateFuture","floor":0},{"not_picked":["Study","Prostrate"],"picked":"Wallop","floor":0},{"not_picked":["FlurryOfBlows","Prostrate"],"picked":"Crescendo","floor":0},{"not_picked":["FearNoEvil","Adaptation"],"picked":"Wallop","floor":0},{"not_picked":["REME_Repentance","EmptyFist"],"picked":"Wireheading","floor":0},{"not_picked":["Protect","EmptyFist"],"picked":"FlurryOfBlows","floor":0},{"not_picked":["Replay:BluntJabs","BowlingBash"],"picked":"Prostrate","floor":0},{"not_picked":["REME_Repentance","Sanctity"],"picked":"InnerPeace","floor":0},{"not_picked":["LikeWater","DeceiveReality"],"picked":"PathToVictory","floor":0},{"not_picked":["WheelKick","Weave"],"picked":"Wallop","floor":0},{"not_picked":["CrushJoints","REME_Repentance"],"picked":"ClearTheMind","floor":0},{"not_picked":["Protect","Indignation"],"picked":"REME_MusicOfDeath","floor":0}],"player_experience":596843,"relics_obtained":[],"event_choices":[],"is_beta":false,"boss_relics":[],"items_purged_floors":[],"is_endless":false,"potions_floor_spawned":[],"ascension_level":0}}