{"host":"wpg8td78s8974atr","time":1607535399,"event":{"gold_per_floor":[119,131,144,68,80,58,73,101,101,101,119,42,42,56,56,161,161,173,99,99,111,128,159,159,159,183,183,196,162,173,189,189,290,290,309,309,73,91,109,135,146,162,188,188,200,216,18,35,35,61],"floor_reached":51,"playtime":10025,"items_purged":[],"score":732,"play_id":"70096410-8d73-4925-897d-c0e3d6099d85","local_time":"20201209183639","is_ascension_mode":false,"metric_token":1634,"campfire_choices":[{"data":"PokerPlayerMod:Club1","floor":13,"key":"SMITH"},{"data":"PokerPlayerMod:Diamond1","floor":15,"key":"SMITH"},{"data":"PokerPlayerMod:ClubShade","floor":25,"key":"SMITH"},{"data":"PokerPlayerMod:WasteCollection","floor":27,"key":"SMITH"},{"data":"PokerPlayerMod:Diamond5","floor":32,"key":"SMITH"},{"floor":44,"key":"REST"},{"floor":49,"key":"REST"}],"neow_cost":"","seed_source_timestamp":36524794302255,"circlet_count":0,"master_deck":["PokerPlayerMod:Diamond2","PokerPlayerMod:Diamond2","PokerPlayerMod:Diamond3","PokerPlayerMod:Diamond4","PokerPlayerMod:Diamond5","PokerPlayerMod:Spade1","PokerPlayerMod:Spade2","PokerPlayerMod:Spade3","PokerPlayerMod:Spade4","PokerPlayerMod:Club2","PokerPlayerMod:Club2","PokerPlayerMod:Heart2","PokerPlayerMod:TrumpStrike","PokerPlayerMod:BadJoker","PokerPlayerMod:Mulligan","PokerPlayerMod:Harden","PokerPlayerMod:Diamond2","PokerPlayerMod:Diamond3","PokerPlayerMod:CloakAndDiamond+1","PokerPlayerMod:Spade4","PokerPlayerMod:Raise","PokerPlayerMod:Spade5","PokerPlayerMod:Diamond6","PokerPlayerMod:WasteCollection+1","PokerPlayerMod:Heart1","PokerPlayerMod:ClubShade+1","PokerPlayerMod:Heart5","PokerPlayerMod:Spade5","PokerPlayerMod:Diamond6","PokerPlayerMod:Raise+1","PokerPlayerMod:Heart5","PokerPlayerMod:ClubShade","PokerPlayerMod:Configure+1","PokerPlayerMod:Manipulation","PokerPlayerMod:Diamond7","PokerPlayerMod:Club4","PokerPlayerMod:Diamond5","PokerPlayerMod:PoorCopy"],"relics":["PokerPlayerMod:DeckCase","Membership Card","Incense Burner","PokerPlayerMod:PendantOfEscape","Strawberry","infinitespire:BlackEgg","HandDrill","Letter Opener","Pear","Frozen Eye","energizedSpire:OgreHead","Sundial","Darkstone Periapt","War Paint","energizedSpire:SpiderWeb","Gambling Chip","Regal Pillow","infinitespire:Satchel","Nunchaku","infinitespire:Midas Blood","Blood Vial"],"potions_floor_usage":[1,33,33,39,48,50,50],"damage_taken":[{"damage":0,"enemies":"Cultist","floor":1,"turns":3},{"damage":0,"enemies":"Small Slimes","floor":2,"turns":3},{"damage":5,"enemies":"2 Louse","floor":3,"turns":2},{"damage":0,"enemies":"3 Louse","floor":5,"turns":2},{"damage":1,"enemies":"Lots of Slimes","floor":7,"turns":3},{"damage":0,"enemies":"Gremlin Nob","floor":8,"turns":4},{"damage":1,"enemies":"Red Slaver","floor":11,"turns":3},{"damage":0,"enemies":"3 Louse","floor":14,"turns":2},{"damage":16,"enemies":"Slime Boss","floor":16,"turns":9},{"damage":8,"enemies":"Shell Parasite","floor":18,"turns":4},{"damage":0,"enemies":"Spheric Guardian","floor":21,"turns":2},{"damage":7,"enemies":"Chosen and Byrds","floor":22,"turns":5},{"damage":6,"enemies":"Book of Stabbing","floor":23,"turns":6},{"damage":4,"enemies":"Shelled Parasite and Fungi","floor":28,"turns":4},{"damage":0,"enemies":"Sentry and Sphere","floor":30,"turns":4},{"damage":0,"enemies":"Snake Plant","floor":31,"turns":4},{"damage":35,"enemies":"Automaton","floor":33,"turns":12},{"damage":8,"enemies":"Orb Walker","floor":35,"turns":4},{"damage":15,"enemies":"3 Darklings","floor":38,"turns":9},{"damage":6,"enemies":"4 Shapes","floor":39,"turns":4},{"damage":71,"enemies":"Nemesis","floor":40,"turns":9},{"damage":15,"enemies":"Writhing Mass","floor":41,"turns":7},{"damage":41,"enemies":"Maw","floor":42,"turns":8},{"damage":0,"enemies":"4 Shapes","floor":45,"turns":5},{"damage":43,"enemies":"Sphere and 2 Shapes","floor":46,"turns":5},{"damage":13,"enemies":"3 Darklings","floor":48,"turns":18},{"damage":84,"enemies":"Awakened One","floor":50,"turns":22}],"seed_played":"-857290538670087483","potions_obtained":[{"floor":1,"key":"Fruit Juice"},{"floor":7,"key":"Fire Potion"},{"floor":8,"key":"infinitespire:BlackPotion"},{"floor":14,"key":"DuplicationPotion"},{"floor":18,"key":"CultistPotion"},{"floor":30,"key":"Ancient Potion"},{"floor":31,"key":"Explosive Potion"},{"floor":35,"key":"LiquidMemories"},{"floor":39,"key":"Energy Potion"},{"floor":42,"key":"SteroidPotion"},{"floor":46,"key":"GamblersBrew"},{"floor":48,"key":"AttackPotion"}],"is_trial":false,"path_per_floor":["M","M","M","$","M","?","M","E","T","?","M","$","R","M","R","B",null,"M","$","?","M","M","E","?","R","T","R","M","$","M","M","R","B",null,"M","?","$","M","M","E","M","M","T","R","M","M","$","M","R","B",null],"character_chosen":"THE_POKER_PLAYER","items_purchased":["Membership Card","PokerPlayerMod:PendantOfEscape","PokerPlayerMod:Harden","HandDrill","Frozen Eye","PokerPlayerMod:ClubShade","PokerPlayerMod:Heart5","PokerPlayerMod:ClubShade","Gambling Chip","Regal Pillow","infinitespire:Midas Blood","Blood Vial"],"campfire_rested":2,"item_purchase_floors":[0,0,0,4,12,19,19,29,37,37,47,47],"current_hp_per_floor":[59,61,59,59,62,62,63,64,74,74,73,73,73,74,74,58,74,66,66,66,74,74,74,74,74,74,74,74,74,74,74,74,58,74,67,67,67,70,74,30,54,36,36,73,74,37,37,54,74,9],"gold":61,"neow_bonus":"","is_prod":false,"is_daily":false,"chose_seed":false,"campfire_upgraded":5,"win_rate":0.0,"timestamp":1607535399,"path_taken":["M","M","M","$","M","?","M","E","T","?","M","$","R","M","R","BOSS","M","$","?","M","?","E","?","R","T","R","?","?","M","M","R","BOSS","M","?","$","M","M","E","M","M","T","R","M","M","$","M","R","BOSS"],"build_version":"2020-11-30","purchased_purges":0,"victory":true,"max_hp_per_floor":[64,64,64,64,64,64,64,64,74,74,74,74,74,74,74,74,74,74,74,74,74,74,74,74,74,74,74,74,74,74,74,74,74,74,74,74,74,74,74,74,74,74,74,74,74,74,74,74,74,74],"card_choices":[{"not_picked":["PokerPlayerMod:Spade4","PokerPlayerMod:HeartStrike"],"picked":"PokerPlayerMod:Diamond2","floor":1},{"not_picked":["PokerPlayerMod:Diamond1","PokerPlayerMod:Diamond6"],"picked":"PokerPlayerMod:Diamond3","floor":2},{"not_picked":["PokerPlayerMod:Diamond1","PokerPlayerMod:Diamond10+"],"picked":"PokerPlayerMod:CloakAndDiamond","floor":3},{"not_picked":["PokerPlayerMod:Spade6","PokerPlayerMod:MagicTrick"],"picked":"PokerPlayerMod:Spade4","floor":5},{"not_picked":["PokerPlayerMod:SpadeStrike","PokerPlayerMod:WasteCollection"],"picked":"PokerPlayerMod:Raise","floor":7},{"not_picked":["PokerPlayerMod:MagicTrick","PokerPlayerMod:CardBurn","PokerPlayerMod:Club8"],"picked":"SKIP","floor":8},{"not_picked":["PokerPlayerMod:Overdeal","PokerPlayerMod:DartThrow"],"picked":"PokerPlayerMod:Spade5","floor":11},{"not_picked":["PokerPlayerMod:Spade3","PokerPlayerMod:Fold"],"picked":"PokerPlayerMod:Diamond6","floor":14},{"not_picked":["PokerPlayerMod:SecretDealer","PokerPlayerMod:Diamond7"],"picked":"PokerPlayerMod:WasteCollection","floor":16},{"not_picked":["PokerPlayerMod:SecondChance","PokerPlayerMod:FlyingCard+1"],"picked":"PokerPlayerMod:Heart1","floor":18},{"not_picked":["PokerPlayerMod:Harden+1","PokerPlayerMod:Configure"],"picked":"PokerPlayerMod:Spade5","floor":21},{"not_picked":["PokerPlayerMod:MagicTrick","PokerPlayerMod:ClubDance+1"],"picked":"PokerPlayerMod:Diamond5","floor":22},{"not_picked":["PokerPlayerMod:Diamond1","PokerPlayerMod:DartThrow+1","PokerPlayerMod:Spade1"],"picked":"SKIP","floor":23},{"not_picked":["PokerPlayerMod:Spade5","PokerPlayerMod:PoorCopy"],"picked":"PokerPlayerMod:Heart5","floor":28},{"not_picked":["PokerPlayerMod:Spade2","PokerPlayerMod:Heart1"],"picked":"PokerPlayerMod:Configure+1","floor":30},{"not_picked":["PokerPlayerMod:CloakAndDiamond+1","PokerPlayerMod:Configure+1"],"picked":"PokerPlayerMod:Manipulation","floor":31},{"not_picked":["PokerPlayerMod:FakeSymbols","PokerPlayerMod:Heart10+"],"picked":"PokerPlayerMod:Diamond7","floor":33},{"not_picked":["PokerPlayerMod:CardBurn","PokerPlayerMod:HiddenCard","PokerPlayerMod:SpadeStrike"],"picked":"SKIP","floor":35},{"not_picked":["PokerPlayerMod:Spade6","PokerPlayerMod:CardBurn+1"],"picked":"PokerPlayerMod:Club4","floor":38},{"not_picked":["PokerPlayerMod:Heart2","PokerPlayerMod:Spade1","PokerPlayerMod:Heart1"],"picked":"SKIP","floor":39},{"not_picked":["PokerPlayerMod:Harden","PokerPlayerMod:WildCard"],"picked":"PokerPlayerMod:Diamond5","floor":40},{"not_picked":["PokerPlayerMod:Diamond4","PokerPlayerMod:ClubsClub+1"],"picked":"PokerPlayerMod:PoorCopy","floor":41},{"not_picked":["PokerPlayerMod:Club4","PokerPlayerMod:Diamond6","PokerPlayerMod:HiddenCard"],"picked":"SKIP","floor":42},{"not_picked":["PokerPlayerMod:DartThrow","PokerPlayerMod:Diamond6","PokerPlayerMod:Club2"],"picked":"SKIP","floor":45},{"not_picked":["PokerPlayerMod:HotShotCut+1","PokerPlayerMod:Club2","PokerPlayerMod:Trickery+1"],"picked":"SKIP","floor":46},{"not_picked":["PokerPlayerMod:Heart1","PokerPlayerMod:Club1","PokerPlayerMod:RiskyBet"],"picked":"SKIP","floor":48}],"player_experience":204031,"relics_obtained":[{"floor":8,"key":"Letter Opener"},{"floor":9,"key":"Pear"},{"floor":23,"key":"Darkstone Periapt"},{"floor":26,"key":"War Paint"},{"floor":40,"key":"infinitespire:Satchel"},{"floor":43,"key":"Nunchaku"}],"event_choices":[{"damage_healed":0,"gold_gain":0,"player_choice":"Left","damage_taken":0,"max_hp_gain":0,"max_hp_loss":0,"event_name":"betterThird:BetterGoop","floor":6,"gold_loss":22},{"damage_healed":0,"gold_gain":0,"player_choice":"Leave","damage_taken":0,"max_hp_gain":0,"max_hp_loss":0,"event_name":"The Cleric","floor":10,"gold_loss":0},{"damage_healed":0,"gold_gain":0,"player_choice":"Gave Potion","damage_taken":0,"relics_obtained":["Sundial"],"max_hp_gain":0,"max_hp_loss":0,"event_name":"WeMeetAgain","floor":20,"gold_loss":0},{"damage_healed":0,"gold_gain":0,"player_choice":"Copied","damage_taken":0,"max_hp_gain":0,"max_hp_loss":0,"event_name":"Duplicator","floor":24,"gold_loss":0,"cards_obtained":["PokerPlayerMod:Raise"]},{"damage_healed":0,"gold_gain":0,"player_choice":"Ignored","damage_taken":0,"max_hp_gain":0,"max_hp_loss":0,"event_name":"Tomb of Lord Red Mask","floor":36,"gold_loss":0}],"is_beta":false,"boss_relics":[{"not_picked":["infinitespire:Cupcake","energizedSpire:HugeHouse"],"picked":"energizedSpire:OgreHead"},{"not_picked":["Black Star","energizedSpire:EnergizedDie"],"picked":"energizedSpire:SpiderWeb"}],"items_purged_floors":[],"is_endless":false,"potions_floor_spawned":[1,7,8,14,18,30,31,35,39,42,46,48],"ascension_level":0}}