{"host":"9rxgn077cyjlend4","time":1607513718,"event":{"gold_per_floor":[109,109,120,136,11,11,36,67,106,153,165,212,192,17,17,17,17],"floor_reached":16,"playtime":998,"items_purged":["Defend_G","Strike_G"],"score":210,"play_id":"8734d5e5-85ab-4594-9c1b-4bcaeb25116e","local_time":"20201209113518","is_ascension_mode":true,"campfire_choices":[{"data":"Noxious Fumes","floor":6,"key":"SMITH"},{"floor":11,"key":"REST"},{"floor":15,"key":"REST"}],"neow_cost":"NONE","seed_source_timestamp":3688400475000,"circlet_count":0,"master_deck":["AscendersBane","Strike_G+1","Strike_G+1","Strike_G","Strike_G","Defend_G","Defend_G+1","Defend_G+1","Defend_G","Survivor","Neutralize","Fluid Movement","Noxious Fumes+1","Cloak And Dagger","Blade Dance","PiercingWail","Blade Dance","Dagger Spray+1"],"relics":["Ring of the Snake","Whetstone","MawBank","Gremlin Food","Replay:Bottled Snecko"],"potions_floor_usage":[8,10,12],"damage_taken":[{"damage":1,"enemies":"Small Slimes","floor":1,"turns":4},{"damage":0,"enemies":"Cultist","floor":3,"turns":4},{"damage":1,"enemies":"2 Louse","floor":4,"turns":3},{"damage":2,"enemies":"Replay:BlueRogue","floor":7,"turns":7},{"damage":0,"enemies":"Looter","floor":8,"turns":4},{"damage":17,"enemies":"Lagavulin","floor":10,"turns":6},{"damage":45,"enemies":"Gremlin Nob","floor":12,"turns":5},{"damage":9,"enemies":"Exordium Thugs","floor":13,"turns":6},{"damage":11,"enemies":"Slime Boss","floor":16,"turns":6}],"seed_played":"-1748791978688566485","potions_obtained":[{"floor":1,"key":"LifebloodPotion"},{"floor":2,"key":"Elixir"},{"floor":3,"key":"Swift Potion"},{"floor":8,"key":"CunningPotion"},{"floor":12,"key":"Elixir"},{"floor":13,"key":"ColorlessPotion"}],"is_trial":false,"path_per_floor":["M","?","M","M","$","R","E","M","T","E","R","E","M","$","R","B"],"character_chosen":"THE_SILENT","items_purchased":["Cloak And Dagger","SpeedPotion","Dagger Spray+1"],"campfire_rested":2,"item_purchase_floors":[5,14,14],"current_hp_per_floor":[58,58,58,57,57,57,55,55,55,38,57,12,3,3,22,11,11],"gold":17,"neow_bonus":"RANDOM_COMMON_RELIC","is_prod":false,"is_daily":false,"chose_seed":false,"campfire_upgraded":1,"win_rate":0,"timestamp":1607513718,"path_taken":["M","?","M","?","$","R","E","M","T","E","R","E","M","$","R","BOSS"],"build_version":"2020-11-30","purchased_purges":2,"victory":false,"max_hp_per_floor":[66,66,66,66,66,66,66,66,66,66,66,66,66,66,66,66,66],"card_choices":[{"not_picked":["Flying Knee","Slice"],"picked":"Fluid Movement","floor":1},{"not_picked":["Prepared","Heel Hook"],"picked":"Noxious Fumes","floor":3},{"not_picked":["ReplayTheSpireMod:Shiv Toss","Bane","Expertise"],"picked":"SKIP","floor":4},{"not_picked":["Unload","Heel Hook","Prepared"],"picked":"SKIP","floor":7},{"not_picked":["Dodge and Roll","ReplayTheSpireMod:Tripwire"],"picked":"Blade Dance","floor":8},{"not_picked":["Hidden Blade","Flechettes","Fluid Movement"],"picked":"SKIP","floor":10},{"not_picked":["Deflect","Tactician"],"picked":"PiercingWail","floor":12},{"not_picked":["Footwork","Quick Slash"],"picked":"Blade Dance","floor":13}],"player_experience":658906,"relics_obtained":[{"floor":7,"key":"MawBank"},{"floor":10,"key":"Gremlin Food"},{"floor":12,"key":"Replay:Bottled Snecko"}],"event_choices":[{"damage_healed":0,"gold_gain":0,"player_choice":"Got Potions","damage_taken":0,"max_hp_gain":0,"max_hp_loss":0,"event_name":"Lab","floor":2,"gold_loss":0}],"is_beta":false,"boss_relics":[],"items_purged_floors":[5,14],"is_endless":false,"potions_floor_spawned":[1,3,8,12,13],"killed_by":"Slime Boss","ascension_level":15}}