{"host":"k1almjfueev19d77","time":1607549841,"event":{"gold_per_floor":[16,16,36,36,53,53,78,78,78,78,3,3,31,49,49,148,148,163,176,190,190,190,224,224,255,331,331,331,373,373,398,398],"floor_reached":31,"playtime":1889,"items_purged":["Defend_P"],"score":463,"play_id":"02dbfd13-92e5-49f7-a545-3acaf1691597","local_time":"20201209163721","is_ascension_mode":true,"campfire_choices":[{"data":"ForeignInfluence","floor":6,"key":"SMITH"},{"data":"Conclude","floor":8,"key":"SMITH"},{"data":"CutThroughFate","floor":10,"key":"SMITH"},{"data":"Evaluate","floor":12,"key":"SMITH"},{"data":"Tantrum","floor":15,"key":"SMITH"},{"floor":24,"key":"REST"},{"data":"Pot Of Greed","floor":27,"key":"SMITH"}],"neow_cost":"NO_GOLD","seed_source_timestamp":587831199673800,"circlet_count":0,"master_deck":["Strike_P","Strike_P","Defend_P","Eruption","Vigilance","Tantrum+1","ForeignInfluence+1","Steam","Conclude+1","CutThroughFate+1","Evaluate+1","EmptyBody","Worship","BowlingBash","Adaptation+1","Wish","Pot Of Greed","Pot Of Greed+1","Crescendo+1"],"relics":["PureWater","StrikeDummy","infinitespire:ShieldingShard","hubris:Zylophone","Ancient Tea Set","Black Star","CCEMRelics:Pendulum","Darkstone Periapt","hubris:Potato","Grinning Jar","Quantum Egg","hubris:SphereOfDissonance","HandDrill"],"potions_floor_usage":[16,16],"damage_taken":[{"damage":2,"enemies":"2 Louse","floor":1,"turns":4},{"damage":0,"enemies":"Small Slimes","floor":3,"turns":3},{"damage":0,"enemies":"conspire:RoseBush","floor":5,"turns":3},{"damage":21,"enemies":"Lagavulin","floor":7,"turns":5},{"damage":0,"enemies":"3 Sentries","floor":13,"turns":1},{"damage":0,"enemies":"Red Slaver","floor":14,"turns":2},{"damage":35,"enemies":"The Guardian","floor":16,"turns":9},{"damage":0,"enemies":"Chosen","floor":18,"turns":5},{"damage":0,"enemies":"3 Byrds","floor":19,"turns":3},{"damage":24,"enemies":"Shelled Parasite and Fungi","floor":20,"turns":4},{"damage":0,"enemies":"conspire:Head Lice","floor":23,"turns":4},{"damage":12,"enemies":"Book of Stabbing","floor":25,"turns":4},{"damage":0,"enemies":"Cultist and Chosen","floor":29,"turns":2},{"damage":40,"enemies":"Nightmare","floor":31,"turns":4}],"seed_played":"7200556401550328367","potions_obtained":[{"floor":1,"key":"Regen Potion"},{"floor":14,"key":"SkillPotion"},{"floor":18,"key":"Block Potion"},{"floor":23,"key":"LiquidMemories"}],"is_trial":false,"path_per_floor":["M","?","M","?","M","R","E","R","T","R","$","R","E","M","R","B",null,"M","M","M","?","?","E","R","E","T","R","?","M","AVR","NM"],"character_chosen":"WATCHER","items_purchased":[],"campfire_rested":1,"item_purchase_floors":[],"current_hp_per_floor":[63,63,63,45,45,45,24,24,24,24,24,24,24,24,24,4,55,55,55,31,31,31,31,52,40,40,40,40,40,40,0,0],"gold":398,"neow_bonus":"REMOVE_TWO","is_prod":false,"is_daily":false,"chose_seed":false,"campfire_upgraded":6,"win_rate":0,"timestamp":1607549841,"path_taken":["M","?","M","?","M","R","E","R","T","R","$","R","E","M","R","BOSS","M","M","M","?","?","E","R","E","T","R","?","?","AVR","NM"],"build_version":"2020-11-30","purchased_purges":1,"victory":false,"max_hp_per_floor":[72,72,72,72,72,72,72,72,72,72,72,72,72,72,72,72,72,72,72,72,72,72,72,72,72,72,72,72,72,72,72,72],"relic_stats":{"Darkstone Periapt":0,"counters":[14,53],"Black Star":2,"HandDrill":[0],"obtain_stats":[{"Darkstone Periapt":23,"Quantum Egg":26,"CCEMRelics:Pendulum":23,"hubris:SphereOfDissonance":28,"Ancient Tea Set":13,"hubris:Zylophone":9,"infinitespire:ShieldingShard":7,"Black Star":17,"HandDrill":30,"PureWater":0,"Grinning Jar":25,"StrikeDummy":4,"hubris:Potato":25},{"Darkstone Periapt":11,"Quantum Egg":12,"CCEMRelics:Pendulum":11,"hubris:SphereOfDissonance":12,"Ancient Tea Set":5,"hubris:Zylophone":4,"infinitespire:ShieldingShard":4,"Black Star":7,"HandDrill":13,"PureWater":0,"Grinning Jar":12,"StrikeDummy":2,"hubris:Potato":12},{"Darkstone Periapt":43,"Quantum Egg":47,"CCEMRelics:Pendulum":43,"hubris:SphereOfDissonance":47,"Ancient Tea Set":16,"hubris:Zylophone":15,"infinitespire:ShieldingShard":15,"Black Star":27,"HandDrill":49,"PureWater":0,"Grinning Jar":47,"StrikeDummy":7,"hubris:Potato":47}]},"card_choices":[{"not_picked":["PathToVictory","Weave"],"picked":"Tantrum","floor":1},{"not_picked":["Tantrum","FollowUp"],"picked":"Conclude","floor":3},{"not_picked":["Study","Conclude"],"picked":"CutThroughFate","floor":5},{"not_picked":["Protect","Weave"],"picked":"Evaluate","floor":7},{"not_picked":["Protect","ConjureBlade"],"picked":"EmptyBody","floor":13},{"not_picked":["Halt","Replay:Anticipation","Evaluate"],"picked":"SKIP","floor":14},{"not_picked":["SashWhip","Replay:Battleflow+1"],"picked":"Worship","floor":18},{"not_picked":["SandsOfTime","Indignation"],"picked":"BowlingBash","floor":19},{"not_picked":["Halt","ConjureBlade","Replay:Battleflow"],"picked":"SKIP","floor":20},{"not_picked":["Replay:Hum+1","EmptyFist+1"],"picked":"Adaptation+1","floor":23},{"not_picked":["Halt+1","JustLucky"],"picked":"Wish","floor":25},{"not_picked":["FollowUp","Replay:Hum"],"picked":"Crescendo+1","floor":29}],"player_experience":746346,"relics_obtained":[{"floor":7,"key":"infinitespire:ShieldingShard"},{"floor":9,"key":"hubris:Zylophone"},{"floor":13,"key":"Ancient Tea Set"},{"floor":23,"key":"CCEMRelics:Pendulum"},{"floor":23,"key":"Darkstone Periapt"},{"floor":25,"key":"hubris:Potato"},{"floor":25,"key":"Grinning Jar"},{"floor":26,"key":"Quantum Egg"}],"event_choices":[{"damage_healed":0,"gold_gain":0,"player_choice":"Success","damage_taken":18,"relics_obtained":["StrikeDummy"],"max_hp_gain":0,"max_hp_loss":0,"event_name":"Scrap Ooze","floor":4,"gold_loss":0},{"damage_healed":0,"gold_gain":0,"player_choice":"Gave Potion","damage_taken":0,"relics_obtained":["hubris:SphereOfDissonance"],"max_hp_gain":0,"max_hp_loss":0,"event_name":"WeMeetAgain","floor":28,"gold_loss":0}],"is_beta":false,"boss_relics":[{"not_picked":["Runic Dome","hubris:BlackHole"],"picked":"Black Star"}],"items_purged_floors":[11],"is_endless":false,"potions_floor_spawned":[1,14,18,23],"killed_by":"Nightmare","ascension_level":8}}