{"host":"qgpuimdto8vl2dfg","time":1607513077,"event":{"gold_per_floor":[113,113,33,33,33,60,77,118,168,248,258,302,302,329,329,329,329],"floor_reached":16,"playtime":2108,"items_purged":[],"score":149,"play_id":"ca371da7-8a91-4bd1-a40d-df1e3928f02d","local_time":"20201209192437","is_ascension_mode":true,"campfire_choices":[{"data":"MachineGunSpark","floor":15.0,"key":"SMITH"}],"neow_cost":"NONE","seed_source_timestamp":0,"circlet_count":0,"master_deck":["Strike_MRS","Strike_MRS","Strike_MRS","Strike_MRS","Defend_MRS","Defend_MRS","Defend_MRS","Defend_MRS","MasterSpark","UpSweep","DoubleSpark","Singularity","Gensokyo:MarisaTwilightSpark","MagicAbsorber","WitchOfGreed","PropBag","WitchLeyline","Gensokyo:CrescentMoonSlash","MachineGunSpark+1"],"special_seed":0,"relics":["MiniHakkero","NeowsBlessing","Strawberry","Shuriken","Pocketwatch","Smiling Mask","HollowMod:LifeEnderRelic","Gremlin Horn"],"potions_floor_usage":[16,16,16,16,16],"damage_taken":[{"damage":0.0,"enemies":"Gensokyo:3_Fairies","floor":1.0,"turns":1.0},{"damage":0.0,"enemies":"Gensokyo:Aya","floor":6.0,"turns":1.0},{"damage":0.0,"enemies":"Gensokyo:Python","floor":7.0,"turns":1.0},{"damage":5.0,"enemies":"Gensokyo:Mamizou","floor":8.0,"turns":7.0},{"damage":2.0,"enemies":"Gensokyo:Gryphon","floor":11.0,"turns":3.0},{"damage":18.0,"enemies":"Gensokyo:Aya","floor":12.0,"turns":4.0},{"damage":6.0,"enemies":"Gensokyo:CorruptedTreant","floor":14.0,"turns":4.0},{"damage":39,"enemies":"Gensokyo:Kokoro","floor":16,"turns":10}],"seed_played":"-6931394114071299685","potions_obtained":[{"floor":1.0,"key":"EntropicBrew"},{"floor":8.0,"key":"BottledSpark"},{"floor":12.0,"key":"DuplicationPotion"}],"is_trial":false,"path_per_floor":["M","?","$","?","?","E","M","E","T","?","M","E","?","M","R","B"],"character_chosen":"MARISA","items_purchased":["Singularity"],"campfire_rested":0,"item_purchase_floors":[3],"current_hp_per_floor":[75,75,75,72,72,72,72,67,67,67,65,47,39,33,33,0,0],"gold":329,"neow_bonus":"THREE_ENEMY_KILL","is_prod":false,"is_daily":false,"chose_seed":false,"campfire_upgraded":1,"win_rate":0,"timestamp":1607513077,"path_taken":["M","?","$","?","?","E","M","E","T","?","M","E","?","M","R","BOSS"],"build_version":"2020-11-30","purchased_purges":0,"victory":false,"max_hp_per_floor":[75,75,75,82,82,82,82,82,82,82,82,82,82,82,82,82,82],"relic_stats":{"Gremlin Horn":[0,0],"counters":[8,31],"Shuriken":[8],"Smiling Mask":0,"obtain_stats":[{"HollowMod:LifeEnderRelic":12,"NeowsBlessing":0,"Gremlin Horn":12,"Shuriken":6,"Strawberry":4,"MiniHakkero":0,"Kunai":11,"Smiling Mask":9,"Pocketwatch":8},{"HollowMod:LifeEnderRelic":6,"NeowsBlessing":0,"Gremlin Horn":6,"Shuriken":2,"Strawberry":1,"MiniHakkero":0,"Kunai":5,"Smiling Mask":4,"Pocketwatch":4},{"HollowMod:LifeEnderRelic":17,"NeowsBlessing":0,"Gremlin Horn":16,"Shuriken":2,"Strawberry":1,"MiniHakkero":0,"Kunai":13,"Smiling Mask":10,"Pocketwatch":10}],"Pocketwatch":[30]},"card_choices":[{"not_picked":["DeepEcoloBomb","NonDirectionalLaser"],"picked":"DoubleSpark","floor":1.0},{"not_picked":["EventHorizon","6A"],"picked":"MagicAbsorber","floor":6.0},{"not_picked":["6A","FairyDestructionRay"],"picked":"WitchOfGreed","floor":7.0},{"not_picked":["SporeBomb","OneTimeOff"],"picked":"PropBag","floor":8.0},{"not_picked":["GravityBeat","PowerUp"],"picked":"WitchLeyline","floor":11.0},{"not_picked":["EarthLightRay","OrrerysSun","6A"],"picked":"SKIP","floor":12.0},{"not_picked":["SporeBomb","ShootingEcho"],"picked":"MachineGunSpark","floor":14.0}],"player_experience":381900,"relics_obtained":[{"floor":6.0,"key":"Shuriken"},{"floor":8.0,"key":"Pocketwatch"},{"floor":9.0,"key":"Smiling Mask"},{"floor":12.0,"key":"HollowMod:LifeEnderRelic"}],"event_choices":[],"is_beta":false,"boss_relics":[],"items_purged_floors":[],"is_endless":false,"potions_floor_spawned":[1,8,14],"killed_by":"Gensokyo:Kokoro","ascension_level":1}}