{"host":"zv85muor2723jdwz","time":1607532545,"event":{"gold_per_floor":[109,34,54,54,69,69,69,96,96,96,109,109,132,150,150,253,253,264,254,254,254,7,7,21,21,21,39,49,66,79,79,79,175,175,193,293,305,323,340,340,352,352,400,410,439,439,450,224,224,224],"floor_reached":51,"playtime":2085,"items_purged":["Strike_R","Bash+1"],"score":731,"play_id":"709abe20-2562-4347-a3ab-41a1b6708622","local_time":"20201210004905","is_ascension_mode":false,"campfire_choices":[{"data":"Shrug It Off","floor":6.0,"key":"SMITH"},{"data":"Defend_R","floor":10.0,"key":"SMITH"},{"data":"Anger","floor":12.0,"key":"SMITH"},{"data":"Bash","floor":15.0,"key":"SMITH"},{"data":"Limit Break","floor":23.0,"key":"SMITH"},{"data":"Defend_R","floor":25.0,"key":"SMITH"},{"floor":32.0,"key":"REST"},{"data":"Flex","floor":40,"key":"SMITH"},{"data":"Clothesline","floor":42,"key":"SMITH"},{"data":"Inflame","floor":49,"key":"SMITH"}],"neow_cost":"NONE","seed_source_timestamp":0,"circlet_count":0,"master_deck":["Strike_R","Strike_R","Strike_R","Defend_R+1","Defend_R","Defend_R","Defend_R+1","Shrug It Off+1","Limit Break+1","CurseOfTheBell","Heavy Blade+1","Clothesline+1","Flex+1","Feed","Uppercut+1","Shockwave+1","Flex","Pummel+1","Carnage+1","Body Slam","Impervious","Body Slam","Inflame+1"],"special_seed":0,"relics":["Burning Blood","NeowsBlessing","InkBottle","MealTicket","Meat on the Bone","Pen Nib","Calling Bell","Ancient Tea Set","Sundial","Mango","HandDrill","Pantograph","Enchiridion","SacredBark","Boot","Bag of Marbles","Membership Card"],"potions_floor_usage":[50],"damage_taken":[{"damage":0.0,"enemies":"2 Louse","floor":1.0,"turns":1.0},{"damage":0.0,"enemies":"Cultist","floor":3.0,"turns":1.0},{"damage":0.0,"enemies":"Jaw Worm","floor":5.0,"turns":1.0},{"damage":91.0,"enemies":"Lagavulin","floor":8.0,"turns":16.0},{"damage":24.0,"enemies":"Large Slime","floor":11.0,"turns":8.0},{"damage":16.0,"enemies":"3 Louse","floor":14.0,"turns":4.0},{"damage":44.0,"enemies":"Hexaghost","floor":16.0,"turns":7.0},{"damage":40.0,"enemies":"2 Thieves","floor":18.0,"turns":5.0},{"damage":26.0,"enemies":"3 Byrds","floor":24.0,"turns":4.0},{"damage":22.0,"enemies":"Snake Plant","floor":27.0,"turns":7.0},{"damage":20.0,"enemies":"Shelled Parasite and Fungi","floor":28.0,"turns":7.0},{"damage":29.0,"enemies":"3 Cultists","floor":29.0,"turns":10.0},{"damage":0.0,"enemies":"Centurion and Healer","floor":30.0,"turns":7.0},{"damage":83.0,"enemies":"Champ","floor":33.0,"turns":17.0},{"damage":70,"enemies":"3 Darklings","floor":35,"turns":8},{"damage":32,"enemies":"3 Shapes","floor":37,"turns":8},{"damage":56,"enemies":"Maw","floor":38,"turns":10},{"damage":27,"enemies":"4 Shapes","floor":39,"turns":6},{"damage":40,"enemies":"Spire Growth","floor":41,"turns":7},{"damage":10,"enemies":"Maw","floor":44,"turns":8},{"damage":15,"enemies":"Giant Head","floor":45,"turns":8},{"damage":14,"enemies":"Jaw Worm Horde","floor":47,"turns":5},{"damage":45,"enemies":"Awakened One","floor":50,"turns":10}],"seed_played":"-4554180557283019466","potions_obtained":[{"floor":3.0,"key":"Fire Potion"},{"floor":11.0,"key":"Strength Potion"},{"floor":16.0,"key":"Weak Potion"},{"floor":18.0,"key":"Dexterity Potion"},{"floor":24.0,"key":"Swift Potion"}],"is_trial":false,"path_per_floor":["M","$","M","?","M","R","?","E","T","R","M","R","T","M","R","B",null,"M","?","?","?","$","R","M","R","T","M","M","M","M","?","R","B",null,"M","?","M","M","M","R","M","R","T","M","E","?","M","$","R","B",null],"character_chosen":"IRONCLAD","items_purchased":["HandDrill","Inflame","Membership Card"],"campfire_rested":1,"item_purchase_floors":[22,48,48],"current_hp_per_floor":[80,80,80,73,79,79,79,80,80,80,80,80,80,80,80,80,94,94,94,94,94,94,94,94,94,94,78,64,53,59,43,71,94,94,94,94,94,94,97,97,97,97,97,97,97,97,100,100,100,100],"gold":224,"neow_bonus":"THREE_ENEMY_KILL","is_prod":false,"is_daily":false,"chose_seed":false,"campfire_upgraded":9,"win_rate":0.0,"timestamp":1607532545,"path_taken":["M","$","M","?","M","R","?","E","T","R","?","R","?","M","R","BOSS","M","?","?","?","$","R","?","R","T","M","M","M","M","?","R","BOSS","M","?","?","M","M","R","M","R","T","M","E","?","M","?","R","BOSS"],"build_version":"2020-11-30","purchased_purges":2,"victory":true,"max_hp_per_floor":[80,80,80,80,80,80,80,80,80,80,80,80,80,80,80,80,94,94,94,94,94,94,94,94,94,94,94,94,94,94,94,94,94,94,94,94,94,94,97,97,97,97,97,97,97,97,100,100,100,100],"card_choices":[{"not_picked":["Iron Wave","Carnage"],"picked":"Shrug It Off","floor":1.0},{"not_picked":["Dropkick","Pummel","Carnage"],"picked":"SKIP","floor":3.0},{"not_picked":["Clash","Perfected Strike","Pommel Strike"],"picked":"SKIP","floor":5.0},{"not_picked":["Power Through","Dark Embrace","Whirlwind"],"picked":"SKIP","floor":8.0},{"not_picked":["Shockwave","Second Wind"],"picked":"Anger","floor":11.0},{"not_picked":["Iron Wave","Headbutt","Anger"],"picked":"SKIP","floor":14.0},{"not_picked":["Reaper","Offering"],"picked":"Limit Break","floor":16.0},{"not_picked":["Clash+1","Cleave"],"picked":"Heavy Blade+1","floor":18.0},{"not_picked":["Headbutt","Warcry","Battle Trance"],"picked":"SKIP","floor":24.0},{"not_picked":["Juggernaut","Shrug It Off"],"picked":"Clothesline","floor":27.0},{"not_picked":["Spot Weakness","Thunderclap"],"picked":"Flex","floor":28.0},{"not_picked":["Armaments+1","Thunderclap","Reckless Charge"],"picked":"SKIP","floor":29.0},{"not_picked":["Twin Strike","Armaments+1","Burning Pact"],"picked":"SKIP","floor":30.0},{"not_picked":["Berserk","Offering"],"picked":"Feed","floor":33.0},{"not_picked":["Warcry","Clothesline"],"picked":"Uppercut+1","floor":35},{"not_picked":["Ghostly Armor","Feel No Pain"],"picked":"Shockwave+1","floor":37},{"not_picked":["Shrug It Off+1","Sword Boomerang+1"],"picked":"Flex","floor":38},{"not_picked":["Shrug It Off","Clothesline"],"picked":"Pummel+1","floor":39},{"not_picked":["Reckless Charge+1","Iron Wave+1"],"picked":"Carnage+1","floor":41},{"not_picked":["Pommel Strike+1","Burning Pact"],"picked":"Body Slam","floor":44},{"not_picked":["Warcry","Perfected Strike"],"picked":"Impervious","floor":45},{"not_picked":["Infernal Blade","Clash+1"],"picked":"Body Slam","floor":47}],"player_experience":5583,"relics_obtained":[{"floor":8.0,"key":"MealTicket"},{"floor":9.0,"key":"Meat on the Bone"},{"floor":13.0,"key":"Pen Nib"},{"floor":17.0,"key":"Ancient Tea Set"},{"floor":17.0,"key":"Sundial"},{"floor":17.0,"key":"Mango"},{"floor":26.0,"key":"Pantograph"},{"floor":31.0,"key":"Enchiridion"},{"floor":43,"key":"Boot"},{"floor":45,"key":"Bag of Marbles"}],"event_choices":[{"cards_removed":["Strike_R"],"damage_healed":0.0,"max_hp_gain":0.0,"max_hp_loss":0.0,"gold_gain":0.0,"event_name":"Golden Wing","player_choice":"Card Removal","floor":4.0,"gold_loss":0.0,"damage_taken":7.0},{"damage_healed":0.0,"max_hp_gain":0.0,"max_hp_loss":0.0,"gold_gain":0.0,"event_name":"WeMeetAgain","player_choice":"Gave Potion","floor":7.0,"gold_loss":0.0,"damage_taken":0.0,"relics_obtained":["InkBottle"]},{"damage_healed":0.0,"max_hp_gain":0.0,"max_hp_loss":0.0,"gold_gain":0.0,"event_name":"Vampires","player_choice":"Ignored","floor":20.0,"gold_loss":0.0,"damage_taken":0.0},{"cards_removed":["Anger"],"damage_healed":0.0,"max_hp_gain":0.0,"max_hp_loss":0.0,"gold_gain":0.0,"event_name":"Wheel of Change","player_choice":"Card Removal","floor":21.0,"gold_loss":0.0,"damage_taken":0.0},{"damage_healed":0.0,"max_hp_gain":0.0,"max_hp_loss":0.0,"gold_gain":0.0,"event_name":"Cursed Tome","player_choice":"Obtained Book","floor":31.0,"gold_loss":0.0,"damage_taken":16.0},{"damage_healed":0,"gold_gain":100,"player_choice":"Pray","damage_taken":0,"max_hp_gain":0,"max_hp_loss":0,"event_name":"Golden Shrine","floor":36,"gold_loss":0},{"damage_healed":0,"gold_gain":0,"player_choice":"Full Heal","damage_taken":0,"max_hp_gain":0,"max_hp_loss":0,"event_name":"Wheel of Change","floor":46,"gold_loss":0}],"is_beta":false,"boss_relics":[{"not_picked":["Runic Dome","Snecko Eye"],"picked":"Calling Bell"},{"not_picked":["Empty Cage","Black Blood"],"picked":"SacredBark"}],"items_purged_floors":[2,22],"is_endless":false,"potions_floor_spawned":[3,11,16,18,24,29,38,39,44],"ascension_level":0}}