{"host":"1hv1kueuvc4r3rdp","time":1607545141,"event":{"gold_per_floor":[13,28,28,44,60,60,100,100,100,100,125,143,143,143,143,264,264,277,277,292,292,317,317,317,317],"floor_reached":24,"playtime":1172,"items_purged":[],"score":397,"play_id":"b4216860-13bc-4ac7-8a28-18eb2dd581eb","local_time":"20201209141901","is_ascension_mode":true,"campfire_choices":[{"floor":6,"key":"REST"},{"data":"Conclude","floor":8,"key":"SMITH"},{"data":"FlyingSleeves","floor":10,"key":"SMITH"},{"data":"ReachHeaven","floor":13,"key":"SMITH"},{"data":"Eruption","floor":15,"key":"SMITH"},{"floor":23,"key":"REST"}],"neow_cost":"NO_GOLD","seed_source_timestamp":53059800390300,"circlet_count":0,"master_deck":["AscendersBane","Strike_P+1","Strike_P+1","Strike_P+1","Strike_P+1","Defend_P+1","Defend_P+1","Eruption+1","Vigilance","FlyingSleeves+1","Conclude+1","Halt","ReachHeaven+1","EmptyMind","Vault","ThirdEye"],"relics":["PureWater","Golden Idol","Question Card","Yang","Pantograph","Black Star"],"potions_floor_usage":[7,12,22],"damage_taken":[{"damage":4,"enemies":"Jaw Worm","floor":1,"turns":3},{"damage":2,"enemies":"2 Louse","floor":2,"turns":3},{"damage":0,"enemies":"Small Slimes","floor":4,"turns":3},{"damage":5,"enemies":"Blue Slaver","floor":5,"turns":3},{"damage":18,"enemies":"Lagavulin","floor":7,"turns":5},{"damage":0,"enemies":"Lots of Slimes","floor":11,"turns":1},{"damage":9,"enemies":"2 Fungi Beasts","floor":12,"turns":2},{"damage":0,"enemies":"Slime Boss","floor":16,"turns":5},{"damage":2,"enemies":"Spheric Guardian","floor":18,"turns":3},{"damage":34,"enemies":"2 Thieves","floor":20,"turns":3},{"damage":15,"enemies":"Cultist and Chosen","floor":22,"turns":4},{"damage":43,"enemies":"Slavers","floor":24,"turns":4}],"seed_played":"-4510093950686176540","potions_obtained":[{"floor":1,"key":"Block Potion"},{"floor":4,"key":"Dexterity Potion"},{"floor":11,"key":"DuplicationPotion"},{"floor":20,"key":"BottledMiracle"},{"floor":22,"key":"LiquidBronze"}],"is_trial":false,"path_per_floor":["M","M","?","M","M","R","E","R","T","R","M","M","R","T","R","B",null,"M","?","M","?","M","R","E"],"character_chosen":"WATCHER","items_purchased":[],"campfire_rested":2,"item_purchase_floors":[],"current_hp_per_floor":[61,59,41,41,36,57,39,39,39,39,39,30,30,30,30,55,68,66,66,32,32,17,38,0,0],"gold":317,"neow_bonus":"TRANSFORM_TWO_CARDS","is_prod":false,"is_daily":false,"chose_seed":false,"campfire_upgraded":4,"win_rate":0,"timestamp":1607545141,"path_taken":["M","M","?","M","M","R","E","R","T","R","M","M","R","?","R","BOSS","M","?","M","?","M","R","E"],"build_version":"2020-11-30","purchased_purges":0,"victory":false,"max_hp_per_floor":[72,72,72,72,72,72,72,72,72,72,72,72,72,72,72,72,72,72,72,72,72,72,72,72,72],"card_choices":[{"not_picked":["Study","Evaluate"],"picked":"FlyingSleeves","floor":1},{"not_picked":["CrushJoints","DeceiveReality"],"picked":"Conclude","floor":2},{"not_picked":["SashWhip","ClearTheMind"],"picked":"Halt","floor":4},{"not_picked":["Protect","Consecrate","Halt"],"picked":"SKIP","floor":5},{"not_picked":["Consecrate","Sanctity","ClearTheMind"],"picked":"SKIP","floor":7},{"not_picked":["Sanctity","EmptyBody","Judgement"],"picked":"ReachHeaven","floor":11},{"not_picked":["Nirvana","CutThroughFate","FlyingSleeves","Crescendo"],"picked":"SKIP","floor":12},{"not_picked":["JustLucky","Halt","FearNoEvil","Crescendo"],"picked":"SKIP","floor":18},{"not_picked":["Worship","Vengeance","EmptyFist","WaveOfTheHand"],"picked":"SKIP","floor":20},{"not_picked":["BattleHymn","ClearTheMind","CrushJoints+1"],"picked":"ThirdEye","floor":22}],"player_experience":943053,"relics_obtained":[{"floor":7,"key":"Question Card"},{"floor":9,"key":"Yang"},{"floor":14,"key":"Pantograph"}],"event_choices":[{"damage_healed":0,"gold_gain":0,"player_choice":"Take Damage","damage_taken":18,"relics_obtained":["Golden Idol"],"max_hp_gain":0,"max_hp_loss":0,"event_name":"Golden Idol","floor":3,"gold_loss":0},{"damage_healed":0,"gold_gain":0,"player_choice":"Simplicity","damage_taken":0,"max_hp_gain":0,"max_hp_loss":0,"event_name":"Back to Basics","floor":19,"gold_loss":0,"cards_upgraded":["Strike_P","Strike_P","Strike_P","Strike_P","Defend_P","Defend_P"]},{"damage_healed":0,"gold_gain":0,"cards_transformed":["WaveOfTheHand","Brilliance"],"player_choice":"Became Test Subject","damage_taken":0,"max_hp_gain":0,"max_hp_loss":0,"event_name":"Drug Dealer","floor":21,"gold_loss":0,"cards_obtained":["EmptyMind","Vault"]}],"is_beta":false,"boss_relics":[{"not_picked":["Ectoplasm","Velvet Choker"],"picked":"Black Star"}],"items_purged_floors":[],"is_endless":false,"potions_floor_spawned":[1,4,5,11,20,22],"killed_by":"Slavers","ascension_level":12}}