{"host":"49c2zf0lajbcs427","time":1607509134,"event":{"gold_per_floor":[114,114,130,150,166,196,196,471,494,110,126,161,161,187,187,282,282,317,317,373,373,408,439,5,65,65,81,81,125,125,164,164,297,297,345,387,431,89,89,89,152,152,152,207,258,268,295,311,311,311],"floor_reached":51,"playtime":4508,"items_purged":["Regret","Strike_P","Parasite"],"score":1554,"play_id":"e0548f45-9d1e-4726-aa11-e9bc7e11af2f","local_time":"20201209231854","is_ascension_mode":true,"campfire_choices":[{"data":"TalkToTheHand","floor":7,"key":"SMITH"},{"data":"Vault","floor":13,"key":"SMITH"},{"data":"PathToVictory","floor":15,"key":"SMITH"},{"data":"PathToVictory","floor":28,"key":"SMITH"},{"data":"PathToVictory","floor":30,"key":"SMITH"},{"data":"Wish","floor":32,"key":"SMITH"},{"floor":40,"key":"RECALL"}],"neow_cost":"NONE","seed_source_timestamp":168792266130400,"circlet_count":0,"master_deck":["AscendersBane","Strike_P","Strike_P","Strike_P","Defend_P+1","Defend_P","Defend_P+1","Defend_P","Eruption","Vigilance","PathToVictory+1","PathToVictory+1","ThirdEye+1","ThirdEye+1","TalkToTheHand+1","Vault+1","FlurryOfBlows","Wish+1","PathToVictory+1","JustLucky","Bandage Up","JustLucky+1","Scrawl","ThirdEye+1","DevaForm","Prostrate","Nirvana+1","JustLucky","CutThroughFate","Metamorphosis","Bandage Up","Secret Technique","Prostrate","CutThroughFate+1","Prostrate+1"],"relics":["Coffee Dripper","Bag of Preparation","Nunchaku","Unceasing Top","Lantern","Lizard Tail","Sozu","Nilry\u0027s Codex","Red Mask","Ice Cream","Medical Kit","Pantograph","GoldenEye","Fusion Hammer","Strange Spoon","War Paint","Eternal Feather","Turnip","Pocketwatch","Akabeko"],"potions_floor_usage":[6,6,50],"damage_taken":[{"damage":0,"enemies":"Small Slimes","floor":1,"turns":2},{"damage":4,"enemies":"Jaw Worm","floor":3,"turns":4},{"damage":0,"enemies":"Cultist","floor":4,"turns":3},{"damage":0,"enemies":"2 Fungi Beasts","floor":5,"turns":3},{"damage":19,"enemies":"Lagavulin","floor":6,"turns":7},{"damage":0,"enemies":"3 Louse","floor":11,"turns":5},{"damage":13,"enemies":"Gremlin Nob","floor":12,"turns":4},{"damage":4,"enemies":"Lagavulin","floor":14,"turns":5},{"damage":0,"enemies":"Hexaghost","floor":16,"turns":9},{"damage":0,"enemies":"Chosen","floor":18,"turns":6},{"damage":9,"enemies":"Masked Bandits","floor":20,"turns":5},{"damage":9,"enemies":"3 Byrds","floor":22,"turns":5},{"damage":7,"enemies":"Gremlin Leader","floor":23,"turns":6},{"damage":4,"enemies":"Book of Stabbing","floor":25,"turns":5},{"damage":0,"enemies":"Cultist and Chosen","floor":27,"turns":3},{"damage":0,"enemies":"Sentry and Sphere","floor":29,"turns":4},{"damage":0,"enemies":"Shelled Parasite and Fungi","floor":31,"turns":3},{"damage":0,"enemies":"Champ","floor":33,"turns":5},{"damage":0,"enemies":"3 Darklings","floor":35,"turns":3},{"damage":10,"enemies":"3 Shapes","floor":36,"turns":4},{"damage":0,"enemies":"Writhing Mass","floor":37,"turns":4},{"damage":0,"enemies":"Nemesis","floor":41,"turns":4},{"damage":0,"enemies":"Reptomancer","floor":44,"turns":4},{"damage":0,"enemies":"2 Orb Walkers","floor":45,"turns":4},{"damage":0,"enemies":"Spire Growth","floor":46,"turns":4},{"damage":0,"enemies":"Nemesis","floor":47,"turns":5},{"damage":0,"enemies":"Jaw Worm Horde","floor":48,"turns":3},{"damage":37,"enemies":"Awakened One","floor":50,"turns":10}],"seed_played":"-3617817226528990047","potions_obtained":[{"floor":3,"key":"DuplicationPotion"},{"floor":4,"key":"LiquidBronze"},{"floor":5,"key":"Regen Potion"},{"floor":16,"key":"Block Potion"}],"is_trial":false,"path_per_floor":["M","?","M","M","M","E","R","?","T","$","M","E","R","E","R","B",null,"M","?","?","?","M","E","$","E","T","M","R","M","R","M","R","B",null,"M","M","M","$","?","R","E","R","T","E","?","M","E","M","R","B",null],"character_chosen":"WATCHER","items_purchased":["Unceasing Top","PathToVictory","JustLucky","Bandage Up","Medical Kit","Strange Spoon","JustLucky","CutThroughFate"],"campfire_rested":0,"item_purchase_floors":[10,24,24,24,24,38,38,38],"current_hp_per_floor":[65,51,47,47,47,43,43,43,43,43,43,30,30,26,26,26,61,61,45,36,36,27,20,20,20,20,24,24,28,28,32,32,61,69,72,62,66,66,56,56,69,69,69,69,69,69,69,69,69,40],"gold":311,"neow_bonus":"BOSS_RELIC","is_prod":false,"is_daily":false,"chose_seed":false,"campfire_upgraded":6,"win_rate":0,"timestamp":1607509134,"path_taken":["M","?","M","M","M","E","R","?","T","$","?","E","R","E","R","BOSS","M","?","?","?","?","E","$","E","T","M","R","M","R","M","R","BOSS","M","M","M","$","?","R","E","R","T","E","?","M","E","M","R","BOSS"],"build_version":"2020-11-30","purchased_purges":3,"victory":true,"max_hp_per_floor":[72,72,72,72,72,72,72,72,72,72,72,72,72,72,72,72,72,72,72,72,72,72,72,72,72,72,72,72,72,72,72,72,72,72,72,72,72,69,69,69,69,69,69,69,69,69,69,69,69,69],"relic_stats":{"counters":[28,129],"Eternal Feather":0,"Bag of Preparation":[46],"War Paint":["ThirdEye","ThirdEye"],"Medical Kit":[8],"GoldenEye":[213],"Sozu":9,"Strange Spoon":[27],"Nunchaku":[29],"Lizard Tail":0,"Pantograph":25,"Turnip":[0],"obtain_stats":[{"Ice Cream":23,"Lantern":12,"Nilry\u0027s Codex":19,"Eternal Feather":43,"Bag of Preparation":6,"War Paint":41,"Medical Kit":24,"GoldenEye":26,"Akabeko":47,"Sozu":17,"Strange Spoon":38,"Nunchaku":9,"Lizard Tail":14,"Pantograph":25,"Fusion Hammer":34,"Turnip":44,"Coffee Dripper":0,"Red Mask":20,"PureWater":0,"Unceasing Top":10,"Pocketwatch":45},{"Ice Cream":13,"Lantern":7,"Nilry\u0027s Codex":10,"Eternal Feather":22,"Bag of Preparation":5,"War Paint":22,"Medical Kit":13,"GoldenEye":14,"Akabeko":26,"Sozu":9,"Strange Spoon":21,"Nunchaku":5,"Lizard Tail":8,"Pantograph":14,"Fusion Hammer":18,"Turnip":23,"Coffee Dripper":0,"Red Mask":11,"PureWater":0,"Unceasing Top":5,"Pocketwatch":24},{"Ice Cream":64,"Lantern":28,"Nilry\u0027s Codex":48,"Eternal Feather":99,"Bag of Preparation":19,"War Paint":99,"Medical Kit":64,"GoldenEye":69,"Akabeko":116,"Sozu":42,"Strange Spoon":95,"Nunchaku":19,"Lizard Tail":33,"Pantograph":69,"Fusion Hammer":84,"Turnip":103,"Coffee Dripper":0,"Red Mask":53,"PureWater":0,"Unceasing Top":19,"Pocketwatch":107}],"Unceasing Top":[157],"Pocketwatch":[3]},"card_choices":[{"not_picked":["EmptyBody","BattleHymn"],"picked":"PathToVictory","floor":1},{"not_picked":["CrushJoints","Collect"],"picked":"PathToVictory","floor":3},{"not_picked":["Consecrate","Indignation"],"picked":"ThirdEye","floor":4},{"not_picked":["DeceiveReality","EmptyBody"],"picked":"ThirdEye","floor":5},{"not_picked":["Evaluate","SashWhip"],"picked":"TalkToTheHand","floor":6},{"not_picked":["Perseverance","FollowUp","Swivel"],"picked":"SKIP","floor":11},{"not_picked":["Conclude","LessonLearned"],"picked":"Vault","floor":12},{"not_picked":["FollowUp","BowlingBash"],"picked":"FlurryOfBlows","floor":14},{"not_picked":["Ragnarok","Alpha"],"picked":"Wish","floor":16},{"not_picked":["EmptyFist","WheelKick","WaveOfTheHand"],"picked":"SKIP","floor":18},{"not_picked":["Pray","Vengeance","FollowUp"],"picked":"SKIP","floor":22},{"not_picked":["ConjureBlade","Devotion","Evaluate"],"picked":"SKIP","floor":23},{"not_picked":["FlyingSleeves+1","Wireheading"],"picked":"JustLucky+1","floor":25},{"not_picked":["Swivel","Fasting2"],"picked":"Scrawl","floor":27},{"not_picked":["Protect","Indignation"],"picked":"ThirdEye+1","floor":29},{"not_picked":["Evaluate","ClearTheMind","Collect"],"picked":"SKIP","floor":31},{"not_picked":["Omniscience","LessonLearned"],"picked":"DevaForm","floor":33},{"not_picked":["Wallop","EmptyBody","SashWhip+1"],"picked":"SKIP","floor":35},{"not_picked":["ThirdEye","Brilliance"],"picked":"Prostrate","floor":36},{"not_picked":["BowlingBash","SashWhip"],"picked":"Nirvana+1","floor":37},{"not_picked":["Jack Of All Trades","Trip"],"picked":"Metamorphosis","floor":39},{"not_picked":["PanicButton","Violence"],"picked":"Bandage Up","floor":39},{"not_picked":["Good Instincts","Mayhem"],"picked":"Secret Technique","floor":39},{"not_picked":["Crescendo","Swivel+1"],"picked":"Prostrate","floor":41},{"not_picked":["EmptyFist+1","Perseverance+1"],"picked":"CutThroughFate+1","floor":44},{"not_picked":["FollowUp","Consecrate+1"],"picked":"Prostrate+1","floor":45},{"not_picked":["FlurryOfBlows+1","LikeWater+1","ClearTheMind"],"picked":"SKIP","floor":46},{"not_picked":["CrushJoints+1","Scrawl","ReachHeaven+1"],"picked":"SKIP","floor":47},{"not_picked":["Pray","FlurryOfBlows+1","WaveOfTheHand"],"picked":"SKIP","floor":48}],"player_experience":2045981,"relics_obtained":[{"floor":6,"key":"Bag of Preparation"},{"floor":9,"key":"Nunchaku"},{"floor":12,"key":"Lantern"},{"floor":14,"key":"Lizard Tail"},{"floor":19,"key":"Nilry\u0027s Codex"},{"floor":20,"key":"Red Mask"},{"floor":23,"key":"Ice Cream"},{"floor":25,"key":"Pantograph"},{"floor":26,"key":"GoldenEye"},{"floor":41,"key":"War Paint"},{"floor":43,"key":"Eternal Feather"},{"floor":44,"key":"Turnip"},{"floor":45,"key":"Pocketwatch"},{"floor":47,"key":"Akabeko"}],"event_choices":[{"damage_healed":0,"gold_gain":0,"player_choice":"Entered Light","damage_taken":14,"max_hp_gain":0,"max_hp_loss":0,"event_name":"Shining Light","floor":2,"gold_loss":0,"cards_upgraded":["Defend_P","Defend_P"]},{"damage_healed":0,"gold_gain":275,"player_choice":"Desecrate","damage_taken":0,"max_hp_gain":0,"max_hp_loss":0,"event_name":"Golden Shrine","floor":8,"gold_loss":0,"cards_obtained":["Regret"]},{"damage_healed":0,"gold_gain":0,"player_choice":"Obtained Book","damage_taken":16,"max_hp_gain":0,"max_hp_loss":0,"event_name":"Cursed Tome","floor":19,"gold_loss":0},{"damage_healed":0,"gold_gain":0,"player_choice":"Fought Bandits","damage_taken":0,"max_hp_gain":0,"max_hp_loss":0,"event_name":"Masked Bandits","floor":20,"gold_loss":0},{"damage_healed":0,"gold_gain":0,"player_choice":"Ignored","damage_taken":0,"max_hp_gain":0,"max_hp_loss":0,"event_name":"Ghosts","floor":21,"gold_loss":0},{"damage_healed":0,"gold_gain":0,"player_choice":"Memory 3","damage_taken":10,"max_hp_gain":0,"max_hp_loss":0,"event_name":"SensoryStone","floor":39,"gold_loss":0},{"damage_healed":0,"gold_gain":0,"player_choice":"Fight","damage_taken":0,"max_hp_gain":0,"max_hp_loss":0,"event_name":"Mysterious Sphere","floor":45,"gold_loss":0}],"is_beta":false,"boss_relics":[{"not_picked":["Philosopher\u0027s Stone","Calling Bell"],"picked":"Sozu"},{"not_picked":["Astrolabe","Pandora\u0027s Box"],"picked":"Fusion Hammer"}],"items_purged_floors":[10,24,38],"is_endless":false,"potions_floor_spawned":[3,4,5,16,18,23,27,29,31,33,35,37,41,46],"ascension_level":11}}