{"host":"Yggdrasil","time":1607536454,"event":{"gold_per_floor":[110,285,285,296,311,338,338,106,106,126,160,160,160,172,172,172,172],"floor_reached":16,"playtime":534,"items_purged":["Doubt"],"score":154,"play_id":"3f1c68c6-8ff9-4442-ba2a-35d565ea5bb8","local_time":"20201210025414","is_ascension_mode":true,"campfire_choices":[{"data":"Armaments","floor":7,"key":"SMITH"},{"data":"Cleave","floor":12,"key":"SMITH"},{"data":"Heavy Blade","floor":15,"key":"SMITH"}],"neow_cost":"NONE","seed_source_timestamp":51703709524400,"circlet_count":0,"master_deck":["Strike_R","Strike_R","Strike_R","Strike_R","Strike_R","Defend_R","Defend_R","Defend_R","Defend_R","Bash+1","Armaments+1","Heavy Blade+1","Cleave+1","Evolve","Pommel Strike+1","Clothesline+1","Parasite","Bludgeon+1"],"special_seed":0,"relics":["Burning Blood","Gambling Chip","Happy Flower","Tiny Chest","Molten Egg 2","InkBottle"],"potions_floor_usage":[6,16,16],"damage_taken":[{"damage":0,"enemies":"Small Slimes","floor":1,"turns":3},{"damage":9,"enemies":"Jaw Worm","floor":4,"turns":4},{"damage":1,"enemies":"Cultist","floor":5,"turns":4},{"damage":35,"enemies":"3 Sentries","floor":6,"turns":8},{"damage":12,"enemies":"Gremlin Gang","floor":10,"turns":4},{"damage":27,"enemies":"Lagavulin","floor":11,"turns":5},{"damage":7,"enemies":"Exordium Wildlife","floor":14,"turns":3},{"damage":43,"enemies":"The Guardian","floor":16,"turns":10}],"seed_played":"1519864473697639342","potions_obtained":[{"floor":4,"key":"SteroidPotion"},{"floor":6,"key":"GamblersBrew"},{"floor":11,"key":"Strength Potion"}],"is_trial":false,"path_per_floor":["M","?","?","M","M","E","R","$","T","M","E","R","?","M","R","B"],"character_chosen":"IRONCLAD","items_purchased":["Tiny Chest"],"campfire_rested":0,"item_purchase_floors":[8],"current_hp_per_floor":[78,78,78,75,80,51,51,51,51,45,24,24,44,43,43,0,0],"gold":172,"neow_bonus":"UPGRADE_CARD","is_prod":false,"is_daily":false,"chose_seed":false,"campfire_upgraded":3,"win_rate":0.0,"timestamp":1607536454,"path_taken":["M","?","?","?","M","E","R","$","T","?","E","R","?","M","R","BOSS"],"build_version":"2020-12-07","purchased_purges":1,"victory":false,"max_hp_per_floor":[80,80,80,80,80,80,80,80,80,80,80,80,80,80,80,80,80],"card_choices":[{"not_picked":["Thunderclap","Second Wind"],"picked":"Armaments","floor":1},{"not_picked":["Sword Boomerang","Clothesline"],"picked":"Heavy Blade","floor":4},{"not_picked":["Thunderclap","Impervious"],"picked":"Cleave","floor":5},{"not_picked":["Combust","Anger"],"picked":"Evolve","floor":6},{"not_picked":["Rupture","Sword Boomerang+1"],"picked":"Pommel Strike+1","floor":10},{"not_picked":["Warcry","Blood for Blood+1"],"picked":"Clothesline+1","floor":11},{"not_picked":["Warcry","Wild Strike+1"],"picked":"Bludgeon+1","floor":14}],"player_experience":679834,"relics_obtained":[{"floor":3,"key":"Gambling Chip"},{"floor":6,"key":"Happy Flower"},{"floor":9,"key":"Molten Egg 2"},{"floor":11,"key":"InkBottle"}],"event_choices":[{"damage_healed":0,"gold_gain":175,"player_choice":"AGREE","damage_taken":0,"max_hp_gain":0,"max_hp_loss":0,"event_name":"Liars Game","floor":2,"gold_loss":0,"cards_obtained":["Doubt"]},{"damage_healed":0,"gold_gain":0,"player_choice":"Relic","damage_taken":0,"max_hp_gain":0,"max_hp_loss":0,"event_name":"Wheel of Change","floor":3,"gold_loss":0},{"damage_healed":20,"gold_gain":0,"player_choice":"Healed and dodged fight","damage_taken":0,"max_hp_gain":0,"max_hp_loss":0,"event_name":"Mushrooms","floor":13,"gold_loss":0,"cards_obtained":["Parasite"]}],"is_beta":true,"boss_relics":[],"items_purged_floors":[8],"is_endless":false,"potions_floor_spawned":[4,6,11],"killed_by":"The Guardian","ascension_level":8}}