{"host":"3q9keoo8j4hzgybw","time":1607477609,"event":{"gold_per_floor":[19,30,130,141,154,186,186,202,228,228,254,49,80,90,90,191,191,201,201,201,213,44,73,73,105,105,105,135,150,170,188,188,188,188],"floor_reached":33,"playtime":1476,"items_purged":["Defend_W"],"score":401,"play_id":"01fd67b8-ee80-4188-92ae-ba2a5c1891ec","local_time":"20201209023329","is_ascension_mode":true,"campfire_choices":[{"data":"Negative_Energy_Sphere","floor":7,"key":"SMITH"},{"data":"Negative_Energy_Arrows","floor":10,"key":"SMITH"},{"data":"Summon_Undead","floor":15,"key":"SMITH"},{"data":"Siphon_Strength","floor":24,"key":"SMITH"},{"data":"Summon_Undead_Army","floor":27,"key":"SMITH"},{"data":"Summon_Undead","floor":32,"key":"SMITH"}],"neow_cost":"NO_GOLD","seed_source_timestamp":52438239920200,"circlet_count":0,"master_deck":["Strike_W","Strike_W","Strike_W","Strike_W","Defend_W","Defend_W","Defend_W","Negative_Energy_Arrows+1","Bone_Wall","Negative_Energy_Shield","Spectral_Walk","Negative_Energy_Sphere+1","Negative_Energy_Javelin","Summon_Undead_Army+1","Siphon_Strength+1","Summon_Undead+1","Negative_Energy_Javelin","Dark Shackles","Negative_Energy_Shield","Summon_Undead_Army","Summon_Undead+1","Negative_Energy_Shield","Summon_Lich","Siphon_Strength"],"relics":["Vampire_Amulet","Mango","Boot","PreservedInsect","Vajra","Black Star","Sling","Matryoshka","Orichalcum","Nunchaku","Pocketwatch","Pen Nib","Pear","Oddly Smooth Stone","Anchor"],"potions_floor_usage":[6,11,11,13,16,33,33,33],"damage_taken":[{"damage":0,"enemies":"Small Slimes","floor":1,"turns":3},{"damage":2,"enemies":"Cultist","floor":2,"turns":6},{"damage":4,"enemies":"Jaw Worm","floor":4,"turns":3},{"damage":11,"enemies":"2 Fungi Beasts","floor":5,"turns":4},{"damage":29,"enemies":"Lagavulin","floor":6,"turns":10},{"damage":5,"enemies":"Red Slaver","floor":8,"turns":4},{"damage":22,"enemies":"Gremlin Nob","floor":11,"turns":4},{"damage":19,"enemies":"Lagavulin","floor":13,"turns":4},{"damage":0,"enemies":"Looter","floor":14,"turns":3},{"damage":4,"enemies":"Hexaghost","floor":16,"turns":8},{"damage":0,"enemies":"3 Byrds","floor":18,"turns":6},{"damage":19,"enemies":"Spheric Guardian","floor":21,"turns":5},{"damage":11,"enemies":"Book of Stabbing","floor":23,"turns":5},{"damage":49,"enemies":"Slavers","floor":25,"turns":6},{"damage":28,"enemies":"Gremlin Leader","floor":28,"turns":6},{"damage":0,"enemies":"Snecko","floor":29,"turns":4},{"damage":0,"enemies":"Snake Plant","floor":30,"turns":4},{"damage":10,"enemies":"Centurion and Healer","floor":31,"turns":5},{"damage":49,"enemies":"Automaton","floor":33,"turns":6}],"seed_played":"3497104142312523157","potions_obtained":[{"floor":5,"key":"Block Potion"},{"floor":6,"key":"PowerPotion"},{"floor":8,"key":"CultistPotion"},{"floor":11,"key":"SpeedPotion"},{"floor":13,"key":"Strength Potion"},{"floor":18,"key":"Block Potion"},{"floor":23,"key":"SkillPotion"},{"floor":30,"key":"EssenceOfSteel"}],"is_trial":false,"path_per_floor":["M","M","?","M","M","E","R","M","T","R","E","$","E","M","R","B",null,"M","?","?","M","$","E","R","E","T","R","E","M","M","M","R","B"],"character_chosen":"NECROMANCER","items_purchased":["Siphon_Strength","AttackPotion","Sling","Negative_Energy_Shield"],"campfire_rested":0,"item_purchase_floors":[12,12,22,22],"current_hp_per_floor":[89,89,89,87,80,53,53,50,50,50,36,36,19,21,21,19,89,89,89,89,78,78,69,69,26,36,36,20,31,33,27,27,0,0],"gold":188,"neow_bonus":"ONE_RARE_RELIC","is_prod":false,"is_daily":false,"chose_seed":false,"campfire_upgraded":6,"win_rate":0,"timestamp":1607477609,"path_taken":["M","M","?","?","M","E","R","M","T","R","E","$","E","M","R","BOSS","M","?","?","M","$","E","R","E","T","R","E","M","M","?","R","BOSS"],"build_version":"2020-11-30","purchased_purges":1,"victory":false,"max_hp_per_floor":[89,89,89,89,89,89,89,89,89,89,89,89,89,89,89,89,89,89,89,89,89,89,89,89,89,99,99,99,99,99,99,99,99,99],"card_choices":[{"not_picked":["Bone_Shift","Finger_Of_Death"],"picked":"Negative_Energy_Shield","floor":1},{"not_picked":["Toxic_Smoke_Screen","Vampiric_Strike"],"picked":"Spectral_Walk","floor":2},{"not_picked":["Pandemic","Shade_Step"],"picked":"Negative_Energy_Sphere","floor":4},{"not_picked":["Negative_Energy_Shield","Negative_Energy_Burst"],"picked":"Negative_Energy_Javelin","floor":5},{"not_picked":["Death_Coil","Exploit","Bone_Prison"],"picked":"SKIP","floor":6},{"not_picked":["Blood_Curse","Necromantic_Selection","Negative_Energy_Mist"],"picked":"SKIP","floor":8},{"not_picked":["Spectral_Walk","Thousand_Bone_Knives"],"picked":"Summon_Undead_Army","floor":11},{"not_picked":["Requiem","Negative_Energy_Shield"],"picked":"Summon_Undead","floor":13},{"not_picked":["Death_Coil","Consume_Illness"],"picked":"Negative_Energy_Javelin","floor":14},{"not_picked":["Vampiric_Strike","Bone_Prison","Shackles_Of_Pain"],"picked":"SKIP","floor":18},{"not_picked":["Vampiric_Strike","Finger_Of_Death","Bone_Spikes+1"],"picked":"SKIP","floor":21},{"not_picked":["Consume_Illness","Plague_Bolt+1","Blood_Whip"],"picked":"SKIP","floor":23},{"not_picked":["Chill_Blood","Violent_Necrosis"],"picked":"Summon_Undead_Army","floor":25},{"not_picked":["Blood_Magic","Epidemic"],"picked":"Summon_Undead","floor":28},{"not_picked":["Bone_Spikes","Bone_Shift"],"picked":"Negative_Energy_Shield","floor":29},{"not_picked":["Skeleton_Dragon","Chill_Blood+1"],"picked":"Summon_Lich","floor":30},{"not_picked":["Toxic_Smoke_Screen+1","Blood_Is_Power"],"picked":"Siphon_Strength","floor":31}],"player_experience":36523,"relics_obtained":[{"floor":9,"key":"Boot"},{"floor":11,"key":"PreservedInsect"},{"floor":13,"key":"Vajra"},{"floor":23,"key":"Matryoshka"},{"floor":23,"key":"Orichalcum"},{"floor":25,"key":"Nunchaku"},{"floor":25,"key":"Pocketwatch"},{"floor":26,"key":"Pen Nib"},{"floor":26,"key":"Pear"},{"floor":28,"key":"Oddly Smooth Stone"},{"floor":28,"key":"Anchor"}],"event_choices":[{"damage_healed":0,"gold_gain":100,"player_choice":"Pray","damage_taken":0,"max_hp_gain":0,"max_hp_loss":0,"event_name":"Golden Shrine","floor":3,"gold_loss":0},{"damage_healed":0,"gold_gain":0,"player_choice":"1 cards matched","damage_taken":0,"max_hp_gain":0,"max_hp_loss":0,"event_name":"Match and Keep!","floor":20,"gold_loss":0,"cards_obtained":["Dark Shackles"]}],"is_beta":false,"boss_relics":[{"not_picked":["Cursed Key","Snecko Eye"],"picked":"Black Star"}],"items_purged_floors":[12],"is_endless":false,"potions_floor_spawned":[5,6,8,11,13,18,23,30],"killed_by":"Automaton","ascension_level":3}}