{"host":"htpechobqgpaugnv","time":1607488007,"event":{"gold_per_floor":[117,117,42,192,192,222,222,251,331,331,10,0,0,20,20,93,93,112,162,162,178,198,224,224,234,234,267,267,267,142,142,142,142,142],"floor_reached":33,"playtime":1158,"items_purged":["Strike_P","Strike_P","Strike_P+1"],"score":774,"play_id":"33170e93-bfc5-459b-ae16-c720fd14d4fe","local_time":"20201208222647","is_ascension_mode":true,"campfire_choices":[{"data":"Eruption","floor":7.0,"key":"SMITH"},{"data":"SignatureMove","floor":15.0,"key":"SMITH"},{"data":"Blasphemy","floor":24.0,"key":"SMITH"},{"data":"SpiritShield","floor":29.0,"key":"SMITH"},{"data":"Protect","floor":32.0,"key":"SMITH"}],"neow_cost":"NONE","seed_source_timestamp":66981525664600,"circlet_count":0,"master_deck":["AscendersBane","Defend_P+1","Defend_P+1","Defend_P+1","Defend_P+1","Eruption+1","Vigilance","SignatureMove+1","Omniscience","Blasphemy+1","Wallop","SpiritShield+1","Protect+1","WheelKick","Vault"],"special_seed":0,"relics":["PureWater","Happy Flower","Yang","Dream Catcher","Juzu Bracelet","Kunai","Medical Kit","Snecko Eye","Gremlin Horn","Singing Bowl","Pear"],"potions_floor_usage":[],"damage_taken":[{"damage":4.0,"enemies":"Jaw Worm","floor":1.0,"turns":4.0},{"damage":0.0,"enemies":"Gremlin Nob","floor":6.0,"turns":2.0},{"damage":19.0,"enemies":"Lagavulin","floor":8.0,"turns":5.0},{"damage":5.0,"enemies":"2 Louse","floor":14.0,"turns":4.0},{"damage":6.0,"enemies":"The Guardian","floor":16.0,"turns":5.0},{"damage":0.0,"enemies":"Shell Parasite","floor":18.0,"turns":3.0},{"damage":0.0,"enemies":"Spheric Guardian","floor":21.0,"turns":2.0},{"damage":7.0,"enemies":"Snake Plant","floor":22.0,"turns":2.0},{"damage":0.0,"enemies":"Gremlin Leader","floor":23.0,"turns":2.0},{"damage":0.0,"enemies":"Centurion and Healer","floor":25.0,"turns":1.0},{"damage":0.0,"enemies":"Book of Stabbing","floor":27.0,"turns":1.0},{"damage":99999,"enemies":"Champ","floor":33,"turns":8}],"seed_played":"8296581159658315173","potions_obtained":[{"floor":1.0,"key":"DistilledChaos"},{"floor":13.0,"key":"CultistPotion"},{"floor":16.0,"key":"SpeedPotion"},{"floor":23.0,"key":"BottledMiracle"}],"is_trial":false,"path_per_floor":["M","?","$","?","?","E","R","E","T","?","$","?","?","M","R","B",null,"M","?","?","M","M","E","R","M","T","E","?","R","$","T","R","B"],"character_chosen":"WATCHER","items_purchased":["Medical Kit","FearPotion"],"campfire_rested":0,"item_purchase_floors":[11,11],"current_hp_per_floor":[57,39,39,39,39,39,39,20,20,13,13,13,13,8,8,2,52,52,52,52,52,45,45,45,45,45,47,47,47,47,57,57,0,0],"gold":142,"neow_bonus":"RANDOM_COMMON_RELIC","is_prod":false,"is_daily":false,"chose_seed":false,"campfire_upgraded":5,"win_rate":0,"timestamp":1607488007,"path_taken":["M","?","$","?","?","E","R","E","T","?","$","?","?","M","R","BOSS","M","?","?","M","M","E","R","M","T","E","?","R","$","?","R","BOSS"],"build_version":"2020-11-30","purchased_purges":3,"victory":false,"max_hp_per_floor":[68,68,68,68,68,68,68,68,68,68,68,68,68,68,68,68,68,68,68,68,68,68,68,68,68,68,70,70,70,70,80,80,80,80],"relic_stats":{"Dream Catcher":0,"Happy Flower":[13],"Gremlin Horn":[1,1],"Singing Bowl":2,"counters":[12,38],"Snecko Eye":[42,41,24,29],"Yang":[60],"Juzu Bracelet":2,"Kunai":[7],"Medical Kit":[0],"obtain_stats":[{"Dream Catcher":6,"Pear":31,"Happy Flower":0,"Gremlin Horn":23,"Singing Bowl":27,"Snecko Eye":17,"Yang":2,"Juzu Bracelet":8,"Kunai":9,"PureWater":0,"Medical Kit":11},{"Dream Catcher":2,"Pear":11,"Happy Flower":0,"Gremlin Horn":9,"Singing Bowl":11,"Snecko Eye":5,"Yang":1,"Juzu Bracelet":3,"Kunai":3,"PureWater":0,"Medical Kit":3},{"Dream Catcher":6,"Pear":31,"Happy Flower":0,"Gremlin Horn":29,"Singing Bowl":31,"Snecko Eye":20,"Yang":4,"Juzu Bracelet":11,"Kunai":11,"PureWater":0,"Medical Kit":11}]},"card_choices":[{"not_picked":["SandsOfTime","WaveOfTheHand"],"picked":"SignatureMove","floor":1.0},{"not_picked":["Study","BattleHymn"],"picked":"Omniscience","floor":6.0},{"not_picked":["FlyingSleeves","Protect"],"picked":"Blasphemy","floor":8.0},{"not_picked":["SashWhip","CutThroughFate"],"picked":"Wallop","floor":14.0},{"not_picked":["Alpha","Establishment"],"picked":"SpiritShield","floor":16.0},{"not_picked":["Prostrate","ReachHeaven"],"picked":"Protect","floor":18.0},{"not_picked":["SashWhip","Swivel","Consecrate"],"picked":"SKIP","floor":21.0},{"not_picked":["Halt+1","DeceiveReality"],"picked":"WheelKick","floor":22.0},{"not_picked":["Tantrum","SashWhip"],"picked":"Vault","floor":23.0},{"not_picked":["Halt","FlurryOfBlows","Meditate"],"picked":"SKIP","floor":25.0},{"not_picked":["FearNoEvil","Evaluate","Protect"],"picked":"Singing Bowl","floor":27.0}],"player_experience":1247614,"relics_obtained":[{"floor":6.0,"key":"Dream Catcher"},{"floor":8.0,"key":"Juzu Bracelet"},{"floor":9.0,"key":"Kunai"},{"floor":23.0,"key":"Gremlin Horn"},{"floor":27.0,"key":"Singing Bowl"},{"floor":31.0,"key":"Pear"}],"event_choices":[{"damage_healed":0.0,"max_hp_gain":0.0,"max_hp_loss":0.0,"gold_gain":0.0,"event_name":"Scrap Ooze","player_choice":"Success","floor":2.0,"gold_loss":0.0,"damage_taken":18.0,"relics_obtained":["Yang"]},{"damage_healed":0.0,"max_hp_gain":0.0,"max_hp_loss":0.0,"gold_gain":150.0,"event_name":"Liars Game","player_choice":"AGREE","floor":4.0,"gold_loss":0.0,"damage_taken":0.0,"cards_obtained":["Doubt"]},{"cards_removed":["Doubt"],"damage_healed":0.0,"max_hp_gain":0.0,"max_hp_loss":0.0,"gold_gain":0.0,"event_name":"Wheel of Change","player_choice":"Card Removal","floor":5.0,"gold_loss":0.0,"damage_taken":0.0},{"cards_removed":["Strike_P"],"damage_healed":0.0,"max_hp_gain":0.0,"max_hp_loss":0.0,"gold_gain":0.0,"event_name":"Golden Wing","player_choice":"Card Removal","floor":10.0,"gold_loss":0.0,"damage_taken":7.0},{"damage_healed":0.0,"max_hp_gain":0.0,"max_hp_loss":0.0,"gold_gain":0.0,"event_name":"World of Goop","player_choice":"Left Gold","floor":12.0,"gold_loss":10.0,"damage_taken":0.0},{"damage_healed":0.0,"max_hp_gain":0.0,"max_hp_loss":0.0,"gold_gain":0.0,"event_name":"Lab","player_choice":"Got Potions","floor":13.0,"gold_loss":0.0,"damage_taken":0.0},{"damage_healed":0.0,"max_hp_gain":0.0,"max_hp_loss":0.0,"gold_gain":50.0,"event_name":"Nest","player_choice":"Stole From Cult","floor":19.0,"gold_loss":0.0,"damage_taken":0.0},{"damage_healed":0.0,"max_hp_gain":0.0,"max_hp_loss":0.0,"gold_gain":0.0,"event_name":"Vampires","player_choice":"Ignored","floor":20.0,"gold_loss":0.0,"damage_taken":0.0},{"damage_healed":0.0,"max_hp_gain":0.0,"max_hp_loss":0.0,"gold_gain":0.0,"event_name":"Back to Basics","player_choice":"Simplicity","floor":28.0,"gold_loss":0.0,"damage_taken":0.0,"cards_upgraded":["Strike_P","Defend_P","Defend_P","Defend_P","Defend_P"]}],"is_beta":false,"boss_relics":[{"not_picked":["SlaversCollar","Runic Dome"],"picked":"Snecko Eye"}],"items_purged_floors":[3,11,30],"is_endless":false,"potions_floor_spawned":[1,16,22,23,25],"killed_by":"Champ","ascension_level":20}}