{"host":"ci7ivtocgfxh0ueo","time":1607503465,"event":{"gold_per_floor":[111,111,125,125,136,136,161,180,180,207,207,216,238,52,52,135,135,155,179,179,179,12,53,53,76,101,101,129,138,40,69,69,69,69],"floor_reached":33,"playtime":813,"items_purged":["Parasite"],"score":513,"play_id":"4d87350c-2da5-4269-8b99-c370471f6512","local_time":"20201209164425","is_ascension_mode":true,"campfire_choices":[{"data":"Inflame","floor":6,"key":"SMITH"},{"floor":11,"key":"REST"},{"floor":15,"key":"REST"},{"data":"Uppercut","floor":24,"key":"SMITH"},{"floor":27,"key":"REST"},{"data":"Enlightenment","floor":32,"key":"SMITH"}],"neow_cost":"NONE","seed_source_timestamp":78719047516700,"circlet_count":0,"master_deck":["AscendersBane","Strike_R+1","Strike_R","Strike_R","Strike_R","Strike_R","Defend_R","Defend_R+1","Defend_R+1","Defend_R+1","Bash","Whirlwind","Pommel Strike","Inflame+1","Offering","Uppercut+1","Spot Weakness","Blood for Blood","Spot Weakness","Corruption","Infernal Blade","Sentinel+1","Offering","Flame Barrier+1","Sentinel","Dark Embrace","Sentinel+1","Enlightenment+1"],"relics":["Burning Blood","NeowsBlessing","War Paint","CeramicFish","Snecko Eye","Eternal Feather","Lantern","Toy Ornithopter"],"potions_floor_usage":[7,7,8,13,16,25,28,33],"damage_taken":[{"damage":2,"enemies":"Small Slimes","floor":1,"turns":2},{"damage":0,"enemies":"2 Louse","floor":3,"turns":1},{"damage":0,"enemies":"Jaw Worm","floor":5,"turns":1},{"damage":40,"enemies":"Lagavulin","floor":7,"turns":7},{"damage":4,"enemies":"2 Fungi Beasts","floor":8,"turns":2},{"damage":25,"enemies":"Exordium Wildlife","floor":10,"turns":3},{"damage":6,"enemies":"Red Slaver","floor":13,"turns":2},{"damage":38,"enemies":"Hexaghost","floor":16,"turns":6},{"damage":6,"enemies":"3 Byrds","floor":18,"turns":2},{"damage":6,"enemies":"Chosen","floor":19,"turns":2},{"damage":33,"enemies":"Book of Stabbing","floor":23,"turns":3},{"damage":23,"enemies":"Shelled Parasite and Fungi","floor":25,"turns":4},{"damage":12,"enemies":"Centurion and Healer","floor":28,"turns":4},{"damage":10,"enemies":"Gremlin Leader","floor":31,"turns":2},{"damage":89,"enemies":"Automaton","floor":33,"turns":6}],"seed_played":"5738718528382686999","potions_obtained":[{"floor":3,"key":"ColorlessPotion"},{"floor":5,"key":"Fire Potion"},{"floor":7,"key":"SteroidPotion"},{"floor":10,"key":"Block Potion"},{"floor":18,"key":"ElixirPotion"},{"floor":23,"key":"ColorlessPotion"},{"floor":25,"key":"DistilledChaos"}],"is_trial":false,"path_per_floor":["M","$","M","?","M","R","E","M","T","M","R","?","M","$","R","B",null,"M","M","?","?","$","E","R","M","T","R","M","?","$","E","R","B"],"character_chosen":"IRONCLAD","items_purchased":["Spot Weakness","LiquidBronze","Offering","Enlightenment"],"campfire_rested":3,"item_purchase_floors":[14,14,22,30],"current_hp_per_floor":[72,72,75,52,58,58,24,26,26,7,29,47,47,47,68,36,63,63,63,63,63,63,36,48,31,31,67,61,61,61,57,72,0,0],"gold":69,"neow_bonus":"THREE_ENEMY_KILL","is_prod":false,"is_daily":false,"chose_seed":false,"campfire_upgraded":3,"win_rate":0,"timestamp":1607503465,"path_taken":["M","$","M","?","M","R","E","M","T","M","R","?","M","$","R","BOSS","M","M","?","?","?","E","R","?","T","R","M","?","$","E","R","BOSS"],"build_version":"2020-11-30","purchased_purges":1,"victory":false,"max_hp_per_floor":[75,75,75,75,75,75,75,75,75,75,75,75,75,72,72,72,72,72,72,72,72,72,72,72,72,72,72,72,72,72,72,72,72,72],"card_choices":[{"not_picked":["Thunderclap","Wild Strike"],"picked":"Whirlwind","floor":1},{"not_picked":["Flex","Sentinel"],"picked":"Pommel Strike","floor":3},{"not_picked":["Iron Wave","Heavy Blade"],"picked":"Inflame","floor":5},{"not_picked":["Burning Pact","Havoc"],"picked":"Offering","floor":7},{"not_picked":["Blood for Blood","Flex"],"picked":"Uppercut","floor":8},{"not_picked":["Headbutt","Power Through"],"picked":"Spot Weakness","floor":10},{"not_picked":["Iron Wave","Rupture"],"picked":"Blood for Blood","floor":13},{"not_picked":["Double Tap","Brutality"],"picked":"Corruption","floor":16},{"not_picked":["True Grit","Clash"],"picked":"Infernal Blade","floor":18},{"not_picked":["Clash","Hemokinesis"],"picked":"Sentinel+1","floor":19},{"not_picked":["Burning Pact","Spot Weakness"],"picked":"Flame Barrier+1","floor":23},{"not_picked":["Perfected Strike","Pommel Strike"],"picked":"Sentinel","floor":25},{"not_picked":["Uppercut","Rupture"],"picked":"Dark Embrace","floor":28},{"not_picked":["Heavy Blade","Combust","Wild Strike"],"picked":"SKIP","floor":31}],"player_experience":1234179,"relics_obtained":[{"floor":7,"key":"War Paint"},{"floor":9,"key":"CeramicFish"},{"floor":23,"key":"Eternal Feather"},{"floor":26,"key":"Lantern"},{"floor":31,"key":"Toy Ornithopter"}],"event_choices":[{"damage_healed":0,"gold_gain":0,"player_choice":"Entered Light","damage_taken":23,"max_hp_gain":0,"max_hp_loss":0,"event_name":"Shining Light","floor":4,"gold_loss":0,"cards_upgraded":["Strike_R","Defend_R"]},{"damage_healed":18,"gold_gain":0,"player_choice":"Healed and dodged fight","damage_taken":0,"max_hp_gain":0,"max_hp_loss":0,"event_name":"Mushrooms","floor":12,"gold_loss":0,"cards_obtained":["Parasite"]},{"damage_healed":0,"gold_gain":0,"player_choice":"Ignored","damage_taken":0,"max_hp_gain":0,"max_hp_loss":0,"event_name":"Cursed Tome","floor":20,"gold_loss":0},{"damage_healed":0,"gold_gain":0,"player_choice":"Ignored","damage_taken":0,"max_hp_gain":0,"max_hp_loss":0,"event_name":"Beggar","floor":21,"gold_loss":0},{"damage_healed":0,"gold_gain":0,"player_choice":"Copied","damage_taken":0,"max_hp_gain":0,"max_hp_loss":0,"event_name":"Duplicator","floor":29,"gold_loss":0,"cards_obtained":["Sentinel"]}],"is_beta":false,"boss_relics":[{"not_picked":["Ectoplasm","Cursed Key"],"picked":"Snecko Eye"}],"items_purged_floors":[14],"is_endless":false,"potions_floor_spawned":[3,5,7,10,18,23,25],"killed_by":"Automaton","ascension_level":16}}