{"host":"d8hh7rr4yzitjeuj","time":1607512736,"event":{"gold_per_floor":[119,139,119,139,149,149,149,149,149,149,149,149],"floor_reached":11,"playtime":358,"items_purged":[],"score":126,"play_id":"3359abac-d4ea-48bc-b2fb-f0dd434415c3","local_time":"20201209201856","is_ascension_mode":true,"campfire_choices":[{"data":"Riddle With Holes","floor":6,"key":"SMITH"},{"data":"Neutralize","floor":8,"key":"SMITH"},{"data":"Reflex","floor":10,"key":"SMITH"}],"neow_cost":"PERCENT_DAMAGE","seed_source_timestamp":5360592144500,"circlet_count":0,"master_deck":["AscendersBane","Strike_G","Strike_G","Strike_G","Strike_G","Defend_G","Defend_G+1","Defend_G","Defend_G","Survivor","Neutralize+1","Dodge and Roll+1","Riddle With Holes+1","Acrobatics","Reflex+1","PiercingWail"],"special_seed":0,"relics":["Ring of the Snake","War Paint"],"potions_floor_usage":[5,5,11],"damage_taken":[{"damage":28,"enemies":"Jaw Worm","floor":1,"turns":10},{"damage":1,"enemies":"Cultist","floor":2,"turns":4},{"damage":0,"enemies":"2 Louse","floor":4,"turns":3},{"damage":17,"enemies":"Lots of Slimes","floor":5,"turns":7},{"damage":39,"enemies":"Lagavulin","floor":11,"turns":12}],"seed_played":"1659270508225648958","potions_obtained":[{"floor":1,"key":"EntropicBrew"},{"floor":2,"key":"SteroidPotion"}],"is_trial":false,"path_per_floor":["M","M","?","M","M","R","?","R","T","R","E"],"character_chosen":"THE_SILENT","items_purchased":[],"campfire_rested":0,"item_purchase_floors":[],"current_hp_per_floor":[16,15,15,15,19,19,66,66,66,66,27,27],"gold":149,"neow_bonus":"TRANSFORM_TWO_CARDS","is_prod":false,"is_daily":false,"chose_seed":false,"campfire_upgraded":3,"win_rate":0,"timestamp":1607512736,"path_taken":["M","M","?","?","M","R","?","R","T","R","E"],"build_version":"2020-11-30","purchased_purges":0,"victory":false,"max_hp_per_floor":[66,66,66,66,66,66,66,66,66,66,66,66],"card_choices":[{"not_picked":["Dodge and Roll","Cloak And Dagger"],"picked":"Riddle With Holes","floor":1},{"not_picked":["Skewer","Sucker Punch"],"picked":"Acrobatics","floor":2},{"not_picked":["Outmaneuver","Distraction"],"picked":"Reflex","floor":4},{"not_picked":["Backflip","Prepared"],"picked":"PiercingWail","floor":5}],"player_experience":1310985,"relics_obtained":[{"floor":9,"key":"War Paint"}],"event_choices":[{"damage_healed":0,"gold_gain":0,"player_choice":"Bought 1 Potion","damage_taken":0,"max_hp_gain":0,"max_hp_loss":0,"event_name":"The Woman in Blue","floor":3,"gold_loss":0},{"cards_removed":["Setup"],"damage_healed":47,"gold_gain":0,"player_choice":"Offered Uncommon","damage_taken":0,"max_hp_gain":0,"max_hp_loss":0,"event_name":"Bonfire Elementals","floor":7,"gold_loss":0}],"is_beta":false,"boss_relics":[],"items_purged_floors":[],"is_endless":false,"potions_floor_spawned":[1,2],"killed_by":"Lagavulin","ascension_level":20}}