{"host":"Berg","time":1607535093,"event":{"gold_per_floor":[216,233,35,35,35,35,110,146,223,203,246,266,191,211,211,307,307,330,380,34,334,378,378,378],"floor_reached":23,"playtime":870,"items_purged":[],"score":394,"play_id":"db506c77-fb48-4e3c-ad56-a4535adcb27c","local_time":"20201209123133","is_ascension_mode":true,"campfire_choices":[{"data":"Dualcast","floor":6.0,"key":"SMITH"},{"floor":15.0,"key":"REST"}],"neow_cost":"NONE","seed_source_timestamp":71282617590200,"circlet_count":0,"master_deck":["AscendersBane","Strike_B","Strike_B","Strike_B","Defend_B","Defend_B","Defend_B","Defend_B","Zap","Dualcast+1","Melter","Rebound","Sunder","Fission+1","Chill+1","Cold Snap","Biased Cognition","Genetic Algorithm+1","Rainbow+1","HandOfGreed","Redo+1"],"special_seed":0,"relics":["Cracked Core","Sling","Golden Idol","Shuriken","Toxic Egg 2","Thread and Needle","Runic Pyramid","Old Coin"],"potions_floor_usage":[],"damage_taken":[{"damage":4.0,"enemies":"Small Slimes","floor":1.0,"turns":3.0},{"damage":1.0,"enemies":"2 Louse","floor":2.0,"turns":2.0},{"damage":8.0,"enemies":"Gremlin Nob","floor":8.0,"turns":3.0},{"damage":20.0,"enemies":"Lagavulin","floor":11.0,"turns":5.0},{"damage":0.0,"enemies":"Cultist","floor":12.0,"turns":3.0},{"damage":0.0,"enemies":"Large Slime","floor":14.0,"turns":4.0},{"damage":32.0,"enemies":"Slime Boss","floor":16.0,"turns":9.0},{"damage":15,"enemies":"Shell Parasite","floor":18,"turns":4},{"damage":2,"enemies":"3 Byrds","floor":22,"turns":5},{"damage":37,"enemies":"Gremlin Leader","floor":23,"turns":5}],"seed_played":"-6296998855267957526","potions_obtained":[{"floor":2.0,"key":"GamblersBrew"},{"floor":10.0,"key":"BlessingOfTheForge"},{"floor":12.0,"key":"DistilledChaos"},{"floor":16.0,"key":"Strength Potion"},{"floor":18,"key":"Strength Potion"}],"is_trial":false,"path_per_floor":["M","M","$","?","?","R","?","E","T","?","E","M","?","M","R","B",null,"M","?","$","?","M","E"],"character_chosen":"DEFECT","items_purchased":["Sling","Static Discharge","Rainbow+1","HandOfGreed"],"campfire_rested":1,"item_purchase_floors":[3,3,20,20],"current_hp_per_floor":[60,59,59,59,59,59,48,40,40,40,20,20,20,20,39,7,50,35,35,35,35,33,0,0],"gold":378,"neow_bonus":"HUNDRED_GOLD","is_prod":false,"is_daily":false,"chose_seed":false,"campfire_upgraded":1,"win_rate":0,"timestamp":1607535093,"path_taken":["M","M","$","?","?","R","?","E","T","?","E","?","?","M","R","BOSS","M","?","$","?","M","E"],"build_version":"2020-12-07","purchased_purges":0,"victory":false,"max_hp_per_floor":[71,71,71,64,64,64,64,64,64,64,64,64,64,64,64,64,64,64,64,64,64,64,64,64],"relic_stats":{"counters":[10,43],"Golden Idol":53,"Shuriken":[7],"obtain_stats":[{"Golden Idol":4,"Shuriken":8,"Thread and Needle":11,"Toxic Egg 2":9,"Cracked Core":0,"Sling":3,"Runic Pyramid":17,"Old Coin":21},{"Golden Idol":2,"Shuriken":3,"Thread and Needle":4,"Toxic Egg 2":3,"Cracked Core":0,"Sling":2,"Runic Pyramid":7,"Old Coin":8},{"Golden Idol":5,"Shuriken":8,"Thread and Needle":13,"Toxic Egg 2":8,"Cracked Core":0,"Sling":5,"Runic Pyramid":29,"Old Coin":33}]},"card_choices":[{"not_picked":["Barrage","Cold Snap"],"picked":"Melter","floor":1.0},{"not_picked":["Compile Driver","Coolheaded"],"picked":"Rebound","floor":2.0},{"not_picked":["Streamline","Ball Lightning"],"picked":"Sunder","floor":8.0},{"not_picked":["Rip and Tear","Rebound"],"picked":"Fission+1","floor":11.0},{"not_picked":["Sweeping Beam","Compile Driver"],"picked":"Chill+1","floor":12.0},{"not_picked":["Heatsinks","Stack+1"],"picked":"Cold Snap","floor":14.0},{"not_picked":["Fission+1","Reboot+1"],"picked":"Biased Cognition","floor":16.0},{"not_picked":["Defragment","Chaos+1"],"picked":"Genetic Algorithm+1","floor":18},{"not_picked":["Streamline","Double Energy+1"],"picked":"Redo+1","floor":22}],"player_experience":1313739,"relics_obtained":[{"floor":8.0,"key":"Shuriken"},{"floor":9.0,"key":"Toxic Egg 2"},{"floor":11.0,"key":"Thread and Needle"}],"event_choices":[{"damage_healed":0.0,"max_hp_gain":0.0,"max_hp_loss":7.0,"gold_gain":0.0,"event_name":"Golden Idol","player_choice":"Lose Max HP","floor":4.0,"gold_loss":0.0,"damage_taken":0.0,"relics_obtained":["Golden Idol"]},{"damage_healed":0.0,"max_hp_gain":0.0,"max_hp_loss":0.0,"gold_gain":0.0,"event_name":"Liars Game","player_choice":"Ignored","floor":5.0,"gold_loss":0.0,"damage_taken":0.0},{"damage_healed":0.0,"max_hp_gain":0.0,"max_hp_loss":0.0,"gold_gain":75.0,"event_name":"World of Goop","player_choice":"Gather Gold","floor":7.0,"gold_loss":0.0,"damage_taken":11.0},{"damage_healed":0.0,"max_hp_gain":0.0,"max_hp_loss":0.0,"gold_gain":0.0,"event_name":"The Woman in Blue","player_choice":"Bought 1 Potion","floor":10.0,"gold_loss":0.0,"damage_taken":0.0},{"cards_removed":["Strike_B"],"damage_healed":0.0,"max_hp_gain":0.0,"max_hp_loss":0.0,"gold_gain":0.0,"event_name":"The Cleric","player_choice":"Card Removal","floor":13.0,"gold_loss":75.0,"damage_taken":0.0},{"damage_healed":0,"gold_gain":50,"player_choice":"Stole From Cult","damage_taken":0,"max_hp_gain":0,"max_hp_loss":0,"event_name":"Nest","floor":19,"gold_loss":0},{"cards_removed":["Static Discharge"],"damage_healed":0,"gold_gain":0,"player_choice":"Gave Card","damage_taken":0,"relics_obtained":["Old Coin"],"max_hp_gain":0,"max_hp_loss":0,"event_name":"WeMeetAgain","floor":21,"gold_loss":0}],"is_beta":true,"boss_relics":[{"not_picked":["Nuclear Battery","Tiny House"],"picked":"Runic Pyramid"}],"items_purged_floors":[],"is_endless":false,"potions_floor_spawned":[2,12,16,18],"killed_by":"Gremlin Leader","ascension_level":20}}