{"host":"5kadl7uu83y136u3","time":1607529655,"event":{"gold_per_floor":[350,102,102,118,135,135,165,165,165,180,211,226,239,255,255,355,355,372,391,301,77,88,119,131,159,159,159,159,174,174,270,270,288,288,288,288,305,305,323,323,323,323,323,323,323,426,426,414,414],"floor_reached":52,"playtime":2652,"items_purged":["Strike_B"],"score":675,"play_id":"77c359dd-7aab-4586-ab61-fde8ec3c8370","local_time":"20201209110055","is_ascension_mode":false,"campfire_choices":[{"data":"Consume","floor":6.0,"key":"SMITH"},{"floor":8.0,"key":"REST"},{"floor":15.0,"key":"REST"},{"floor":27.0,"key":"REST"},{"floor":29.0,"key":"REST"},{"floor":32.0,"key":"REST"},{"floor":40,"key":"REST"},{"data":"Echo Form","floor":42,"key":"SMITH"},{"data":"Fission","floor":44,"key":"SMITH"},{"data":"Seek","floor":47,"key":"SMITH"},{"data":"Rainbow","floor":49,"key":"SMITH"}],"neow_cost":"NONE","seed_source_timestamp":0,"circlet_count":0,"master_deck":["Strike_B","Strike_B","Defend_B","Defend_B+1","Defend_B","Defend_B","Zap","Dualcast+1","Consume+1","Apotheosis+1","Panic Button","BootSequence","Melter","Panic Button","Echo Form+1","Rainbow+1","FIFO Queue","Panic Button+1","Seek+1","Sweeping Beam","Mirror Shield","Panic Button+1","Fission+1","Bullet Time"],"special_seed":0,"relics":["Cracked Core","GiantMaggot","Solar Panel","Ring of Chaos","Replay:Rubber Ducky","hubris:Teleporter","Replay:Ringing Soul","hubris:Metronome","Bottled Tornado","SacredBark"],"potions_floor_usage":[39,41,52],"damage_taken":[{"damage":0.0,"enemies":"Small Slimes","floor":1.0,"turns":2.0},{"damage":0.0,"enemies":"Cultist","floor":4.0,"turns":2.0},{"damage":1.0,"enemies":"Jaw Worm","floor":5.0,"turns":3.0},{"damage":20.0,"enemies":"Lagavulin","floor":7.0,"turns":5.0},{"damage":13.0,"enemies":"Gremlin Gang","floor":10.0,"turns":5.0},{"damage":21.0,"enemies":"Gremlin Nob","floor":11.0,"turns":4.0},{"damage":4.0,"enemies":"Exordium Thugs","floor":12.0,"turns":3.0},{"damage":0.0,"enemies":"3 Louse","floor":13.0,"turns":3.0},{"damage":2.0,"enemies":"Looter","floor":14.0,"turns":3.0},{"damage":35.0,"enemies":"Slime Boss","floor":16.0,"turns":6.0},{"damage":0.0,"enemies":"Chosen","floor":18.0,"turns":4.0},{"damage":2.0,"enemies":"Shell Parasite","floor":19.0,"turns":6.0},{"damage":6.0,"enemies":"Snake Plant","floor":22.0,"turns":6.0},{"damage":15.0,"enemies":"Nightmare","floor":23.0,"turns":8.0},{"damage":0.0,"enemies":"Snecko","floor":24.0,"turns":5.0},{"damage":55.0,"enemies":"Slavers","floor":25.0,"turns":7.0},{"damage":11.0,"enemies":"Centurion and Healer","floor":31.0,"turns":6.0},{"damage":17.0,"enemies":"Champ","floor":33.0,"turns":9.0},{"damage":11,"enemies":"3 Shapes","floor":35,"turns":7},{"damage":19,"enemies":"3 Darklings","floor":39,"turns":5},{"damage":2,"enemies":"Writhing Mass","floor":41,"turns":4},{"damage":23,"enemies":"Time Eater","floor":50,"turns":13},{"damage":88,"enemies":"infinitespire:Voidling","floor":52,"turns":9}],"seed_played":"-2870898804404011735","potions_obtained":[{"floor":10.0,"key":"SpeedPotion"},{"floor":11.0,"key":"SpeedPotion"},{"floor":14.0,"key":"Languid Potion"},{"floor":16.0,"key":"Flashbang"},{"floor":19.0,"key":"Adrenaline Potion"},{"floor":23.0,"key":"Ancient Potion"},{"floor":31.0,"key":"EssenceOfDarkness"},{"floor":35,"key":"DistilledChaos"},{"floor":39,"key":"AttackPotion"},{"floor":41,"key":"SkillPotion"}],"is_trial":false,"path_per_floor":["M","$","?","M","M","R","E","R","T","M","E","M","M","M","R","B",null,"M","M","?","$","M","NM","M","E","T","R","R","M","R","B",null,"M","?","?","?","M","R","M","R","T","R","?","R","R","B",null,"M"],"character_chosen":"DEFECT","items_purchased":["Apotheosis","FIFO Queue","Replay:Rubber Ducky"],"campfire_rested":6,"item_purchase_floors":[2,21,21],"current_hp_per_floor":[75,75,75,75,74,74,54,75,75,62,41,37,37,37,59,24,75,75,75,75,75,69,60,60,9,9,31,53,42,64,50,78,67,67,67,67,51,74,75,75,75,75,78,78,78,57,83,0,0],"gold":414,"neow_bonus":"UPGRADE_CARD","is_prod":false,"is_daily":false,"chose_seed":false,"campfire_upgraded":5,"win_rate":0,"timestamp":1607529655,"path_taken":["M","$","?","M","M","R","E","R","T","M","E","M","M","M","R","BOSS","M","?","?","$","M","NM","?","E","T","R","R","M","R","BOSS","M","?","?","?","M","R","?","R","T","R","?","R","R","BOSS","M"],"build_version":"2020-11-30","purchased_purges":1,"victory":false,"max_hp_per_floor":[75,75,75,75,75,75,75,75,75,75,75,75,75,75,75,75,75,75,75,75,75,75,75,75,75,75,75,75,75,75,78,78,78,78,74,74,77,77,80,80,80,80,83,83,83,83,83,83,83],"card_choices":[{"not_picked":["Conserve Battery","Redo"],"picked":"Consume","floor":1.0},{"not_picked":["Steam Power","Recycle","Chill"],"picked":"SKIP","floor":4.0},{"not_picked":["Cold Snap","Gash"],"picked":"Panic Button","floor":5.0},{"not_picked":["Turbo","Creative AI","Conserve Battery"],"picked":"SKIP","floor":7.0},{"not_picked":["Steam","Leap","Time Bomb"],"picked":"SKIP","floor":10.0},{"not_picked":["Aggregate","Chill"],"picked":"BootSequence","floor":11.0},{"not_picked":["Tempest","FTL"],"picked":"Melter","floor":12.0},{"not_picked":["Go for the Eyes","Sweeping Beam"],"picked":"Panic Button","floor":13.0},{"not_picked":["ReplayTheSpireMod:Repulse","ReplayGash"],"picked":"Echo Form","floor":14.0},{"not_picked":["Reboot","ReplayRNGCard"],"picked":"Rainbow","floor":16.0},{"not_picked":["Cold Snap+1","Aggregate+1","Go for the Eyes"],"picked":"SKIP","floor":18.0},{"not_picked":["Hologram+1","Steam Power+1","Sweeping Beam"],"picked":"SKIP","floor":19.0},{"not_picked":["Gash","Conserve Battery"],"picked":"Panic Button+1","floor":22.0},{"not_picked":["Stack+1","Ball Lightning"],"picked":"Seek","floor":23.0},{"not_picked":["Redo","Cold Snap+1"],"picked":"Sweeping Beam","floor":24.0},{"not_picked":["Cold Snap","Turbo+1","ReplayTheSpireMod:Reroute Power"],"picked":"SKIP","floor":25.0},{"not_picked":["Hello World","ReplayTheSpireMod:Reroute Power","Coolheaded"],"picked":"SKIP","floor":31.0},{"not_picked":["hubris:DoWhile","Meteor Strike"],"picked":"Mirror Shield","floor":33.0},{"not_picked":["Ball Lightning","Steam","Compile Driver+1"],"picked":"SKIP","floor":35},{"not_picked":["Beam Cell+1","Glacier+1"],"picked":"Panic Button+1","floor":39},{"not_picked":["Consume+1","Redo+1"],"picked":"Fission","floor":41}],"player_experience":1591965,"relics_obtained":[{"floor":7.0,"key":"GiantMaggot"},{"floor":9.0,"key":"Solar Panel"},{"floor":23.0,"key":"hubris:Teleporter"},{"floor":25.0,"key":"Replay:Ringing Soul"},{"floor":26.0,"key":"hubris:Metronome"},{"floor":43,"key":"Bottled Tornado"}],"event_choices":[{"damage_healed":0.0,"max_hp_gain":0.0,"max_hp_loss":0.0,"gold_gain":0.0,"event_name":"Upgrade Shrine","player_choice":"Upgraded","floor":3.0,"gold_loss":0.0,"damage_taken":0.0,"cards_upgraded":["Apotheosis"]},{"cards_removed":["Strike_B"],"damage_healed":0.0,"max_hp_gain":0.0,"max_hp_loss":0.0,"gold_gain":0.0,"event_name":"Designer","player_choice":"Upgrade and Remove","floor":20.0,"gold_loss":90.0,"damage_taken":0.0,"cards_upgraded":["Defend_B"]},{"damage_healed":0,"gold_gain":0,"player_choice":"Max HP","damage_taken":0,"max_hp_gain":0,"max_hp_loss":4,"event_name":"Winding Halls","floor":37,"gold_loss":0},{"damage_healed":0,"gold_gain":0,"player_choice":"Ignored","damage_taken":0,"max_hp_gain":0,"max_hp_loss":0,"event_name":"Tomb of Lord Red Mask","floor":38,"gold_loss":0},{"damage_healed":0,"gold_gain":3,"player_choice":"4","damage_taken":0,"max_hp_gain":0,"max_hp_loss":0,"event_name":"betterStone:BetterStone","floor":45,"gold_loss":0,"cards_obtained":["Bullet Time"]}],"is_beta":false,"boss_relics":[{"not_picked":["Sandwich","hubris:HollowSoul"],"picked":"Ring of Chaos"},{"not_picked":["hubris:Stopwatch","Velvet Choker","Replay:Bronze Core"]},{"not_picked":["Coffee Dripper","CosmicIsotope"],"picked":"SacredBark"}],"items_purged_floors":[2],"is_endless":true,"potions_floor_spawned":[10,11,14,16,19,23,31,35,39,41],"killed_by":"infinitespire:Voidling","ascension_level":0}}