{"host":"gn6ds4edjslinxdh","time":1607498809,"event":{"gold_per_floor":[119,294,19,19,19,47,47,79,79,113,113,130,130,149,149,249,249,260,260,49,49,66,66,99,99,126,154,173,200,200,200,200,303,303,322,337,9,9,0,26,26,51,51,79,79,93,93,106,106,106],"floor_reached":51,"playtime":2695,"items_purged":["Doubt"],"score":1433,"play_id":"c6cab870-8d02-4ba1-8d77-3b9de8933944","local_time":"20201208232649","is_ascension_mode":true,"campfire_choices":[{"floor":7,"key":"DIG"},{"floor":13,"key":"DIG"},{"floor":15,"key":"DIG"},{"floor":23,"key":"DIG"},{"floor":25,"key":"DIG"},{"floor":30,"key":"DIG"},{"floor":32,"key":"DIG"},{"floor":41,"key":"DIG"},{"floor":47,"key":"DIG"},{"floor":49,"key":"DIG"}],"neow_cost":"NONE","seed_source_timestamp":395060839874700,"circlet_count":0,"master_deck":["AscendersBane","Defend_R","Defend_R","Defend_R","Defend_R+1","Bash","Flame Barrier","Demon Form","Feed+1","Disarm","True Grit","Battle Trance","Demon Form","Bite","Bite","Bite","Bite","Bite","Apotheosis","Uppercut","Flame Barrier","Bludgeon","Shrug It Off+1","Clothesline"],"relics":["Black Star","Sling","Shovel","Art of War","Shuriken","Darkstone Periapt","Akabeko","Whetstone","Happy Flower","Bronze Scales","Omamori","Mercury Hourglass","Snecko Eye","Bag of Preparation","Sundial","PreservedInsect","Lantern","Centennial Puzzle","White Beast Statue","The Courier","Letter Opener","Incense Burner","Question Card","CultistMask","Anchor","Cursed Key","Bottled Tornado","TheAbacus","Red Mask","Ice Cream","Vajra","Ancient Tea Set","Pen Nib","Bottled Flame","Prayer Wheel","Red Skull","Boot","Smiling Mask","Mummified Hand"],"potions_floor_usage":[6,8,10,18,33,36,50],"damage_taken":[{"damage":13,"enemies":"Jaw Worm","floor":1,"turns":5},{"damage":22,"enemies":"3 Sentries","floor":6,"turns":7},{"damage":16,"enemies":"Gremlin Nob","floor":8,"turns":3},{"damage":25,"enemies":"3 Sentries","floor":10,"turns":5},{"damage":1,"enemies":"2 Louse","floor":12,"turns":3},{"damage":0,"enemies":"Small Slimes","floor":14,"turns":3},{"damage":1,"enemies":"Hexaghost","floor":16,"turns":7},{"damage":2,"enemies":"2 Thieves","floor":18,"turns":3},{"damage":0,"enemies":"Chosen","floor":22,"turns":3},{"damage":2,"enemies":"Book of Stabbing","floor":24,"turns":5},{"damage":10,"enemies":"Slavers","floor":27,"turns":4},{"damage":16,"enemies":"Snake Plant","floor":28,"turns":3},{"damage":19,"enemies":"Book of Stabbing","floor":29,"turns":3},{"damage":24,"enemies":"Collector","floor":33,"turns":6},{"damage":5,"enemies":"3 Shapes","floor":35,"turns":4},{"damage":0,"enemies":"Orb Walker","floor":36,"turns":2},{"damage":0,"enemies":"Giant Head","floor":40,"turns":5},{"damage":0,"enemies":"Nemesis","floor":42,"turns":5},{"damage":0,"enemies":"Giant Head","floor":44,"turns":4},{"damage":0,"enemies":"4 Shapes","floor":46,"turns":5},{"damage":0,"enemies":"Jaw Worm Horde","floor":48,"turns":3},{"damage":7,"enemies":"Time Eater","floor":50,"turns":5}],"seed_played":"9137295911192910373","potions_obtained":[{"floor":1,"key":"LiquidBronze"},{"floor":6,"key":"SteroidPotion"},{"floor":16,"key":"SneckoOil"},{"floor":27,"key":"Swift Potion"},{"floor":28,"key":"Fire Potion"},{"floor":29,"key":"PowerPotion"},{"floor":33,"key":"FairyPotion"},{"floor":36,"key":"Fruit Juice"},{"floor":40,"key":"Energy Potion"},{"floor":42,"key":"Weak Potion"}],"is_trial":false,"path_per_floor":["M","?","$","?","?","E","R","E","T","E","?","M","R","M","R","B",null,"M","?","$","?","M","R","E","R","T","E","M","E","R","?","R","B",null,"M","M","$","?","?","E","R","E","T","E","$","M","R","M","R","B",null],"character_chosen":"IRONCLAD","items_purchased":["Sling","Strength Potion","Apotheosis","Uppercut","Bottled Tornado","TheAbacus"],"campfire_rested":0,"item_purchase_floors":[3,3,20,20,37,37],"current_hp_per_floor":[59,59,59,43,69,47,47,31,31,10,10,13,13,17,17,20,77,79,69,69,69,73,73,73,73,73,77,71,73,73,73,73,73,82,80,89,89,90,90,90,90,90,90,90,90,94,94,98,98,94],"gold":106,"neow_bonus":"BOSS_RELIC","is_prod":false,"is_daily":false,"chose_seed":false,"campfire_upgraded":0,"win_rate":0,"timestamp":1607498809,"path_taken":["M","?","$","?","?","E","R","E","T","E","?","M","R","M","R","BOSS","M","?","$","?","M","R","E","R","T","E","M","E","R","?","R","BOSS","M","M","$","?","?","E","R","E","T","E","$","M","R","M","R","BOSS"],"build_version":"2020-11-30","purchased_purges":1,"victory":true,"max_hp_per_floor":[80,80,80,80,80,80,80,80,80,84,84,88,88,92,92,96,96,100,69,69,69,73,73,73,73,73,77,81,85,85,85,85,85,85,85,90,90,90,90,90,90,90,90,90,90,94,94,98,98,98],"relic_stats":{"Darkstone Periapt":0,"Bag of Preparation":[26],"Whetstone":["Feed","Strike_R"],"Cursed Key":1,"Boot":[0],"Smiling Mask":0,"Centennial Puzzle":[18],"Shovel":10,"TheAbacus":[54],"Sundial":[10],"Mummified Hand":[8],"Prayer Wheel":2,"Happy Flower":[24],"counters":[22,92],"PreservedInsect":393,"Pen Nib":[3],"Letter Opener":[76],"Question Card":10,"Mercury Hourglass":[247],"Shuriken":[21],"Bronze Scales":[208],"Snecko Eye":[128,143,109,114],"Black Star":9,"Art of War":[9],"obtain_stats":[{"Darkstone Periapt":8,"Ice Cream":40,"Lantern":25,"Vajra":40,"Bag of Preparation":23,"Incense Burner":29,"Whetstone":9,"Bottled Tornado":37,"Sling":3,"Cursed Key":34,"Ancient Tea Set":41,"Boot":44,"Smiling Mask":47,"Burning Blood":0,"Centennial Puzzle":26,"Shovel":6,"TheAbacus":37,"Sundial":24,"Mummified Hand":49,"Prayer Wheel":43,"Red Mask":39,"Red Skull":44,"Happy Flower":10,"PreservedInsect":24,"The Courier":27,"Pen Nib":42,"Omamori":13,"Letter Opener":29,"Question Card":30,"Akabeko":8,"White Beast Statue":27,"Mercury Hourglass":15,"Anchor":32,"Bottled Flame":42,"Shuriken":7,"Bronze Scales":10,"Snecko Eye":17,"CultistMask":31,"Black Star":0,"Art of War":6},{"Darkstone Periapt":3,"Ice Cream":17,"Lantern":10,"Vajra":17,"Bag of Preparation":9,"Incense Burner":13,"Whetstone":3,"Bottled Tornado":16,"Sling":1,"Cursed Key":14,"Ancient Tea Set":17,"Boot":19,"Smiling Mask":20,"Burning Blood":0,"Centennial Puzzle":10,"Shovel":2,"TheAbacus":16,"Sundial":10,"Mummified Hand":21,"Prayer Wheel":18,"Red Mask":16,"Red Skull":19,"Happy Flower":4,"PreservedInsect":10,"The Courier":11,"Pen Nib":18,"Omamori":5,"Letter Opener":13,"Question Card":13,"Akabeko":3,"White Beast Statue":11,"Mercury Hourglass":6,"Anchor":13,"Bottled Flame":18,"Shuriken":2,"Bronze Scales":4,"Snecko Eye":7,"CultistMask":13,"Black Star":0,"Art of War":2},{"Darkstone Periapt":15,"Ice Cream":70,"Lantern":44,"Vajra":70,"Bag of Preparation":39,"Incense Burner":54,"Whetstone":15,"Bottled Tornado":65,"Sling":5,"Cursed Key":60,"Ancient Tea Set":70,"Boot":79,"Smiling Mask":84,"Burning Blood":0,"Centennial Puzzle":44,"Shovel":12,"TheAbacus":65,"Sundial":44,"Mummified Hand":87,"Prayer Wheel":75,"Red Mask":65,"Red Skull":79,"Happy Flower":20,"PreservedInsect":44,"The Courier":48,"Pen Nib":75,"Omamori":23,"Letter Opener":54,"Question Card":54,"Akabeko":15,"White Beast Statue":48,"Mercury Hourglass":26,"Anchor":54,"Bottled Flame":75,"Shuriken":12,"Bronze Scales":20,"Snecko Eye":33,"CultistMask":54,"Black Star":0,"Art of War":12}]},"card_choices":[{"not_picked":["Shrug It Off","Thunderclap"],"picked":"Flame Barrier","floor":1},{"not_picked":["Berserk","Rupture"],"picked":"Demon Form","floor":6},{"not_picked":["Wild Strike","Dual Wield"],"picked":"Feed","floor":8},{"not_picked":["Blood for Blood","Headbutt"],"picked":"Disarm","floor":10},{"not_picked":["Entrench","Anger"],"picked":"True Grit","floor":12},{"not_picked":["Heavy Blade","Clash"],"picked":"Battle Trance","floor":14},{"not_picked":["Juggernaut","Fiend Fire"],"picked":"Demon Form","floor":16},{"not_picked":["Burning Pact","Anger+1","Sword Boomerang"],"picked":"SKIP","floor":18},{"not_picked":["Fire Breathing+1","Heavy Blade","Iron Wave+1"],"picked":"SKIP","floor":22},{"not_picked":["Disarm","Power Through+1","Entrench"],"picked":"SKIP","floor":24},{"not_picked":["Sever Soul+1","Cleave+1","Rampage+1"],"picked":"SKIP","floor":27},{"not_picked":["Body Slam","Sentinel","Thunderclap+1"],"picked":"SKIP","floor":28},{"not_picked":["Flex+1","Thunderclap","Blood for Blood"],"picked":"SKIP","floor":29},{"not_picked":["Feed","Berserk","Limit Break"],"picked":"Bludgeon","floor":33},{"not_picked":["Flex","Headbutt","Intimidate"],"picked":"Shrug It Off+1","floor":35},{"not_picked":["Cleave+1","Iron Wave","Twin Strike","Clash"],"picked":"SKIP","floor":36},{"not_picked":["Reckless Charge","Dual Wield","Anger","Ghostly Armor+1"],"picked":"SKIP","floor":40},{"not_picked":["Shockwave+1","Exhume","Rampage+1","True Grit+1"],"picked":"SKIP","floor":42},{"not_picked":["Seeing Red+1","Intimidate","Anger+1","Havoc+1"],"picked":"SKIP","floor":44},{"not_picked":["Twin Strike","Searing Blow","Heavy Blade"],"picked":"Clothesline","floor":46},{"not_picked":["Dark Embrace+1","Second Wind+1","Armaments","Anger"],"picked":"SKIP","floor":46},{"not_picked":["Sword Boomerang+1","Armaments+1","Thunderclap+1","True Grit"],"picked":"SKIP","floor":48},{"not_picked":["Flex+1","Shrug It Off","Evolve","Sword Boomerang"],"picked":"SKIP","floor":48}],"player_experience":483099,"relics_obtained":[{"floor":6,"key":"Shovel"},{"floor":6,"key":"Art of War"},{"floor":7,"key":"Shuriken"},{"floor":8,"key":"Darkstone Periapt"},{"floor":8,"key":"Akabeko"},{"floor":9,"key":"Whetstone"},{"floor":10,"key":"Happy Flower"},{"floor":10,"key":"Bronze Scales"},{"floor":13,"key":"Omamori"},{"floor":15,"key":"Mercury Hourglass"},{"floor":23,"key":"Bag of Preparation"},{"floor":24,"key":"Sundial"},{"floor":24,"key":"PreservedInsect"},{"floor":25,"key":"Lantern"},{"floor":26,"key":"Centennial Puzzle"},{"floor":27,"key":"White Beast Statue"},{"floor":27,"key":"The Courier"},{"floor":29,"key":"Letter Opener"},{"floor":29,"key":"Incense Burner"},{"floor":30,"key":"Question Card"},{"floor":32,"key":"Anchor"},{"floor":40,"key":"Ice Cream"},{"floor":40,"key":"Vajra"},{"floor":41,"key":"Ancient Tea Set"},{"floor":42,"key":"Pen Nib"},{"floor":42,"key":"Bottled Flame"},{"floor":43,"key":"Prayer Wheel"},{"floor":44,"key":"Red Skull"},{"floor":44,"key":"Boot"},{"floor":47,"key":"Smiling Mask"},{"floor":49,"key":"Mummified Hand"}],"event_choices":[{"damage_healed":0,"gold_gain":175,"player_choice":"AGREE","damage_taken":0,"max_hp_gain":0,"max_hp_loss":0,"event_name":"Liars Game","floor":2,"gold_loss":0,"cards_obtained":["Doubt"]},{"damage_healed":0,"gold_gain":0,"player_choice":"Entered Light","damage_taken":16,"max_hp_gain":0,"max_hp_loss":0,"event_name":"Shining Light","floor":4,"gold_loss":0,"cards_upgraded":["Defend_R","Strike_R"]},{"damage_healed":26,"gold_gain":0,"player_choice":"Banana","damage_taken":0,"max_hp_gain":0,"max_hp_loss":0,"event_name":"Big Fish","floor":5,"gold_loss":0},{"cards_removed":["Strike_R"],"damage_healed":0,"gold_gain":0,"player_choice":"Offered Basic","damage_taken":0,"max_hp_gain":0,"max_hp_loss":0,"event_name":"Bonfire Elementals","floor":11,"gold_loss":0},{"damage_healed":0,"gold_gain":0,"player_choice":"Became a vampire","damage_taken":0,"max_hp_gain":0,"max_hp_loss":31,"event_name":"Vampires","floor":19,"gold_loss":0,"cards_obtained":["Bite","Bite","Bite","Bite","Bite"]},{"damage_healed":0,"gold_gain":0,"player_choice":"Read","damage_taken":0,"max_hp_gain":0,"max_hp_loss":0,"event_name":"The Library","floor":21,"gold_loss":0,"cards_obtained":["Flame Barrier"]},{"damage_healed":0,"gold_gain":0,"player_choice":"Trade","damage_taken":0,"relics_obtained":["CultistMask"],"max_hp_gain":0,"max_hp_loss":0,"event_name":"FaceTrader","floor":31,"gold_loss":0},{"damage_healed":23,"gold_gain":0,"player_choice":"Writhe","damage_taken":0,"max_hp_gain":0,"max_hp_loss":0,"event_name":"Winding Halls","floor":38,"gold_loss":0,"cards_obtained":["Writhe"]},{"damage_healed":0,"gold_gain":0,"player_choice":"Paid","damage_taken":0,"relics_obtained":["Red Mask"],"max_hp_gain":0,"max_hp_loss":0,"event_name":"Tomb of Lord Red Mask","floor":39,"gold_loss":9}],"is_beta":false,"boss_relics":[{"not_picked":["Ectoplasm","Astrolabe"],"picked":"Snecko Eye"},{"not_picked":["Coffee Dripper","Philosopher\u0027s Stone"],"picked":"Cursed Key"}],"items_purged_floors":[3],"is_endless":false,"potions_floor_spawned":[1,6,16,27,28,29,33,35,36,40,42,44,46,48],"ascension_level":10}}