{"host":"p245q48pmopyklqs","time":1607522113,"event":{"gold_per_floor":[115,40,40,106,16,49,59,59,59,109,143,160,179,329,329,401,401,412,427,437,451,463,463,482,432,502,135,155,28,28,28,28,105,105,115,129,196,117,167,167,182,210,210,2,22,90,101,112,112,112,112,112,112,12,38,38],"floor_reached":57,"playtime":7273,"items_purged":["Strike_G","Strike_G","Shame","Strike_G","Pain","Strike_G"],"score":2775,"play_id":"584238ae-bab7-4011-9a0d-a468266055bc","local_time":"20201209225513","is_ascension_mode":true,"campfire_choices":[{"data":"Bouncing Flask","floor":8.0,"key":"SMITH"},{"data":"Crippling Poison","floor":15.0,"key":"SMITH"},{"data":"Well Laid Plans","floor":23.0,"key":"SMITH"},{"data":"Footwork","floor":30.0,"key":"SMITH"},{"data":"Noxious Fumes","floor":32.0,"key":"SMITH"},{"floor":40.0,"key":"REST"},{"floor":49.0,"key":"RECALL"},{"data":"Catalyst","floor":53.0,"key":"SMITH"}],"neow_cost":"NONE","seed_source_timestamp":7477697199602,"circlet_count":0,"master_deck":["AscendersBane","Strike_G","Defend_G","Defend_G","Defend_G","Defend_G","Defend_G","Survivor","Neutralize","Crippling Poison+1","Backstab","Bouncing Flask+1","Flechettes","Escape Plan","Well Laid Plans+1","PiercingWail","Catalyst+1","Noxious Fumes+1","Malaise","Footwork+1","Night Terror","Impatience","Backflip","Catalyst+1","Backflip","Backflip+1"],"special_seed":0,"relics":["Ring of the Snake","NeowsBlessing","SsserpentHead","Pocketwatch","FossilizedHelix","Ice Cream","Cursed Key","Membership Card","Pantograph","Sozu","WarpedTongs","Letter Opener","Lee\u0027s Waffle","Toy Ornithopter"],"potions_floor_usage":[56,56],"damage_taken":[{"damage":0.0,"enemies":"Jaw Worm","floor":1.0,"turns":1.0},{"damage":0.0,"enemies":"Cultist","floor":4.0,"turns":1.0},{"damage":0.0,"enemies":"Gremlin Nob","floor":6.0,"turns":1.0},{"damage":4.0,"enemies":"Small Slimes","floor":7.0,"turns":3.0},{"damage":21.0,"enemies":"3 Sentries","floor":11.0,"turns":8.0},{"damage":0.0,"enemies":"Looter","floor":12.0,"turns":3.0},{"damage":1.0,"enemies":"Red Slaver","floor":13.0,"turns":3.0},{"damage":0.0,"enemies":"The Guardian","floor":16.0,"turns":8.0},{"damage":3.0,"enemies":"Shell Parasite","floor":18.0,"turns":4.0},{"damage":0.0,"enemies":"3 Byrds","floor":19.0,"turns":4.0},{"damage":11.0,"enemies":"Snake Plant","floor":20.0,"turns":3.0},{"damage":0.0,"enemies":"3 Cultists","floor":21.0,"turns":4.0},{"damage":5.0,"enemies":"Centurion and Healer","floor":22.0,"turns":5.0},{"damage":0.0,"enemies":"Snecko","floor":24.0,"turns":4.0},{"damage":27.0,"enemies":"Cultist and Chosen","floor":28.0,"turns":7.0},{"damage":7.0,"enemies":"Champ","floor":33.0,"turns":10.0},{"damage":3.0,"enemies":"Orb Walker","floor":35.0,"turns":4.0},{"damage":0.0,"enemies":"3 Shapes","floor":36.0,"turns":4.0},{"damage":28.0,"enemies":"3 Darklings","floor":37.0,"turns":3.0},{"damage":14.0,"enemies":"Writhing Mass","floor":41.0,"turns":4.0},{"damage":1.0,"enemies":"Giant Head","floor":42.0,"turns":3.0},{"damage":0.0,"enemies":"Spire Growth","floor":45.0,"turns":3.0},{"damage":0.0,"enemies":"3 Darklings","floor":46.0,"turns":4.0},{"damage":0.0,"enemies":"Maw","floor":47.0,"turns":4.0},{"damage":0.0,"enemies":"Writhing Mass","floor":48.0,"turns":3.0},{"damage":15.0,"enemies":"Time Eater","floor":50.0,"turns":6.0},{"damage":52.0,"enemies":"Donu and Deca","floor":51.0,"turns":7.0},{"damage":48.0,"enemies":"Shield and Spear","floor":55.0,"turns":8.0},{"damage":23,"enemies":"The Heart","floor":56,"turns":8}],"seed_played":"6122540961183643130","potions_obtained":[{"floor":1.0,"key":"Strength Potion"},{"floor":6.0,"key":"GamblersBrew"},{"floor":7.0,"key":"Poison Potion"},{"floor":12.0,"key":"FearPotion"},{"floor":21.0,"key":"SmokeBomb"},{"floor":22.0,"key":"Energy Potion"},{"floor":24.0,"key":"BlessingOfTheForge"}],"is_trial":false,"path_per_floor":["M","$","?","M","$","E","M","R","T","?","E","M","M","?","R","B",null,"M","M","M","M","M","R","M","$","T","$","M","$","R","$","R","B",null,"M","M","M","$","?","R","M","E","T","$","M","M","M","M","R","B","B",null,"R","$","E","B",null],"character_chosen":"THE_SILENT","items_purchased":["Bouncing Flask","Membership Card","Pantograph","Malaise","Footwork","Impatience","Lee\u0027s Waffle","Catalyst"],"campfire_rested":1,"item_purchase_floors":[5,27,27,29,29,38,44,44],"current_hp_per_floor":[59,59,59,59,59,59,55,55,55,55,34,34,33,33,33,33,58,55,55,44,44,39,39,39,39,39,39,12,12,12,12,12,30,57,54,54,26,26,26,45,31,30,30,73,73,73,73,73,73,58,21,60,60,60,12,24],"gold":38,"neow_bonus":"THREE_ENEMY_KILL","is_prod":false,"is_daily":false,"chose_seed":false,"campfire_upgraded":6,"win_rate":0,"timestamp":1607522113,"path_taken":["M","$","?","?","$","E","M","R","T","?","E","M","M","?","R","BOSS","M","M","M","M","M","R","M","?","T","$","M","$","R","$","R","BOSS","M","M","?","?","?","R","M","E","T","$","M","?","M","M","R","BOSS","BOSS","R","$","E","BOSS"],"build_version":"2020-11-30","purchased_purges":6,"victory":true,"max_hp_per_floor":[66,66,66,66,66,66,66,66,66,66,66,66,66,66,66,66,66,66,66,66,66,66,66,66,66,66,66,66,66,66,66,66,66,66,66,66,66,66,66,66,66,66,66,73,73,73,73,73,73,73,73,73,73,73,73,73],"relic_stats":{"Sozu":3,"SsserpentHead":400,"Lee\u0027s Waffle":43,"counters":[29,130],"Pantograph":65,"Letter Opener":[153],"Cursed Key":1,"obtain_stats":[{"Ice Cream":11,"Lee\u0027s Waffle":44,"NeowsBlessing":0,"Letter Opener":42,"Cursed Key":17,"WarpedTongs":39,"Sozu":34,"SsserpentHead":3,"Pantograph":27,"Membership Card":27,"FossilizedHelix":9,"Toy Ornithopter":55,"Ring of the Snake":0,"Pocketwatch":6},{"Ice Cream":5,"Lee\u0027s Waffle":21,"NeowsBlessing":0,"Letter Opener":21,"Cursed Key":8,"WarpedTongs":19,"Sozu":16,"SsserpentHead":1,"Pantograph":14,"Membership Card":14,"FossilizedHelix":4,"Toy Ornithopter":28,"Ring of the Snake":0,"Pocketwatch":3},{"Ice Cream":14,"Lee\u0027s Waffle":87,"NeowsBlessing":0,"Letter Opener":87,"Cursed Key":28,"WarpedTongs":80,"Sozu":69,"SsserpentHead":1,"Pantograph":52,"Membership Card":52,"FossilizedHelix":6,"Toy Ornithopter":122,"Ring of the Snake":0,"Pocketwatch":3}],"Toy Ornithopter":10,"Ring of the Snake":[58],"Pocketwatch":[170],"WarpedTongs":[50]},"card_choices":[{"not_picked":["Caltrops","Poisoned Stab"],"picked":"Crippling Poison","floor":1.0},{"not_picked":["Dagger Spray","Leg Sweep"],"picked":"Backstab","floor":4.0},{"not_picked":["Skewer","Finisher"],"picked":"Flechettes","floor":6.0},{"not_picked":["Cloak And Dagger","PiercingWail"],"picked":"Escape Plan","floor":7.0},{"not_picked":["Predator","Flechettes"],"picked":"Well Laid Plans","floor":11.0},{"not_picked":["Outmaneuver","Eviscerate"],"picked":"PiercingWail","floor":12.0},{"not_picked":["Eviscerate","Dodge and Roll","Poisoned Stab"],"picked":"SKIP","floor":13.0},{"not_picked":["Well Laid Plans","Blade Dance"],"picked":"Catalyst+1","floor":18.0},{"not_picked":["Concentrate","Setup","Distraction"],"picked":"SKIP","floor":19.0},{"not_picked":["Escape Plan","Prepared"],"picked":"Noxious Fumes","floor":20.0},{"not_picked":["Noxious Fumes","Bane","Quick Slash"],"picked":"SKIP","floor":21.0},{"not_picked":["Underhanded Strike","Choke","Blade Dance"],"picked":"SKIP","floor":22.0},{"not_picked":["Quick Slash","Acrobatics","Deflect"],"picked":"SKIP","floor":24.0},{"not_picked":["Bane+1","Acrobatics","Flechettes"],"picked":"SKIP","floor":28.0},{"not_picked":["Malaise","Die Die Die"],"picked":"Night Terror","floor":33.0},{"not_picked":["Cloak And Dagger","Distraction+1","Acrobatics"],"picked":"SKIP","floor":35.0},{"not_picked":["Bane","Flying Knee","Eviscerate"],"picked":"SKIP","floor":36.0},{"not_picked":["Flying Knee+1","Terror","All Out Attack+1"],"picked":"SKIP","floor":37.0},{"not_picked":["Deflect","Skewer"],"picked":"Backflip","floor":41.0},{"not_picked":["Underhanded Strike","Poisoned Stab+1","Bane"],"picked":"SKIP","floor":42.0},{"not_picked":["Eviscerate+1","Bane","Poisoned Stab"],"picked":"SKIP","floor":45.0},{"not_picked":["Poisoned Stab","Die Die Die"],"picked":"Backflip","floor":46.0},{"not_picked":["Poisoned Stab","Skewer"],"picked":"Backflip+1","floor":47.0},{"not_picked":["All Out Attack","Poisoned Stab+1","Heel Hook"],"picked":"SKIP","floor":48.0},{"not_picked":["Phantasmal Killer","Dagger Spray","Malaise"],"picked":"SKIP","floor":55.0}],"player_experience":2242757,"relics_obtained":[{"floor":6.0,"key":"Pocketwatch"},{"floor":9.0,"key":"FossilizedHelix"},{"floor":11.0,"key":"Ice Cream"},{"floor":42.0,"key":"Letter Opener"},{"floor":55.0,"key":"Toy Ornithopter"}],"event_choices":[{"damage_healed":0.0,"max_hp_gain":0.0,"max_hp_loss":0.0,"gold_gain":0.0,"event_name":"FaceTrader","player_choice":"Trade","floor":3.0,"gold_loss":0.0,"damage_taken":0.0,"relics_obtained":["SsserpentHead"]},{"damage_healed":0.0,"max_hp_gain":0.0,"max_hp_loss":0.0,"gold_gain":0.0,"event_name":"Liars Game","player_choice":"Ignored","floor":10.0,"gold_loss":0.0,"damage_taken":0.0},{"damage_healed":0.0,"max_hp_gain":0.0,"max_hp_loss":0.0,"gold_gain":100.0,"event_name":"Wheel of Change","player_choice":"Gold","floor":14.0,"gold_loss":0.0,"damage_taken":0.0},{"damage_healed":0.0,"max_hp_gain":0.0,"max_hp_loss":0.0,"gold_gain":0.0,"event_name":"Accursed Blacksmith","player_choice":"Rummage","floor":39.0,"gold_loss":0.0,"damage_taken":0.0,"relics_obtained":["WarpedTongs"],"cards_obtained":["Pain"]}],"is_beta":false,"boss_relics":[{"not_picked":["Astrolabe","Ring of the Serpent"],"picked":"Cursed Key"},{"not_picked":["WristBlade","Black Star"],"picked":"Sozu"}],"items_purged_floors":[2,25,27,38,44,54],"is_endless":false,"potions_floor_spawned":[1,6,7,12,18,21,22,24,35,37,45],"ascension_level":20}}