{"host":"std4gn17fijhzeq4","time":1607499953,"event":{"gold_per_floor":[119,169,61,71,71,71,105,160,185,213,230,230,230,262,262,282,282,282,282],"floor_reached":18,"playtime":976,"items_purged":["Looming Evil"],"score":171,"play_id":"cd20fdee-3cb8-44a5-9e2d-83ca974fde52","local_time":"20201209024553","is_ascension_mode":true,"campfire_choices":[{"data":"Dagger Throw","floor":6,"key":"SMITH"},{"floor":15,"key":"REST"},{"floor":17,"key":"REST"}],"neow_cost":"NONE","seed_source_timestamp":519955589325500,"circlet_count":0,"master_deck":["Strike_G+1","Strike_G","Strike_G","Strike_G","Strike_G","Defend_G","Defend_G","Defend_G","Defend_G","Defend_G","Survivor","Neutralize","Leg Sweep","Caltrops+1","Dagger Throw+1","Hidden Blade","Die Die Die+1","Decay","ReplayTheSpireMod:Speed Training","Dodge and Roll","Flying Knee","Backstab"],"relics":["Ring of the Snake","Ring of Greed","ReplayTheSpireMod:Ring of Challenge","Smiling Mask","Tiny Chest","Boot","Counterbalance","Gremlin Food","PreservedInsect"],"potions_floor_usage":[14,14,16,18],"damage_taken":[{"damage":0,"enemies":"Small Slimes","floor":1,"turns":3},{"damage":0,"enemies":"2 Louse","floor":4,"turns":4},{"damage":15,"enemies":"Gremlin Nob","floor":7,"turns":5},{"damage":13,"enemies":"Jaw Worm","floor":8,"turns":4},{"damage":0,"enemies":"Large Slime","floor":10,"turns":5},{"damage":5,"enemies":"Blue Slaver","floor":11,"turns":5},{"damage":11,"enemies":"3 Sentries","floor":14,"turns":7},{"damage":5,"enemies":"Gremlin Gang","floor":16,"turns":4},{"damage":48,"enemies":"Slime Boss","floor":18,"turns":10}],"seed_played":"-7265934803633001947","potions_obtained":[{"floor":0,"key":"Dexterity Potion"},{"floor":0,"key":"LiquidBronze"},{"floor":0,"key":"Block Potion"},{"floor":14,"key":"Weak Potion"}],"is_trial":false,"path_per_floor":["M","?","$","M","?","R","E","M","T","M","M","PTL","PTL","E","R","M","R","B"],"character_chosen":"THE_SILENT","items_purchased":["Caltrops+1"],"campfire_rested":2,"item_purchase_floors":[3],"current_hp_per_floor":[63,63,63,63,51,51,36,23,23,23,18,18,18,7,28,23,44,0,0],"gold":282,"neow_bonus":"THREE_SMALL_POTIONS","is_prod":false,"is_daily":false,"chose_seed":false,"campfire_upgraded":1,"win_rate":0,"timestamp":1607499953,"path_taken":["M","?","$","M","?","R","E","M","T","M","M","PTL","PTL","E","R","M","R","BOSS"],"build_version":"2020-11-30","purchased_purges":1,"victory":false,"max_hp_per_floor":[70,70,70,70,70,70,70,70,70,70,70,70,70,70,70,70,70,70,70],"card_choices":[{"not_picked":["Poisoned Stab","Dodge and Roll"],"picked":"Leg Sweep","floor":1},{"not_picked":["Caltrops","Backflip"],"picked":"Dagger Throw","floor":4},{"not_picked":["ReplayTheSpireMod:Tripwire","Deflect"],"picked":"Hidden Blade","floor":7},{"not_picked":["Dagger Spray","ReplayTheSpireMod:The Works"],"picked":"Die Die Die","floor":8},{"not_picked":["Setup","Tactician"],"picked":"ReplayTheSpireMod:Speed Training","floor":10},{"not_picked":["Underhanded Strike","Cloak And Dagger"],"picked":"Dodge and Roll","floor":11},{"not_picked":["Choke","ReplayTheSpireMod:The Works"],"picked":"Flying Knee","floor":14},{"not_picked":["ReplayTheSpireMod:Tripwire","Sucker Punch"],"picked":"Backstab","floor":16}],"player_experience":325552,"relics_obtained":[{"floor":2,"key":"Ring of Greed"},{"floor":2,"key":"ReplayTheSpireMod:Ring of Challenge"},{"floor":2,"key":"Smiling Mask"},{"floor":2,"key":"Tiny Chest"},{"floor":7,"key":"Counterbalance"},{"floor":9,"key":"Gremlin Food"},{"floor":14,"key":"PreservedInsect"}],"event_choices":[{"damage_healed":0,"gold_gain":0,"player_choice":"Success","damage_taken":12,"relics_obtained":["Boot"],"max_hp_gain":0,"max_hp_loss":0,"event_name":"Scrap Ooze","floor":5,"gold_loss":0}],"is_beta":false,"boss_relics":[],"items_purged_floors":[3],"is_endless":false,"potions_floor_spawned":[4,10,14],"killed_by":"Slime Boss","ascension_level":8}}