{"host":"wonp23fsqqcu31ie","time":1607504906,"event":{"gold_per_floor":[124,124,151,151,57,57,67,96,96,96,122,149,213,230,230,335,360,378,91,102,116,116,116,169,201,251,264,307,91,117,130,130,228,253,268,343,109,136,25,81,81,100,150,203,203,203,215,225,225,225,225,225,20,79,79,79],"floor_reached":55,"playtime":2959,"items_purged":["Decay"],"score":1100,"play_id":"fc48a6b1-0877-4287-a70e-b9114fe25677","local_time":"20201209200826","is_ascension_mode":true,"campfire_choices":[{"floor":6,"key":"REST"},{"floor":15,"key":"REST"},{"floor":23,"key":"RECALL"},{"floor":32,"key":"REST"},{"floor":49,"key":"REST"},{"data":"animator:Konayuki","floor":52,"key":"SMITH"}],"neow_cost":"","seed_source_timestamp":2331904142065200,"circlet_count":0,"master_deck":["animator:Strike_OnePunchMan+1","animator:Defend_OnePunchMan","animator:Strike+1","animator:Strike","animator:Strike","animator:Defend","animator:Defend","animator:Defend","animator:Genos","animator:MumenRider","animator:Saber+1","animator:Alexander+1","animator:MisaKurobane","animator:Verdia+1","animator:UneriGinkaku+1","animator:IchigoKurosaki","animator:Shichika","animator:SilverFang","animator:Emonzaemon+1","animator:Megumin+16","animator:Gilgamesh+12","animator:MetalKnight+1","animator:DolaSchwi+1","animator:Berserker+1","animator:Arpeggio","animator:Melzalgald+1","animator:Konayuki+1","animator:Togame","animator:Mitsurugi+1","animator:Sonic","animator:Biyorigo","animator:Shizu+1","animator:IzunaHatsuse+1","Dropkick+1","animator:Patchouli+1","animator:Souei+1","animator:DolaCouronne+1","animator:PinaCoLada"],"relics":["animator:LivingPicture","animator:TheMissingPiece","animator:WizardHat","aspiration:HatOfInfinitePower","MerchantsRug","ClockworkSouvenir","Molten Egg 2","MealTicket","Paper Crane","Bottled Flame","aspiration:FetidBarrel","Mercury Hourglass","Nunchaku","aspiration:IroncladSkillbook","Champion Belt","Singing Bowl","Red Mask","Vajra","PreservedInsect","Strawberry","Toy Ornithopter","Bottled Tornado"],"potions_floor_usage":[16,21,24,30,30,33,33,48,50,55,55],"damage_taken":[{"damage":1,"enemies":"Jaw Worm","floor":1,"turns":3},{"damage":0,"enemies":"2 Louse","floor":3,"turns":2},{"damage":0,"enemies":"Cultist","floor":7,"turns":2},{"damage":8,"enemies":"Gremlin Gang","floor":8,"turns":3},{"damage":0,"enemies":"3 Louse","floor":11,"turns":2},{"damage":15,"enemies":"3 Sentries","floor":12,"turns":5},{"damage":0,"enemies":"Large Slime","floor":14,"turns":3},{"damage":0,"enemies":"Slime Boss","floor":16,"turns":3},{"damage":5,"enemies":"Shell Parasite","floor":18,"turns":3},{"damage":0,"enemies":"Spheric Guardian","floor":20,"turns":2},{"damage":14,"enemies":"Centurion and Healer","floor":21,"turns":3},{"damage":28,"enemies":"Book of Stabbing","floor":24,"turns":4},{"damage":18,"enemies":"Snake Plant","floor":25,"turns":3},{"damage":7,"enemies":"Cultist and Chosen","floor":27,"turns":4},{"damage":0,"enemies":"Centurion and Healer","floor":28,"turns":2},{"damage":2,"enemies":"Snake Plant","floor":30,"turns":2},{"damage":12,"enemies":"Chosen and Byrds","floor":31,"turns":4},{"damage":6,"enemies":"Automaton","floor":33,"turns":4},{"damage":10,"enemies":"3 Shapes","floor":35,"turns":3},{"damage":7,"enemies":"Mind Bloom Boss Battle","floor":36,"turns":5},{"damage":32,"enemies":"Reptomancer","floor":40,"turns":5},{"damage":14,"enemies":"3 Darklings","floor":42,"turns":3},{"damage":23,"enemies":"Nemesis","floor":44,"turns":7},{"damage":0,"enemies":"Transient","floor":47,"turns":5},{"damage":22,"enemies":"Jaw Worm Horde","floor":48,"turns":3},{"damage":92,"enemies":"Time Eater","floor":50,"turns":8},{"damage":29,"enemies":"Shield and Spear","floor":54,"turns":4},{"damage":89,"enemies":"The Heart","floor":55,"turns":6}],"seed_played":"-673565814263540285","potions_obtained":[{"floor":1,"key":"FearPotion"},{"floor":16,"key":"Block Potion"},{"floor":20,"key":"LiquidMemories"},{"floor":25,"key":"Dexterity Potion"},{"floor":28,"key":"ColorlessPotion"},{"floor":30,"key":"Slimebound:ThreeZeroPotion"},{"floor":31,"key":"PowerPotion"},{"floor":33,"key":"DistilledChaos"},{"floor":35,"key":"FairyPotion"},{"floor":42,"key":"Weak Potion"}],"is_trial":false,"path_per_floor":["M","?","M","?","$","R","M","M","T","$","M","E","?","M","R","B",null,"M","$","M","M","?","R","E","M","T","M","M","$","M","M","R","B",null,"M","?","$","T","?","E","$","M","T","E","?","?","M","M","R","B",null,"R","$","E","B"],"character_chosen":"THE_ANIMATOR","items_purchased":["MerchantsRug","ClockworkSouvenir","Molten Egg 2","MealTicket","animator:Saber+1","animator:Alexander+1","animator:MisaKurobane","animator:IchigoKurosaki","Mercury Hourglass","DollysMirror","animator:DolaSchwi+1","Whetstone","Singing Bowl","Strawberry","Toy Ornithopter","LiquidMemories","SkillPotion"],"campfire_rested":4,"item_purchase_floors":[0,0,0,0,0,0,0,5,19,19,19,29,37,53,53,53,53],"current_hp_per_floor":[24,11,11,4,19,38,39,31,31,46,46,32,32,32,52,52,68,64,69,69,55,55,55,27,9,9,3,3,18,16,5,26,22,73,67,64,73,73,73,45,60,50,58,43,43,43,49,33,59,16,86,86,93,68,0,0],"gold":79,"neow_bonus":"","is_prod":false,"is_daily":false,"chose_seed":false,"campfire_upgraded":1,"win_rate":0,"timestamp":1607504906,"path_taken":["M","?","M","?","$","R","M","M","T","$","M","E","?","M","R","BOSS","M","$","M","M","?","R","E","M","T","M","?","$","?","M","R","BOSS","M","?","$","?","?","E","$","M","T","E","?","?","M","M","R","BOSS","R","$","E","BOSS"],"build_version":"2020-11-30","purchased_purges":1,"victory":false,"max_hp_per_floor":[66,66,66,66,66,66,67,67,67,67,67,68,68,68,68,68,68,69,69,69,69,69,69,69,69,69,70,70,70,70,71,71,73,73,73,73,73,73,73,73,73,73,81,85,85,85,87,89,89,86,86,86,93,93,93,93],"card_choices":[{"not_picked":["animator:DolaRiku","animator:Lancer+1"],"picked":"animator:Verdia","floor":1},{"not_picked":["animator:Shion+1","animator:Nanami"],"picked":"animator:UneriGinkaku+1","floor":3},{"not_picked":["animator:Tyuule","animator:YaoHaDucy+1"],"picked":"animator:Shichika","floor":7},{"not_picked":["animator:Tatsumaki","animator:Genos+1"],"picked":"animator:SilverFang","floor":8},{"not_picked":["animator:Millim+1","animator:TukaLunaMarceau"],"picked":"animator:Emonzaemon+1","floor":11},{"not_picked":["animator:Konayuki","animator:Genos+1"],"picked":"animator:Megumin+1","floor":12},{"not_picked":["animator:Illya","animator:Konayuki"],"picked":"animator:Megumin+1","floor":14},{"not_picked":["animator:Biyorigo","animator:Boros"],"picked":"animator:Gilgamesh+1","floor":16},{"not_picked":["animator:Tatsumaki","animator:Genos+1"],"picked":"animator:MetalKnight+1","floor":18},{"not_picked":["animator:UneriGinkaku+1","animator:TukaLunaMarceau+1"],"picked":"animator:Megumin+1","floor":20},{"not_picked":["animator:Verdia+1","animator:UneriGinkaku+1"],"picked":"animator:Berserker+1","floor":21},{"not_picked":["animator:Tatsumaki+1","animator:Shion+1"],"picked":"animator:Arpeggio","floor":24},{"not_picked":["animator:MumenRider+1","animator:SilverFang"],"picked":"animator:Melzalgald+1","floor":25},{"not_picked":["animator:Souei","animator:DolaRiku"],"picked":"animator:Konayuki","floor":27},{"not_picked":["animator:Genos+1","animator:Sora"],"picked":"animator:Togame","floor":28},{"not_picked":["animator:ChlammyZell+1","animator:DolaRiku+1"],"picked":"animator:Mitsurugi+1","floor":30},{"not_picked":["animator:Geryuganshoop","animator:Genos+1"],"picked":"animator:Sonic","floor":31},{"not_picked":["animator:Gilgamesh+1","animator:Sora"],"picked":"animator:Biyorigo","floor":33},{"not_picked":["animator:Shuna+1","Dark Embrace","animator:Jibril+1","animator:Nanami"],"picked":"SKIP","floor":35},{"not_picked":["Dual Wield","animator:Shuna","Clash+1"],"picked":"animator:Shizu+1","floor":36},{"not_picked":["animator:Sonic+1","Armaments+1","animator:Nanami"],"picked":"animator:IzunaHatsuse+1","floor":40},{"not_picked":["animator:ChlammyZell","animator:MumenRider+1","animator:Tyuule+1"],"picked":"Dropkick+1","floor":42},{"not_picked":["animator:SilverFang","animator:Tatsumaki","animator:MumenRider+1","animator:MetalKnight+1"],"picked":"Singing Bowl","floor":44},{"not_picked":["animator:NononJakuzure","animator:Zero","animator:IchigoKurosaki"],"picked":"animator:Patchouli+1","floor":46},{"not_picked":["animator:Rider+1","animator:TukaLunaMarceau+1","animator:Azekura+1"],"picked":"animator:Souei+1","floor":47},{"not_picked":["animator:DolaRiku","Heavy Blade+1","Clothesline+1"],"picked":"animator:DolaCouronne+1","floor":48},{"not_picked":["animator:DolaCouronne","Iron Wave+1","animator:TukaLunaMarceau+1"],"picked":"animator:PinaCoLada","floor":54}],"player_experience":548097,"relics_obtained":[{"floor":9,"key":"Bottled Flame"},{"floor":12,"key":"aspiration:FetidBarrel"},{"floor":24,"key":"Nunchaku"},{"floor":26,"key":"Tiny Chest"},{"floor":36,"key":"Champion Belt"},{"floor":40,"key":"Vajra"},{"floor":43,"key":"aspiration:SeaSaltIceCream"},{"floor":44,"key":"PreservedInsect"},{"floor":54,"key":"Bottled Tornado"}],"event_choices":[{"damage_healed":0,"gold_gain":0,"player_choice":"Entered Light","damage_taken":13,"max_hp_gain":0,"max_hp_loss":0,"event_name":"Shining Light","floor":2,"gold_loss":0,"cards_upgraded":["animator:Verdia","animator:Strike_OnePunchMan"]},{"damage_healed":0,"gold_gain":0,"player_choice":"Success","damage_taken":7,"relics_obtained":["Paper Crane"],"max_hp_gain":0,"max_hp_loss":0,"event_name":"Scrap Ooze","floor":4,"gold_loss":0},{"damage_healed":0,"gold_gain":64,"player_choice":"Gained Gold","damage_taken":0,"max_hp_gain":0,"max_hp_loss":0,"event_name":"Golden Wing","floor":13,"gold_loss":0},{"damage_healed":0,"gold_gain":0,"player_choice":"Cursed","damage_taken":0,"max_hp_gain":0,"max_hp_loss":0,"event_name":"Wheel of Change","floor":22,"gold_loss":0,"cards_obtained":["Decay"]},{"damage_healed":0,"gold_gain":0,"player_choice":"Fight","damage_taken":0,"max_hp_gain":0,"max_hp_loss":0,"event_name":"MindBloom","floor":36,"gold_loss":0},{"damage_healed":0,"gold_gain":0,"player_choice":"Paid","damage_taken":0,"relics_obtained":["Red Mask"],"max_hp_gain":0,"max_hp_loss":0,"event_name":"Tomb of Lord Red Mask","floor":39,"gold_loss":136},{"damage_healed":0,"gold_gain":0,"player_choice":"Ignored","damage_taken":0,"max_hp_gain":0,"max_hp_loss":0,"event_name":"Mysterious Sphere","floor":45,"gold_loss":0},{"damage_healed":0,"gold_gain":0,"player_choice":"Memory 1","damage_taken":0,"max_hp_gain":0,"max_hp_loss":0,"event_name":"SensoryStone","floor":46,"gold_loss":0}],"is_beta":false,"boss_relics":[{"not_picked":["Astrolabe","Coffee Dripper"],"picked":"aspiration:MobileForge"},{"not_picked":["Runesmith:UraniumAnvil","Calling Bell"],"picked":"aspiration:IroncladSkillbook"}],"items_purged_floors":[29],"is_endless":false,"potions_floor_spawned":[1,16,20,25,28,30,31,33,35,42,47],"killed_by":"The Heart","ascension_level":1}}