{"host":"ixl9a8gzl87gveif","time":1607556953,"event":{"gold_per_floor":[119,133,153,153,164,190,190,190,266,10,26,26,26,26],"floor_reached":13,"playtime":373,"items_purged":["Injury"],"score":170,"play_id":"1862f4a7-c0c1-4409-8d39-0905be2578df","local_time":"20201209233553","is_ascension_mode":true,"campfire_choices":[{"floor":7,"key":"REST"},{"data":"Streamline","floor":12,"key":"SMITH"}],"neow_cost":"NONE","seed_source_timestamp":370468685564700,"circlet_count":0,"master_deck":["AscendersBane","Strike_B","Strike_B","Strike_B","Strike_B+1","Defend_B","Defend_B","Defend_B+1","Defend_B","Zap","Dualcast","Streamline+1","Hello World","Leap","Coolheaded","Chill","Barrage","Undo"],"relics":["Busted Crown","Bird Faced Urn","Golden Idol","Ornamental Fan"],"potions_floor_usage":[6],"damage_taken":[{"damage":0,"enemies":"2 Louse","floor":1,"turns":2},{"damage":12,"enemies":"Jaw Worm","floor":2,"turns":3},{"damage":1,"enemies":"Small Slimes","floor":3,"turns":3},{"damage":12,"enemies":"Exordium Wildlife","floor":5,"turns":5},{"damage":12,"enemies":"3 Sentries","floor":6,"turns":8},{"damage":0,"enemies":"Lots of Slimes","floor":11,"turns":5},{"damage":45,"enemies":"Gremlin Nob","floor":13,"turns":4}],"seed_played":"4972567751844911168","potions_obtained":[{"floor":2,"key":"EssenceOfSteel"},{"floor":6,"key":"PotionOfCapacity"},{"floor":11,"key":"Regen Potion"}],"is_trial":false,"path_per_floor":["M","M","M","?","M","E","R","?","T","$","M","R","E"],"character_chosen":"DEFECT","items_purchased":["Chill","Barrage","Undo"],"campfire_rested":1,"item_purchase_floors":[10,10,10],"current_hp_per_floor":[64,52,51,30,18,6,27,27,27,27,29,29,0,0],"gold":26,"neow_bonus":"BOSS_RELIC","is_prod":false,"is_daily":false,"chose_seed":false,"campfire_upgraded":1,"win_rate":0,"timestamp":1607556953,"path_taken":["M","M","M","?","M","E","R","?","T","$","M","R","E"],"build_version":"2020-11-30","purchased_purges":1,"victory":false,"max_hp_per_floor":[71,71,71,71,71,71,71,71,71,71,71,71,71,71],"relic_stats":{"Busted Crown":12,"counters":[7,30],"Golden Idol":3,"Ornamental Fan":[8],"Bird Faced Urn":[2],"obtain_stats":[{"Busted Crown":0,"Golden Idol":8,"Ornamental Fan":9,"Bird Faced Urn":6,"Cracked Core":0},{"Busted Crown":0,"Golden Idol":5,"Ornamental Fan":5,"Bird Faced Urn":5,"Cracked Core":0},{"Busted Crown":0,"Golden Idol":21,"Ornamental Fan":21,"Bird Faced Urn":21,"Cracked Core":0}]},"card_choices":[{"not_picked":[],"picked":"Streamline","floor":1},{"not_picked":[],"picked":"Hello World","floor":2},{"not_picked":[],"picked":"Leap","floor":3},{"not_picked":[],"picked":"Coolheaded","floor":5},{"not_picked":["Turbo"],"picked":"SKIP","floor":6},{"not_picked":["Steam"],"picked":"SKIP","floor":11}],"player_experience":339430,"relics_obtained":[{"floor":6,"key":"Bird Faced Urn"},{"floor":9,"key":"Ornamental Fan"}],"event_choices":[{"damage_healed":0,"gold_gain":0,"player_choice":"Entered Light","damage_taken":21,"max_hp_gain":0,"max_hp_loss":0,"event_name":"Shining Light","floor":4,"gold_loss":0,"cards_upgraded":["Strike_B","Defend_B"]},{"damage_healed":0,"gold_gain":0,"player_choice":"Take Wound","damage_taken":0,"relics_obtained":["Golden Idol"],"max_hp_gain":0,"max_hp_loss":0,"event_name":"Golden Idol","floor":8,"gold_loss":0,"cards_obtained":["Injury"]}],"is_beta":false,"boss_relics":[],"items_purged_floors":[10],"is_endless":false,"potions_floor_spawned":[2,6,11],"killed_by":"Gremlin Nob","ascension_level":20}}