{"host":"cqf28nc1l0ybgp9y","time":1607551482,"event":{"gold_per_floor":[119,119,69,144,160,185,360,360,360,21,21,49,49,67,67,166,166,180,180,193,204,204,234,108,142,142,160,14,32,45,56,56,151,151,166,166,181,194,244,244,279,279,279,310,66,94,17,31,31,31,31],"floor_reached":50,"playtime":3793,"items_purged":["Runesmith:Strike_RS","Runesmith:Defend_RS","Doubt","Runesmith:Strike_RS"],"score":653,"play_id":"fccf488f-3026-4ea0-b97b-7b174895f628","local_time":"20201209230442","is_ascension_mode":false,"campfire_choices":[{"data":"Runesmith:HammerThrow","floor":8,"key":"SMITH"},{"data":"Runesmith:CraftFirestone","floor":11,"key":"SMITH"},{"data":"Runesmith:Reinforce","floor":13,"key":"SMITH"},{"data":"Runesmith:DuctTape","floor":15,"key":"SMITH"},{"floor":32,"key":"RECALL"},{"data":"1","floor":40,"key":"LIFT"},{"data":"2","floor":42,"key":"LIFT"},{"floor":49,"key":"REST"}],"neow_cost":"NONE","seed_source_timestamp":1040738922065600,"circlet_count":0,"master_deck":["Runesmith:Strike_RS","Runesmith:Defend_RS","Runesmith:Defend_RS+1","Runesmith:CraftFirestone+1","Runesmith:Fortify+1","Runesmith:HammerThrow+1","Runesmith:RuneHurl","Runesmith:UnstableHammer","Runesmith:DuctTape+1","Runesmith:Reinforce+1","Runesmith:UnlimitedPower","Runesmith:HammerThrow+1","Runesmith:CraftMagma","Runesmith:RuneHurl+1","Runesmith:ReplicatingBarrier","Runesmith:CraftSpiculum","Runesmith:ChargedHammer","Runesmith:Permafrost","Runesmith:Augment+1","Runesmith:Supernova","Runesmith:RuneHurl+1","Runesmith:Discharge","Runesmith:ShiftingStrike+1","Runesmith:ReplicatingBarrier","Runesmith:Firewall+1","Runesmith:CraftIncendium+1","Runesmith:CraftProtectio+1","Runesmith:CraftProtectio+1","Runesmith:EarthShield+1","Runesmith:UnlimitedPower","Runesmith:RunicBlueprint+1","Runesmith:Grindstone+1"],"relics":["Runesmith:BrokenRuby","NeowsBlessing","Darkstone Periapt","Matryoshka","Membership Card","Toy Ornithopter","Calipers","Fusion Hammer","Enchiridion","Smiling Mask","Lantern","Kunai","Oddly Smooth Stone","Blood Vial","Runesmith:UraniumAnvil","Girya","War Paint","Bronze Scales","Toxic Egg 2","Molten Egg 2","Toolbox","Omamori","Question Card","Orrery"],"potions_floor_usage":[12,20,21,30,33,41],"damage_taken":[{"damage":0,"enemies":"Small Slimes","floor":1,"turns":1},{"damage":0,"enemies":"2 Louse","floor":5,"turns":1},{"damage":0,"enemies":"Gremlin Nob","floor":6,"turns":1},{"damage":20,"enemies":"3 Sentries","floor":12,"turns":7},{"damage":0,"enemies":"Jaw Worm","floor":14,"turns":2},{"damage":6,"enemies":"The Guardian","floor":16,"turns":8},{"damage":0,"enemies":"Chosen","floor":18,"turns":4},{"damage":0,"enemies":"Shell Parasite","floor":20,"turns":5},{"damage":7,"enemies":"Centurion and Healer","floor":21,"turns":3},{"damage":9,"enemies":"Gremlin Leader","floor":23,"turns":5},{"damage":25,"enemies":"Book of Stabbing","floor":25,"turns":5},{"damage":1,"enemies":"Chosen and Byrds","floor":27,"turns":4},{"damage":1,"enemies":"Cultist and Chosen","floor":29,"turns":4},{"damage":0,"enemies":"Shelled Parasite and Fungi","floor":30,"turns":5},{"damage":13,"enemies":"Centurion and Healer","floor":31,"turns":4},{"damage":9,"enemies":"Collector","floor":33,"turns":10},{"damage":21,"enemies":"Orb Walker","floor":35,"turns":4},{"damage":0,"enemies":"3 Shapes","floor":37,"turns":3},{"damage":16,"enemies":"Spire Growth","floor":38,"turns":4},{"damage":6,"enemies":"Mind Bloom Boss Battle","floor":39,"turns":6},{"damage":16,"enemies":"Reptomancer","floor":41,"turns":8},{"damage":0,"enemies":"Nemesis","floor":44,"turns":7},{"damage":43,"enemies":"Reptomancer","floor":46,"turns":5},{"damage":0,"enemies":"3 Darklings","floor":48,"turns":2},{"damage":42,"enemies":"Donu and Deca","floor":50,"turns":3}],"seed_played":"5278399184127325692","potions_obtained":[{"floor":1,"key":"Fruit Juice"},{"floor":12,"key":"EssenceOfSteel"},{"floor":16,"key":"Explosive Potion"},{"floor":18,"key":"BlessingOfTheForge"},{"floor":25,"key":"Strength Potion"},{"floor":29,"key":"Regen Potion"},{"floor":30,"key":"PowerPotion"},{"floor":39,"key":"Strength Potion"},{"floor":41,"key":"FearPotion"},{"floor":44,"key":"Energy Potion"},{"floor":48,"key":"Explosive Potion"}],"is_trial":false,"path_per_floor":["M","?","?","?","M","E","?","R","T","$","R","E","R","M","R","B",null,"M","?","M","M","?","E","$","E","T","M","$","M","M","M","R","B",null,"M","?","M","M","?","R","E","R","T","E","$","E","$","M","R","B"],"character_chosen":"RUNESMITH_CLASS","items_purchased":["Membership Card","Runesmith:DuctTape","Toy Ornithopter","Lantern","Runesmith:Permafrost","Blood Vial","Toolbox","Omamori","Runesmith:CraftIncendium+1","Orrery"],"campfire_rested":1,"item_purchase_floors":[10,10,10,24,28,28,45,45,45,47],"current_hp_per_floor":[70,63,63,52,52,52,58,58,58,58,58,48,48,48,48,42,81,81,66,71,69,53,44,44,19,19,18,18,19,40,29,29,27,86,65,65,67,53,49,49,40,40,40,42,42,1,1,3,28,0,0],"gold":31,"neow_bonus":"THREE_ENEMY_KILL","is_prod":false,"is_daily":false,"chose_seed":false,"campfire_upgraded":4,"win_rate":0.0,"timestamp":1607551482,"path_taken":["M","?","?","?","M","E","?","R","T","?","R","E","R","M","R","BOSS","M","?","M","M","?","E","$","E","T","M","$","M","M","M","R","BOSS","M","?","M","M","?","R","E","R","T","E","$","E","$","M","R","BOSS"],"build_version":"2020-11-30","purchased_purges":4,"victory":false,"max_hp_per_floor":[70,70,70,70,70,70,76,76,76,76,76,81,81,81,81,81,81,81,86,86,86,86,86,86,86,86,86,86,86,86,86,86,86,86,86,86,86,86,86,86,86,86,86,86,86,86,86,86,86,86,86],"card_choices":[{"not_picked":["Runesmith:ChargedHammer","Runesmith:MakeshiftArmor"],"picked":"Runesmith:HammerThrow","floor":1},{"not_picked":["Runesmith:Grindstone","Runesmith:HeatExchange"],"picked":"Runesmith:RuneHurl","floor":5},{"not_picked":["Runesmith:RunicBlueprint","Runesmith:StaticCage"],"picked":"Runesmith:UnstableHammer","floor":6},{"not_picked":["Runesmith:CraftIncendium","Runesmith:ShiftingStrike"],"picked":"Runesmith:Reinforce","floor":12},{"not_picked":["Runesmith:HammerThrow","Runesmith:Grindstone","Runesmith:NanitesCloud"],"picked":"SKIP","floor":14},{"not_picked":["Runesmith:ArcReactor","Runesmith:Supernova"],"picked":"Runesmith:UnlimitedPower","floor":16},{"not_picked":["Runesmith:Overpower+1","Runesmith:FrozenChisel"],"picked":"Runesmith:HammerThrow+1","floor":18},{"not_picked":["Runesmith:Repurpose+1","Runesmith:ChiselStab"],"picked":"Runesmith:CraftMagma","floor":20},{"not_picked":["Runesmith:EarthShield","Runesmith:Repurpose"],"picked":"Runesmith:RuneHurl+1","floor":21},{"not_picked":["Runesmith:Prism","Runesmith:HammerTime+1"],"picked":"Runesmith:ReplicatingBarrier","floor":23},{"not_picked":["Runesmith:WhiteBalance","Runesmith:RuneHurl"],"picked":"Runesmith:CraftSpiculum","floor":25},{"not_picked":["Runesmith:UnstableHammer","Runesmith:HeatExchange"],"picked":"Runesmith:ChargedHammer","floor":27},{"not_picked":["Runesmith:HeatedChisel","Runesmith:MakeshiftArmor+1"],"picked":"Runesmith:CraftProtectio+1","floor":29},{"not_picked":["Runesmith:ChargedHammer+1","Runesmith:StaticCage","Runesmith:HammerThrow"],"picked":"SKIP","floor":30},{"not_picked":["Runesmith:CraftSpiculum","Runesmith:DuctTape"],"picked":"Runesmith:Augment+1","floor":31},{"not_picked":["Runesmith:LightningRod","Runesmith:Duplicate"],"picked":"Runesmith:Supernova","floor":33},{"not_picked":["Runesmith:StaticCage+1","Runesmith:HeatExchange+1"],"picked":"Runesmith:RuneHurl+1","floor":35},{"not_picked":["Runesmith:CraftSpiculum+1","Runesmith:ChargedHammer+1"],"picked":"Runesmith:Discharge","floor":37},{"not_picked":["Runesmith:EarthShield","Runesmith:RuneHurl"],"picked":"Runesmith:ShiftingStrike+1","floor":38},{"not_picked":["Runesmith:HammerThrow","Runesmith:Permafrost+1"],"picked":"Runesmith:ReplicatingBarrier","floor":41},{"not_picked":["Runesmith:Discharge+1","Runesmith:PerfectChisel+1"],"picked":"Runesmith:Firewall+1","floor":44},{"not_picked":["Runesmith:EnergizedChisel+1","Runesmith:Firestorm+1"],"picked":"Runesmith:CraftProtectio+1","floor":46},{"not_picked":["Runesmith:HeatExchange+1","Runesmith:ChiselStab+1","Runesmith:Grindstone+1"],"picked":"Runesmith:CraftProtectio+1","floor":47},{"not_picked":["Runesmith:ChiselStab+1","Runesmith:Overpower+1","Runesmith:CraftProtectio+1"],"picked":"Runesmith:EarthShield+1","floor":47},{"not_picked":["Runesmith:Overpower+1","Runesmith:HeatExchange+1","Runesmith:CraftMagma+1"],"picked":"Runesmith:UnlimitedPower","floor":47},{"not_picked":["Runesmith:Malloc+1","Runesmith:Empowerment+1","Runesmith:HeatExchange+1"],"picked":"Runesmith:RunicBlueprint+1","floor":47},{"not_picked":["Runesmith:Repurpose+1","Runesmith:Overpower+1","Runesmith:UnstableHammer+1"],"picked":"Runesmith:Grindstone+1","floor":48}],"player_experience":130220,"relics_obtained":[{"floor":6,"key":"Darkstone Periapt"},{"floor":9,"key":"Matryoshka"},{"floor":12,"key":"Calipers"},{"floor":22,"key":"Enchiridion"},{"floor":23,"key":"Smiling Mask"},{"floor":25,"key":"Kunai"},{"floor":26,"key":"Oddly Smooth Stone"},{"floor":39,"key":"Girya"},{"floor":41,"key":"War Paint"},{"floor":43,"key":"Bronze Scales"},{"floor":43,"key":"Toxic Egg 2"},{"floor":44,"key":"Molten Egg 2"},{"floor":46,"key":"Question Card"}],"event_choices":[{"cards_removed":["Runesmith:Strike_RS"],"damage_healed":0,"gold_gain":0,"player_choice":"Card Removal","damage_taken":7,"max_hp_gain":0,"max_hp_loss":0,"event_name":"Golden Wing","floor":2,"gold_loss":0},{"cards_removed":["Runesmith:Defend_RS"],"damage_healed":0,"gold_gain":0,"player_choice":"Card Removal","damage_taken":0,"max_hp_gain":0,"max_hp_loss":0,"event_name":"The Cleric","floor":3,"gold_loss":50},{"damage_healed":0,"gold_gain":75,"player_choice":"Gather Gold","damage_taken":11,"max_hp_gain":0,"max_hp_loss":0,"event_name":"World of Goop","floor":4,"gold_loss":0},{"damage_healed":0,"gold_gain":175,"player_choice":"AGREE","damage_taken":0,"max_hp_gain":0,"max_hp_loss":0,"event_name":"Liars Game","floor":7,"gold_loss":0,"cards_obtained":["Doubt"]},{"damage_healed":0,"gold_gain":0,"player_choice":"Shed Blood","damage_taken":20,"max_hp_gain":5,"max_hp_loss":0,"event_name":"Forgotten Altar","floor":19,"gold_loss":0},{"damage_healed":0,"gold_gain":0,"player_choice":"Obtained Book","damage_taken":16,"max_hp_gain":0,"max_hp_loss":0,"event_name":"Cursed Tome","floor":22,"gold_loss":0},{"cards_removed":["Runesmith:CraftProtectio"],"damage_healed":0,"gold_gain":0,"player_choice":"Removed Skill","damage_taken":0,"max_hp_gain":0,"max_hp_loss":0,"event_name":"Falling","floor":36,"gold_loss":0},{"damage_healed":0,"gold_gain":0,"player_choice":"Fight","damage_taken":0,"max_hp_gain":0,"max_hp_loss":0,"event_name":"MindBloom","floor":39,"gold_loss":0}],"is_beta":false,"boss_relics":[{"not_picked":["Busted Crown","Astrolabe"],"picked":"Fusion Hammer"},{"not_picked":["Snecko Eye","Pandora\u0027s Box"],"picked":"Runesmith:UraniumAnvil"}],"items_purged_floors":[10,24,28,45],"is_endless":false,"potions_floor_spawned":[1,12,16,18,25,29,30,39,41,44,48],"killed_by":"Donu and Deca","ascension_level":0}}