{"host":"cwd5s03r1oaxs6mx","time":1607522047,"event":{"gold_per_floor":[113,1,18,33,45,45,76,76,76,89,89,89,106,31,31,130,130,140,140,150,150,167,202,202,230,230,230,247,247,260,260,260,361,361,376,376,476,476,476,505,505,521,521,534,634,663,674,699,699,699,699,699,418,444,444],"floor_reached":56,"playtime":3583,"items_purged":["Strike_P","Defend_P","Strike_P","Strike_P","LessonLearned+1","Pray+1"],"score":1799,"play_id":"440f660c-df72-48a0-8d66-aa27ce389d32","local_time":"20201209225407","is_ascension_mode":true,"campfire_choices":[{"data":"BattleHymn","floor":6.0,"key":"SMITH"},{"data":"Eruption","floor":8.0,"key":"SMITH"},{"floor":15.0,"key":"RECALL"},{"data":"Devotion","floor":24.0,"key":"SMITH"},{"floor":29.0,"key":"REST"},{"floor":32.0,"key":"REST"},{"data":"Devotion","floor":41.0,"key":"SMITH"},{"data":"Ragnarok","floor":49.0,"key":"SMITH"},{"floor":52.0,"key":"REST"}],"neow_cost":"","seed_source_timestamp":2933636560870500,"circlet_count":0,"master_deck":["Strike_P+1","Defend_P+1","Eruption+1","Vigilance+1","Master of Strategy+1","Prostrate+1","DeusExMachina+1","DeceiveReality+1","FollowUp+1","Omniscience+1","Meditate+1","BattleHymn+1","Prostrate+1","Vault+1","Devotion+1","Devotion+1","Madness+1","Madness+1","infinitespire:Starlight+1","Ragnarok+1","DeceiveReality+1","Swift Strike"],"special_seed":0,"relics":["PureWater","Membership Card","Toxic Egg 2","infinitespire:Beetle Shell","Art of War","hubris:Icosahedron","hubris:ScarierMask","hubris:SlimyHat","StrikeDummy","infinitespire:ShieldingShard","MutagenicStrength","Empty Cage","hubris:GlazedTorus","hubris:Towel","Ancient Tea Set","hubris:TenFootPole","Anchor","Regal Pillow","HandDrill","Cauldron","Gremlin Horn"],"potions_floor_usage":[55,55],"damage_taken":[{"damage":0.0,"enemies":"Cultist","floor":1.0,"turns":3.0},{"damage":0.0,"enemies":"2 Louse","floor":3.0,"turns":2.0},{"damage":0.0,"enemies":"Jaw Worm","floor":4.0,"turns":1.0},{"damage":9.0,"enemies":"3 Louse","floor":5.0,"turns":3.0},{"damage":0.0,"enemies":"Gremlin Nob","floor":7.0,"turns":2.0},{"damage":8.0,"enemies":"Blue Slaver","floor":10.0,"turns":4.0},{"damage":0.0,"enemies":"2 Fungi Beasts","floor":13.0,"turns":3.0},{"damage":21.0,"enemies":"The Guardian","floor":16.0,"turns":9.0},{"damage":0.0,"enemies":"Spheric Guardian","floor":18.0,"turns":4.0},{"damage":0.0,"enemies":"3 Byrds","floor":20.0,"turns":4.0},{"damage":0.0,"enemies":"3 Cultists","floor":22.0,"turns":3.0},{"damage":17.0,"enemies":"Book of Stabbing","floor":23.0,"turns":5.0},{"damage":3.0,"enemies":"Gremlin Leader","floor":25.0,"turns":6.0},{"damage":0.0,"enemies":"Snake Plant","floor":28.0,"turns":3.0},{"damage":0.0,"enemies":"Sentry and Sphere","floor":30.0,"turns":3.0},{"damage":0.0,"enemies":"Automaton","floor":33.0,"turns":7.0},{"damage":0.0,"enemies":"3 Darklings","floor":35.0,"turns":3.0},{"damage":15.0,"enemies":"infinitespire:Three Voidlings","floor":37.0,"turns":4.0},{"damage":35.0,"enemies":"Nightmare_Alpha","floor":37.0,"turns":14.0},{"damage":3.0,"enemies":"Nemesis","floor":40.0,"turns":4.0},{"damage":0.0,"enemies":"3 Shapes","floor":42.0,"turns":4.0},{"damage":0.0,"enemies":"Sphere and 2 Shapes","floor":44.0,"turns":4.0},{"damage":52.0,"enemies":"Reptomancer","floor":46.0,"turns":5.0},{"damage":5.0,"enemies":"Writhing Mass","floor":47.0,"turns":4.0},{"damage":0.0,"enemies":"Giant Head","floor":48.0,"turns":4.0},{"damage":13.0,"enemies":"Donu and Deca","floor":50.0,"turns":7.0},{"damage":0.0,"enemies":"Shield and Spear","floor":54.0,"turns":3.0},{"damage":148,"enemies":"The Heart","floor":55,"turns":9}],"seed_played":"-8936769996347785295","potions_obtained":[{"floor":1.0,"key":"FearPotion"},{"floor":4.0,"key":"GamblersBrew"},{"floor":20.0,"key":"ColorlessPotion"},{"floor":23.0,"key":"FairyPotion"},{"floor":37.0,"key":"Regen Potion"},{"floor":46.0,"key":"Strength Potion"},{"floor":53.0,"key":"LiquidMemories"}],"is_trial":false,"path_per_floor":["M","$","M","M","M","R","E","R","T","M","?","?","M","$","R","B",null,"M","?","M","?","M","E","R","E","T","AVR","M","R","M","?","R","B",null,"M","?","?","?","AVR","E","R","M","T","M","?","E","M","E","R","B",null,"R","$","E","B",null],"character_chosen":"WATCHER","items_purchased":["Membership Card","Master of Strategy","LessonLearned","Prostrate","DeusExMachina","DeceiveReality","Toxic Egg 2","FollowUp","Omniscience+1","BattleHymn","Swift Strike","HandDrill","Cauldron"],"campfire_rested":3,"item_purchase_floors":[0,0,0,0,0,0,0,0,0,2,53,53,53],"current_hp_per_floor":[72,72,72,72,63,63,63,63,63,55,55,55,55,55,55,34,72,72,72,72,72,72,55,55,52,52,52,52,72,72,72,72,72,72,72,63,13,13,13,25,25,40,40,55,55,30,40,55,55,55,68,68,68,68,37],"gold":444,"neow_bonus":"","is_prod":false,"is_daily":false,"chose_seed":false,"campfire_upgraded":5,"win_rate":0,"timestamp":1607522047,"path_taken":["M","?","M","M","M","R","E","R","T","M","?","?","?","$","R","BOSS","M","?","M","?","?","E","R","E","T","AVR","M","R","M","?","R","BOSS","M","?","?","?","AVR","E","R","M","T","M","?","E","M","E","R","BOSS","R","$","E","BOSS"],"build_version":"2020-11-30","purchased_purges":6,"victory":true,"max_hp_per_floor":[72,72,72,72,72,72,72,72,72,72,72,72,72,72,72,72,72,72,72,72,72,72,72,72,72,72,72,72,72,72,72,72,72,72,72,72,68,68,68,68,68,68,68,68,68,68,68,68,68,68,68,68,68,68,68],"relic_stats":{"Regal Pillow":0,"Gremlin Horn":[0,0],"counters":[127,512],"Art of War":[26],"HandDrill":[0],"obtain_stats":[{"Calipers":37,"Gremlin Horn":54,"hubris:VirtuousBlindfold":17,"Bottled Tornado":23,"hubris:TerracottaHorce":17,"Blood Vial":7,"infinitespire:ShieldingShard":0,"Sundial":13,"infinitespire:Golems Mask":6,"VioletLotus":17,"HandDrill":53,"Toxic Egg 2":5,"hubris:DuctTape":9,"Oddly Smooth Stone":53,"Pen Nib":26,"infinitespire:Beetle Shell":7,"War Paint":6,"Question Card":47,"infinitespire:Lychee Nut":10,"MutagenicStrength":31,"hubris:TenFootPole":40,"StrikeDummy":25,"Meat on the Bone":23,"Lantern":26,"Regal Pillow":48,"Incense Burner":10,"hubris:SlimyHat":0,"Smiling Mask":6,"Empty Cage":34,"Ancient Tea Set":39,"Matryoshka":11,"hubris:Icosahedron":12,"Gambling Chip":0,"hubris:ScarierMask":17,"hubris:CuriousFeather":11,"Runic Pyramid":34,"hubris:GlazedTorus":37,"Potion Belt":7,"Lee\u0027s Waffle":13,"NeowsBlessing":0,"Golden Idol":3,"infinitespire:Lucky Rock":9,"hubris:Towel":19,"MawBank":6,"Cauldron":53,"Anchor":46,"infinitespire:WardingShard":9,"Turnip":45,"Art of War":9,"Membership Card":0,"Bottled Lightning":54,"PureWater":0,"hubris:BottledRain":8},{"Calipers":89,"Gremlin Horn":126,"hubris:VirtuousBlindfold":8,"Bottled Tornado":82,"hubris:TerracottaHorce":27,"Blood Vial":22,"infinitespire:ShieldingShard":67,"Sundial":26,"infinitespire:Golems Mask":38,"VioletLotus":77,"HandDrill":125,"Toxic Egg 2":3,"hubris:DuctTape":73,"Oddly Smooth Stone":97,"Pen Nib":32,"infinitespire:Beetle Shell":104,"War Paint":73,"Question Card":96,"infinitespire:Lychee Nut":74,"MutagenicStrength":114,"hubris:TenFootPole":119,"StrikeDummy":112,"Meat on the Bone":31,"Lantern":83,"Regal Pillow":124,"Incense Burner":5,"hubris:SlimyHat":17,"Smiling Mask":64,"Empty Cage":115,"Ancient Tea Set":118,"Matryoshka":56,"hubris:Icosahedron":105,"Gambling Chip":67,"hubris:ScarierMask":107,"hubris:CuriousFeather":16,"Runic Pyramid":86,"hubris:GlazedTorus":118,"Potion Belt":4,"Lee\u0027s Waffle":75,"NeowsBlessing":0,"Golden Idol":13,"infinitespire:Lucky Rock":39,"hubris:Towel":28,"MawBank":54,"Cauldron":125,"Anchor":122,"infinitespire:WardingShard":4,"Turnip":95,"Art of War":104,"Membership Card":17,"Bottled Lightning":98,"PureWater":0,"hubris:BottledRain":47},{"Calipers":339,"Gremlin Horn":503,"hubris:VirtuousBlindfold":33,"Bottled Tornado":312,"hubris:TerracottaHorce":111,"Blood Vial":96,"infinitespire:ShieldingShard":267,"Sundial":106,"infinitespire:Golems Mask":150,"VioletLotus":298,"HandDrill":500,"Toxic Egg 2":4,"hubris:DuctTape":283,"Oddly Smooth Stone":376,"Pen Nib":126,"infinitespire:Beetle Shell":396,"War Paint":283,"Question Card":372,"infinitespire:Lychee Nut":288,"MutagenicStrength":440,"hubris:TenFootPole":472,"StrikeDummy":434,"Meat on the Bone":122,"Lantern":316,"Regal Pillow":493,"Incense Burner":20,"hubris:SlimyHat":83,"Smiling Mask":257,"Empty Cage":447,"Ancient Tea Set":468,"Matryoshka":218,"hubris:Icosahedron":400,"Gambling Chip":267,"hubris:ScarierMask":412,"hubris:CuriousFeather":82,"Runic Pyramid":328,"hubris:GlazedTorus":468,"Potion Belt":10,"Lee\u0027s Waffle":290,"NeowsBlessing":0,"Golden Idol":61,"infinitespire:Lucky Rock":153,"hubris:Towel":112,"MawBank":209,"Cauldron":500,"Anchor":485,"infinitespire:WardingShard":10,"Turnip":369,"Art of War":396,"Membership Card":83,"Bottled Lightning":377,"PureWater":0,"hubris:BottledRain":181}]},"card_choices":[{"not_picked":["FlurryOfBlows","FlyingSleeves"],"picked":"Meditate+1","floor":1.0},{"not_picked":["CutThroughFate","FlurryOfBlows","CrushJoints"],"picked":"SKIP","floor":3.0},{"not_picked":["Protect+1","FearNoEvil","ThirdEye+1"],"picked":"SKIP","floor":4.0},{"not_picked":["Ragnarok","CrushJoints","WheelKick"],"picked":"SKIP","floor":5.0},{"not_picked":["SignatureMove","EmptyBody+1"],"picked":"Prostrate+1","floor":7.0},{"not_picked":["Wireheading","ThirdEye+1","Consecrate"],"picked":"SKIP","floor":10.0},{"not_picked":["ThirdEye+1","JustLucky","Judgement+1"],"picked":"SKIP","floor":13.0},{"not_picked":["Wish+1","LessonLearned"],"picked":"Vault+1","floor":16.0},{"not_picked":["JustLucky","Crescendo+1","Adaptation"],"picked":"SKIP","floor":18.0},{"not_picked":["Protect+1","Perseverance+1","BowlingBash+1"],"picked":"SKIP","floor":20.0},{"not_picked":["Protect+1","Wireheading"],"picked":"Devotion","floor":22.0},{"not_picked":["TalkToTheHand","FearNoEvil","FollowUp"],"picked":"SKIP","floor":23.0},{"not_picked":["FollowUp","CutThroughFate+1","Collect+1"],"picked":"SKIP","floor":25.0},{"not_picked":["Protect+1","ClearTheMind+1","WreathOfFlame+1"],"picked":"SKIP","floor":28.0},{"not_picked":["Wallop","Fasting2","Vengeance+1"],"picked":"SKIP","floor":30.0},{"not_picked":["Vault+1","DeusExMachina+1"],"picked":"Devotion","floor":33.0},{"not_picked":["Evaluate+1","Protect+1"],"picked":"Pray+1","floor":35.0},{"not_picked":["infinitespire:Oblivion","infinitespire:SevenWalls"],"picked":"infinitespire:Starlight","floor":37.0},{"not_picked":["Collect+1","PathToVictory+1","Tantrum+1"],"picked":"SKIP","floor":40.0},{"not_picked":["Adaptation+1","EmptyBody+1","Consecrate+1"],"picked":"SKIP","floor":42.0},{"not_picked":["WheelKick","ClearTheMind+1"],"picked":"Ragnarok","floor":44.0},{"not_picked":["SpiritShield+1","Nirvana+1"],"picked":"DeceiveReality+1","floor":46.0},{"not_picked":["Pray+1","PathToVictory+1","Crescendo+1"],"picked":"SKIP","floor":47.0},{"not_picked":["Weave+1","BowlingBash+1","ClearTheMind+1"],"picked":"SKIP","floor":48.0},{"not_picked":["Worship+1","SashWhip+1","Crescendo+1"],"picked":"SKIP","floor":54.0}],"player_experience":872942,"relics_obtained":[{"floor":7.0,"key":"infinitespire:Beetle Shell"},{"floor":9.0,"key":"Art of War"},{"floor":23.0,"key":"hubris:SlimyHat"},{"floor":25.0,"key":"StrikeDummy"},{"floor":26.0,"key":"infinitespire:ShieldingShard"},{"floor":37.0,"key":"hubris:GlazedTorus"},{"floor":40.0,"key":"hubris:TenFootPole"},{"floor":46.0,"key":"Anchor"},{"floor":48.0,"key":"Regal Pillow"},{"floor":54.0,"key":"Gremlin Horn"}],"event_choices":[{"damage_healed":0.0,"max_hp_gain":0.0,"max_hp_loss":0.0,"gold_gain":0.0,"event_name":"The Mausoleum","player_choice":"Ignored","floor":19.0,"gold_loss":0.0,"damage_taken":0.0},{"damage_healed":0.0,"max_hp_gain":0.0,"max_hp_loss":0.0,"gold_gain":0.0,"event_name":"The Woman in Blue","player_choice":"Bought 0 Potions","floor":21.0,"gold_loss":0.0,"damage_taken":0.0},{"damage_healed":0.0,"max_hp_gain":0.0,"max_hp_loss":0.0,"gold_gain":0.0,"event_name":"Drug Dealer","player_choice":"Inject Mutagens","floor":31.0,"gold_loss":0.0,"damage_taken":0.0,"relics_obtained":["MutagenicStrength"]},{"damage_healed":0.0,"max_hp_gain":0.0,"max_hp_loss":0.0,"gold_gain":0.0,"event_name":"Winding Halls","player_choice":"Embrace Madness","floor":36.0,"gold_loss":0.0,"damage_taken":9.0,"cards_obtained":["Madness","Madness"]},{"damage_healed":0.0,"max_hp_gain":0.0,"max_hp_loss":4.0,"gold_gain":0.0,"event_name":"Winding Halls","player_choice":"Max HP","floor":37.0,"gold_loss":0.0,"damage_taken":0.0},{"damage_healed":0.0,"max_hp_gain":0.0,"max_hp_loss":0.0,"gold_gain":100.0,"event_name":"Golden Shrine","player_choice":"Pray","floor":45.0,"gold_loss":0.0,"damage_taken":0.0}],"is_beta":false,"boss_relics":[{"not_picked":["hubris:BlackHole","Philosopher\u0027s Stone"],"picked":"hubris:ScarierMask"},{"not_picked":["Cursed Key","Velvet Choker"],"picked":"Empty Cage"}],"items_purged_floors":[0,0,2,14,27,53],"is_endless":false,"potions_floor_spawned":[1,4,20,23,28,33,37,42,44,46,54],"ascension_level":3}}