{"host":"kyy1kus4tsuq869y","time":1607510018,"event":{"gold_per_floor":[116,116,35,64,75,108,123,135,135,170,170,182,34,34,34,109,109,91,91,8,8,8,8,8],"floor_reached":23,"playtime":498,"items_purged":[],"score":389,"play_id":"8bdc8bfc-b65b-4fda-b35a-55e522dddc66","local_time":"20201209183338","is_ascension_mode":true,"campfire_choices":[{"data":"Fire Breathing","floor":11.0,"key":"SMITH"},{"floor":15.0,"key":"REST"}],"neow_cost":"NONE","seed_source_timestamp":10246631081200,"circlet_count":0,"master_deck":["AscendersBane","Strike_R","Strike_R","Strike_R","Strike_R","Strike_R","Defend_R","Defend_R","Defend_R","Defend_R","Bash","Fire Breathing+1","Uppercut+1","Headbutt","Wild Strike","Sword Boomerang","Fire Breathing","Fire Breathing+1","Evolve+1","expansioncontent:TimeRipple"],"special_seed":0,"relics":["Burning Blood","NeowsBlessing","hubris:Towel","hubris:IronBody","Pen Nib","Another Sword","PureWhite:ReiMu","DollysMirror","Ring of Misfortune"],"potions_floor_usage":[23],"damage_taken":[{"damage":0.0,"enemies":"Small Slimes","floor":1.0,"turns":1.0},{"damage":0.0,"enemies":"Jaw Worm","floor":5.0,"turns":1.0},{"damage":0.0,"enemies":"Gremlin Nob","floor":6.0,"turns":1.0},{"damage":3.0,"enemies":"2 Louse","floor":7.0,"turns":3.0},{"damage":8.0,"enemies":"Exordium Wildlife","floor":8.0,"turns":3.0},{"damage":25.0,"enemies":"3 Sentries","floor":10.0,"turns":6.0},{"damage":21.0,"enemies":"Lots of Slimes","floor":12.0,"turns":6.0},{"damage":46.0,"enemies":"The Guardian","floor":16.0,"turns":8.0},{"damage":23.0,"enemies":"2 Thieves","floor":18.0,"turns":4.0},{"damage":42,"enemies":"Slavers","floor":23,"turns":2}],"seed_played":"3443325554077048920","potions_obtained":[{"floor":1.0,"key":"Adrenaline Potion"},{"floor":6.0,"key":"DistilledChaos"},{"floor":8.0,"key":"Ancient Potion"}],"is_trial":false,"path_per_floor":["M","?","$","?","M","E","M","M","T","E","R","M","$","?","R","B",null,"M","?","$","?","$","E"],"character_chosen":"IRONCLAD","items_purchased":["Fire Breathing","DollysMirror","expansioncontent:TimeRipple"],"campfire_rested":1,"item_purchase_floors":[3,13,20],"current_hp_per_floor":[74,74,74,50,56,62,65,63,63,44,44,29,29,29,51,11,59,42,42,42,42,42,0,0],"gold":8,"neow_bonus":"THREE_ENEMY_KILL","is_prod":false,"is_daily":false,"chose_seed":false,"campfire_upgraded":1,"win_rate":0,"timestamp":1607510018,"path_taken":["M","?","$","?","?","E","M","M","T","E","R","M","$","?","R","BOSS","M","?","$","?","$","E"],"build_version":"2020-11-30","purchased_purges":0,"victory":false,"max_hp_per_floor":[75,75,75,75,75,75,75,75,75,75,75,75,75,75,75,75,75,75,75,75,75,75,75,75],"card_choices":[{"not_picked":["Heavy Blade","Perfected Strike","ReplayReversal"],"picked":"SKIP","floor":1.0},{"not_picked":["Perfected Strike","Bloodletting"],"picked":"Uppercut","floor":5.0},{"not_picked":["ReplayTheSpireMod:Corrosion Curse","Entrench"],"picked":"Headbutt","floor":6.0},{"not_picked":["ReplayReversal","Twin Strike"],"picked":"Wild Strike","floor":7.0},{"not_picked":["ReplayTheSpireMod:Strike From Hell","Uppercut"],"picked":"Sword Boomerang","floor":8.0},{"not_picked":["hubris:CleavingFinish","Pommel Strike","Iron Wave"],"picked":"SKIP","floor":10.0},{"not_picked":["Seeing Red","Anger"],"picked":"Fire Breathing","floor":12.0},{"not_picked":["ReplayTheSpireMod:LeadingStrike","hubris:ReadiedAction"],"picked":"Evolve+1","floor":18.0}],"player_experience":427571,"relics_obtained":[{"floor":4.0,"key":"hubris:IronBody"},{"floor":6.0,"key":"Pen Nib"},{"floor":9.0,"key":"Another Sword"},{"floor":10.0,"key":"PureWhite:ReiMu"},{"floor":21,"key":"Ring of Misfortune"}],"event_choices":[],"is_beta":false,"boss_relics":[{"not_picked":["Fusion Hammer","Hololive_TopUpMoneyS","hubris:CrackedHourglass"]}],"items_purged_floors":[],"is_endless":false,"potions_floor_spawned":[1,6,7,8],"killed_by":"Slavers","ascension_level":15}}