{"host":"migkglet3gdlgm9g","time":1607541848,"event":{"gold_per_floor":[117,136,286,303,303,303,62,27,51,51,82,82,108,126,126,126,126],"floor_reached":16,"playtime":458,"items_purged":["Doubt"],"score":216,"play_id":"357ca6d7-cfc1-46d9-8116-4fb95ae79fd1","local_time":"20201209202408","is_ascension_mode":true,"campfire_choices":[{"data":"All Out Attack","floor":6,"key":"SMITH"},{"data":"Dash","floor":10,"key":"SMITH"},{"data":"Neutralize","floor":12,"key":"SMITH"},{"data":"Envenom","floor":15,"key":"SMITH"}],"neow_cost":"NONE","seed_source_timestamp":181208698166600,"circlet_count":0,"master_deck":["AscendersBane","Strike_G","Strike_G","Strike_G","Strike_G","Strike_G","Defend_G","Defend_G","Defend_G","Defend_G","Defend_G","Survivor","Neutralize+1","All Out Attack+1","Dagger Spray","Dash+1","Envenom+1"],"relics":["Ring of the Snake","Sling","Bronze Scales","Oddly Smooth Stone","Strawberry"],"potions_floor_usage":[4,13,16],"damage_taken":[{"damage":9,"enemies":"Small Slimes","floor":1,"turns":4},{"damage":0,"enemies":"2 Louse","floor":2,"turns":2},{"damage":2,"enemies":"Jaw Worm","floor":4,"turns":3},{"damage":12,"enemies":"3 Sentries","floor":11,"turns":3},{"damage":6,"enemies":"Lagavulin","floor":13,"turns":7},{"damage":0,"enemies":"2 Fungi Beasts","floor":14,"turns":2},{"damage":66,"enemies":"Slime Boss","floor":16,"turns":9}],"seed_played":"-578473036321225810","potions_obtained":[{"floor":1,"key":"CunningPotion"},{"floor":2,"key":"Weak Potion"},{"floor":14,"key":"Block Potion"}],"is_trial":false,"path_per_floor":["M","M","?","M","?","R","$","?","T","R","E","R","E","M","R","B"],"character_chosen":"THE_SILENT","items_purchased":["Sling"],"campfire_rested":0,"item_purchase_floors":[7],"current_hp_per_floor":[56,56,56,54,59,59,59,77,77,77,65,65,66,66,66,0,0],"gold":126,"neow_bonus":"TEN_PERCENT_HP_BONUS","is_prod":false,"is_daily":false,"chose_seed":false,"campfire_upgraded":4,"win_rate":0,"timestamp":1607541848,"path_taken":["M","M","?","M","?","R","$","?","T","R","E","R","E","M","R","BOSS"],"build_version":"2020-11-30","purchased_purges":1,"victory":false,"max_hp_per_floor":[72,72,72,72,77,77,77,77,77,77,77,77,84,84,84,84,84],"card_choices":[{"not_picked":["Flying Knee","Sucker Punch"],"picked":"All Out Attack","floor":1},{"not_picked":["Quick Slash","Outmaneuver"],"picked":"Dagger Spray","floor":2},{"not_picked":["Flying Knee","Sucker Punch"],"picked":"Dash","floor":4},{"not_picked":["Backflip","Quick Slash","Acrobatics"],"picked":"SKIP","floor":11},{"not_picked":["Quick Slash","Dagger Spray"],"picked":"Envenom","floor":13},{"not_picked":["Reflex","Dagger Throw","Catalyst"],"picked":"SKIP","floor":14}],"player_experience":2051465,"relics_obtained":[{"floor":9,"key":"Bronze Scales"},{"floor":11,"key":"Oddly Smooth Stone"},{"floor":13,"key":"Strawberry"}],"event_choices":[{"damage_healed":0,"gold_gain":150,"player_choice":"AGREE","damage_taken":0,"max_hp_gain":0,"max_hp_loss":0,"event_name":"Liars Game","floor":3,"gold_loss":0,"cards_obtained":["Doubt"]},{"damage_healed":0,"gold_gain":0,"player_choice":"Donut","damage_taken":0,"max_hp_gain":5,"max_hp_loss":0,"event_name":"Big Fish","floor":5,"gold_loss":0},{"damage_healed":19,"gold_gain":0,"player_choice":"Healed","damage_taken":0,"max_hp_gain":0,"max_hp_loss":0,"event_name":"The Cleric","floor":8,"gold_loss":35}],"is_beta":false,"boss_relics":[],"items_purged_floors":[7],"is_endless":false,"potions_floor_spawned":[1,2,14],"killed_by":"Slime Boss","ascension_level":20}}