{"host":"w4b7hmige5bnqipq","time":1607512659,"event":{"gold_per_floor":[109,124,141,158,177,177,195,195,221,221,250,250,98,129,129,129,129],"floor_reached":16,"playtime":516,"items_purged":["Strike_G"],"score":274,"play_id":"8750bc05-a9de-4925-bbd3-1d93aa628a95","local_time":"20201209201739","is_ascension_mode":true,"campfire_choices":[{"data":"Dagger Spray","floor":6.0,"key":"SMITH"},{"data":"Prepared","floor":8.0,"key":"SMITH"},{"data":"Neutralize","floor":12,"key":"SMITH"},{"floor":15,"key":"REST"}],"neow_cost":"TEN_PERCENT_HP_LOSS","seed_source_timestamp":2193593873865800,"circlet_count":0,"master_deck":["AscendersBane","Strike_G","Strike_G","Strike_G","Defend_G","Defend_G","Defend_G","Defend_G","Defend_G","Survivor","Neutralize+1","Dagger Spray+1","Backflip","Underhanded Strike","Dagger Throw","Prepared+1","Infinite Blades","Tactician","Finisher"],"special_seed":0,"relics":["Ring of the Snake","Tough Bandages","Bronze Scales","Shuriken","Lantern"],"potions_floor_usage":[11],"damage_taken":[{"damage":0.0,"enemies":"Cultist","floor":1.0,"turns":5.0},{"damage":0.0,"enemies":"Jaw Worm","floor":2.0,"turns":5.0},{"damage":0.0,"enemies":"2 Louse","floor":3.0,"turns":3.0},{"damage":22.0,"enemies":"Exordium Thugs","floor":4.0,"turns":6.0},{"damage":0.0,"enemies":"Lots of Slimes","floor":5.0,"turns":3.0},{"damage":6.0,"enemies":"Exordium Wildlife","floor":7.0,"turns":4.0},{"damage":0,"enemies":"3 Sentries","floor":11,"turns":3},{"damage":25,"enemies":"Lagavulin","floor":14,"turns":7},{"damage":29,"enemies":"Slime Boss","floor":16,"turns":6}],"seed_played":"-5899669290120079487","potions_obtained":[{"floor":3.0,"key":"LiquidBronze"},{"floor":4.0,"key":"ColorlessPotion"}],"is_trial":false,"path_per_floor":["M","M","M","M","M","R","M","R","T","?","E","R","$","E","R","B"],"character_chosen":"THE_SILENT","items_purchased":["Tactician"],"campfire_rested":1,"item_purchase_floors":[13],"current_hp_per_floor":[59,59,59,37,37,37,31,31,31,31,31,31,31,6,24,0,0],"gold":129,"neow_bonus":"ONE_RARE_RELIC","is_prod":false,"is_daily":false,"chose_seed":false,"campfire_upgraded":3,"win_rate":0,"timestamp":1607512659,"path_taken":["M","?","M","M","M","R","M","R","T","?","E","R","$","E","R","BOSS"],"build_version":"2020-11-30","purchased_purges":1,"victory":false,"max_hp_per_floor":[60,60,60,60,60,60,60,60,60,60,60,60,60,60,60,60,60],"card_choices":[{"not_picked":["Slice","Setup"],"picked":"Dagger Spray","floor":1.0},{"not_picked":["Predator","Sucker Punch"],"picked":"Backflip","floor":2.0},{"not_picked":["Sucker Punch","Deflect","Outmaneuver"],"picked":"SKIP","floor":3.0},{"not_picked":["Slice","Concentrate"],"picked":"Underhanded Strike","floor":4.0},{"not_picked":["Underhanded Strike","Catalyst"],"picked":"Dagger Throw","floor":5.0},{"not_picked":["Outmaneuver","Bane"],"picked":"Prepared","floor":7.0},{"not_picked":["Dagger Spray","Deadly Poison"],"picked":"Infinite Blades","floor":11},{"not_picked":["Masterful Stab","Poisoned Stab"],"picked":"Finisher","floor":14}],"player_experience":347205,"relics_obtained":[{"floor":9.0,"key":"Bronze Scales"},{"floor":11,"key":"Shuriken"},{"floor":14,"key":"Lantern"}],"event_choices":[{"cards_removed":["Strike_G"],"damage_healed":0.0,"max_hp_gain":0.0,"max_hp_loss":0.0,"gold_gain":0.0,"event_name":"Living Wall","player_choice":"Forget","floor":10.0,"gold_loss":0.0,"damage_taken":0.0}],"is_beta":false,"boss_relics":[],"items_purged_floors":[13],"is_endless":false,"potions_floor_spawned":[3,4,7],"killed_by":"Slime Boss","ascension_level":20}}