{"host":"640uue19m79c7wbt","time":1607476921,"event":{"gold_per_floor":[110,110,39,39,39,39,83,104,104,118,454,454,472,472,472,596,596,619,640,665,300,323,323,323,323,323,323,323],"floor_reached":27,"playtime":1019,"items_purged":["Strike_G"],"score":258,"play_id":"099bd006-9ee6-4733-b4e7-e0f4f390878b","local_time":"20201208202201","is_ascension_mode":true,"campfire_choices":[{"data":"Eviscerate","floor":6,"key":"SMITH"},{"data":"Tactician","floor":12,"key":"SMITH"},{"floor":15,"key":"REST"},{"floor":23,"key":"RECALL"},{"data":"Discovery","floor":25,"key":"SMITH"}],"neow_cost":"NONE","seed_source_timestamp":171036853664000,"circlet_count":0,"master_deck":["Strike_G","Strike_G","Strike_G","Defend_G","Defend_G","Defend_G","Defend_G","Defend_G","Survivor","Neutralize+1","Eviscerate+1","Infinite Blades","Choke","Blur","Leg Sweep","Tactician+1","Heel Hook+1","Bouncing Flask","Tools of the Trade+1","Blade Dance","Cloak And Dagger","Reflex","Well Laid Plans+1","Discovery+1","Bane+1"],"special_seed":0,"relics":["Ring of the Serpent","NeowsBlessing","Golden Idol","Meat on the Bone","Frozen Egg 2","Old Coin","Snake Skull","MutagenicStrength"],"potions_floor_usage":[16,16,18,18],"damage_taken":[{"damage":0,"enemies":"Small Slimes","floor":1,"turns":1},{"damage":0,"enemies":"Gremlin Nob","floor":7,"turns":1},{"damage":0,"enemies":"2 Louse","floor":8,"turns":1},{"damage":3,"enemies":"Jaw Worm","floor":10,"turns":2},{"damage":23,"enemies":"3 Sentries","floor":11,"turns":9},{"damage":10,"enemies":"Looter","floor":13,"turns":2},{"damage":14,"enemies":"Hexaghost","floor":16,"turns":9},{"damage":18,"enemies":"2 Thieves","floor":18,"turns":4},{"damage":14,"enemies":"3 Byrds","floor":19,"turns":6},{"damage":16,"enemies":"Centurion and Healer","floor":20,"turns":8},{"damage":2,"enemies":"Snecko","floor":22,"turns":5},{"damage":37,"enemies":"Gremlin Leader","floor":27,"turns":4}],"seed_played":"-3313060516051873337","potions_obtained":[{"floor":1,"key":"FearPotion"},{"floor":7,"key":"Poison Potion"},{"floor":11,"key":"Fire Potion"},{"floor":16,"key":"Block Potion"},{"floor":20,"key":"SteroidPotion"}],"is_trial":false,"path_per_floor":["M","?","$","?","$","R","E","M","T","M","E","R","M","?","R","B",null,"M","M","M","$","M","R","?","R","T","E"],"character_chosen":"THE_SILENT","items_purchased":["Infinite Blades","Snake Skull","Well Laid Plans+1","Discovery"],"campfire_rested":1,"item_purchase_floors":[3,21,21,21],"current_hp_per_floor":[70,53,53,53,53,53,53,53,53,50,39,39,41,27,48,46,70,52,38,34,34,44,44,44,44,44,7,7],"gold":323,"neow_bonus":"THREE_ENEMY_KILL","is_prod":false,"is_daily":false,"chose_seed":false,"campfire_upgraded":3,"win_rate":0,"timestamp":1607476921,"path_taken":["M","?","$","?","$","R","E","M","T","M","E","R","M","?","R","BOSS","M","M","M","$","M","R","?","R","T","E"],"build_version":"2020-11-30","purchased_purges":1,"victory":false,"max_hp_per_floor":[70,70,70,70,70,70,70,70,70,70,70,70,70,70,70,70,70,70,70,70,70,70,70,70,70,70,70,70],"card_choices":[{"not_picked":["Skewer","Dodge and Roll"],"picked":"Eviscerate","floor":1},{"not_picked":["Backflip","Slice"],"picked":"Blur","floor":7},{"not_picked":["Deflect","Poisoned Stab"],"picked":"Leg Sweep","floor":8},{"not_picked":["Malaise","Crippling Poison"],"picked":"Tactician","floor":10},{"not_picked":["Quick Slash","Blade Dance"],"picked":"Heel Hook","floor":11},{"not_picked":["Dodge and Roll","Distraction"],"picked":"Bouncing Flask","floor":13},{"not_picked":["Night Terror","Storm of Steel"],"picked":"Tools of the Trade+1","floor":16},{"not_picked":["Acrobatics","Escape Plan"],"picked":"Blade Dance","floor":18},{"not_picked":["Choke+1","Escape Plan"],"picked":"Cloak And Dagger","floor":19},{"not_picked":["Flying Knee","Underhanded Strike"],"picked":"Reflex","floor":20},{"not_picked":["Acrobatics","Poisoned Stab"],"picked":"Bane+1","floor":22}],"player_experience":1203038,"relics_obtained":[{"floor":7,"key":"Meat on the Bone"},{"floor":9,"key":"Frozen Egg 2"},{"floor":11,"key":"Old Coin"}],"event_choices":[{"damage_healed":0,"gold_gain":0,"player_choice":"Take Damage","damage_taken":17,"relics_obtained":["Golden Idol"],"max_hp_gain":0,"max_hp_loss":0,"event_name":"Golden Idol","floor":2,"gold_loss":0},{"damage_healed":0,"gold_gain":0,"cards_transformed":["Strike_G"],"player_choice":"Change","damage_taken":0,"max_hp_gain":0,"max_hp_loss":0,"event_name":"Living Wall","floor":4,"gold_loss":0,"cards_obtained":["Choke"]},{"damage_healed":0,"gold_gain":0,"player_choice":"Entered Light","damage_taken":14,"max_hp_gain":0,"max_hp_loss":0,"event_name":"Shining Light","floor":14,"gold_loss":0,"cards_upgraded":["Heel Hook","Neutralize"]},{"damage_healed":0,"gold_gain":0,"player_choice":"Inject Mutagens","damage_taken":0,"relics_obtained":["MutagenicStrength"],"max_hp_gain":0,"max_hp_loss":0,"event_name":"Drug Dealer","floor":24,"gold_loss":0}],"is_beta":false,"boss_relics":[{"not_picked":["Empty Cage","Velvet Choker"],"picked":"Ring of the Serpent"}],"items_purged_floors":[21],"is_endless":false,"potions_floor_spawned":[1,7,11,16,20],"killed_by":"Gremlin Leader","ascension_level":1}}