{"host":"xenpv6dj5x1yxp66","time":1607520176,"event":{"gold_per_floor":[115,128,143,160,23,23,23,52,100,100,100,144,158,175,175,276,276,289,42,61,75,75,75,75,75,100,134,152,167,182,182,182,285,285,295,145,196,196,196,228,247,247,271,287,301,301,314,171,171,171],"floor_reached":51,"playtime":2107,"items_purged":[],"score":674,"play_id":"aec4f413-d07d-4fd2-9edf-5d399ae7049c","local_time":"20201209142256","is_ascension_mode":false,"campfire_choices":[{"data":"Glass Knife","floor":6,"key":"SMITH"},{"data":"Glass Knife","floor":15,"key":"SMITH"},{"data":"Noxious Fumes","floor":23,"key":"SMITH"},{"data":"Backstab","floor":25,"key":"SMITH"},{"data":"Backstab","floor":32,"key":"SMITH"},{"data":"Footwork","floor":42,"key":"SMITH"},{"data":"Footwork","floor":46,"key":"SMITH"},{"data":"PiercingWail","floor":49,"key":"SMITH"}],"neow_cost":"NONE","seed_source_timestamp":2233175799977300,"circlet_count":0,"master_deck":["Strike_G+1","Strike_G+1","Strike_G+1","Strike_G+1","Strike_G+1","Defend_G+1","Defend_G+1","Defend_G+1","Defend_G+1","Defend_G+1","Survivor","Neutralize+1","Glass Knife+1","Sneak Up+1","Backstab+1","PiercingWail+1","Dagger Spray","Glass Knife+1","Dagger Throw","Deadly Poison+1","conspire:PoisonWeapons+1","Poison Darts+1","Noxious Fumes+1","Poisoned Stab+1","Footwork+1","Strike_G+1","Strike_G+1","Strike_G+1","Strike_G+1","Strike_G+1","Defend_G+1","Defend_G+1","Defend_G+1","Defend_G+1","Defend_G+1","Survivor+1","Neutralize","Glass Knife+1","Sneak Up+1","Backstab+1","PiercingWail+1","Dagger Spray+1","Glass Knife+1","Dagger Throw","Deadly Poison+1","conspire:PoisonWeapons+1","Poison Darts+1","Noxious Fumes+1","Poisoned Stab+1","Footwork+1","hubris:TrickCloak+1","Deadly Poison+1","Hidden Blade+1","Replay:Bag of Tricks+1","Blur+1","Bane+1","Terror+1","Cloak And Dagger+1","Blade Dance+1","Deadly Poison+1"],"relics":["Snake Skull","Omamori","Sizzling Blood","Toxic Egg 2","Orichalcum","Sozu","aspiration:StickyExplosives_weak","Centennial Puzzle","Onion Ring","Replay:Grab Bag","hubris:TerracottaHorce","hubris:CrackedHourglass","aspiration:MobileForge","HoveringKite","Whetstone","CatCart","Meat on the Bone","Dream Catcher","Replay:Rubber Ducky"],"potions_floor_usage":[8,16,37],"damage_taken":[{"damage":1,"enemies":"Cultist","floor":1,"turns":4},{"damage":0,"enemies":"Small Slimes","floor":2,"turns":3},{"damage":0,"enemies":"Jaw Worm","floor":3,"turns":2},{"damage":0,"enemies":"Looter","floor":4,"turns":3},{"damage":14,"enemies":"Lagavulin","floor":8,"turns":6},{"damage":5,"enemies":"Large Slime","floor":13,"turns":6},{"damage":0,"enemies":"2 Fungi Beasts","floor":14,"turns":3},{"damage":25,"enemies":"Fading Forest","floor":16,"turns":11},{"damage":2,"enemies":"Spheric Guardian","floor":18,"turns":3},{"damage":2,"enemies":"3 Byrds","floor":20,"turns":4},{"damage":3,"enemies":"Snake Plant","floor":21,"turns":3},{"damage":14,"enemies":"Slavers","floor":27,"turns":4},{"damage":0,"enemies":"Cultist and Chosen","floor":28,"turns":4},{"damage":9,"enemies":"Snecko","floor":29,"turns":3},{"damage":0,"enemies":"Snake Plant","floor":30,"turns":4},{"damage":27,"enemies":"conspire:MysteriousRune","floor":33,"turns":8},{"damage":6,"enemies":"3 Shapes","floor":35,"turns":4},{"damage":0,"enemies":"Orin","floor":37,"turns":6},{"damage":15,"enemies":"Nemesis","floor":40,"turns":5},{"damage":0,"enemies":"Orb Walker","floor":41,"turns":1},{"damage":0,"enemies":"Spire Growth","floor":44,"turns":3},{"damage":0,"enemies":"Sphere and 2 Shapes","floor":45,"turns":5},{"damage":0,"enemies":"Transient","floor":47,"turns":5},{"damage":80,"enemies":"Replay:Hell Engine","floor":50,"turns":11}],"seed_played":"1994336764976379875","potions_obtained":[{"floor":1,"key":"construct:ShiftPotion"},{"floor":3,"key":"Swift Potion"},{"floor":4,"key":"Dexterity Potion"},{"floor":8,"key":"ColorlessPotion"},{"floor":12,"key":"CultistPotion"}],"is_trial":false,"path_per_floor":["M","M","M","M","$","R","?","E","T","?","?","?","M","M","R","B",null,"M","$","M","M","?","R","?","R","T","E","M","M","M","?","R","B",null,"M","$","?","?","?","E","M","R","T","M","M","R","M","$","R","B",null],"character_chosen":"THE_SILENT","items_purchased":["Glass Knife","aspiration:StickyExplosives_weak","Whetstone","Replay:Rubber Ducky"],"campfire_rested":0,"item_purchase_floors":[5,19,36,48],"current_hp_per_floor":[69,69,69,69,69,69,74,60,60,64,64,64,63,67,67,54,79,79,79,79,79,79,79,79,79,79,69,73,68,72,72,72,49,72,70,70,74,74,74,63,67,67,67,71,75,75,75,75,75,52],"gold":171,"neow_bonus":"ONE_RANDOM_RARE_CARD","is_prod":false,"is_daily":false,"chose_seed":false,"campfire_upgraded":8,"win_rate":0,"timestamp":1607520176,"path_taken":["M","M","?","M","?","R","?","E","T","?","?","?","?","M","R","BOSS","M","$","M","M","?","R","?","R","T","E","M","?","M","?","R","BOSS","M","$","?","?","?","E","?","R","T","M","M","R","M","$","R","BOSS"],"build_version":"2020-11-30","purchased_purges":0,"victory":true,"max_hp_per_floor":[70,70,70,70,70,70,75,75,75,79,79,79,79,79,79,79,79,79,79,79,79,79,79,79,79,79,79,79,79,79,79,79,79,79,79,79,79,75,75,75,75,75,75,75,75,75,75,75,75,75],"card_choices":[{"not_picked":["Well Laid Plans","Deflect"],"picked":"Sneak Up","floor":1},{"not_picked":["Acrobatics","Sucker Punch"],"picked":"Backstab","floor":2},{"not_picked":["Deadly Poison","Acrobatics"],"picked":"PiercingWail","floor":3},{"not_picked":["Backflip","Deflect"],"picked":"Dagger Spray","floor":4},{"not_picked":["Underhanded Strike","Outmaneuver"],"picked":"Dagger Throw","floor":8},{"not_picked":["Blade Dance+1","Sucker Punch"],"picked":"Deadly Poison+1","floor":12},{"not_picked":["Tactician+1","Prepared+1"],"picked":"conspire:PoisonWeapons+1","floor":13},{"not_picked":["Caltrops","ReplayTheSpireMod:The Works+1","Quick Slash"],"picked":"SKIP","floor":14},{"not_picked":["Corpse Explosion+1","A Thousand Cuts"],"picked":"Poison Darts+1","floor":16},{"not_picked":["Infinite Blades","Poisoned Stab+1"],"picked":"Noxious Fumes","floor":18},{"not_picked":["PiercingWail+1","Sneak Up+1"],"picked":"Poisoned Stab+1","floor":20},{"not_picked":["Calculated Gamble+1","Deflect+1"],"picked":"Footwork","floor":21},{"not_picked":["Prepared+1","Footwork"],"picked":"hubris:TrickCloak+1","floor":27},{"not_picked":["Sucker Punch","Acrobatics+1"],"picked":"Deadly Poison+1","floor":28},{"not_picked":["Escape Plan+1","Blur+1"],"picked":"Hidden Blade+1","floor":29},{"not_picked":["hubris:Sniper+1","Footwork","Dagger Throw"],"picked":"SKIP","floor":30},{"not_picked":["Poison Darts+1","Die Die Die"],"picked":"Replay:Bag of Tricks+1","floor":33},{"not_picked":["Prepared+1","Sneak Up+1"],"picked":"Blur+1","floor":35},{"not_picked":["Deadly Poison+1","Well Laid Plans"],"picked":"Bane+1","floor":37},{"not_picked":["Dash","conspire:DoublingDagger+1"],"picked":"Terror+1","floor":40},{"not_picked":["Backflip+1","Deflect+1","Quick Slash+1"],"picked":"SKIP","floor":41},{"not_picked":["Masterful Stab","Flying Knee"],"picked":"Cloak And Dagger+1","floor":44},{"not_picked":["Underhanded Strike","Dagger Spray+1"],"picked":"Blade Dance+1","floor":45},{"not_picked":["Prepared+1","hubris:SlightOfHand+1"],"picked":"Deadly Poison+1","floor":47}],"player_experience":113933,"relics_obtained":[{"floor":8,"key":"Snake Skull"},{"floor":9,"key":"Omamori"},{"floor":12,"key":"Orichalcum"},{"floor":26,"key":"Centennial Puzzle"},{"floor":27,"key":"Onion Ring"},{"floor":37,"key":"CatCart"},{"floor":40,"key":"Meat on the Bone"},{"floor":43,"key":"Dream Catcher"}],"event_choices":[{"damage_healed":0,"gold_gain":0,"player_choice":"Donut","damage_taken":0,"max_hp_gain":5,"max_hp_loss":0,"event_name":"Big Fish","floor":7,"gold_loss":0},{"damage_healed":0,"gold_gain":0,"player_choice":"Simplicity","damage_taken":0,"max_hp_gain":0,"max_hp_loss":10,"event_name":"betterThird:BetterWriting","floor":22,"gold_loss":0},{"damage_healed":0,"gold_gain":0,"player_choice":"Fight","damage_taken":0,"max_hp_gain":0,"max_hp_loss":0,"event_name":"OrinTheCat","floor":37,"gold_loss":0},{"damage_healed":0,"gold_gain":0,"player_choice":"Max HP","damage_taken":0,"max_hp_gain":0,"max_hp_loss":4,"event_name":"Winding Halls","floor":38,"gold_loss":0}],"is_beta":false,"boss_relics":[{"not_picked":["Runesmith:UraniumAnvil","Honey Jar"],"picked":"Sozu"},{"not_picked":["Coffee Dripper","conspire:RoyalGoblet"],"picked":"Replay:Grab Bag"},{"not_picked":["Cursed Key","Busted Crown"],"picked":"hubris:TerracottaHorce"},{"not_picked":["Runic Dome","Replay:Wanted Poster"],"picked":"hubris:CrackedHourglass"},{"not_picked":["WristBlade","Empty Cage"],"picked":"aspiration:MobileForge"},{"not_picked":["SacredBark","Snecko Scales"],"picked":"HoveringKite"}],"items_purged_floors":[],"is_endless":false,"potions_floor_spawned":[1,3,4,8,20,21,28,30,33,35,41,44,45],"ascension_level":0}}