{"host":"wl5kcyk3ocgwii71","time":1607495540,"event":{"gold_per_floor":[109,109,109,133,133,168,196,223,235,247,280,292,304,331,343,355,355],"floor_reached":16,"playtime":311,"items_purged":[],"score":159,"play_id":"f1d0ccb8-10bf-4246-97a4-322d0bcf6910","local_time":"20201208223220","is_ascension_mode":true,"campfire_choices":[{"floor":12,"key":"REST"},{"data":"Neutralize","floor":15,"key":"SMITH"}],"neow_cost":"NONE","seed_source_timestamp":391015656153100,"circlet_count":0,"master_deck":["Strike_G","Strike_G","Strike_G","Strike_G","Strike_G","Defend_G","Defend_G","Defend_G","Defend_G","Defend_G","Survivor","Neutralize+1","Flying Knee","Eviscerate","Pain","Flying Knee","Prepared","Tactician","Prepared","Quick Slash"],"relics":["Ring of the Snake","NeowsBlessing","Bag of Preparation","Golden Idol","WarpedTongs","MawBank","Question Card","Gremlin Horn","SsserpentHead"],"potions_floor_usage":[],"damage_taken":[{"damage":0,"enemies":"Jaw Worm","floor":1,"turns":1},{"damage":0,"enemies":"Small Slimes","floor":4,"turns":1},{"damage":0,"enemies":"Lagavulin","floor":6,"turns":1},{"damage":2,"enemies":"Cultist","floor":7,"turns":3},{"damage":15,"enemies":"Exordium Thugs","floor":8,"turns":4},{"damage":0,"enemies":"Blue Slaver","floor":11,"turns":2},{"damage":3,"enemies":"Red Slaver","floor":14,"turns":3},{"damage":30,"enemies":"Hexaghost","floor":16,"turns":9}],"seed_played":"857730552124188639","potions_obtained":[{"floor":4,"key":"Venom Potion"},{"floor":8,"key":"SpeedPotion"},{"floor":11,"key":"Energy Potion"}],"is_trial":false,"path_per_floor":["M","?","?","M","?","E","M","M","T","T","M","R","?","M","R","B"],"character_chosen":"THE_SILENT","items_purchased":[],"campfire_rested":1,"item_purchase_floors":[],"current_hp_per_floor":[70,45,28,28,28,28,26,11,11,11,11,32,32,29,29,0,0],"gold":355,"neow_bonus":"THREE_ENEMY_KILL","is_prod":false,"is_daily":false,"chose_seed":false,"campfire_upgraded":1,"win_rate":0,"timestamp":1607495540,"path_taken":["M","?","?","M","?","E","?","M","T","?","?","R","?","M","R","BOSS"],"build_version":"2020-11-30","purchased_purges":0,"victory":false,"max_hp_per_floor":[70,70,70,70,70,70,70,70,70,70,70,70,70,70,70,70,70],"card_choices":[{"not_picked":["Backflip","Bane"],"picked":"Flying Knee","floor":1},{"not_picked":["Sucker Punch","Bane"],"picked":"Eviscerate","floor":4},{"not_picked":["ReplayTheSpireMod:Speed Training","Poisoned Stab"],"picked":"Flying Knee","floor":6},{"not_picked":["Cloak And Dagger","Dash"],"picked":"Prepared","floor":7},{"not_picked":["Underhanded Strike","Cloak And Dagger"],"picked":"Tactician","floor":8},{"not_picked":["Blade Dance","Slice","Well Laid Plans"],"picked":"Prepared","floor":11},{"not_picked":["Slice","Malaise","Blade Dance"],"picked":"Quick Slash","floor":14}],"player_experience":338014,"relics_obtained":[{"floor":6,"key":"MawBank"},{"floor":9,"key":"Question Card"},{"floor":10,"key":"Gremlin Horn"}],"event_choices":[{"damage_healed":0,"gold_gain":0,"player_choice":"Relic ","damage_taken":25,"max_hp_gain":0,"max_hp_loss":0,"event_name":"betterThird:BetterScrap","floor":2,"gold_loss":0,"cards_obtained":["BootSequence"]},{"damage_healed":0,"gold_gain":0,"player_choice":"Take Damage","damage_taken":17,"relics_obtained":["Golden Idol"],"max_hp_gain":0,"max_hp_loss":0,"event_name":"Golden Idol","floor":3,"gold_loss":0},{"damage_healed":0,"gold_gain":0,"player_choice":"Rummage","damage_taken":0,"relics_obtained":["WarpedTongs"],"max_hp_gain":0,"max_hp_loss":0,"event_name":"Accursed Blacksmith","floor":5,"gold_loss":0,"cards_obtained":["Pain"]},{"damage_healed":0,"gold_gain":0,"player_choice":"Trade","damage_taken":0,"relics_obtained":["SsserpentHead"],"max_hp_gain":0,"max_hp_loss":0,"event_name":"FaceTrader","floor":13,"gold_loss":0}],"is_beta":false,"boss_relics":[],"items_purged_floors":[],"is_endless":false,"potions_floor_spawned":[4,8,11],"killed_by":"Hexaghost","ascension_level":5}}