{"host":"og6lam4kt3nibbw0","time":1607535559,"event":{"gold_per_floor":[115,126,51,51,63,63,138,149,149,49,125,125,137,151,151,227,277,288,88,88,114,128,128,128,142,195,120,120,140,140,140],"floor_reached":30,"playtime":967,"items_purged":["Defend_P","Defend_P","Strike_P"],"score":440,"play_id":"dedb9f66-a1cd-4ab6-be85-3fec17240618","local_time":"20201210023919","is_ascension_mode":true,"campfire_choices":[{"data":"Eruption","floor":6.0,"key":"SMITH"},{"floor":15.0,"key":"REST"},{"data":"Adaptation","floor":23.0,"key":"SMITH"},{"floor":28.0,"key":"REST"}],"neow_cost":"NONE","seed_source_timestamp":530317298270100,"circlet_count":0,"master_deck":["AscendersBane","Strike_P","Strike_P","Defend_P","Eruption+1","Vigilance+1","CrushJoints","Perseverance","TalkToTheHand","Blasphemy","DeusExMachina","MentalFortress","FearNoEvil","Adaptation+1"],"special_seed":0,"relics":["PureWater","Vajra","Sundial","Mummified Hand","Tiny House","Oddly Smooth Stone","MutagenicStrength"],"potions_floor_usage":[],"damage_taken":[{"damage":0.0,"enemies":"Cultist","floor":1.0,"turns":3.0},{"damage":2.0,"enemies":"Jaw Worm","floor":2.0,"turns":4.0},{"damage":1.0,"enemies":"Small Slimes","floor":5.0,"turns":4.0},{"damage":9.0,"enemies":"Blue Slaver","floor":8.0,"turns":5.0},{"damage":10.0,"enemies":"Large Slime","floor":13.0,"turns":3.0},{"damage":7.0,"enemies":"Red Slaver","floor":14.0,"turns":3.0},{"damage":18.0,"enemies":"Hexaghost","floor":16.0,"turns":7.0},{"damage":13.0,"enemies":"Spheric Guardian","floor":18.0,"turns":3.0},{"damage":36.0,"enemies":"3 Byrds","floor":22.0,"turns":6.0},{"damage":23.0,"enemies":"Snake Plant","floor":25.0,"turns":4.0},{"damage":12.0,"enemies":"3 Cultists","floor":29.0,"turns":5.0},{"damage":42,"enemies":"Shelled Parasite and Fungi","floor":30,"turns":2}],"seed_played":"-237814408410250698","potions_obtained":[{"floor":5.0,"key":"SkillPotion"},{"floor":8.0,"key":"Weak Potion"},{"floor":17.0,"key":"SneckoOil"},{"floor":22.0,"key":"SkillPotion"},{"floor":25.0,"key":"StancePotion"}],"is_trial":false,"path_per_floor":["M","M","$","?","M","R","?","M","T","$","T","?","M","M","R","B",null,"M","$","?","T","M","R","?","M","T","?","R","M","M"],"character_chosen":"WATCHER","items_purchased":["Adaptation"],"campfire_rested":2,"item_purchase_floors":[19],"current_hp_per_floor":[61,59,59,52,51,51,40,31,31,31,31,31,21,14,34,16,60,47,47,62,62,26,26,26,3,3,3,24,12,0,0],"gold":140,"neow_bonus":"RANDOM_COMMON_RELIC","is_prod":false,"is_daily":false,"chose_seed":false,"campfire_upgraded":2,"win_rate":0,"timestamp":1607535559,"path_taken":["M","M","?","?","M","R","?","M","T","$","?","?","?","M","R","BOSS","M","$","?","?","M","R","?","?","T","?","R","M","M"],"build_version":"2020-11-30","purchased_purges":3,"victory":false,"max_hp_per_floor":[68,68,68,68,68,68,68,68,68,68,68,68,68,68,68,68,73,73,73,73,73,73,73,73,73,73,73,73,73,73,73],"card_choices":[{"not_picked":["FollowUp","FlyingSleeves"],"picked":"CrushJoints","floor":1.0},{"not_picked":["SashWhip","EmptyFist"],"picked":"Perseverance","floor":2.0},{"not_picked":["JustLucky","SashWhip"],"picked":"TalkToTheHand","floor":5.0},{"not_picked":["CrushJoints","Crescendo","BowlingBash"],"picked":"SKIP","floor":8.0},{"not_picked":["JustLucky","Protect"],"picked":"Blasphemy","floor":13.0},{"not_picked":["Worship","FlurryOfBlows","PathToVictory"],"picked":"SKIP","floor":14.0},{"not_picked":["Vault","DevaForm"],"picked":"DeusExMachina","floor":16.0},{"not_picked":["Tantrum","Prostrate"],"picked":"MentalFortress","floor":17.0},{"not_picked":["Consecrate","SashWhip"],"picked":"FearNoEvil","floor":18.0},{"not_picked":["Sanctity","Swivel+1","Evaluate+1"],"picked":"SKIP","floor":22.0},{"not_picked":["LikeWater","FlyingSleeves","Adaptation"],"picked":"SKIP","floor":25.0},{"not_picked":["EmptyBody","Weave","Alpha"],"picked":"SKIP","floor":29.0}],"player_experience":754641,"relics_obtained":[{"floor":9.0,"key":"Sundial"},{"floor":11.0,"key":"Mummified Hand"},{"floor":21.0,"key":"Oddly Smooth Stone"}],"event_choices":[{"cards_removed":["Strike_P"],"damage_healed":0.0,"max_hp_gain":0.0,"max_hp_loss":0.0,"gold_gain":0.0,"event_name":"Golden Wing","player_choice":"Card Removal","floor":4.0,"gold_loss":0.0,"damage_taken":7.0},{"damage_healed":0.0,"max_hp_gain":0.0,"max_hp_loss":0.0,"gold_gain":75.0,"event_name":"World of Goop","player_choice":"Gather Gold","floor":7.0,"gold_loss":0.0,"damage_taken":11.0},{"damage_healed":0.0,"max_hp_gain":0.0,"max_hp_loss":0.0,"gold_gain":0.0,"event_name":"Match and Keep!","player_choice":"0 cards matched","floor":12.0,"gold_loss":0.0,"damage_taken":0.0,"cards_obtained":[]},{"damage_healed":15.0,"max_hp_gain":0.0,"max_hp_loss":0.0,"gold_gain":0.0,"event_name":"The Library","player_choice":"Heal","floor":20.0,"gold_loss":0.0,"damage_taken":0.0},{"damage_healed":0.0,"max_hp_gain":0.0,"max_hp_loss":0.0,"gold_gain":0.0,"event_name":"Drug Dealer","player_choice":"Inject Mutagens","floor":24.0,"gold_loss":0.0,"damage_taken":0.0,"relics_obtained":["MutagenicStrength"]},{"cards_removed":["Defend_P"],"damage_healed":0.0,"max_hp_gain":0.0,"max_hp_loss":0.0,"gold_gain":0.0,"event_name":"Beggar","player_choice":"Gave Gold","floor":27.0,"gold_loss":75.0,"damage_taken":0.0}],"is_beta":false,"boss_relics":[{"not_picked":["Snecko Eye","Sozu"],"picked":"Tiny House"}],"items_purged_floors":[3,10,19],"is_endless":false,"potions_floor_spawned":[5,8,13,22,25],"killed_by":"Shelled Parasite and Fungi","ascension_level":20}}