{"host":"ifd7sfhtlbe34qll","time":1607542438,"event":{"gold_per_floor":[111,111,130,141,66,79,112,166,193,193,210,210,10,41,41,41,41],"floor_reached":16,"playtime":509,"items_purged":["Defend_B"],"score":224,"play_id":"9c0bbce8-fbaa-4037-acff-ced269955a3c","local_time":"20201209133358","is_ascension_mode":true,"campfire_choices":[{"floor":10,"key":"REST"},{"floor":12,"key":"REST"},{"data":"Doom and Gloom","floor":15,"key":"SMITH"}],"neow_cost":"NONE","seed_source_timestamp":45117613734700,"circlet_count":0,"master_deck":["AscendersBane","Strike_B","Strike_B","Strike_B","Strike_B","Defend_B","Defend_B","Defend_B","Zap","Dualcast","Sweeping Beam","Genetic Algorithm","Fusion","Doom and Gloom+1","Force Field"],"special_seed":0,"relics":["Snecko Eye","FaceOfCleric","Regal Pillow","PreservedInsect","Membership Card","Bronze Scales"],"potions_floor_usage":[8,8],"damage_taken":[{"damage":14.0,"enemies":"Jaw Worm","floor":1.0,"turns":4.0},{"damage":7.0,"enemies":"Cultist","floor":3.0,"turns":4.0},{"damage":10.0,"enemies":"2 Louse","floor":4.0,"turns":4.0},{"damage":11.0,"enemies":"Looter","floor":6.0,"turns":3.0},{"damage":14.0,"enemies":"Lagavulin","floor":7.0,"turns":7.0},{"damage":6,"enemies":"3 Louse","floor":8,"turns":3},{"damage":12,"enemies":"Blue Slaver","floor":11,"turns":5},{"damage":39,"enemies":"Gremlin Nob","floor":14,"turns":4},{"damage":33,"enemies":"Slime Boss","floor":16,"turns":3}],"seed_played":"-1444018816800722184","potions_obtained":[{"floor":3.0,"key":"Block Potion"},{"floor":4.0,"key":"ColorlessPotion"},{"floor":6.0,"key":"SkillPotion"},{"floor":7.0,"key":"DistilledChaos"}],"is_trial":false,"path_per_floor":["M","?","M","M","$","M","E","M","T","R","M","R","$","E","R","B"],"character_chosen":"DEFECT","items_purchased":["Membership Card","PowerPotion"],"campfire_rested":2,"item_purchase_floors":[13,13],"current_hp_per_floor":[50,50,44,35,35,25,12,7,7,44,33,71,71,33,33,0,0],"gold":41,"neow_bonus":"BOSS_RELIC","is_prod":false,"is_daily":false,"chose_seed":false,"campfire_upgraded":1,"win_rate":0,"timestamp":1607542438,"path_taken":["M","?","?","M","$","M","E","M","T","R","M","R","$","E","R","BOSS"],"build_version":"2020-11-30","purchased_purges":1,"victory":false,"max_hp_per_floor":[71,71,72,73,73,74,75,76,76,76,77,77,77,78,78,78,78],"relic_stats":{"Regal Pillow":30,"FaceOfCleric":7,"counters":[9,37],"Bronze Scales":[0],"Snecko Eye":[63,70,58,66],"PreservedInsect":22,"obtain_stats":[{"Regal Pillow":7,"FaceOfCleric":2,"Bronze Scales":14,"Snecko Eye":0,"PreservedInsect":9,"Membership Card":13,"Cracked Core":0},{"Regal Pillow":5,"FaceOfCleric":1,"Bronze Scales":8,"Snecko Eye":0,"PreservedInsect":6,"Membership Card":7,"Cracked Core":0},{"Regal Pillow":22,"FaceOfCleric":4,"Bronze Scales":34,"Snecko Eye":0,"PreservedInsect":25,"Membership Card":30,"Cracked Core":0}]},"card_choices":[{"not_picked":["Go for the Eyes","Beam Cell","Tempest"],"picked":"SKIP","floor":1.0},{"not_picked":["Beam Cell","Go for the Eyes"],"picked":"Sweeping Beam","floor":3.0},{"not_picked":["Barrage","Rebound"],"picked":"Genetic Algorithm","floor":4.0},{"not_picked":["Darkness","Coolheaded","Steam"],"picked":"SKIP","floor":6.0},{"not_picked":["Consume","Melter"],"picked":"Fusion","floor":7.0},{"not_picked":["Double Energy","Chaos","Chill"],"picked":"SKIP","floor":8},{"not_picked":["Sweeping Beam","Compile Driver"],"picked":"Doom and Gloom","floor":11},{"not_picked":["Skim","Turbo"],"picked":"Force Field","floor":14}],"player_experience":1398526,"relics_obtained":[{"floor":7.0,"key":"Regal Pillow"},{"floor":9,"key":"PreservedInsect"},{"floor":14,"key":"Bronze Scales"}],"event_choices":[{"damage_healed":0.0,"max_hp_gain":0.0,"max_hp_loss":0.0,"gold_gain":0.0,"event_name":"FaceTrader","player_choice":"Trade","floor":2.0,"gold_loss":0.0,"damage_taken":0.0,"relics_obtained":["FaceOfCleric"]}],"is_beta":false,"boss_relics":[],"items_purged_floors":[5],"is_endless":false,"potions_floor_spawned":[3,4,6,7],"killed_by":"Slime Boss","ascension_level":20}}