{"host":"0vd2boh2oi7jm085","time":1607511206,"event":{"gold_per_floor":[119,139,139,67,82,82,94,123,196,216,120,120,120,120,120,219,219,234,82,132,132,54,54,98,87,141,66,66,66,89,107,107,206,206,229,562,139,139,158,158,158],"floor_reached":40,"playtime":1031,"items_purged":["Injury","Cleave"],"score":711,"play_id":"a8170a0a-9171-44ae-b782-129e3e1e81bc","local_time":"20201209025326","is_ascension_mode":true,"campfire_choices":[{"data":"Spot Weakness","floor":6.0,"key":"SMITH"},{"floor":13.0,"key":"REST"},{"data":"Inflame","floor":15.0,"key":"SMITH"},{"floor":23.0,"key":"REST"},{"data":"Bludgeon","floor":28,"key":"SMITH"},{"floor":32,"key":"REST"}],"neow_cost":"NONE","seed_source_timestamp":21536836869600,"circlet_count":0,"master_deck":["AscendersBane","Strike_R+1","Strike_R+1","Strike_R+1","Strike_R+1","Strike_R+1","Defend_R+1","Defend_R+1","Defend_R+1","Defend_R+1","Bash","Reaper","Shrug It Off","Anger","Spot Weakness+1","Carnage","Inflame+1","Anger","Bludgeon+1","Whirlwind","Demon Form+1","Reaper","Shockwave","Flex"],"special_seed":0,"relics":["Burning Blood","Odd Mushroom","HornCleat","SacredBark","PreservedInsect","Darkstone Periapt","Blood Vial","Strawberry","Mark of Pain","Shuriken"],"potions_floor_usage":[25,31],"damage_taken":[{"damage":14.0,"enemies":"Jaw Worm","floor":1.0,"turns":5.0},{"damage":4.0,"enemies":"Small Slimes","floor":2.0,"turns":4.0},{"damage":1.0,"enemies":"Cultist","floor":5.0,"turns":4.0},{"damage":12.0,"enemies":"Looter","floor":7.0,"turns":3.0},{"damage":14.0,"enemies":"The Mushroom Lair","floor":8.0,"turns":5.0},{"damage":11.0,"enemies":"Exordium Thugs","floor":10.0,"turns":4.0},{"damage":83.0,"enemies":"The Guardian","floor":16.0,"turns":11.0},{"damage":19.0,"enemies":"Spheric Guardian","floor":18.0,"turns":4.0},{"damage":45.0,"enemies":"Book of Stabbing","floor":24.0,"turns":5.0},{"damage":25,"enemies":"2 Thieves","floor":25,"turns":4},{"damage":38,"enemies":"Sentry and Sphere","floor":30,"turns":6},{"damage":29,"enemies":"Chosen and Byrds","floor":31,"turns":6},{"damage":90,"enemies":"Collector","floor":33,"turns":9},{"damage":5,"enemies":"Orb Walker","floor":35,"turns":3},{"damage":32,"enemies":"3 Shapes","floor":39,"turns":5},{"damage":54,"enemies":"Nemesis","floor":40,"turns":6}],"seed_played":"1061968294091181498","potions_obtained":[{"floor":5.0,"key":"ColorlessPotion"},{"floor":7.0,"key":"DistilledChaos"},{"floor":18.0,"key":"Regen Potion"},{"floor":25,"key":"AttackPotion"},{"floor":30,"key":"FairyPotion"}],"is_trial":false,"path_per_floor":["M","M","?","$","M","R","M","?","T","M","$","$","R","?","R","B",null,"M","$","?","T","$","R","E","M","T","$","R","?","M","M","R","B",null,"M","?","$","?","M","E"],"character_chosen":"IRONCLAD","items_purchased":["Spot Weakness","Inflame","Anger","PreservedInsect","Whirlwind","Shuriken","Shockwave"],"campfire_rested":3,"item_purchase_floors":[4,11,11,19,22,37,37],"current_hp_per_floor":[64,74,74,74,75,75,69,61,61,56,56,56,75,75,75,9,59,46,46,46,46,46,68,29,62,69,69,69,69,39,26,50,55,75,82,82,82,82,56,5,5],"gold":158,"neow_bonus":"ONE_RANDOM_RARE_CARD","is_prod":false,"is_daily":false,"chose_seed":false,"campfire_upgraded":3,"win_rate":0,"timestamp":1607511206,"path_taken":["M","M","?","$","M","R","M","?","T","M","?","$","R","?","R","BOSS","M","$","?","?","$","R","E","M","T","?","R","?","M","M","R","BOSS","M","?","$","?","M","E"],"build_version":"2020-11-30","purchased_purges":2,"victory":false,"max_hp_per_floor":[75,75,75,75,75,75,75,75,75,75,75,75,75,75,75,75,75,75,75,75,75,75,75,75,75,82,82,82,82,82,82,82,82,82,82,82,82,82,82,82,82],"card_choices":[{"not_picked":["Iron Wave","Clash"],"picked":"Shrug It Off","floor":1.0},{"not_picked":["Sword Boomerang","Evolve"],"picked":"Anger","floor":2.0},{"not_picked":["Sword Boomerang","Clash","Warcry"],"picked":"SKIP","floor":5.0},{"not_picked":["True Grit","Sword Boomerang","Dual Wield"],"picked":"SKIP","floor":7.0},{"not_picked":["Brutality","Hemokinesis"],"picked":"Carnage","floor":8.0},{"not_picked":["Warcry","Rupture"],"picked":"Cleave","floor":10.0},{"not_picked":["Impervious","Offering"],"picked":"Bludgeon","floor":16.0},{"not_picked":["Twin Strike","Havoc","Sentinel"],"picked":"SKIP","floor":18.0},{"not_picked":["Cleave","Wild Strike"],"picked":"Demon Form","floor":24.0},{"not_picked":["Disarm","Clothesline","Twin Strike"],"picked":"SKIP","floor":25},{"not_picked":["Headbutt","Sever Soul","Metallicize"],"picked":"SKIP","floor":30},{"not_picked":["Reckless Charge","Battle Trance","Anger"],"picked":"SKIP","floor":31},{"not_picked":["Fiend Fire","Offering"],"picked":"Reaper","floor":33},{"not_picked":["Armaments","Cleave","Feel No Pain+1"],"picked":"SKIP","floor":35},{"not_picked":["Havoc","Pommel Strike"],"picked":"Flex","floor":39}],"player_experience":68497,"relics_obtained":[{"floor":8.0,"key":"Odd Mushroom"},{"floor":9.0,"key":"HornCleat"},{"floor":21.0,"key":"Darkstone Periapt"},{"floor":24.0,"key":"Blood Vial"},{"floor":26,"key":"Strawberry"}],"event_choices":[{"damage_healed":0.0,"max_hp_gain":0.0,"max_hp_loss":0.0,"gold_gain":0.0,"event_name":"Golden Wing","player_choice":"Ignored","floor":3.0,"gold_loss":0.0,"damage_taken":0.0},{"damage_healed":0.0,"max_hp_gain":0.0,"max_hp_loss":0.0,"gold_gain":0.0,"event_name":"Mushrooms","player_choice":"Fought Mushrooms","floor":8.0,"gold_loss":0.0,"damage_taken":0.0},{"damage_healed":0.0,"max_hp_gain":0.0,"max_hp_loss":0.0,"gold_gain":0.0,"event_name":"Golden Idol","player_choice":"Take Wound","floor":14.0,"gold_loss":0.0,"damage_taken":0.0,"relics_obtained":["Golden Idol"],"cards_obtained":["Injury"]},{"damage_healed":0.0,"max_hp_gain":0.0,"max_hp_loss":0.0,"gold_gain":50.0,"event_name":"Nest","player_choice":"Stole From Cult","floor":20.0,"gold_loss":0.0,"damage_taken":0.0},{"damage_healed":0,"gold_gain":0,"player_choice":"Simplicity","damage_taken":0,"max_hp_gain":0,"max_hp_loss":0,"event_name":"Back to Basics","floor":29,"gold_loss":0,"cards_upgraded":["Strike_R","Strike_R","Strike_R","Strike_R","Strike_R","Defend_R","Defend_R","Defend_R","Defend_R"]},{"damage_healed":0,"gold_gain":333,"player_choice":"Gave Idol","damage_taken":0,"max_hp_gain":0,"max_hp_loss":0,"event_name":"The Moai Head","floor":36,"relics_lost":["Golden Idol"],"gold_loss":0},{"damage_healed":0,"gold_gain":0,"player_choice":"Forge","damage_taken":0,"max_hp_gain":0,"max_hp_loss":0,"event_name":"Accursed Blacksmith","floor":38,"gold_loss":0,"cards_upgraded":["Demon Form"]}],"is_beta":false,"boss_relics":[{"not_picked":["Empty Cage","Sozu"],"picked":"SacredBark"},{"not_picked":["Runic Cube","Tiny House"],"picked":"Mark of Pain"}],"items_purged_floors":[27,37],"is_endless":false,"potions_floor_spawned":[5,7,18,25,30],"killed_by":"Nemesis","ascension_level":15}}