{"host":"do5be0rrwzdbe7ng","time":1607511752,"event":{"gold_per_floor":[15,15,29,44,44,44,87,110,178,178,178,178,201,215,215,215,215],"floor_reached":16,"playtime":333,"items_purged":[],"score":194,"play_id":"ecadb371-7c3b-4311-8c6d-1a7a1aac532c","local_time":"20201209200232","is_ascension_mode":true,"campfire_choices":[{"data":"Zap","floor":6,"key":"SMITH"},{"data":"Doom and Gloom","floor":11,"key":"SMITH"},{"data":"Dualcast","floor":15,"key":"SMITH"}],"neow_cost":"NO_GOLD","seed_source_timestamp":5796699096327500,"circlet_count":0,"master_deck":["AscendersBane","Strike_B","Strike_B","Strike_B+1","Defend_B","Defend_B","Defend_B","Defend_B","Zap+1","Dualcast+1","Doom and Gloom+1","Cold Snap+1","Capacitor","Ball Lightning","Hologram"],"special_seed":0,"relics":["Cracked Core","Golden Idol","Blue Candle","Whetstone","Cables"],"potions_floor_usage":[13],"damage_taken":[{"damage":1.0,"enemies":"Small Slimes","floor":1.0,"turns":3.0},{"damage":2.0,"enemies":"Jaw Worm","floor":3.0,"turns":3.0},{"damage":0,"enemies":"2 Louse","floor":4,"turns":1},{"damage":39,"enemies":"3 Sentries","floor":7,"turns":6},{"damage":0,"enemies":"Large Slime","floor":8,"turns":3},{"damage":3,"enemies":"Blue Slaver","floor":13,"turns":3},{"damage":6,"enemies":"Looter","floor":14,"turns":2},{"damage":31,"enemies":"Slime Boss","floor":16,"turns":3}],"seed_played":"-2858481428759685606","potions_obtained":[{"floor":1.0,"key":"SpeedPotion"},{"floor":4,"key":"GamblersBrew"},{"floor":8,"key":"Ancient Potion"}],"is_trial":false,"path_per_floor":["M","?","M","M","T","R","E","M","T","?","R","?","M","M","R","B"],"character_chosen":"DEFECT","items_purchased":[],"campfire_rested":0,"item_purchase_floors":[],"current_hp_per_floor":[77,77,75,75,75,75,36,36,36,29,29,29,26,20,20,0,0],"gold":215,"neow_bonus":"TWENTY_PERCENT_HP_BONUS","is_prod":false,"is_daily":false,"chose_seed":false,"campfire_upgraded":3,"win_rate":0,"timestamp":1607511752,"path_taken":["M","?","M","M","?","R","E","M","T","?","R","?","M","M","R","BOSS"],"build_version":"2020-11-30","purchased_purges":0,"victory":false,"max_hp_per_floor":[85,77,77,77,77,77,77,77,77,77,77,77,77,77,77,77,77],"card_choices":[{"not_picked":["Steam Power","Compile Driver"],"picked":"Doom and Gloom","floor":1.0},{"not_picked":["Steam","Conserve Battery"],"picked":"Cold Snap","floor":3.0},{"not_picked":["Skim","Go for the Eyes"],"picked":"Capacitor","floor":4},{"not_picked":["Cold Snap","Storm"],"picked":"Ball Lightning","floor":7},{"not_picked":["Darkness","Reprogram"],"picked":"Hologram","floor":8},{"not_picked":["Reprogram","Melter","Storm"],"picked":"SKIP","floor":13},{"not_picked":["Hologram","Scrape","Stack"],"picked":"SKIP","floor":14}],"player_experience":333951,"relics_obtained":[{"floor":5,"key":"Blue Candle"},{"floor":7,"key":"Whetstone"},{"floor":9,"key":"Cables"}],"event_choices":[{"damage_healed":0.0,"max_hp_gain":0.0,"max_hp_loss":8.0,"gold_gain":0.0,"event_name":"Golden Idol","player_choice":"Lose Max HP","floor":2.0,"gold_loss":0.0,"damage_taken":0.0,"relics_obtained":["Golden Idol"]},{"cards_removed":["Strike_B"],"damage_healed":0,"gold_gain":0,"player_choice":"Card Removal","damage_taken":7,"max_hp_gain":0,"max_hp_loss":0,"event_name":"Golden Wing","floor":10,"gold_loss":0},{"damage_healed":0,"gold_gain":0,"player_choice":"Ignored","damage_taken":0,"max_hp_gain":0,"max_hp_loss":0,"event_name":"Liars Game","floor":12,"gold_loss":0}],"is_beta":false,"boss_relics":[],"items_purged_floors":[],"is_endless":false,"potions_floor_spawned":[1,4,8],"killed_by":"Slime Boss","ascension_level":18}}