{"host":"dk2z91z2zpxxiy2a","time":1607533931,"event":{"gold_per_floor":[110,121,140,140,90,122,122,122,122,122,18,18,44,44,44,170,170,183,208,26,31,31],"floor_reached":21,"playtime":855,"items_purged":[],"score":285,"play_id":"89826919-ed92-4fc8-90eb-7c6683dc13f5","local_time":"20201209121211","is_ascension_mode":false,"campfire_choices":[{"floor":7.0,"key":"REST"},{"floor":10.0,"key":"REST"},{"floor":12.0,"key":"REST"},{"floor":15,"key":"REST"}],"neow_cost":"","seed_source_timestamp":0,"circlet_count":0,"master_deck":["hermit:Strike_Hermit","hermit:Strike_Hermit","hermit:Strike_Hermit","hermit:Defend_Hermit","hermit:Defend_Hermit","hermit:Defend_Hermit","hermit:Defend_Hermit","hermit:Snapshot","hermit:Covet","hermit:Brawl","hermit:WideOpen","hermit:Horror","hermit:Brawl","hermit:Dive","hermit:LowProfile","Injury","hermit:GhostlyPresence+1","hermit:Gestalt","hermit:Scavenge","hermit:Determination"],"special_seed":0,"relics":["hermit:Momento","halation:Prosthetics","hubris:SlimyHat","keyreminder:keyreminder","Singing Bowl","Bottled Tornado","halation:Diary","Oddly Smooth Stone","Golden Idol","ChewingGum"],"potions_floor_usage":[16],"damage_taken":[{"damage":5.0,"enemies":"Cultist","floor":1.0,"turns":4.0},{"damage":2.0,"enemies":"2 Louse","floor":2.0,"turns":2.0},{"damage":7.0,"enemies":"Small Slimes","floor":3.0,"turns":3.0},{"damage":33.0,"enemies":"Gremlin Nob","floor":6.0,"turns":5.0},{"damage":16.0,"enemies":"Lagavulin","floor":13.0,"turns":6.0},{"damage":29,"enemies":"The Guardian","floor":16,"turns":10},{"damage":19,"enemies":"Spheric Guardian","floor":18,"turns":6},{"damage":22,"enemies":"conspire:FuzzyDice","floor":19,"turns":10},{"damage":7,"enemies":"Cultist and Chosen","floor":21,"turns":6}],"seed_played":"-7924209312328224107","potions_obtained":[{"floor":2.0,"key":"PowerPotion"},{"floor":3.0,"key":"PowerPotion"},{"floor":13.0,"key":"SteroidPotion"},{"floor":19,"key":"Death Potion"}],"is_trial":false,"path_per_floor":["M","M","M","?","?","E","R","?","T","R","$","R","E","?","R_BF","B",null,"M","M","$","M"],"character_chosen":"HERMIT","items_purchased":["hermit:Brawl","hermit:WideOpen","halation:Diary","hermit:Gestalt","hermit:Scavenge","hermit:Determination"],"campfire_rested":4,"item_purchase_floors":[0,0,11,20,20,20],"current_hp_per_floor":[35,33,26,39,39,6,18,11,11,23,23,35,21,21,33,6,44,25,5,5,0,0],"gold":31,"neow_bonus":"","is_prod":false,"is_daily":false,"chose_seed":false,"campfire_upgraded":0,"win_rate":0.0,"timestamp":1607533931,"path_taken":["M","?","M","?","?","E","R","?","T","R","$","R","E","?","R","BOSS","M","M","$","M"],"build_version":"2020-11-30","purchased_purges":0,"victory":false,"max_hp_per_floor":[40,40,40,40,40,40,40,40,40,40,40,40,42,42,42,44,44,44,46,46,46,46],"relic_stats":{"Singing Bowl":6,"counters":[25,144],"Golden Idol":33,"obtain_stats":[{"Gremlin Food":2,"halation:Diary":11,"ReplayTheSpireMod:Ninjato":26,"Happy Flower":29,"Singing Bowl":8,"aspiration:FetidBarrel":31,"Golden Idol":14,"Astrolabe":17,"Oddly Smooth Stone":13,"hubris:SlimyHat":6,"halation:Prosthetics":0,"Bottled Tornado":9,"MawBank":6,"keyreminder:keyreminder":6,"Ring of Peace":22,"Ring of Misfortune":22,"Onion Ring":9,"ChewingGum":17,"Nloth\u0027s Gift":20,"hermit:Momento":0,"Toy Ornithopter":14},{"Gremlin Food":1,"halation:Diary":20,"ReplayTheSpireMod:Ninjato":12,"Happy Flower":14,"Singing Bowl":20,"aspiration:FetidBarrel":15,"Golden Idol":21,"Astrolabe":8,"Oddly Smooth Stone":21,"hubris:SlimyHat":20,"halation:Prosthetics":16,"Bottled Tornado":20,"MawBank":4,"keyreminder:keyreminder":4,"Ring of Peace":11,"Ring of Misfortune":11,"Onion Ring":5,"ChewingGum":22,"Nloth\u0027s Gift":10,"hermit:Momento":0,"Toy Ornithopter":7},{"Gremlin Food":3,"halation:Diary":106,"ReplayTheSpireMod:Ninjato":61,"Happy Flower":74,"Singing Bowl":106,"aspiration:FetidBarrel":82,"Golden Idol":112,"Astrolabe":46,"Oddly Smooth Stone":112,"hubris:SlimyHat":106,"halation:Prosthetics":92,"Bottled Tornado":106,"MawBank":22,"keyreminder:keyreminder":22,"Ring of Peace":57,"Ring of Misfortune":57,"Onion Ring":25,"ChewingGum":122,"Nloth\u0027s Gift":53,"hermit:Momento":0,"Toy Ornithopter":35}]},"card_choices":[{"not_picked":["hermit:LuckOfTheDraw","hermit:Roulette","hermit:SprayPray"],"picked":"SKIP","floor":1.0},{"not_picked":["hermit:WideOpen","hermit:Vantage"],"picked":"hermit:Brawl","floor":2.0},{"not_picked":["hermit:BigShot","hermit:Vantage"],"picked":"hermit:Dive","floor":3.0},{"not_picked":["hermit:Quickdraw","hermit:Vantage"],"picked":"hermit:LowProfile","floor":6.0},{"not_picked":["hermit:Gestalt","hermit:Glare","hermit:TrackingShot"],"picked":"Singing Bowl","floor":13.0},{"not_picked":["hermit:EternalForm","hermit:Magnum","hermit:HeroicBravado"],"picked":"Singing Bowl","floor":16},{"not_picked":["hermit:Glare","hermit:BigShot+1"],"picked":"hermit:GhostlyPresence+1","floor":18},{"not_picked":["hermit:Snipe+1","hermit:Combo","hermit:BodyArmor"],"picked":"Singing Bowl","floor":19}],"player_experience":447391,"relics_obtained":[{"floor":6.0,"key":"hubris:SlimyHat"},{"floor":9.0,"key":"Bottled Tornado"},{"floor":13.0,"key":"Oddly Smooth Stone"}],"event_choices":[{"damage_healed":13.0,"max_hp_gain":0.0,"max_hp_loss":0.0,"gold_gain":0.0,"event_name":"Big Fish","player_choice":"Banana","floor":4.0,"gold_loss":0.0,"damage_taken":0.0},{"cards_removed":["hermit:Strike_Hermit"],"damage_healed":0.0,"max_hp_gain":0.0,"max_hp_loss":0.0,"gold_gain":0.0,"event_name":"The Cleric","player_choice":"Card Removal","floor":5.0,"gold_loss":50.0,"damage_taken":0.0},{"damage_healed":0.0,"max_hp_gain":0.0,"max_hp_loss":0.0,"gold_gain":0.0,"event_name":"Scrap Ooze","player_choice":"Success","floor":8.0,"gold_loss":0.0,"damage_taken":7.0,"relics_obtained":["Singing Bowl"]},{"damage_healed":0.0,"max_hp_gain":0.0,"max_hp_loss":0.0,"gold_gain":0.0,"event_name":"Golden Idol","player_choice":"Take Wound","floor":14.0,"gold_loss":0.0,"damage_taken":0.0,"relics_obtained":["Golden Idol"],"cards_obtained":["Injury"]}],"is_beta":false,"boss_relics":[{"not_picked":["hubris:VirtuousBlindfold","halation:CatFaceCupcake"],"picked":"ChewingGum"}],"items_purged_floors":[],"is_endless":false,"potions_floor_spawned":[2,3,13,19],"killed_by":"Cultist and Chosen","ascension_level":0}}