{"host":"fq1bpa5mgr3rtgnr","time":1607533616,"event":{"gold_per_floor":[369,544,84,84,84,111,156,185,260,260,271,371,321,336,336,441,441,460,474,474,474,21,21,56,75,75,75,109,109,109,141,141,247,247,257,257,257,257,278,278,305,305,358,386,402,427,36,36,36,36,36,36,36,79,79],"floor_reached":56,"playtime":5181,"items_purged":["Doubt","Defend_P","Defend_P"],"score":1370,"play_id":"f2d331cc-e4c6-4c7b-b24f-29d006f47c36","local_time":"20201209120656","is_ascension_mode":true,"campfire_choices":[{"data":"Eruption","floor":15.0,"key":"SMITH"},{"floor":23.0,"key":"REST"},{"floor":27.0,"key":"DIG"},{"floor":30.0,"key":"DIG"},{"floor":32.0,"key":"REST"},{"floor":40.0,"key":"DIG"},{"floor":42.0,"key":"DIG"},{"floor":49.0,"key":"RECALL"},{"floor":52.0,"key":"DIG"}],"neow_cost":"TEN_PERCENT_HP_LOSS","seed_source_timestamp":0,"circlet_count":0,"master_deck":["Strike_P","Defend_P+1","Defend_P+1","Eruption+1","Vigilance","WaveOfTheHand","TalkToTheHand","Study","ConjureBlade","FollowUp","EmptyMind","DeusExMachina","FollowUp","Crescendo","RitualDagger","DeceiveReality","EmptyBody+1","MentalFortress+1","Judgement","Perseverance+1","FearNoEvil+1","Wireheading","TalkToTheHand"],"special_seed":0,"relics":["HolyWater","Juzu Bracelet","Melange","PreservedInsect","Turnip","Anchor","Smiling Mask","Pantograph","Singing Bowl","Oddly Smooth Stone","Lantern","Shovel","Prayer Wheel","InkBottle","Tiny Chest","CeramicFish","Coffee Dripper","Bottled Tornado","War Paint","Thread and Needle","Akabeko","Dead Branch","Letter Opener","Centennial Puzzle"],"potions_floor_usage":[],"damage_taken":[{"damage":7.0,"enemies":"Small Slimes","floor":1.0,"turns":4.0},{"damage":14.0,"enemies":"Lagavulin","floor":6.0,"turns":8.0},{"damage":32.0,"enemies":"3 Sentries","floor":8.0,"turns":16.0},{"damage":0.0,"enemies":"2 Louse","floor":11.0,"turns":3.0},{"damage":9.0,"enemies":"Jaw Worm","floor":14.0,"turns":3.0},{"damage":35.0,"enemies":"The Guardian","floor":16.0,"turns":13.0},{"damage":10.0,"enemies":"Chosen","floor":18.0,"turns":8.0},{"damage":30.0,"enemies":"3 Byrds","floor":19.0,"turns":6.0},{"damage":9.0,"enemies":"Book of Stabbing","floor":24.0,"turns":3.0},{"damage":6.0,"enemies":"Snecko","floor":25.0,"turns":4.0},{"damage":2.0,"enemies":"Gremlin Leader","floor":28.0,"turns":5.0},{"damage":12.0,"enemies":"Centurion and Healer","floor":31.0,"turns":3.0},{"damage":38.0,"enemies":"Collector","floor":33.0,"turns":9.0},{"damage":12.0,"enemies":"Orb Walker","floor":35.0,"turns":4.0},{"damage":0.0,"enemies":"3 Shapes","floor":39.0,"turns":2.0},{"damage":24.0,"enemies":"Nemesis","floor":41.0,"turns":5.0},{"damage":17.0,"enemies":"3 Darklings","floor":44.0,"turns":8.0},{"damage":0.0,"enemies":"Sphere and 2 Shapes","floor":45.0,"turns":6.0},{"damage":49.0,"enemies":"Donu and Deca","floor":50.0,"turns":8.0},{"damage":19.0,"enemies":"Shield and Spear","floor":54.0,"turns":7.0},{"damage":48,"enemies":"The Heart","floor":55,"turns":12}],"seed_played":"2988022600630835441","potions_obtained":[{"floor":1.0,"key":"Dexterity Potion"},{"floor":14.0,"key":"SkillPotion"},{"floor":19.0,"key":"BlessingOfTheForge"},{"floor":28.0,"key":"SpeedPotion"},{"floor":39.0,"key":"LiquidBronze"},{"floor":41.0,"key":"AttackPotion"}],"is_trial":false,"path_per_floor":["M","?","$","?","?","E","T","E","T","?","M","?","?","M","R","B",null,"M","M","?","?","$","R","E","M","T","R","E","?","R","M","R","B",null,"M","?","?","?","M","R","E","R","T","M","M","T","$","$","R","B",null,"R","$","E","B",null],"character_chosen":"WATCHER","items_purchased":["Juzu Bracelet","Melange","TalkToTheHand","Singing Bowl","Oddly Smooth Stone","Wireheading","Dead Branch"],"campfire_rested":2,"item_purchase_floors":[3,3,3,22,22,47,47],"current_hp_per_floor":[58,58,58,51,51,37,37,5,5,26,26,26,26,17,17,7,65,55,25,19,8,8,29,22,16,16,16,16,16,16,4,26,13,74,66,66,66,66,68,68,46,46,46,31,35,35,35,35,35,11,84,84,84,65,36],"gold":79,"neow_bonus":"TWO_FIFTY_GOLD","is_prod":false,"is_daily":false,"chose_seed":false,"campfire_upgraded":1,"win_rate":0,"timestamp":1607533616,"path_taken":["M","?","$","?","?","E","?","E","T","?","M","?","?","M","R","BOSS","M","M","?","?","$","R","E","M","T","R","E","?","R","M","R","BOSS","M","?","?","?","M","R","E","R","T","M","M","?","?","$","R","BOSS","R","$","E","BOSS"],"build_version":"2020-11-30","purchased_purges":3,"victory":true,"max_hp_per_floor":[65,65,65,65,65,65,65,65,65,65,65,65,65,65,65,65,65,65,65,65,70,70,70,72,72,72,72,74,74,74,74,74,74,74,78,78,74,74,76,76,78,78,78,80,84,84,84,84,84,84,84,84,84,84,84],"relic_stats":{"Singing Bowl":18,"counters":[21,137],"CeramicFish":63,"Dead Branch":[68],"Melange":[129],"PreservedInsect":259,"Juzu Bracelet":2,"Letter Opener":[80],"War Paint":["Defend_P","Defend_P"],"Smiling Mask":125,"Centennial Puzzle":[3],"Shovel":5,"Pantograph":94,"Prayer Wheel":5,"Tiny Chest":1,"Turnip":[7],"obtain_stats":[{"Lantern":24,"Singing Bowl":22,"CeramicFish":30,"Melange":3,"Juzu Bracelet":3,"Bottled Tornado":40,"Smiling Mask":8,"Centennial Puzzle":54,"Shovel":26,"Pantograph":9,"Prayer Wheel":27,"Tiny Chest":29,"InkBottle":28,"Dead Branch":47,"Oddly Smooth Stone":22,"Thread and Needle":42,"PreservedInsect":4,"Letter Opener":52,"War Paint":41,"Akabeko":46,"Anchor":7,"HolyWater":17,"Turnip":6,"Coffee Dripper":34,"PureWater":0},{"Lantern":9,"Singing Bowl":8,"CeramicFish":11,"Melange":1,"Juzu Bracelet":1,"Bottled Tornado":15,"Smiling Mask":3,"Centennial Puzzle":20,"Shovel":10,"Pantograph":3,"Prayer Wheel":10,"Tiny Chest":11,"InkBottle":11,"Dead Branch":18,"Oddly Smooth Stone":8,"Thread and Needle":16,"PreservedInsect":1,"Letter Opener":19,"War Paint":16,"Akabeko":18,"Anchor":2,"HolyWater":6,"Turnip":2,"Coffee Dripper":13,"PureWater":0},{"Lantern":64,"Singing Bowl":61,"CeramicFish":73,"Melange":4,"Juzu Bracelet":4,"Bottled Tornado":91,"Smiling Mask":28,"Centennial Puzzle":125,"Shovel":68,"Pantograph":28,"Prayer Wheel":68,"Tiny Chest":73,"InkBottle":73,"Dead Branch":110,"Oddly Smooth Stone":61,"Thread and Needle":96,"PreservedInsect":4,"Letter Opener":118,"War Paint":96,"Akabeko":110,"Anchor":12,"HolyWater":47,"Turnip":12,"Coffee Dripper":85,"PureWater":0}],"InkBottle":[36]},"card_choices":[{"not_picked":["EmptyFist","Halt"],"picked":"WaveOfTheHand","floor":1.0},{"not_picked":["SashWhip","Weave","Consecrate"],"picked":"SKIP","floor":6.0},{"not_picked":["FollowUp","LikeWater"],"picked":"ConjureBlade","floor":8.0},{"not_picked":["Halt","PathToVictory"],"picked":"FollowUp","floor":11.0},{"not_picked":["WaveOfTheHand","Tantrum"],"picked":"EmptyMind","floor":14.0},{"not_picked":["LessonLearned","Scrawl"],"picked":"DeusExMachina","floor":16.0},{"not_picked":["ClearTheMind","Weave"],"picked":"FollowUp","floor":18.0},{"not_picked":["Study","Evaluate"],"picked":"Crescendo","floor":19.0},{"not_picked":["FollowUp","ForeignInfluence+1","Swivel+1"],"picked":"Singing Bowl","floor":24.0},{"not_picked":["EmptyFist+1","Tantrum+1"],"picked":"DeceiveReality","floor":25.0},{"not_picked":["Collect","Crescendo","Consecrate"],"picked":"Singing Bowl","floor":28.0},{"not_picked":["SignatureMove+1","Scrawl"],"picked":"EmptyBody+1","floor":31.0},{"not_picked":["EmptyFist","Worship+1"],"picked":"MentalFortress+1","floor":31.0},{"not_picked":["Scrawl","Blasphemy"],"picked":"Judgement","floor":33.0},{"not_picked":["EmptyMind","EmptyFist","FollowUp+1"],"picked":"Singing Bowl","floor":35.0},{"not_picked":["Halt+1","Crescendo","LikeWater"],"picked":"Singing Bowl","floor":35.0},{"not_picked":["SashWhip+1","FlurryOfBlows+1","Meditate"],"picked":"Singing Bowl","floor":39.0},{"not_picked":["Indignation+1","Pray+1"],"picked":"Perseverance+1","floor":39.0},{"not_picked":["ReachHeaven","Consecrate","SashWhip"],"picked":"Singing Bowl","floor":41.0},{"not_picked":["CarveReality+1","Consecrate+1","LikeWater"],"picked":"Singing Bowl","floor":44.0},{"not_picked":["Evaluate+1","Scrawl"],"picked":"FearNoEvil+1","floor":44.0},{"not_picked":["SashWhip+1","Protect","Consecrate+1"],"picked":"Singing Bowl","floor":45.0},{"not_picked":["Wallop","Evaluate","Halt+1"],"picked":"Singing Bowl","floor":45.0},{"not_picked":["Worship","WheelKick+1"],"picked":"TalkToTheHand","floor":54.0}],"player_experience":324902,"relics_obtained":[{"floor":6.0,"key":"Turnip"},{"floor":7.0,"key":"Anchor"},{"floor":8.0,"key":"Smiling Mask"},{"floor":9.0,"key":"Pantograph"},{"floor":24.0,"key":"Lantern"},{"floor":26.0,"key":"Shovel"},{"floor":27.0,"key":"Prayer Wheel"},{"floor":28.0,"key":"InkBottle"},{"floor":30.0,"key":"CeramicFish"},{"floor":40.0,"key":"Bottled Tornado"},{"floor":41.0,"key":"War Paint"},{"floor":42.0,"key":"Thread and Needle"},{"floor":46.0,"key":"Akabeko"},{"floor":52.0,"key":"Letter Opener"},{"floor":54.0,"key":"Centennial Puzzle"}],"event_choices":[{"damage_healed":0.0,"max_hp_gain":0.0,"max_hp_loss":0.0,"gold_gain":175.0,"event_name":"Liars Game","player_choice":"AGREE","floor":2.0,"gold_loss":0.0,"damage_taken":0.0,"cards_obtained":["Doubt"]},{"damage_healed":0.0,"max_hp_gain":0.0,"max_hp_loss":0.0,"gold_gain":0.0,"event_name":"Scrap Ooze","player_choice":"Success","floor":4.0,"gold_loss":0.0,"damage_taken":7.0,"relics_obtained":["PreservedInsect"]},{"damage_healed":0.0,"max_hp_gain":0.0,"max_hp_loss":0.0,"gold_gain":0.0,"cards_transformed":["Strike_P"],"event_name":"Living Wall","player_choice":"Change","floor":5.0,"gold_loss":0.0,"damage_taken":0.0,"cards_obtained":["Study"]},{"damage_healed":21.0,"max_hp_gain":0.0,"max_hp_loss":0.0,"gold_gain":0.0,"event_name":"Big Fish","player_choice":"Banana","floor":10.0,"gold_loss":0.0,"damage_taken":0.0},{"damage_healed":0.0,"max_hp_gain":0.0,"max_hp_loss":0.0,"gold_gain":100.0,"event_name":"Golden Shrine","player_choice":"Pray","floor":12.0,"gold_loss":0.0,"damage_taken":0.0},{"cards_removed":["Strike_P"],"damage_healed":0.0,"max_hp_gain":0.0,"max_hp_loss":0.0,"gold_gain":0.0,"event_name":"The Cleric","player_choice":"Card Removal","floor":13.0,"gold_loss":50.0,"damage_taken":0.0},{"damage_healed":0.0,"max_hp_gain":0.0,"max_hp_loss":0.0,"gold_gain":0.0,"event_name":"Nest","player_choice":"Joined the Cult","floor":20.0,"gold_loss":0.0,"damage_taken":6.0,"cards_obtained":["RitualDagger"]},{"damage_healed":0.0,"max_hp_gain":5.0,"max_hp_loss":0.0,"gold_gain":0.0,"event_name":"Forgotten Altar","player_choice":"Shed Blood","floor":21.0,"gold_loss":0.0,"damage_taken":16.0},{"damage_healed":0.0,"max_hp_gain":0.0,"max_hp_loss":0.0,"gold_gain":0.0,"event_name":"The Mausoleum","player_choice":"Opened","floor":29.0,"gold_loss":0.0,"damage_taken":0.0,"relics_obtained":["Tiny Chest"]},{"cards_removed":["Strike_P"],"damage_healed":0.0,"max_hp_gain":0.0,"max_hp_loss":0.0,"gold_gain":0.0,"event_name":"Falling","player_choice":"Removed Attack","floor":36.0,"gold_loss":0.0,"damage_taken":0.0},{"damage_healed":0.0,"max_hp_gain":0.0,"max_hp_loss":4.0,"gold_gain":0.0,"event_name":"Winding Halls","player_choice":"Max HP","floor":37.0,"gold_loss":0.0,"damage_taken":0.0},{"damage_healed":0.0,"max_hp_gain":0.0,"max_hp_loss":0.0,"gold_gain":0.0,"event_name":"Tomb of Lord Red Mask","player_choice":"Ignored","floor":38.0,"gold_loss":0.0,"damage_taken":0.0}],"is_beta":false,"boss_relics":[{"not_picked":["Snecko Eye","Runic Pyramid"],"picked":"HolyWater"},{"not_picked":["VioletLotus","Philosopher\u0027s Stone"],"picked":"Coffee Dripper"}],"items_purged_floors":[3,22,47],"is_endless":false,"potions_floor_spawned":[1,14,19,28,39,41],"ascension_level":4}}