{"host":"x5anfo2w8aotfuta","time":1607511083,"event":{"gold_per_floor":[14,14,30,49,62,62,85,118,118,7,25,25,25,44,44,168,168,191,214,235,251,47,47,81,81,81,81,117,117,148,161,161,282,282,297,316,341,53,71,114,114,153,153,486,486,536,536,550,550,550,550,550,67,92,92],"floor_reached":56,"playtime":5995,"items_purged":["Strike_R","Strike_R"],"score":1468,"play_id":"24c29830-de18-45c6-856e-ca635f9aee62","local_time":"20201209025123","is_ascension_mode":true,"campfire_choices":[{"data":"Bash","floor":6,"key":"SMITH"},{"data":"Spot Weakness","floor":13,"key":"SMITH"},{"data":"Whirlwind","floor":15,"key":"SMITH"},{"data":"True Grit","floor":23,"key":"SMITH"},{"data":"Disarm","floor":25,"key":"SMITH"},{"data":"Flame Barrier","floor":27,"key":"SMITH"},{"data":"Heavy Blade","floor":32,"key":"SMITH"},{"floor":41,"key":"REST"},{"data":"Heavy Blade","floor":45,"key":"SMITH"},{"floor":49,"key":"RECALL"},{"data":"Defend_R","floor":52,"key":"SMITH"}],"neow_cost":"NO_GOLD","seed_source_timestamp":610046501306100,"circlet_count":0,"master_deck":["Strike_R","Strike_R","Defend_R+1","Defend_R","Defend_R","Defend_R","Bash+1","Disarm+1","Flame Barrier+1","Whirlwind+1","Headbutt","Spot Weakness+1","Heavy Blade+1","Heavy Blade+1","True Grit+1","Reaper","True Grit+1","Uppercut+1"],"relics":["Burning Blood","Pocketwatch","Singing Bowl","Ancient Tea Set","Busted Crown","Oddly Smooth Stone","Pen Nib","White Beast Statue","Enchiridion","Pear","Runic Cube","Potion Belt","Happy Flower","Turnip","Bag of Marbles","Juzu Bracelet","Mango","Ice Cream","Lantern"],"potions_floor_usage":[8,8,21,21,21,31,33,39,40,42,50,54,55,55,55,55],"damage_taken":[{"damage":0,"enemies":"2 Louse","floor":1,"turns":2},{"damage":0,"enemies":"Small Slimes","floor":3,"turns":3},{"damage":0,"enemies":"Jaw Worm","floor":4,"turns":4},{"damage":0,"enemies":"3 Louse","floor":5,"turns":1},{"damage":2,"enemies":"Red Slaver","floor":7,"turns":5},{"damage":35,"enemies":"3 Sentries","floor":8,"turns":8},{"damage":1,"enemies":"2 Fungi Beasts","floor":11,"turns":5},{"damage":12,"enemies":"3 Louse","floor":14,"turns":3},{"damage":5,"enemies":"The Guardian","floor":16,"turns":9},{"damage":0,"enemies":"3 Byrds","floor":18,"turns":3},{"damage":21,"enemies":"2 Thieves","floor":19,"turns":3},{"damage":6,"enemies":"Snake Plant","floor":20,"turns":3},{"damage":19,"enemies":"Sentry and Sphere","floor":21,"turns":5},{"damage":20,"enemies":"Gremlin Leader","floor":24,"turns":5},{"damage":7,"enemies":"Slavers","floor":28,"turns":2},{"damage":28,"enemies":"Gremlin Leader","floor":30,"turns":6},{"damage":2,"enemies":"Snecko","floor":31,"turns":6},{"damage":6,"enemies":"Champ","floor":33,"turns":9},{"damage":16,"enemies":"3 Shapes","floor":35,"turns":1},{"damage":10,"enemies":"Orb Walker","floor":36,"turns":7},{"damage":14,"enemies":"Maw","floor":37,"turns":6},{"damage":8,"enemies":"Sphere and 2 Shapes","floor":39,"turns":5},{"damage":93,"enemies":"Giant Head","floor":40,"turns":10},{"damage":0,"enemies":"Reptomancer","floor":42,"turns":4},{"damage":0,"enemies":"Mind Bloom Boss Battle","floor":46,"turns":8},{"damage":11,"enemies":"Spire Growth","floor":48,"turns":4},{"damage":67,"enemies":"Awakened One","floor":50,"turns":8},{"damage":76,"enemies":"Shield and Spear","floor":54,"turns":7},{"damage":98,"enemies":"The Heart","floor":55,"turns":8}],"seed_played":"2049951601770401293","potions_obtained":[{"floor":4,"key":"Strength Potion"},{"floor":7,"key":"Dexterity Potion"},{"floor":14,"key":"Dexterity Potion"},{"floor":19,"key":"ColorlessPotion"},{"floor":20,"key":"AttackPotion"},{"floor":24,"key":"Regen Potion"},{"floor":30,"key":"PowerPotion"},{"floor":31,"key":"SkillPotion"},{"floor":33,"key":"Dexterity Potion"},{"floor":35,"key":"Block Potion"},{"floor":37,"key":"Weak Potion"},{"floor":39,"key":"BloodPotion"},{"floor":40,"key":"DistilledChaos"},{"floor":42,"key":"Strength Potion"},{"floor":46,"key":"Regen Potion"},{"floor":48,"key":"Swift Potion"},{"floor":54,"key":"EssenceOfSteel"}],"is_trial":false,"path_per_floor":["M","?","M","M","M","R","M","E","T","$","M","?","R","M","R","B",null,"M","M","M","M","$","R","E","R","T","R","E","?","E","M","R","B",null,"M","M","M","$","M","E","R","E","T","?","R","?","?","M","R","B",null,"R","$","E","B",null],"character_chosen":"IRONCLAD","items_purchased":["Spot Weakness","Oddly Smooth Stone","True Grit","Potion Belt","Happy Flower","Ice Cream","FairyPotion"],"campfire_rested":1,"item_purchase_floors":[10,22,22,38,38,53,53],"current_hp_per_floor":[80,60,66,72,78,78,80,51,51,51,58,51,51,45,45,48,84,86,71,73,62,62,62,50,50,50,50,51,35,25,46,46,46,108,98,108,112,112,110,42,76,92,92,92,92,132,132,134,134,73,134,134,134,102,52],"gold":92,"neow_bonus":"ONE_RARE_RELIC","is_prod":false,"is_daily":false,"chose_seed":false,"campfire_upgraded":9,"win_rate":0,"timestamp":1607511083,"path_taken":["M","?","M","M","M","R","M","E","T","$","M","?","R","M","R","BOSS","M","M","M","M","$","R","E","R","T","R","E","?","E","M","R","BOSS","M","M","M","$","M","E","R","E","T","?","R","?","?","M","R","BOSS","R","$","E","BOSS"],"build_version":"2020-11-30","purchased_purges":2,"victory":true,"max_hp_per_floor":[80,80,80,80,80,80,80,80,80,80,82,82,82,82,82,84,84,86,86,88,90,90,90,92,92,92,92,94,94,106,108,108,108,108,108,110,112,112,112,114,114,116,116,116,116,132,132,134,134,134,134,134,134,136,136],"relic_stats":{"Busted Crown":36,"Singing Bowl":32,"Happy Flower":[18],"counters":[29,150],"Pen Nib":[12],"Turnip":[2],"Juzu Bracelet":0,"obtain_stats":[{"Potion Belt":38,"Ice Cream":53,"Lantern":54,"Pear":30,"Singing Bowl":8,"Happy Flower":38,"Golden Idol":2,"Oddly Smooth Stone":22,"Enchiridion":29,"Mango":46,"Pen Nib":24,"Juzu Bracelet":43,"Ancient Tea Set":9,"Burning Blood":0,"White Beast Statue":28,"Busted Crown":17,"Turnip":40,"Bag of Marbles":42,"Pocketwatch":0,"Runic Cube":34},{"Potion Belt":21,"Ice Cream":27,"Lantern":28,"Pear":16,"Singing Bowl":6,"Happy Flower":21,"Golden Idol":1,"Oddly Smooth Stone":13,"Enchiridion":15,"Mango":25,"Pen Nib":14,"Juzu Bracelet":24,"Ancient Tea Set":6,"Burning Blood":0,"White Beast Statue":15,"Busted Crown":9,"Turnip":23,"Bag of Marbles":24,"Pocketwatch":0,"Runic Cube":18},{"Potion Belt":96,"Ice Cream":135,"Lantern":142,"Pear":67,"Singing Bowl":23,"Happy Flower":96,"Golden Idol":2,"Oddly Smooth Stone":54,"Enchiridion":61,"Mango":123,"Pen Nib":59,"Juzu Bracelet":115,"Ancient Tea Set":23,"Burning Blood":0,"White Beast Statue":61,"Busted Crown":40,"Turnip":111,"Bag of Marbles":115,"Pocketwatch":0,"Runic Cube":82}],"Burning Blood":146,"Pocketwatch":[305],"Runic Cube":[48]},"card_choices":[{"not_picked":["Cleave","Sword Boomerang"],"picked":"Disarm","floor":1},{"not_picked":["Flex","Body Slam"],"picked":"Flame Barrier","floor":3},{"not_picked":["Sword Boomerang","Dropkick"],"picked":"Whirlwind","floor":4},{"not_picked":["Shrug It Off","Dark Embrace","Body Slam"],"picked":"SKIP","floor":5},{"not_picked":["Dual Wield","Sword Boomerang","Battle Trance"],"picked":"SKIP","floor":7},{"not_picked":["Warcry","True Grit"],"picked":"Headbutt","floor":8},{"not_picked":["Hemokinesis","Dark Embrace","Wild Strike"],"picked":"Singing Bowl","floor":11},{"not_picked":["Body Slam","Burning Pact"],"picked":"Heavy Blade","floor":14},{"not_picked":["Berserk","Bludgeon","Brutality"],"picked":"Singing Bowl","floor":16},{"not_picked":["Iron Wave"],"picked":"Singing Bowl","floor":18},{"not_picked":[],"picked":"Heavy Blade","floor":19},{"not_picked":["Perfected Strike"],"picked":"Singing Bowl","floor":20},{"not_picked":["Iron Wave+1"],"picked":"Singing Bowl","floor":21},{"not_picked":["Perfected Strike"],"picked":"Singing Bowl","floor":24},{"not_picked":["Anger+1"],"picked":"Singing Bowl","floor":28},{"not_picked":["Havoc"],"picked":"Singing Bowl","floor":30},{"not_picked":["Pommel Strike+1"],"picked":"Singing Bowl","floor":31},{"not_picked":[],"picked":"Reaper","floor":33},{"not_picked":[],"picked":"True Grit+1","floor":35},{"not_picked":["True Grit"],"picked":"Singing Bowl","floor":36},{"not_picked":["Cleave+1"],"picked":"Singing Bowl","floor":37},{"not_picked":[],"picked":"Uppercut+1","floor":39},{"not_picked":["Seeing Red+1"],"picked":"Singing Bowl","floor":40},{"not_picked":["Barricade"],"picked":"Singing Bowl","floor":42},{"not_picked":["Iron Wave+1"],"picked":"Singing Bowl","floor":46},{"not_picked":["Dark Embrace"],"picked":"Singing Bowl","floor":48},{"not_picked":["Rupture"],"picked":"Singing Bowl","floor":54}],"player_experience":283875,"relics_obtained":[{"floor":8,"key":"Singing Bowl"},{"floor":9,"key":"Ancient Tea Set"},{"floor":24,"key":"Pen Nib"},{"floor":28,"key":"White Beast Statue"},{"floor":29,"key":"Enchiridion"},{"floor":30,"key":"Pear"},{"floor":40,"key":"Turnip"},{"floor":42,"key":"Bag of Marbles"},{"floor":43,"key":"Juzu Bracelet"},{"floor":46,"key":"Mango"},{"floor":54,"key":"Lantern"}],"event_choices":[{"damage_healed":0,"gold_gain":0,"player_choice":"Take Damage","damage_taken":20,"relics_obtained":["Golden Idol"],"max_hp_gain":0,"max_hp_loss":0,"event_name":"Golden Idol","floor":2,"gold_loss":0},{"cards_removed":["Strike_R"],"damage_healed":0,"gold_gain":0,"player_choice":"Card Removal","damage_taken":7,"max_hp_gain":0,"max_hp_loss":0,"event_name":"Golden Wing","floor":12,"gold_loss":0},{"damage_healed":0,"gold_gain":0,"player_choice":"Obtained Book","damage_taken":16,"max_hp_gain":0,"max_hp_loss":0,"event_name":"Cursed Tome","floor":29,"gold_loss":0},{"damage_healed":0,"gold_gain":333,"player_choice":"Gave Idol","damage_taken":0,"max_hp_gain":0,"max_hp_loss":0,"event_name":"The Moai Head","floor":44,"relics_lost":["Golden Idol"],"gold_loss":0},{"damage_healed":0,"gold_gain":0,"player_choice":"Fight","damage_taken":0,"max_hp_gain":0,"max_hp_loss":0,"event_name":"MindBloom","floor":46,"gold_loss":0},{"damage_healed":0,"gold_gain":0,"player_choice":"0 cards matched","damage_taken":0,"max_hp_gain":0,"max_hp_loss":0,"event_name":"Match and Keep!","floor":47,"gold_loss":0,"cards_obtained":[]}],"is_beta":false,"boss_relics":[{"not_picked":["Snecko Eye","Black Blood"],"picked":"Busted Crown"},{"not_picked":["Fusion Hammer","Cursed Key"],"picked":"Runic Cube"}],"items_purged_floors":[10,53],"is_endless":false,"potions_floor_spawned":[4,7,14,19,20,24,30,31,33,35,36,37,39,40,42,46,48,54],"ascension_level":3}}