{"host":"kd4j2frnkbryk9ie","time":1607480720,"event":{"gold_per_floor":[119,52,70,70,70,70,70,70,145,172,172,184,202,202,272,288,288,385,385,397,415,430,430,430],"floor_reached":23,"playtime":740,"items_purged":[],"score":216,"play_id":"a75375cf-8ed7-469a-87fc-d2f87a9509d9","local_time":"20201209032520","is_ascension_mode":false,"campfire_choices":[{"data":"Feed","floor":8,"key":"SMITH"},{"data":"Metallicize","floor":14,"key":"SMITH"},{"data":"Disarm","floor":17,"key":"SMITH"}],"neow_cost":"NONE","seed_source_timestamp":144236612234700,"circlet_count":0,"master_deck":["Strike_R","Strike_R+1","Strike_R","Strike_R","Strike_R","Defend_R","Defend_R","Defend_R","Defend_R","Bash","Metallicize+1","Feed+1","Sickly","Feel No Pain","Perfected Strike","Disarm+1","Body Slam","Demon Form","Fire Breathing","Shrug It Off","Run Through"],"relics":["Burning Blood","NeowsBlessing","ReplayTheSpireMod:Ring of Addiction","ReplayTheSpireMod:Ring of Challenge","SacredBark","White Beast Statue","ReplayTheSpireMod:TigerMarble","CaptainsWheel","Ornamental Fan","SlaversCollar"],"potions_floor_usage":[21,22,22,23,23],"damage_taken":[{"damage":0,"enemies":"Jaw Worm","floor":1,"turns":1},{"damage":0,"enemies":"2 Louse","floor":3,"turns":1},{"damage":0,"enemies":"Lagavulin","floor":10,"turns":1},{"damage":6,"enemies":"Cultist","floor":12,"turns":3},{"damage":8,"enemies":"3 Louse","floor":13,"turns":3},{"damage":12,"enemies":"Looter","floor":16,"turns":3},{"damage":68,"enemies":"Hexaghost","floor":18,"turns":15},{"damage":5,"enemies":"Spheric Guardian","floor":20,"turns":5},{"damage":28,"enemies":"2 Thieves","floor":21,"turns":5},{"damage":39,"enemies":"Centurion and Healer","floor":22,"turns":5},{"damage":29,"enemies":"Shelled Parasite and Fungi","floor":23,"turns":3}],"seed_played":"129440029814753660","potions_obtained":[{"floor":6,"key":"Strength Potion"},{"floor":6,"key":"Toxic Potion"},{"floor":6,"key":"Fire Potion"},{"floor":16,"key":"Fire Potion"},{"floor":21,"key":"Slimebound:ThreeZeroPotion"},{"floor":22,"key":"Elixir"}],"is_trial":false,"path_per_floor":["M","$","M","PTL","PTL","?","?","R","?","E","T","M","M","R","T","M","R","B",null,"M","M","M","M"],"character_chosen":"IRONCLAD","items_purchased":["Metallicize"],"campfire_rested":0,"item_purchase_floors":[2],"current_hp_per_floor":[80,80,80,80,80,80,80,80,69,75,75,75,77,77,77,71,71,13,76,76,54,25,0,0],"gold":430,"neow_bonus":"THREE_ENEMY_KILL","is_prod":false,"is_daily":false,"chose_seed":false,"campfire_upgraded":3,"win_rate":0,"timestamp":1607480720,"path_taken":["M","$","M","PTL","PTL","?","?","R","?","E","T","M","M","R","?","M","R","BOSS","M","M","?","M"],"build_version":"2020-11-30","purchased_purges":0,"victory":false,"max_hp_per_floor":[80,80,80,80,80,80,80,80,80,78,78,78,80,80,80,78,78,78,76,76,76,80,80,80],"card_choices":[{"not_picked":["Iron Wave","ReplayTheSpireMod:Strike From Hell","Thunderclap"],"picked":"SKIP","floor":1},{"not_picked":["Body Slam","True Grit"],"picked":"Feed","floor":3},{"not_picked":["ReplayTheSpireMod:Limb From Limb","ReplayTheSpireMod:Muscle Training"],"picked":"Feel No Pain","floor":10},{"not_picked":["Wild Strike","Intimidate"],"picked":"Perfected Strike","floor":12},{"not_picked":["Hemokinesis","Dark Embrace"],"picked":"Disarm","floor":13},{"not_picked":["Heavy Blade","Dual Wield"],"picked":"Body Slam","floor":16},{"not_picked":["Offering","Immolate"],"picked":"Demon Form","floor":18},{"not_picked":["Dropkick","Combust"],"picked":"Fire Breathing","floor":20},{"not_picked":["Iron Wave","Havoc"],"picked":"Shrug It Off","floor":21},{"not_picked":["Havoc","Life Link"],"picked":"Run Through","floor":22}],"player_experience":124610,"relics_obtained":[{"floor":6,"key":"ReplayTheSpireMod:Ring of Addiction"},{"floor":6,"key":"ReplayTheSpireMod:Ring of Challenge"},{"floor":6,"key":"SacredBark"},{"floor":6,"key":"White Beast Statue"},{"floor":10,"key":"ReplayTheSpireMod:TigerMarble"},{"floor":11,"key":"CaptainsWheel"},{"floor":15,"key":"Ornamental Fan"}],"event_choices":[{"damage_healed":0,"gold_gain":75,"player_choice":"Gather Gold","damage_taken":11,"max_hp_gain":0,"max_hp_loss":0,"event_name":"World of Goop","floor":9,"gold_loss":0}],"is_beta":false,"boss_relics":[{"not_picked":["Ooze Armor","Runic Dome"],"picked":"SlaversCollar"}],"items_purged_floors":[],"is_endless":false,"potions_floor_spawned":[10,12,13,16,18,20,21,22],"killed_by":"Shelled Parasite and Fungi","ascension_level":0}}