{"host":"sqkk9o2m8hbeeiah","time":1607524891,"event":{"gold_per_floor":[110,316,316,207,207,239,239,239,289,289,289,289,37,54,54,157,157,167,193,43,43,43,43,43,43,43,43,43,43,73,111,111,125,125],"floor_reached":33,"playtime":1330,"items_purged":[],"score":262,"play_id":"90aa0521-fead-49af-ac56-7b357759388f","local_time":"20201210014131","daily_mods":["Draft","Flight","Lethality"],"is_ascension_mode":false,"campfire_choices":[{"floor":7,"key":"REST"},{"floor":8,"key":"REST"},{"floor":10,"key":"REST"},{"floor":11,"key":"REST"},{"floor":12,"key":"REST"},{"floor":15,"key":"REST"},{"floor":23,"key":"REST"},{"floor":27,"key":"REST"},{"floor":29,"key":"REST"},{"floor":32,"key":"REST"}],"neow_cost":"","seed_source_timestamp":0,"circlet_count":0,"master_deck":["somnambulantmod: BadIdea+1","somnambulantmod: OpeningUp+1","somnambulantmod: Remember+1","somnambulantmod: DarkeningMind","somnambulantmod: Cower+1","somnambulantmod: Stumble","somnambulantmod: Nosebleed","somnambulantmod: HorrificThought+1","somnambulantmod: ImpenetrableMind+1","somnambulantmod: Trauma+1","somnambulantmod: Sleepyhead","somnambulantmod: SnuggleUp","somnambulantmod: UnthoughtKnown+1","somnambulantmod: Reject+1","somnambulantmod: Pinch+1","somnambulantmod: DarkeningMind","somnambulantmod: Blink+1","somnambulantmod: TimeCompression","somnambulantmod: NightmareFuel+1","somnambulantmod: Reject+1","somnambulantmod: HeavyLids","somnambulantmod: Inspiration","somnambulantmod: SleepingBody+1","somnambulantmod: Pinch","somnambulantmod: MuscleMemory+1","somnambulantmod: Unmake"],"relics":["somnambulantmod: DreamJournal","Replay:Bandana","PreservedInsect","Chameleon Ring","construct:ClawGrip","Omamori","MealTicket","Bottled Flame"],"potions_floor_usage":[16,19,30,31,31],"damage_taken":[{"damage":11,"enemies":"Jaw Worm","floor":1,"turns":2},{"damage":22,"enemies":"Replay:BlueRogue","floor":6,"turns":5},{"damage":0,"enemies":"2 Louse","floor":14,"turns":1},{"damage":32,"enemies":"Slime Boss","floor":16,"turns":7},{"damage":21,"enemies":"Shell Parasite","floor":18,"turns":6},{"damage":0,"enemies":"Spheric Guardian","floor":19,"turns":1},{"damage":15,"enemies":"Cultist and Chosen","floor":30,"turns":6},{"damage":32,"enemies":"Centurion and Healer","floor":31,"turns":4},{"damage":77,"enemies":"Pondfish","floor":33,"turns":3}],"seed_played":"904391223194304100","potions_obtained":[{"floor":6,"key":"Weak Potion"},{"floor":18,"key":"Energy Potion"},{"floor":19,"key":"CultistPotion"},{"floor":25,"key":"Strength Potion"},{"floor":25,"key":"SkillPotion"}],"is_trial":true,"path_per_floor":["M","?","?","$","?","E","R","R","T","R","R","R","$","M","R","B",null,"M","M","$","?","$","R","?","R","T","R","?","R","M","M","R","B"],"character_chosen":"THE_SOMNAMBULANT","items_purchased":["somnambulantmod: TimeCompression","somnambulantmod: NightmareFuel","Chameleon Ring","Omamori"],"campfire_rested":10,"item_purchase_floors":[4,4,13,20],"current_hp_per_floor":[59,59,45,45,45,23,46,69,69,76,78,80,80,80,82,50,82,61,61,61,61,61,84,84,84,84,86,86,88,73,41,69,0,0],"gold":125,"neow_bonus":"","is_prod":false,"is_daily":false,"chose_seed":false,"campfire_upgraded":0,"win_rate":0,"timestamp":1607524891,"path_taken":["M","?","?","$","?","E","R","R","T","R","R","R","$","M","R","BOSS","M","M","$","?","?","R","?","R","T","R","?","R","M","M","R","BOSS"],"build_version":"2020-11-30","purchased_purges":0,"victory":false,"max_hp_per_floor":[70,70,70,70,70,70,72,74,74,76,78,80,80,80,82,82,82,82,82,82,82,82,84,84,84,84,86,86,88,88,88,90,90,90],"card_choices":[{"not_picked":["somnambulantmod: HeadSmack","somnambulantmod: Pinch"],"picked":"somnambulantmod: BadIdea","floor":0},{"not_picked":["somnambulantmod: Bruise","somnambulantmod: HeavyLids"],"picked":"somnambulantmod: OpeningUp","floor":0},{"not_picked":["somnambulantmod: Unknow","somnambulantmod: Nosebleed"],"picked":"somnambulantmod: Remember","floor":0},{"not_picked":["somnambulantmod: Unknow","somnambulantmod: ShimmeringVeil"],"picked":"somnambulantmod: DarkeningMind","floor":0},{"not_picked":["somnambulantmod: DarkeningMind","somnambulantmod: AllForNothing"],"picked":"somnambulantmod: Cower","floor":0},{"not_picked":["somnambulantmod: LeechFears","somnambulantmod: Pinch"],"picked":"somnambulantmod: Stumble","floor":0},{"not_picked":["somnambulantmod: InLimbo","somnambulantmod: PillowFort"],"picked":"somnambulantmod: Nosebleed","floor":0},{"not_picked":["somnambulantmod: Unknow","somnambulantmod: Unmake"],"picked":"somnambulantmod: HorrificThought","floor":0},{"not_picked":["somnambulantmod: Sleepyhead","somnambulantmod: HorrificThought"],"picked":"somnambulantmod: ImpenetrableMind","floor":0},{"not_picked":["somnambulantmod: InLimbo","somnambulantmod: RecurringDream"],"picked":"somnambulantmod: Trauma","floor":0},{"not_picked":["somnambulantmod: TrepanningBlow","somnambulantmod: UnthoughtKnown"],"picked":"somnambulantmod: Sleepyhead","floor":0},{"not_picked":["somnambulantmod: LightSleeper","somnambulantmod: Trauma"],"picked":"somnambulantmod: SnuggleUp","floor":0},{"not_picked":["somnambulantmod: TrepanningBlow","somnambulantmod: Hush"],"picked":"somnambulantmod: UnthoughtKnown","floor":0},{"not_picked":["somnambulantmod: Extract","somnambulantmod: ShowerThought"],"picked":"somnambulantmod: Reject","floor":0},{"not_picked":["somnambulantmod: Trauma","somnambulantmod: DeeperSleep"],"picked":"somnambulantmod: Pinch","floor":0},{"not_picked":["somnambulantmod: TrepanningBlow","somnambulantmod: Bruise"],"picked":"somnambulantmod: DarkeningMind","floor":1},{"not_picked":["somnambulantmod: HeadSmack","somnambulantmod: Withdraw"],"picked":"somnambulantmod: Blink","floor":2},{"not_picked":["somnambulantmod: Unmake","somnambulantmod: TrepanningBlow"],"picked":"somnambulantmod: Reject","floor":6},{"not_picked":["somnambulantmod: Nosebleed","somnambulantmod: ImpenetrableMind"],"picked":"somnambulantmod: HeavyLids","floor":14},{"not_picked":["somnambulantmod: RuthlessStudy","somnambulantmod: GalaxyBrain"],"picked":"somnambulantmod: Inspiration","floor":16},{"not_picked":["somnambulantmod: ImpenetrableMind","somnambulantmod: Trauma"],"picked":"somnambulantmod: SleepingBody+1","floor":18},{"not_picked":["somnambulantmod: UnthoughtKnown+1","somnambulantmod: Hush"],"picked":"somnambulantmod: Pinch","floor":19},{"not_picked":["somnambulantmod: AllForNothing","somnambulantmod: MindWave"],"picked":"somnambulantmod: MuscleMemory+1","floor":30},{"not_picked":["somnambulantmod: Stumble","somnambulantmod: InLimbo+1"],"picked":"somnambulantmod: Unmake","floor":31}],"player_experience":778593,"relics_obtained":[{"floor":6,"key":"Replay:Bandana"},{"floor":9,"key":"PreservedInsect"},{"floor":26,"key":"Bottled Flame"}],"event_choices":[{"damage_healed":0,"gold_gain":0,"player_choice":"Entered Light","damage_taken":14,"max_hp_gain":0,"max_hp_loss":0,"event_name":"Shining Light","floor":3,"gold_loss":0,"cards_upgraded":["somnambulantmod: Blink","somnambulantmod: Remember"]},{"cards_removed":["somnambulantmod: Blink"],"damage_healed":0,"gold_gain":0,"player_choice":"Give","damage_taken":0,"max_hp_gain":0,"max_hp_loss":0,"event_name":"betterNote:BetterNote","floor":21,"gold_loss":0,"cards_obtained":["astrologer:Radiance"]},{"damage_healed":0,"gold_gain":0,"player_choice":"Stole Relic","damage_taken":0,"relics_obtained":["MealTicket"],"max_hp_gain":0,"max_hp_loss":0,"event_name":"Addict","floor":24,"gold_loss":0,"cards_obtained":["Shame"]},{"cards_removed":["ReplayTheSpireMod:Splinters"],"damage_healed":0,"gold_gain":0,"player_choice":"Purged","damage_taken":0,"max_hp_gain":0,"max_hp_loss":0,"event_name":"Purifier","floor":28,"gold_loss":0}],"is_beta":false,"boss_relics":[{"not_picked":["Sozu","Painkiller Herb"],"picked":"construct:ClawGrip"}],"items_purged_floors":[],"is_endless":false,"potions_floor_spawned":[6,18,19],"killed_by":"Pondfish","ascension_level":0}}