{"host":"ec2wu4mdnvke243f","time":1607526804,"event":{"gold_per_floor":[99,99,99,112,112,97,97,113,113,148,164,177,195,206,217,217,217],"floor_reached":16,"playtime":882,"items_purged":[],"score":109,"play_id":"a60b5e27-8498-4d92-87b2-76bea0143636","local_time":"20201209161324","is_ascension_mode":true,"campfire_choices":[{"floor":1,"key":"RECALL"},{"data":"expansioncontent:DashGenerateEvil","floor":9,"key":"SMITH"}],"neow_cost":"PERCENT_DAMAGE","seed_source_timestamp":194413228304200,"circlet_count":0,"master_deck":["hermit:Strike_Hermit","hermit:Strike_Hermit","hermit:Strike_Hermit","hermit:Defend_Hermit","hermit:Defend_Hermit","hermit:Defend_Hermit","hermit:Defend_Hermit","hermit:Snapshot","hermit:Covet","expansioncontent:DashGenerateEvil+1","hermit:HighCaliber","Writhe","Shame","infinitespire:TheBestDefense","hermit:CursedWeapon","hermit:BlackWind","hermit:Snipe","hermit:Coalescence","hermit:EyeOfTheStorm","hermit:FlashPowder"],"relics":["hermit:Momento","Lantern","Pen Nib"],"potions_floor_usage":[13,16],"damage_taken":[{"damage":0,"enemies":"Jaw Worm","floor":4,"turns":2},{"damage":5,"enemies":"downfall:FleeingMerchant","floor":6,"turns":4},{"damage":0,"enemies":"2 Louse","floor":8,"turns":2},{"damage":19,"enemies":"3 Sentries","floor":10,"turns":11},{"damage":0,"enemies":"Cultist","floor":11,"turns":1},{"damage":0,"enemies":"Large Slime","floor":12,"turns":3},{"damage":2,"enemies":"Gremlin Gang","floor":13,"turns":1},{"damage":8,"enemies":"Exordium Thugs","floor":14,"turns":6},{"damage":0,"enemies":"Red Slaver","floor":15,"turns":1},{"damage":15,"enemies":"downfall:CharBossIronclad","floor":16,"turns":5}],"seed_played":"6115391223002811904","potions_obtained":[{"floor":10,"key":"DistilledChaos"},{"floor":13,"key":"GamblersBrew"},{"floor":14,"key":"Ancient Potion"}],"is_trial":false,"path_per_floor":["R","?","?","M","?","$","T","M","R","E","M","M","M","M","M","B"],"character_chosen":"HERMIT","items_purchased":[],"campfire_rested":0,"item_purchase_floors":[],"current_hp_per_floor":[54,54,36,36,36,31,31,31,31,12,12,12,10,2,2,0,0],"gold":217,"neow_bonus":"RANDOM_COLORLESS_2","is_prod":false,"is_daily":false,"chose_seed":false,"campfire_upgraded":1,"win_rate":0,"timestamp":1607526804,"path_taken":["R","?","?","M","?","?","T","M","R","E","M","M","?","?","M","BOSS"],"build_version":"2020-11-30","purchased_purges":0,"victory":false,"max_hp_per_floor":[75,75,75,75,75,75,75,75,75,75,75,75,75,75,75,75,75],"card_choices":[{"not_picked":["Mayhem","Panache"],"picked":"expansioncontent:DashGenerateEvil","floor":0},{"not_picked":["hermit:LowProfile","hermit:Combo"],"picked":"hermit:HighCaliber","floor":4},{"not_picked":["infinitespire:SevenWalls","infinitespire:Punishment"],"picked":"infinitespire:TheBestDefense","floor":5},{"not_picked":["hermit:CalledShot","hermit:Vantage"],"picked":"hermit:CursedWeapon","floor":8},{"not_picked":["hermit:Misfire","hermit:LowProfile"],"picked":"hermit:BlackWind","floor":10},{"not_picked":["hermit:Glare","hermit:HighCaliber"],"picked":"hermit:Snipe","floor":11},{"not_picked":["hermit:ItchyTrigger","hermit:WideOpen"],"picked":"hermit:Coalescence","floor":12},{"not_picked":["hermit:Combo","hermit:Coalescence"],"picked":"hermit:EyeOfTheStorm","floor":13},{"not_picked":["hermit:Desperado","hermit:HoleUp","hermit:Misfire"],"picked":"SKIP","floor":14},{"not_picked":["hermit:Desperado","hermit:TakeCover"],"picked":"hermit:FlashPowder","floor":15}],"player_experience":491330,"relics_obtained":[{"floor":10,"key":"Pen Nib"}],"event_choices":[{"damage_healed":0,"gold_gain":0,"player_choice":"Success","damage_taken":18,"relics_obtained":["Lantern"],"max_hp_gain":0,"max_hp_loss":0,"event_name":"Scrap Ooze","floor":3,"gold_loss":0}],"is_beta":false,"boss_relics":[],"items_purged_floors":[],"is_endless":false,"potions_floor_spawned":[10,13,14],"killed_by":"downfall:CharBossIronclad","ascension_level":1}}