{"host":"sp1zv0ju5tlq9i78","time":1607487426,"event":{"gold_per_floor":[112,79,79,79,90,90,90,103,129,156,176,13,37,66,66,169,219,236,157,172,192,207,207,207,241,241,241,252,13,28,62,62,158,158,173,0,11,11,23,23,0,0,0,14,47,47,47,47,47],"floor_reached":48,"playtime":2412,"items_purged":["RobotSpaceExplorer:Strike","RobotSpaceExplorer:Strike"],"score":583,"play_id":"b1c6c83f-6d16-4764-a585-7040c47e0475","local_time":"20201208221706","is_ascension_mode":false,"campfire_choices":[{"floor":6,"key":"RECALL"},{"floor":15,"key":"REST"},{"floor":23,"key":"REST"},{"floor":27,"key":"REST"},{"floor":32,"key":"REST"},{"floor":40,"key":"REST"},{"floor":42,"key":"REST"},{"floor":46,"key":"REST"}],"neow_cost":"NONE","seed_source_timestamp":179144227790700,"circlet_count":0,"master_deck":["RobotSpaceExplorer:Scan","RobotSpaceExplorer:MiniLasers","RobotSpaceExplorer:PowerGlove","RobotSpaceExplorer:SurgingStrike","RobotSpaceExplorer:SurgingStrike","RobotSpaceExplorer:ShovelStrike","RobotSpaceExplorer:Jetpack","RobotSpaceExplorer:Pulsar","RobotSpaceExplorer:TurboDodge+1","RobotSpaceExplorer:Comet+1","RobotSpaceExplorer:ShockMissile","RobotSpaceExplorer:ScrapMissile","RobotSpaceExplorer:MetalStrike","RobotSpaceExplorer:ImprovisedAttack","RobotSpaceExplorer:SurgingStrike","RobotSpaceExplorer:LaserBurst","RobotSpaceExplorer:SurgingShield+1","RobotSpaceExplorer:SurgingStrike","RobotSpaceExplorer:LuckyStrike","RobotSpaceExplorer:TrailblazerForm","RobotSpaceExplorer:Probe+1","RobotSpaceExplorer:LuckyStrike+1","RobotSpaceExplorer:MiniDrones+1","RobotSpaceExplorer:Blaster+1","RobotSpaceExplorer:Explosion+1","RobotSpaceExplorer:FrostMissile+1","RobotSpaceExplorer:HighVoltage+1","RobotSpaceExplorer:SlimeMissile+1","RobotSpaceExplorer:Counterblock","RobotSpaceExplorer:ScrapToss+1","RobotSpaceExplorer:Calculate+1","RobotSpaceExplorer:MetalStrike+1","RobotSpaceExplorer:ShovelStrike+1","RobotSpaceExplorer:StunGrenade+1","RobotSpaceExplorer:Probe+1"],"relics":["RobotSpaceExplorer:RoboCore","NeowsBlessing","betterThird:SlimedRelic","Bottled Tornado","Membership Card","Odd Mushroom","Nunchaku","Tiny House","Matryoshka","Pear","vexMod:RedPlottingStone","Molten Egg 2","Frozen Egg 2","Pandora\u0027s Box","Red Mask","Toy Ornithopter","Question Card","Singing Bowl"],"potions_floor_usage":[11,14,14,16,25,25,31,31],"damage_taken":[{"damage":0,"enemies":"Small Slimes","floor":1,"turns":1},{"damage":0,"enemies":"Cultist","floor":5,"turns":1},{"damage":0,"enemies":"2 Louse","floor":8,"turns":1},{"damage":47,"enemies":"Gremlin Nob","floor":10,"turns":5},{"damage":3,"enemies":"Large Slime","floor":11,"turns":5},{"damage":8,"enemies":"The Mushroom Lair","floor":13,"turns":5},{"damage":16,"enemies":"Lagavulin","floor":14,"turns":7},{"damage":10,"enemies":"Hexaghost","floor":16,"turns":12},{"damage":9,"enemies":"Shell Parasite","floor":18,"turns":6},{"damage":8,"enemies":"Spheric Guardian","floor":20,"turns":6},{"damage":0,"enemies":"Snecko","floor":21,"turns":4},{"damage":21,"enemies":"Sentry and Sphere","floor":22,"turns":6},{"damage":48,"enemies":"Slavers","floor":25,"turns":6},{"damage":32,"enemies":"Shelled Parasite and Fungi","floor":28,"turns":8},{"damage":19,"enemies":"Snake Plant","floor":30,"turns":4},{"damage":22,"enemies":"Gremlin Leader","floor":31,"turns":6},{"damage":9,"enemies":"Champ","floor":33,"turns":9},{"damage":6,"enemies":"Orb Walker","floor":35,"turns":4},{"damage":39,"enemies":"3 Shapes","floor":37,"turns":4},{"damage":16,"enemies":"Transient","floor":39,"turns":5},{"damage":26,"enemies":"3 Darklings","floor":44,"turns":6},{"damage":35,"enemies":"Giant Head","floor":45,"turns":8},{"damage":73,"enemies":"4 Shapes","floor":48,"turns":3}],"seed_played":"-8785222667603272987","potions_obtained":[{"floor":1,"key":"SpeedPotion"},{"floor":4,"key":"Regen Potion"},{"floor":4,"key":"AttackPotion"},{"floor":4,"key":"Regen Potion"},{"floor":14,"key":"SpeedPotion"},{"floor":16,"key":"Fruit Juice"},{"floor":17,"key":"GamblersBrew"},{"floor":18,"key":"Regen Potion"},{"floor":20,"key":"Fire Potion"},{"floor":25,"key":"Fire Potion"},{"floor":31,"key":"RobotSpaceExplorer:RecyclePotion"},{"floor":33,"key":"EssenceOfSteel"},{"floor":37,"key":"Dexterity Potion"},{"floor":44,"key":"BlessingOfTheForge"}],"is_trial":false,"path_per_floor":["M","?","$","?","M","R","?","M","T","E","M","$","?","E","R","B",null,"M","$","M","M","M","R","?","E","T","R","M","$","M","E","R","B",null,"M","?","M","$","M","R","$","R","T","M","E","R","?","M"],"character_chosen":"RobotSpaceExplorer","items_purchased":["Membership Card","RobotSpaceExplorer:Pulsar","RobotSpaceExplorer:ImprovisedAttack","RobotSpaceExplorer:SurgingStrike","SmokeBomb","Molten Egg 2","RobotSpaceExplorer:Probe+1","RobotSpaceExplorer:ShovelStrike+1"],"campfire_rested":7,"item_purchase_floors":[12,12,19,19,29,29,29,41],"current_hp_per_floor":[75,64,64,64,64,64,57,57,57,10,21,21,13,12,34,29,85,76,76,68,68,47,72,72,38,48,76,44,44,25,3,31,22,95,89,89,50,50,34,62,62,90,90,64,29,57,57,0,0],"gold":47,"neow_bonus":"THREE_ENEMY_KILL","is_prod":false,"is_daily":false,"chose_seed":false,"campfire_upgraded":0,"win_rate":0.0,"timestamp":1607487426,"path_taken":["M","?","$","?","?","R","?","M","T","E","M","$","?","E","R","BOSS","M","$","M","M","M","R","?","E","T","R","M","?","M","E","R","BOSS","M","?","M","$","M","R","$","R","T","M","E","R","?","M"],"build_version":"2020-11-30","purchased_purges":2,"victory":false,"max_hp_per_floor":[75,75,75,75,75,75,75,75,75,75,75,75,75,75,75,80,85,85,85,85,85,85,85,85,85,95,95,95,95,95,95,95,95,95,95,95,95,95,95,95,95,95,95,95,95,95,95,95,95],"card_choices":[{"not_picked":["RobotSpaceExplorer:ExhaustFan","RobotSpaceExplorer:StunGrenade"],"picked":"RobotSpaceExplorer:PowerGlove","floor":1},{"not_picked":["RobotSpaceExplorer:Probe","RobotSpaceExplorer:Pulsar"],"picked":"RobotSpaceExplorer:SurgingStrike","floor":5},{"not_picked":["RobotSpaceExplorer:GlueShot","RobotSpaceExplorer:JunkDive"],"picked":"RobotSpaceExplorer:SurgingStrike","floor":8},{"not_picked":["RobotSpaceExplorer:RigExplosive","RobotSpaceExplorer:Reload"],"picked":"RobotSpaceExplorer:ShovelStrike","floor":10},{"not_picked":["RobotSpaceExplorer:Counterblock","RobotSpaceExplorer:GlueShot"],"picked":"RobotSpaceExplorer:Jetpack","floor":11},{"not_picked":["RobotSpaceExplorer:Discharger","RobotSpaceExplorer:SurgingShield"],"picked":"RobotSpaceExplorer:TurboDodge","floor":13},{"not_picked":["RobotSpaceExplorer:Ammunition","RobotSpaceExplorer:StarDust"],"picked":"RobotSpaceExplorer:Comet","floor":14},{"not_picked":["RobotSpaceExplorer:Exploration","RobotSpaceExplorer:Explosion"],"picked":"RobotSpaceExplorer:ShockMissile","floor":16},{"not_picked":["RobotSpaceExplorer:Ammunition","RobotSpaceExplorer:GlueShot"],"picked":"RobotSpaceExplorer:ScrapMissile","floor":17},{"not_picked":["RobotSpaceExplorer:StunGrenade","RobotSpaceExplorer:ShovelStrike"],"picked":"RobotSpaceExplorer:MetalStrike","floor":18},{"not_picked":["RobotSpaceExplorer:Ammunition","RobotSpaceExplorer:FrostMissile"],"picked":"RobotSpaceExplorer:LaserBurst","floor":20},{"not_picked":["RobotSpaceExplorer:TrailblazerForm","RobotSpaceExplorer:SurgingStrike+1"],"picked":"RobotSpaceExplorer:SurgingShield+1","floor":21},{"not_picked":["RobotSpaceExplorer:Ammunition+1","RobotSpaceExplorer:StunGrenade"],"picked":"RobotSpaceExplorer:SurgingStrike","floor":22},{"not_picked":["RobotSpaceExplorer:Ammunition","RobotSpaceExplorer:ScrapMissile"],"picked":"RobotSpaceExplorer:LuckyStrike","floor":25},{"not_picked":["RobotSpaceExplorer:SlimeMissile","RobotSpaceExplorer:Reload"],"picked":"RobotSpaceExplorer:TrailblazerForm","floor":28},{"not_picked":["RobotSpaceExplorer:Calculate","RobotSpaceExplorer:FranticSearch+1"],"picked":"RobotSpaceExplorer:LuckyStrike+1","floor":30},{"not_picked":["RobotSpaceExplorer:FrostMissile+1","RobotSpaceExplorer:SwiftStep"],"picked":"RobotSpaceExplorer:MiniDrones+1","floor":31},{"not_picked":["RobotSpaceExplorer:TrailblazerForm+1","RobotSpaceExplorer:Scanner+1"],"picked":"RobotSpaceExplorer:Blaster+1","floor":33},{"not_picked":["RobotSpaceExplorer:ShovelStrike+1","RobotSpaceExplorer:StarDust+1"],"picked":"RobotSpaceExplorer:ScrapToss+1","floor":35},{"not_picked":["RobotSpaceExplorer:LaserBurst+1","RobotSpaceExplorer:Counterblock+1"],"picked":"RobotSpaceExplorer:Calculate+1","floor":37},{"not_picked":["RobotSpaceExplorer:StunGrenade+1","RobotSpaceExplorer:StarDust+1"],"picked":"RobotSpaceExplorer:MetalStrike+1","floor":39},{"not_picked":["RobotSpaceExplorer:ImprovisedAttack+1","RobotSpaceExplorer:ShockKick+1","RobotSpaceExplorer:Smokescreen"],"picked":"RobotSpaceExplorer:StunGrenade+1","floor":44},{"not_picked":["RobotSpaceExplorer:BlastShield","RobotSpaceExplorer:FreezingShield","RobotSpaceExplorer:MetalStrike+1"],"picked":"RobotSpaceExplorer:Probe+1","floor":45}],"player_experience":270816,"relics_obtained":[{"floor":10,"key":"Bottled Tornado"},{"floor":13,"key":"Odd Mushroom"},{"floor":14,"key":"Nunchaku"},{"floor":25,"key":"Matryoshka"},{"floor":26,"key":"Pear"},{"floor":26,"key":"vexMod:RedPlottingStone"},{"floor":31,"key":"Frozen Egg 2"},{"floor":43,"key":"Toy Ornithopter"},{"floor":43,"key":"Question Card"},{"floor":45,"key":"Singing Bowl"}],"event_choices":[{"damage_healed":0,"gold_gain":0,"player_choice":"Slimed","damage_taken":11,"max_hp_gain":0,"max_hp_loss":0,"event_name":"betterThird:BetterGoop","floor":2,"gold_loss":33},{"damage_healed":0,"gold_gain":0,"player_choice":"Got Potions","damage_taken":0,"max_hp_gain":0,"max_hp_loss":0,"event_name":"Lab","floor":4,"gold_loss":0},{"cards_removed":["RobotSpaceExplorer:Strike"],"damage_healed":0,"gold_gain":0,"player_choice":"Card Removal","damage_taken":7,"max_hp_gain":0,"max_hp_loss":0,"event_name":"Golden Wing","floor":7,"gold_loss":0},{"damage_healed":0,"gold_gain":0,"player_choice":"Fought Mushrooms","damage_taken":0,"max_hp_gain":0,"max_hp_loss":0,"event_name":"Mushrooms","floor":13,"gold_loss":0},{"damage_healed":0,"gold_gain":0,"player_choice":"Forge","damage_taken":0,"max_hp_gain":0,"max_hp_loss":0,"event_name":"Accursed Blacksmith","floor":24,"gold_loss":0,"cards_upgraded":["RobotSpaceExplorer:TurboDodge"]},{"damage_healed":0,"gold_gain":0,"player_choice":"Paid","damage_taken":0,"relics_obtained":["Red Mask"],"max_hp_gain":0,"max_hp_loss":0,"event_name":"Tomb of Lord Red Mask","floor":36,"gold_loss":173},{"damage_healed":0,"gold_gain":0,"player_choice":"Ignored","damage_taken":0,"max_hp_gain":0,"max_hp_loss":0,"event_name":"WeMeetAgain","floor":47,"gold_loss":0}],"is_beta":false,"boss_relics":[{"not_picked":["vexMod:RockOfEvil","Ectoplasm"],"picked":"Tiny House"},{"not_picked":["Runic Dome","Cursed Key"],"picked":"Pandora\u0027s Box"}],"items_purged_floors":[19,29],"is_endless":false,"potions_floor_spawned":[1,5,14,16,18,20,25,31,33,35,37,44],"killed_by":"4 Shapes","ascension_level":0}}