{"host":"zi8o4akxlgxypwgb","time":1607543461,"event":{"gold_per_floor":[117,36,55,3,21,21,21,32,32,32,79,79,105,105,132,147,147,246,246,264,43,73,90,90,121,121,151,178,209,149,167,367,377,377,377,377],"floor_reached":35,"playtime":1306,"items_purged":["Strike_G"],"score":417,"play_id":"6ad2f65e-8958-49cc-9cd0-4b8f25ba7930","local_time":"20201210035101","is_ascension_mode":true,"campfire_choices":[{"data":"Infinite Blades","floor":6.0,"key":"SMITH"},{"data":"Cloak And Dagger","floor":12.0,"key":"SMITH"},{"data":"Cloak And Dagger","floor":14.0,"key":"SMITH"},{"data":"Hidden Blade","floor":17.0,"key":"SMITH"},{"data":"Cloak And Dagger","floor":34,"key":"SMITH"}],"neow_cost":"NONE","seed_source_timestamp":27043192451248,"circlet_count":0,"master_deck":["Strike_G","Strike_G","Strike_G+1","Defend_G+1","Defend_G","Defend_G","Defend_G","Defend_G","Survivor","Neutralize","Hidden Blade+1","Infinite Blades+1","Quick Slash","Cloak And Dagger+1","Dagger Throw","Sucker Punch","Cloak And Dagger+1","Slice","ReplayTheSpireMod:The Works","Backflip","Adrenaline","Cloak And Dagger+1","Terror","Acrobatics","Underhanded Strike","Blade Dance","Fluid Movement","Calculated Gamble","Blade Dance+1","Hidden Blade+1","Hidden Blade","Cloak And Dagger+1","Backflip"],"special_seed":0,"relics":["WristBlade","Replay:Wax Seal","Anchor","Simple Rune","Snecko Eye","Red Mask","Toy Ornithopter","Juzu Bracelet","Akabeko","Snake Skull"],"potions_floor_usage":[27,29,35],"damage_taken":[{"damage":0.0,"enemies":"Cultist","floor":1.0,"turns":3.0},{"damage":6.0,"enemies":"Jaw Worm","floor":3.0,"turns":4.0},{"damage":0.0,"enemies":"Small Slimes","floor":5.0,"turns":3.0},{"damage":12.0,"enemies":"Exordium Thugs","floor":8.0,"turns":3.0},{"damage":0.0,"enemies":"Gremlin Nob","floor":13.0,"turns":3.0},{"damage":18.0,"enemies":"Lagavulin","floor":15.0,"turns":4.0},{"damage":0.0,"enemies":"Looter","floor":16.0,"turns":2.0},{"damage":30.0,"enemies":"The Guardian","floor":18.0,"turns":12.0},{"damage":0.0,"enemies":"3 Byrds","floor":20.0,"turns":4.0},{"damage":18,"enemies":"Masked Bandits","floor":22,"turns":4},{"damage":0,"enemies":"2 Thieves","floor":23,"turns":2},{"damage":0,"enemies":"Book of Stabbing","floor":25,"turns":3},{"damage":8,"enemies":"Gremlin Leader","floor":27,"turns":4},{"damage":11,"enemies":"Slavers","floor":29,"turns":3},{"damage":10,"enemies":"3 Cultists","floor":31,"turns":4},{"damage":0,"enemies":"Shelled Parasite and Fungi","floor":33,"turns":3},{"damage":50,"enemies":"Automaton","floor":35,"turns":6}],"seed_played":"5339213278019352799","potions_obtained":[{"floor":5.0,"key":"Swift Potion"},{"floor":13.0,"key":"Elixir"},{"floor":15.0,"key":"Strength Potion"},{"floor":18.0,"key":"Poison Potion"},{"floor":20.0,"key":"Reflective Coating"},{"floor":23,"key":"EntropicBrew"},{"floor":25,"key":"Flashbang"},{"floor":27,"key":"Explosive Potion"}],"is_trial":false,"path_per_floor":["M","$","M","$","M","R","?","M","PTL","PTL","T","R","E","R","E","M","R","B",null,"M","$","?","M","?","E","?","E","T","E","?","M","?","M","R","B"],"character_chosen":"THE_SILENT","items_purchased":["Infinite Blades","Cloak And Dagger","Terror","Acrobatics","Underhanded Strike"],"campfire_rested":0,"item_purchase_floors":[2,4,21,21,21],"current_hp_per_floor":[70,70,64,64,64,64,64,52,52,52,52,52,52,52,34,34,34,4,70,70,70,52,52,52,52,52,49,49,43,43,33,33,33,33,0,0],"gold":377,"neow_bonus":"BOSS_RELIC","is_prod":false,"is_daily":false,"chose_seed":false,"campfire_upgraded":5,"win_rate":0,"timestamp":1607543461,"path_taken":["M","$","M","?","M","R","?","M","PTL","PTL","T","R","E","R","E","?","R","BOSS","M","$","?","M","?","E","?","E","T","E","?","M","?","M","R","BOSS"],"build_version":"2020-11-30","purchased_purges":1,"victory":false,"max_hp_per_floor":[70,70,70,70,70,70,70,70,70,70,70,70,70,70,70,70,70,70,70,70,70,70,70,70,70,70,70,70,70,70,70,70,70,70,70,70],"card_choices":[{"not_picked":["Sucker Punch","PiercingWail"],"picked":"Hidden Blade","floor":1.0},{"not_picked":["Riddle With Holes","Deflect"],"picked":"Quick Slash","floor":3.0},{"not_picked":["Underhanded Strike","Caltrops"],"picked":"Dagger Throw","floor":5.0},{"not_picked":["Flying Knee","ReplayTheSpireMod:Speed Training"],"picked":"Cloak And Dagger","floor":8.0},{"not_picked":["Flechettes","Night Terror"],"picked":"Slice","floor":13.0},{"not_picked":["Outmaneuver","Dagger Spray"],"picked":"ReplayTheSpireMod:The Works","floor":15.0},{"not_picked":["Flying Knee","Prepared"],"picked":"Backflip","floor":16.0},{"not_picked":["Poison Darts","Night Terror"],"picked":"Adrenaline","floor":18.0},{"not_picked":["Dagger Throw","Prepared"],"picked":"Cloak And Dagger+1","floor":20.0},{"not_picked":["Draining Mist+1","PiercingWail"],"picked":"Blade Dance","floor":22},{"not_picked":["Dodge and Roll","Poisoned Stab"],"picked":"Fluid Movement","floor":23},{"not_picked":["Grand Finale","ReplayTheSpireMod:Exploit Weakness"],"picked":"Blade Dance+1","floor":25},{"not_picked":["ReplayTheSpireMod:Shiv Toss","Slice"],"picked":"Hidden Blade+1","floor":27},{"not_picked":["Fluid Movement","Predator"],"picked":"Hidden Blade","floor":29},{"not_picked":["ReplayTheSpireMod:Exploit Weakness","Backstab+1"],"picked":"Cloak And Dagger","floor":31},{"not_picked":["Cloak And Dagger","Infinite Blades"],"picked":"Backflip","floor":33}],"player_experience":253663,"relics_obtained":[{"floor":11.0,"key":"Replay:Wax Seal"},{"floor":13.0,"key":"Anchor"},{"floor":15.0,"key":"Simple Rune"},{"floor":22,"key":"Red Mask"},{"floor":25,"key":"Toy Ornithopter"},{"floor":27,"key":"Juzu Bracelet"},{"floor":28,"key":"Akabeko"},{"floor":29,"key":"Snake Skull"}],"event_choices":[{"damage_healed":0.0,"max_hp_gain":0.0,"max_hp_loss":0.0,"gold_gain":0.0,"cards_transformed":["Strike_G"],"event_name":"Transmorgrifier","player_choice":"Transformed","floor":7.0,"gold_loss":0.0,"damage_taken":0.0,"cards_obtained":["Sucker Punch"]},{"damage_healed":0,"gold_gain":0,"player_choice":"Fought Bandits","damage_taken":0,"max_hp_gain":0,"max_hp_loss":0,"event_name":"Masked Bandits","floor":22,"gold_loss":0},{"damage_healed":0,"gold_gain":0,"player_choice":"Read","damage_taken":0,"max_hp_gain":0,"max_hp_loss":0,"event_name":"The Library","floor":24,"gold_loss":0,"cards_obtained":["Calculated Gamble"]},{"damage_healed":0,"gold_gain":0,"player_choice":"Bought 0 Potions","damage_taken":0,"max_hp_gain":0,"max_hp_loss":0,"event_name":"The Woman in Blue","floor":26,"gold_loss":0},{"damage_healed":0,"gold_gain":250,"player_choice":"Bet on Owner","damage_taken":0,"max_hp_gain":0,"max_hp_loss":0,"event_name":"The Joust","floor":32,"gold_loss":50}],"is_beta":false,"boss_relics":[{"not_picked":["ChewingGum","Astrolabe"],"picked":"Snecko Eye"}],"items_purged_floors":[21],"is_endless":false,"potions_floor_spawned":[5,13,15,18,20,23,25,27],"killed_by":"Automaton","ascension_level":1}}