{"host":"a1eatafr7pisesky","time":1607523005,"event":{"gold_per_floor":[117,135,210,210,224,255,23,123,123,152,152,177,194,15,15,112,112,128,3,16,216,232,232,250,278,278,278,278,310,322,354,366,480,492,523,535,597,217,217,217,42,42,42,42,62,62,88,88,88,88,88,88,14,40,40],"floor_reached":56,"playtime":1645,"items_purged":["Defend_P","Defend_P","Strike_P","Strike_P","Defend_P"],"score":1342,"play_id":"8d1e5f9f-7a91-4b91-8780-2650f9803fdc","local_time":"20201209231005","is_ascension_mode":true,"campfire_choices":[{"data":"Vault","floor":11.0,"key":"SMITH"},{"floor":15.0,"key":"REST"},{"data":"Ragnarok","floor":23.0,"key":"SMITH"},{"data":"MentalFortress","floor":27.0,"key":"SMITH"},{"data":"Vault","floor":30.0,"key":"SMITH"},{"floor":32.0,"key":"REST"},{"floor":40.0,"key":"RECALL"},{"data":"TalkToTheHand","floor":42.0,"key":"SMITH"},{"data":"Tantrum","floor":44.0,"key":"SMITH"},{"data":"Wallop","floor":46.0,"key":"SMITH"},{"data":"Adaptation","floor":49.0,"key":"SMITH"},{"data":"FearNoEvil","floor":52.0,"key":"SMITH"}],"neow_cost":"NONE","seed_source_timestamp":1158807697862400,"circlet_count":0,"master_deck":["Strike_P","Defend_P","Eruption+1","Vigilance","InnerPeace","CarveReality","EmptyFist","FollowUp","Vault+1","FearNoEvil+1","Tantrum+1","MentalFortress+1","Ragnarok+1","MentalFortress+1","Wallop+1","Establishment","Vault+1","TalkToTheHand+1","Adaptation+1"],"special_seed":0,"relics":["HolyWater","Kunai","Eternal Feather","Pear","Yang","StrikeDummy","MawBank","Cursed Key","Mango","Mummified Hand","Singing Bowl","Lizard Tail"],"potions_floor_usage":[55,55],"damage_taken":[{"damage":6.0,"enemies":"Small Slimes","floor":1.0,"turns":3.0},{"damage":6.0,"enemies":"2 Louse","floor":2.0,"turns":2.0},{"damage":1.0,"enemies":"Cultist","floor":5.0,"turns":3.0},{"damage":21.0,"enemies":"Lagavulin","floor":6.0,"turns":6.0},{"damage":23.0,"enemies":"3 Sentries","floor":10.0,"turns":6.0},{"damage":12.0,"enemies":"Lagavulin","floor":12.0,"turns":4.0},{"damage":11.0,"enemies":"Lots of Slimes","floor":13.0,"turns":3.0},{"damage":16.0,"enemies":"Hexaghost","floor":16.0,"turns":6.0},{"damage":0.0,"enemies":"Spheric Guardian","floor":18.0,"turns":2.0},{"damage":7.0,"enemies":"Chosen","floor":20.0,"turns":4.0},{"damage":0.0,"enemies":"Centurion and Healer","floor":22.0,"turns":5.0},{"damage":43.0,"enemies":"Snake Plant","floor":24.0,"turns":4.0},{"damage":2.0,"enemies":"Gremlin Leader","floor":25.0,"turns":6.0},{"damage":19.0,"enemies":"Slavers","floor":29.0,"turns":4.0},{"damage":18.0,"enemies":"Shelled Parasite and Fungi","floor":31.0,"turns":3.0},{"damage":32.0,"enemies":"Champ","floor":33.0,"turns":11.0},{"damage":0.0,"enemies":"Orb Walker","floor":35.0,"turns":3.0},{"damage":0.0,"enemies":"Mind Bloom Boss Battle","floor":37.0,"turns":4.0},{"damage":31.0,"enemies":"3 Shapes","floor":45.0,"turns":4.0},{"damage":18.0,"enemies":"Reptomancer","floor":47.0,"turns":7.0},{"damage":22.0,"enemies":"Time Eater","floor":50.0,"turns":10.0},{"damage":17.0,"enemies":"Shield and Spear","floor":54.0,"turns":7.0},{"damage":102,"enemies":"The Heart","floor":55,"turns":9}],"seed_played":"3497054363888219054","potions_obtained":[{"floor":1.0,"key":"EssenceOfSteel"},{"floor":10.0,"key":"Regen Potion"},{"floor":20.0,"key":"Ambrosia"},{"floor":22.0,"key":"Strength Potion"},{"floor":29.0,"key":"DistilledChaos"},{"floor":37.0,"key":"Weak Potion"}],"is_trial":false,"path_per_floor":["M","M","?","?","M","E","$","?","T","E","R","E","M","$","R","B",null,"M","$","M","?","M","R","M","E","T","R","?","E","R","M","R","B",null,"M","?","?","$","?","R","$","R","T","R","M","R","E","?","R","B",null,"R","$","E","B",null],"character_chosen":"WATCHER","items_purchased":["Vault","MentalFortress","Mummified Hand","LiquidBronze"],"campfire_rested":2,"item_purchase_floors":[7,14,38,53],"current_hp_per_floor":[66,60,49,49,48,27,27,27,27,4,13,20,9,9,42,26,82,82,82,75,75,75,82,39,37,37,46,46,27,36,18,51,19,82,82,78,92,92,92,92,92,92,92,92,61,70,52,52,61,39,92,92,92,77,22],"gold":40,"neow_bonus":"UPGRADE_CARD","is_prod":false,"is_daily":false,"chose_seed":false,"campfire_upgraded":9,"win_rate":0,"timestamp":1607523005,"path_taken":["M","M","?","?","M","E","$","?","T","E","R","E","M","$","R","BOSS","M","$","M","?","M","R","?","E","T","R","?","E","R","M","R","BOSS","M","?","?","$","?","R","?","R","T","R","?","R","E","?","R","BOSS","R","$","E","BOSS"],"build_version":"2020-11-30","purchased_purges":5,"victory":true,"max_hp_per_floor":[72,72,72,72,72,72,72,72,72,72,72,82,82,82,82,82,82,82,82,82,82,82,82,82,82,82,82,82,82,82,82,82,82,82,82,78,92,92,92,92,92,92,92,92,92,92,92,92,92,92,92,92,92,94,94],"card_choices":[{"not_picked":["Consecrate","ForeignInfluence"],"picked":"InnerPeace","floor":1.0},{"not_picked":["BowlingBash","Crescendo"],"picked":"CarveReality","floor":2.0},{"not_picked":["Collect","Conclude"],"picked":"EmptyFist","floor":5.0},{"not_picked":["Halt","BowlingBash"],"picked":"FollowUp","floor":6.0},{"not_picked":["Nirvana","Worship"],"picked":"FearNoEvil","floor":10.0},{"not_picked":["ClearTheMind","Crescendo"],"picked":"Tantrum","floor":12.0},{"not_picked":["Vengeance","FollowUp","SashWhip"],"picked":"SKIP","floor":13.0},{"not_picked":["Wish","Brilliance"],"picked":"Ragnarok","floor":16.0},{"not_picked":["ThirdEye","Perseverance"],"picked":"MentalFortress+1","floor":18.0},{"not_picked":["FollowUp","FlyingSleeves"],"picked":"Wallop","floor":20.0},{"not_picked":["CrushJoints+1","BowlingBash+1","EmptyBody+1"],"picked":"SKIP","floor":22.0},{"not_picked":["Protect","Weave","JustLucky"],"picked":"SKIP","floor":24.0},{"not_picked":["FollowUp","DeceiveReality"],"picked":"Establishment","floor":25.0},{"not_picked":["BattleHymn","FlurryOfBlows+1"],"picked":"Vault","floor":29.0},{"not_picked":["PathToVictory+1","FollowUp","JustLucky"],"picked":"SKIP","floor":31.0},{"not_picked":["MasterReality","ConjureBlade"],"picked":"Devotion","floor":33.0},{"not_picked":["Study","EmptyBody+1","Evaluate"],"picked":"SKIP","floor":35.0},{"not_picked":["WreathOfFlame","Protect"],"picked":"TalkToTheHand","floor":37.0},{"not_picked":["Crescendo","FollowUp","JustLucky+1"],"picked":"SKIP","floor":45.0},{"not_picked":["Study+1","SashWhip"],"picked":"Adaptation","floor":47.0},{"not_picked":["CarveReality+1","Prostrate","WaveOfTheHand"],"picked":"Singing Bowl","floor":54.0}],"player_experience":191630,"relics_obtained":[{"floor":6.0,"key":"Kunai"},{"floor":10.0,"key":"Eternal Feather"},{"floor":12.0,"key":"Pear"},{"floor":25.0,"key":"Yang"},{"floor":26.0,"key":"StrikeDummy"},{"floor":29.0,"key":"MawBank"},{"floor":37.0,"key":"Mango"},{"floor":47.0,"key":"Singing Bowl"},{"floor":54.0,"key":"Lizard Tail"}],"event_choices":[{"damage_healed":0.0,"max_hp_gain":0.0,"max_hp_loss":0.0,"gold_gain":75.0,"event_name":"World of Goop","player_choice":"Gather Gold","floor":3.0,"gold_loss":0.0,"damage_taken":11.0},{"damage_healed":0.0,"max_hp_gain":0.0,"max_hp_loss":0.0,"gold_gain":0.0,"event_name":"Liars Game","player_choice":"Ignored","floor":4.0,"gold_loss":0.0,"damage_taken":0.0},{"damage_healed":0.0,"max_hp_gain":0.0,"max_hp_loss":0.0,"gold_gain":100.0,"event_name":"Golden Shrine","player_choice":"Pray","floor":8.0,"gold_loss":0.0,"damage_taken":0.0},{"damage_healed":0.0,"max_hp_gain":0.0,"max_hp_loss":0.0,"gold_gain":200.0,"event_name":"Wheel of Change","player_choice":"Gold","floor":21.0,"gold_loss":0.0,"damage_taken":0.0},{"cards_removed":["Strike_P"],"damage_healed":0.0,"max_hp_gain":0.0,"max_hp_loss":0.0,"gold_gain":0.0,"event_name":"Back to Basics","player_choice":"Elegance","floor":28.0,"gold_loss":0.0,"damage_taken":0.0},{"damage_healed":0.0,"max_hp_gain":0.0,"max_hp_loss":4.0,"gold_gain":0.0,"event_name":"Winding Halls","player_choice":"Max HP","floor":36.0,"gold_loss":0.0,"damage_taken":0.0},{"damage_healed":0.0,"max_hp_gain":0.0,"max_hp_loss":0.0,"gold_gain":0.0,"event_name":"MindBloom","player_choice":"Fight","floor":37.0,"gold_loss":0.0,"damage_taken":0.0},{"damage_healed":0.0,"max_hp_gain":0.0,"max_hp_loss":0.0,"gold_gain":0.0,"event_name":"Tomb of Lord Red Mask","player_choice":"Ignored","floor":39.0,"gold_loss":0.0,"damage_taken":0.0},{"cards_removed":["Devotion"],"damage_healed":0.0,"max_hp_gain":0.0,"max_hp_loss":0.0,"gold_gain":0.0,"event_name":"Falling","player_choice":"Removed Power","floor":48.0,"gold_loss":0.0,"damage_taken":0.0}],"is_beta":false,"boss_relics":[{"not_picked":["Busted Crown","Snecko Eye"],"picked":"HolyWater"},{"not_picked":["Philosopher\u0027s Stone","Velvet Choker"],"picked":"Cursed Key"}],"items_purged_floors":[7,14,19,38,41],"is_endless":false,"potions_floor_spawned":[1,10,20,22,29,37],"ascension_level":2}}