{"host":"5s7sm4h73jkd9266","time":1607449373,"event":{"gold_per_floor":[116,116,130,150,169,169,169,169,248,173,229,46,46,72,72,185,185,216,154,104,104,23,23,23,23,23,83,113,148,162,212,212,395,395,439,204,251,77,0,28,28,140,193,193,193,221,250,250,250,295,295],"floor_reached":50,"playtime":5381,"items_purged":[],"score":574,"play_id":"2fffeddf-39ca-44a7-8d21-7c9ebfca21fb","local_time":"20201208124253","is_ascension_mode":false,"campfire_choices":[{"floor":6.0,"key":"REST"},{"data":"Shackles_Of_Pain","floor":8.0,"key":"SMITH"},{"floor":15,"key":"REST"},{"floor":23,"key":"REST"},{"data":"Apotheosis","floor":32,"key":"SMITH"},{"floor":41,"key":"REST"},{"floor":45,"key":"REST"},{"floor":49,"key":"REST"}],"neow_cost":"","seed_source_timestamp":702138571900,"circlet_count":0,"master_deck":["Strike_W","Strike_W","Strike_W","Strike_W","Defend_W","Defend_W","Defend_W","Defend_W","Negative_Energy_Arrows","Bone_Wall","expansioncontent:QuickStudy","Vampiric_Strike","Blood_Curse+1","Bone_Armory","Life_Tap","Consume_Illness","Bone_Bullets","Negative_Energy_Burst","Shackles_Of_Pain+1","hubris:Insight+1","expansioncontent:PrepareCrush+1","expansioncontent:DarkVoid+1","Death_Knell","Apotheosis+1","Life_Drain","Requiem","CurseOfTheBell","CommonCold","Death_March_Dance","Scare","conspire:SpireCoStock","Necrotic_Claws","Bones_to_Steel","Grasp_Heart","Negative_Energy_Shield","Toxic_Smoke_Screen","Chill_Blood+1","Hellfire","Negative_Energy_Javelin","expansioncontent:DashGenerateEvil","Siphon_Strength","Pandemic+1","Exploit+1","Bone_Shift+1","Consume_Illness+1","Parasite","Finger_Of_Death+1","Siphon_Strength"],"special_seed":0,"relics":["Vampire_Amulet","StuffTheSpire:EmeraldSignet","Vajra","hubris:Towel","vexMod:ConsolationPrize","Counterbalance","Replay:Ancient Bell","Bronze Scales","StuffTheSpire:ForceGauntlet","StuffTheSpire:DarkSteelAnvil","HornCleat","Honey Jar","Membership Card","Red Mask","StuffTheSpire:MayFlowers","Replay:Wax Seal"],"potions_floor_usage":[16,27,28,29,29,29,30,30,33,42,46,47],"damage_taken":[{"damage":3.0,"enemies":"Jaw Worm","floor":1.0,"turns":4.0},{"damage":0.0,"enemies":"Cultist","floor":3.0,"turns":3.0},{"damage":4.0,"enemies":"Small Slimes","floor":4.0,"turns":4.0},{"damage":14.0,"enemies":"Exordium Thugs","floor":5.0,"turns":5.0},{"damage":36.0,"enemies":"Lagavulin","floor":11.0,"turns":6.0},{"damage":13,"enemies":"3 Louse","floor":14,"turns":3},{"damage":14,"enemies":"Hexaghost","floor":16,"turns":9},{"damage":17,"enemies":"2 Thieves","floor":18,"turns":2},{"damage":21,"enemies":"Shell Parasite","floor":19,"turns":4},{"damage":32,"enemies":"Centurion and Healer","floor":27,"turns":10},{"damage":18,"enemies":"conspire:HollyBat","floor":28,"turns":5},{"damage":5,"enemies":"Chosen and Byrds","floor":29,"turns":6},{"damage":0,"enemies":"Centurion and Healer","floor":30,"turns":5},{"damage":18,"enemies":"Cultist and Chosen","floor":31,"turns":6},{"damage":55,"enemies":"hubris:MusketHawk","floor":33,"turns":9},{"damage":5,"enemies":"3 Shapes","floor":35,"turns":8},{"damage":10,"enemies":"3 Darklings","floor":37,"turns":4},{"damage":17,"enemies":"Maw","floor":40,"turns":6},{"damage":77,"enemies":"Giant Head","floor":42,"turns":8},{"damage":10,"enemies":"Writhing Mass","floor":46,"turns":3},{"damage":11,"enemies":"4 Shapes","floor":47,"turns":4},{"damage":59,"enemies":"Replay:Hell Engine","floor":50,"turns":7}],"seed_played":"-3570188113407772132","potions_obtained":[{"floor":4.0,"key":"SpeedPotion"},{"floor":11.0,"key":"blueLaboratory:PyrophylliteBrew"},{"floor":19,"key":"EntropicBrew"},{"floor":24,"key":"conspire:TimeTravelPotion"},{"floor":24,"key":"ColorlessPotion"},{"floor":29,"key":"Adrenaline Potion"},{"floor":31,"key":"blueLaboratory:BottleOfRum"},{"floor":33,"key":"blueLaboratory:NullPotion"},{"floor":37,"key":"Swift Potion"},{"floor":42,"key":"AttackPotion"},{"floor":46,"key":"SpeedPotion"}],"is_trial":false,"path_per_floor":["M","?","M","M","M","R","?","R","T","?","E","$","?","M","R","B",null,"M","M","?","?","$","R","?","$","T","M","M","M","M","M","R","B",null,"M","$","M","$","?","M","R","E","T","?","R","M","M","?","R","B"],"character_chosen":"NECROMANCER","items_purchased":["expansioncontent:QuickStudy","Vampiric_Strike","Blood_Curse+1","Bone_Armory","Life_Tap","StuffTheSpire:EmeraldSignet","Vajra","SkillPotion","Apotheosis","Necrotic_Claws","expansioncontent:DashGenerateEvil","Siphon_Strength","Membership Card","Exploit+1"],"campfire_rested":6,"item_purchase_floors":[0,0,0,0,0,0,0,0,12,22,36,36,38,38],"current_hp_per_floor":[39,39,41,43,48,70,70,70,70,70,39,39,39,32,54,55,75,62,49,49,49,49,71,71,71,71,54,58,68,75,65,65,21,75,75,75,67,67,67,60,75,10,10,10,32,24,21,21,43,0,0],"gold":295,"neow_bonus":"","is_prod":false,"is_daily":false,"chose_seed":false,"campfire_upgraded":2,"win_rate":0.0,"timestamp":1607449373,"path_taken":["M","?","M","?","?","R","?","R","T","?","E","$","?","M","R","BOSS","M","M","?","?","?","R","?","$","T","M","M","?","M","M","R","BOSS","M","$","?","$","?","M","R","E","T","?","R","M","M","?","R","BOSS"],"build_version":"2020-11-30","purchased_purges":0,"victory":false,"max_hp_per_floor":[75,75,75,75,75,75,75,75,75,75,75,75,75,75,75,75,75,75,75,75,75,75,75,75,75,75,75,75,75,75,75,75,75,75,75,75,75,75,75,75,75,75,75,75,75,75,75,75,75,75,75],"card_choices":[{"not_picked":["Blood_Curse","Acid_Javelin"],"picked":"Consume_Illness","floor":1.0},{"not_picked":["Blood_Whip","Bone_Armory"],"picked":"Bone_Bullets","floor":3.0},{"not_picked":["Bone_Spikes","Pandemic"],"picked":"Negative_Energy_Burst","floor":4.0},{"not_picked":["Consume_Illness","Bone_Bullets"],"picked":"Shackles_Of_Pain","floor":5.0},{"not_picked":["expansioncontent:Torchfire+1","expansioncontent:TimeRipple+1"],"picked":"hubris:Insight+1","floor":10.0},{"not_picked":["Replay:SS_forest_6+1","expansioncontent:Flail+1"],"picked":"expansioncontent:PrepareCrush+1","floor":10.0},{"not_picked":["Forethought+1","expansioncontent:PrepareCrush+1"],"picked":"expansioncontent:DarkVoid+1","floor":10.0},{"not_picked":["Blood_Is_Power","Necromantic_Selection"],"picked":"Death_Knell","floor":11.0},{"not_picked":["Whirlwind_of_Bones","Blood_Whip"],"picked":"Life_Drain","floor":14},{"not_picked":["Summon_Death_Knight","Hellfire"],"picked":"Requiem","floor":16},{"not_picked":["Languid","conspire:NecroticWound"],"picked":"ReplayTheSpireMod:IOU","floor":17},{"not_picked":["Regret","Amnesia"],"picked":"CurseOfTheBell","floor":17},{"not_picked":["Delirium","SwitchThreat"],"picked":"CommonCold","floor":17},{"not_picked":["Blood_Whip+1","Shackles_Of_Pain"],"picked":"Death_March_Dance","floor":18},{"not_picked":["Blood_for_Blood+1","Life_Tap"],"picked":"Scare","floor":19},{"not_picked":["Death_March_Dance","Vampiric_Strike+1"],"picked":"Bones_to_Steel","floor":27},{"not_picked":["Strike_from_Beyond+1","Chill_Blood"],"picked":"Grasp_Heart","floor":28},{"not_picked":["Negative_Energy_Javelin+1","Bone_Bullets"],"picked":"Negative_Energy_Shield","floor":29},{"not_picked":["Necrotic_Claws","Epidemic"],"picked":"Toxic_Smoke_Screen","floor":30},{"not_picked":["Stop_Heart","Negative_Energy_Javelin+1"],"picked":"Chill_Blood+1","floor":31},{"not_picked":["Negative_Energy_Bomb","Detonate_Bones"],"picked":"Hellfire","floor":33},{"not_picked":["Strike_from_Beyond","Flesh_Made_Foul","Bone_Bullets"],"picked":"Negative_Energy_Javelin","floor":35},{"not_picked":["Chill_Blood+1","Bone_Armor","Shade_Step+1"],"picked":"Pandemic+1","floor":37},{"not_picked":["Death_March_Dance+1","Spectral_Walk","Bone_Armor"],"picked":"Bone_Shift+1","floor":40},{"not_picked":["Bone_Shift","Bone_Armory","Death_Knell"],"picked":"Consume_Illness+1","floor":42},{"not_picked":["Negative_Energy_Sphere+1","Bone_Bullets+1","Negative_Energy_Shield+1"],"picked":"Finger_Of_Death+1","floor":46},{"not_picked":["Bone_Bullets+1","Blood_Curse","Bone_Spikes+1"],"picked":"Siphon_Strength","floor":47}],"player_experience":5259888,"relics_obtained":[{"floor":9.0,"key":"vexMod:ConsolationPrize"},{"floor":11.0,"key":"Counterbalance"},{"floor":26,"key":"HornCleat"},{"floor":42,"key":"StuffTheSpire:MayFlowers"},{"floor":43,"key":"Replay:Wax Seal"}],"event_choices":[{"cards_removed":["StuffTheSpire:GnomedCurse"],"damage_healed":0.0,"max_hp_gain":0.0,"max_hp_loss":0.0,"gold_gain":0.0,"event_name":"Fountain of Cleansing","player_choice":"Removed Curses","floor":2.0,"gold_loss":0.0,"damage_taken":0.0},{"damage_healed":0.0,"max_hp_gain":0.0,"max_hp_loss":0.0,"gold_gain":0.0,"event_name":"betterMatch:BetterMatch","player_choice":"3","floor":10.0,"gold_loss":0.0,"damage_taken":0.0,"cards_obtained":["betterMatch:ColorlessUncommonCard"]},{"damage_healed":0,"gold_gain":0,"player_choice":"Invest 1","damage_taken":0,"max_hp_gain":0,"max_hp_loss":0,"event_name":"conspire:Investor","floor":20,"gold_loss":0},{"damage_healed":0,"gold_gain":0,"player_choice":"Ignored","damage_taken":0,"max_hp_gain":0,"max_hp_loss":0,"event_name":"Ghosts","floor":21,"gold_loss":0},{"damage_healed":0,"gold_gain":0,"player_choice":"Got Potions","damage_taken":0,"max_hp_gain":0,"max_hp_loss":0,"event_name":"Lab","floor":24,"gold_loss":0},{"damage_healed":0,"gold_gain":0,"player_choice":"Paid","damage_taken":0,"relics_obtained":["Red Mask"],"max_hp_gain":0,"max_hp_loss":0,"event_name":"Tomb of Lord Red Mask","floor":39,"gold_loss":77},{"damage_healed":0,"gold_gain":0,"player_choice":"Ignored","damage_taken":0,"max_hp_gain":0,"max_hp_loss":0,"event_name":"Mysterious Sphere","floor":44,"gold_loss":0},{"damage_healed":0,"gold_gain":0,"player_choice":"Ignored","damage_taken":0,"max_hp_gain":0,"max_hp_loss":0,"event_name":"SecretPortal","floor":48,"gold_loss":0}],"is_beta":false,"boss_relics":[{"not_picked":["StuffTheSpire:Kangaroo","conspire:RunicOctahedron"],"picked":"Replay:Ancient Bell"},{"not_picked":["Simple Rune","Nunchaku"],"picked":"Bronze Scales"},{"not_picked":["Matryoshka","hubris:CrystalStatue"],"picked":"StuffTheSpire:ForceGauntlet"},{"not_picked":["Pondfish Scales","hubris:Spice"],"picked":"StuffTheSpire:DarkSteelAnvil"},{"not_picked":["hubris:TerracottaHorce","Snecko Eye"],"picked":"Honey Jar"}],"items_purged_floors":[],"is_endless":false,"potions_floor_spawned":[4,11,19,29,31,33,37,42,46],"killed_by":"Replay:Hell Engine","ascension_level":0}}