{"host":"djrarsjwv6revew5","time":1607547898,"event":{"gold_per_floor":[212,228,240,240,25,25,41,59,59,59,71,71,22,22,22,127,127,146,146,146,161,175,210,210,210,210,223,223,223],"floor_reached":28,"playtime":1118,"items_purged":[],"score":230,"play_id":"0e974d5c-6b0e-4f34-a0e8-13b022af1c53","local_time":"20201209220458","is_ascension_mode":false,"campfire_choices":[{"data":"Dualcast","floor":6,"key":"SMITH"},{"floor":12,"key":"REST"},{"data":"Conserve Battery","floor":15,"key":"SMITH"},{"floor":24,"key":"REST"}],"neow_cost":"NONE","seed_source_timestamp":20118349899100,"circlet_count":0,"master_deck":["Strike_B+1","Strike_B+1","Strike_B+1","Strike_B+1","Defend_B+1","Defend_B+1","Defend_B+1","Defend_B+1","Zap+1","Dualcast+1","Ball Lightning","Gash","Sweeping Beam","Conserve Battery+1","Gash","Auto Shields","Redo","Barrage","Multi-Cast","Gash","Aggregate","Beam Cell","Beam Cell","Leap+1","Storm","Beam Cell","Skim+1"],"relics":["Cracked Core","TheAbacus","Mercury Hourglass","Prayer Wheel","Empty Cage","Bottled Flame","Ice Cream"],"potions_floor_usage":[16,28,28],"damage_taken":[{"damage":1,"enemies":"Cultist","floor":1,"turns":4},{"damage":3,"enemies":"Jaw Worm","floor":2,"turns":3},{"damage":2,"enemies":"Small Slimes","floor":3,"turns":3},{"damage":12,"enemies":"3 Louse","floor":7,"turns":3},{"damage":0,"enemies":"Large Slime","floor":8,"turns":3},{"damage":0,"enemies":"Lots of Slimes","floor":11,"turns":1},{"damage":55,"enemies":"Hexaghost","floor":16,"turns":10},{"damage":0,"enemies":"Spheric Guardian","floor":18,"turns":3},{"damage":12,"enemies":"3 Byrds","floor":21,"turns":3},{"damage":18,"enemies":"3 Cultists","floor":22,"turns":5},{"damage":45,"enemies":"Gremlin Leader","floor":23,"turns":8},{"damage":34,"enemies":"Sentry and Sphere","floor":27,"turns":6},{"damage":15,"enemies":"Centurion and Healer","floor":28,"turns":3}],"seed_played":"-6775868765722047216","potions_obtained":[{"floor":2,"key":"FairyPotion"},{"floor":7,"key":"EssenceOfSteel"},{"floor":18,"key":"Strength Potion"},{"floor":27,"key":"PotionOfCapacity"}],"is_trial":false,"path_per_floor":["M","M","M","?","$","R","M","M","T","T","M","R","$","?","R","B",null,"M","?","?","M","M","E","R","?","T","M","M"],"character_chosen":"DEFECT","items_purchased":["TheAbacus","Conserve Battery","Gash","Barrage"],"campfire_rested":2,"item_purchase_floors":[5,5,5,13],"current_hp_per_floor":[74,71,69,69,69,69,57,57,57,57,57,75,75,75,75,20,75,75,75,75,63,45,22,44,44,44,10,0,0],"gold":223,"neow_bonus":"HUNDRED_GOLD","is_prod":false,"is_daily":false,"chose_seed":false,"campfire_upgraded":2,"win_rate":0.0,"timestamp":1607547898,"path_taken":["M","M","?","?","$","R","M","M","T","?","?","R","$","?","R","BOSS","M","?","?","M","M","E","R","?","T","?","M"],"build_version":"2020-11-30","purchased_purges":0,"victory":false,"max_hp_per_floor":[75,75,75,75,75,75,75,75,75,75,75,75,75,75,75,75,75,75,75,75,75,75,75,75,75,75,75,75,75],"relic_stats":{"TheAbacus":[36],"counters":[13,55],"Prayer Wheel":5,"obtain_stats":[{"Ice Cream":26,"Bottled Flame":23,"TheAbacus":5,"Prayer Wheel":10,"Cracked Core":0,"Empty Cage":17,"Mercury Hourglass":9},{"Ice Cream":11,"Bottled Flame":11,"TheAbacus":3,"Prayer Wheel":5,"Cracked Core":0,"Empty Cage":7,"Mercury Hourglass":5},{"Ice Cream":46,"Bottled Flame":46,"TheAbacus":10,"Prayer Wheel":16,"Cracked Core":0,"Empty Cage":27,"Mercury Hourglass":16}],"Mercury Hourglass":[185]},"card_choices":[{"not_picked":["Cold Snap","Stack"],"picked":"Ball Lightning","floor":1},{"not_picked":["Defragment","Ball Lightning"],"picked":"Gash","floor":2},{"not_picked":["Streamline","Conserve Battery"],"picked":"Sweeping Beam","floor":3},{"not_picked":["Coolheaded","Compile Driver"],"picked":"Gash","floor":7},{"not_picked":["Cold Snap","Steam"],"picked":"Auto Shields","floor":8},{"not_picked":["Cold Snap","Barrage"],"picked":"Redo","floor":11},{"not_picked":["Storm","Rebound"],"picked":"Chaos","floor":11},{"not_picked":["Rainbow","Reboot"],"picked":"Multi-Cast","floor":16},{"not_picked":["Sweeping Beam","Glacier+1"],"picked":"Gash","floor":18},{"not_picked":["Auto Shields+1","Scrape"],"picked":"Aggregate","floor":18},{"not_picked":["Rebound","Barrage"],"picked":"Beam Cell","floor":21},{"not_picked":["Genetic Algorithm+1","Scrape"],"picked":"Beam Cell","floor":21},{"not_picked":["Hologram","Steam+1"],"picked":"Leap+1","floor":22},{"not_picked":["Machine Learning","Consume"],"picked":"Storm","floor":22},{"not_picked":["Cold Snap","Barrage"],"picked":"Beam Cell","floor":23},{"not_picked":["Aggregate","Redo+1"],"picked":"Skim+1","floor":27},{"not_picked":["Self Repair","Scrape+1","Aggregate"],"picked":"SKIP","floor":27}],"player_experience":80136,"relics_obtained":[{"floor":9,"key":"Mercury Hourglass"},{"floor":10,"key":"Prayer Wheel"},{"floor":23,"key":"Bottled Flame"},{"floor":26,"key":"Ice Cream"}],"event_choices":[{"damage_healed":0,"gold_gain":0,"player_choice":"Ignored","damage_taken":0,"max_hp_gain":0,"max_hp_loss":0,"event_name":"Golden Wing","floor":4,"gold_loss":0},{"damage_healed":0,"gold_gain":0,"player_choice":"Grow","damage_taken":0,"max_hp_gain":0,"max_hp_loss":0,"event_name":"Living Wall","floor":14,"gold_loss":0,"cards_upgraded":["Zap"]},{"damage_healed":0,"gold_gain":0,"player_choice":"Ignored","damage_taken":0,"max_hp_gain":0,"max_hp_loss":0,"event_name":"Vampires","floor":19,"gold_loss":0},{"damage_healed":0,"gold_gain":0,"player_choice":"Simplicity","damage_taken":0,"max_hp_gain":0,"max_hp_loss":0,"event_name":"Back to Basics","floor":20,"gold_loss":0,"cards_upgraded":["Strike_B","Strike_B","Strike_B","Strike_B","Defend_B","Defend_B","Defend_B","Defend_B"]},{"damage_healed":0,"gold_gain":0,"player_choice":"Ignored","damage_taken":0,"max_hp_gain":0,"max_hp_loss":0,"event_name":"Purifier","floor":25,"gold_loss":0}],"is_beta":false,"boss_relics":[{"not_picked":["Philosopher\u0027s Stone","Fusion Hammer"],"picked":"Empty Cage"}],"items_purged_floors":[],"is_endless":false,"potions_floor_spawned":[2,7,18,27],"killed_by":"Centurion and Healer","ascension_level":0}}