{"host":"hc8xbdd8p6sd75vx","time":1607548068,"event":{"gold_per_floor":[119,77,95,12,12,41,41,41,64,84,84,100,116,116,116,215,215,229,229,126,143,143,172,172,205,205,222,222,239,249,83,83,186,186,196,246,246,260,272,303,303,3,50,61,283,283,130,148,148,148,148,148,24,59,59,59],"floor_reached":55,"playtime":5598,"items_purged":["hermit:Roulette"],"score":840,"play_id":"e0b49ae5-c46d-48d2-a704-3c42c7876859","local_time":"20201209130748","is_ascension_mode":false,"campfire_choices":[{"data":"hermit:Snapshot","floor":8,"key":"SMITH"},{"data":"hermit:NoHoldsBarred","floor":15,"key":"SMITH"},{"floor":24,"key":"REST"},{"floor":32,"key":"REST"},{"floor":41,"key":"REST"},{"floor":49,"key":"REST"},{"floor":52,"key":"REST"}],"neow_cost":"NONE","seed_source_timestamp":1513131619957000,"circlet_count":0,"master_deck":["hermit:Strike_Hermit","hermit:Strike_Hermit","hermit:Strike_Hermit","hermit:Strike_Hermit","hermit:Defend_Hermit","hermit:Defend_Hermit","hermit:Defend_Hermit","hermit:Defend_Hermit","hermit:Snapshot+1","hermit:Covet","hermit:GhostlyPresence","Dramatic Entrance","hermit:Manifest+1","hermit:OverwhelmingPower","hermit:Manifest+1","hermit:NoHoldsBarred+1","hermit:FromBeyond+1","hermit:Grudge","J.A.X.+1","hermit:GhostlyPresence+1","hermit:Manifest+1","hermit:GoldenBullet+1","hermit:Manifest+1","hermit:Vantage+1","hermit:Gestalt+1","hermit:FatalDesire","hermit:Gestalt+1","hermit:NoHoldsBarred","hermit:FromBeyond+1","hermit:Dive+1","hermit:TrackingShot+1","hermit:PistolWhip","hermit:Quickdraw+1","hermit:Ricochet+1","hermit:Snipe+1","hermit:ItchyTrigger+1","AscendersBane","hermit:Strike_Hermit","hermit:TrackingShot","hermit:Snipe+1","hermit:Snipe+1"],"relics":["hermit:Momento","NeowsBlessing","betterThird:SlimedRelic","Eternal Feather","Toxic Egg 2","FaceOfCleric","Strawberry","Fusion Hammer","Enchiridion","Kunai","Red Mask","Thread and Needle","hermit:DentedPlate","Ice Cream","Gremlin Horn","Ornamental Fan","Happy Flower","Oddly Smooth Stone","Toolbox","Bag of Marbles"],"potions_floor_usage":[16,23,23,27,35,35,39],"damage_taken":[{"damage":0,"enemies":"Jaw Worm","floor":1,"turns":1},{"damage":0,"enemies":"Small Slimes","floor":3,"turns":1},{"damage":0,"enemies":"3 Sentries","floor":6,"turns":1},{"damage":0,"enemies":"Cultist","floor":10,"turns":4},{"damage":0,"enemies":"2 Fungi Beasts","floor":12,"turns":3},{"damage":7,"enemies":"Red Slaver","floor":13,"turns":5},{"damage":47,"enemies":"Slime Boss","floor":16,"turns":13},{"damage":15,"enemies":"2 Thieves","floor":18,"turns":4},{"damage":14,"enemies":"Chosen","floor":21,"turns":5},{"damage":8,"enemies":"Book of Stabbing","floor":23,"turns":7},{"damage":6,"enemies":"Masked Bandits","floor":25,"turns":3},{"damage":3,"enemies":"Shelled Parasite and Fungi","floor":27,"turns":3},{"damage":7,"enemies":"Chosen and Byrds","floor":29,"turns":5},{"damage":11,"enemies":"Centurion and Healer","floor":30,"turns":5},{"damage":18,"enemies":"Automaton","floor":33,"turns":9},{"damage":4,"enemies":"3 Darklings","floor":35,"turns":4},{"damage":15,"enemies":"Mind Bloom Boss Battle","floor":36,"turns":8},{"damage":11,"enemies":"3 Shapes","floor":38,"turns":3},{"damage":2,"enemies":"Jaw Worm Horde","floor":39,"turns":3},{"damage":26,"enemies":"Nemesis","floor":40,"turns":9},{"damage":2,"enemies":"Sphere and 2 Shapes","floor":44,"turns":5},{"damage":5,"enemies":"Spire Growth","floor":48,"turns":6},{"damage":40,"enemies":"Awakened One","floor":50,"turns":14},{"damage":38,"enemies":"Shield and Spear","floor":54,"turns":7},{"damage":111,"enemies":"The Heart","floor":55,"turns":9}],"seed_played":"1092582318896465279","potions_obtained":[{"floor":12,"key":"EssenceOfSteel"},{"floor":13,"key":"Regen Potion"},{"floor":16,"key":"Energy Potion"},{"floor":18,"key":"ColorlessPotion"},{"floor":21,"key":"Block Potion"},{"floor":27,"key":"LiquidMemories"},{"floor":33,"key":"LiquidBronze"},{"floor":35,"key":"SneckoOil"},{"floor":38,"key":"DuplicationPotion"}],"is_trial":false,"path_per_floor":["M","?","M","$","?","E","?","R","T","M","?","M","M","$","R","B",null,"M","?","$","M","?","E","R","?","T","M","?","M","M","$","R","B",null,"M","?","?","M","M","E","R","$","T","M","?","?","$","M","R","B",null,"R","$","E","B"],"character_chosen":"HERMIT","items_purchased":["Dramatic Entrance","hermit:GhostlyPresence+1","hermit:Manifest+1","hermit:NoHoldsBarred","hermit:Roulette","hermit:Snipe+1","Ornamental Fan","Oddly Smooth Stone","Toolbox","hermit:Snipe+1"],"campfire_rested":5,"item_purchase_floors":[4,20,20,31,31,42,42,47,53,53],"current_hp_per_floor":[75,64,64,64,57,57,57,63,70,71,71,72,66,66,75,44,86,72,72,72,59,43,36,74,69,69,67,67,61,51,51,93,76,108,105,91,91,81,80,55,112,112,112,111,111,111,111,107,133,94,94,134,134,97,0,0],"gold":59,"neow_bonus":"THREE_ENEMY_KILL","is_prod":false,"is_daily":false,"chose_seed":false,"campfire_upgraded":2,"win_rate":0,"timestamp":1607548068,"path_taken":["M","?","M","$","?","E","?","R","T","?","?","M","?","?","R","BOSS","M","?","$","M","?","E","R","?","T","M","?","M","M","$","R","BOSS","M","?","?","M","?","E","R","$","T","M","?","?","$","M","R","BOSS","R","$","E","BOSS"],"build_version":"2020-11-30","purchased_purges":1,"victory":false,"max_hp_per_floor":[75,75,75,75,75,75,75,75,82,83,83,84,85,85,85,86,86,87,87,87,88,88,89,89,90,90,91,91,92,93,93,93,94,126,127,128,128,129,130,131,131,131,131,132,132,132,132,133,133,134,134,134,134,135,135,135],"card_choices":[{"not_picked":["hermit:Glare","hermit:LowProfile"],"picked":"hermit:GhostlyPresence","floor":1},{"not_picked":["hermit:FlashPowder","hermit:Spite"],"picked":"hermit:CalledShot","floor":3},{"not_picked":["hermit:ItchyTrigger","hermit:Desperado"],"picked":"hermit:Manifest+1","floor":6},{"not_picked":["hermit:LowProfile+1","hermit:ItchyTrigger"],"picked":"hermit:OverwhelmingPower","floor":10},{"not_picked":["hermit:Coalescence+1","hermit:SprayPray"],"picked":"hermit:Manifest+1","floor":12},{"not_picked":["hermit:Virtue+1","hermit:DeadMansHand+1"],"picked":"hermit:NoHoldsBarred","floor":13},{"not_picked":["hermit:Dissolve+1","hermit:HighNoon"],"picked":"hermit:FromBeyond+1","floor":16},{"not_picked":["hermit:HighCaliber","hermit:Coalescence+1"],"picked":"hermit:Grudge","floor":18},{"not_picked":["hermit:Feint+1","hermit:Virtue+1"],"picked":"hermit:GoldenBullet+1","floor":21},{"not_picked":["hermit:GoldenBullet","hermit:Midnight+1"],"picked":"hermit:Manifest+1","floor":23},{"not_picked":["hermit:Glare+1","hermit:Quickdraw"],"picked":"hermit:Vantage+1","floor":25},{"not_picked":["hermit:Enervate","hermit:Grudge"],"picked":"hermit:Gestalt+1","floor":27},{"not_picked":["hermit:CalledShot+1","hermit:Quickdraw"],"picked":"hermit:FatalDesire","floor":29},{"not_picked":["hermit:SprayPray","hermit:Coalescence+1"],"picked":"hermit:Gestalt+1","floor":30},{"not_picked":["hermit:HeroicBravado+1","hermit:BlackWind"],"picked":"hermit:FromBeyond+1","floor":33},{"not_picked":["hermit:LowProfile+1","hermit:Misfire+1"],"picked":"hermit:Dive+1","floor":35},{"not_picked":["hermit:Cheat+1","hermit:Dive+1"],"picked":"hermit:TrackingShot+1","floor":36},{"not_picked":["hermit:FullyLoaded+1","hermit:Roulette+1"],"picked":"hermit:PistolWhip","floor":38},{"not_picked":["hermit:Coalescence+1","hermit:Vantage+1"],"picked":"hermit:Quickdraw+1","floor":39},{"not_picked":["hermit:Misfire+1","hermit:HoleUp+1"],"picked":"hermit:Ricochet+1","floor":40},{"not_picked":["hermit:LoneWolf+1","hermit:HoleUp+1"],"picked":"hermit:ItchyTrigger+1","floor":44},{"not_picked":["hermit:HoleUp+1","hermit:Gestalt+1"],"picked":"hermit:TrackingShot","floor":48},{"not_picked":["hermit:Enervate","hermit:FinalCanter"],"picked":"hermit:Snipe+1","floor":54}],"player_experience":201182,"relics_obtained":[{"floor":6,"key":"Toxic Egg 2"},{"floor":9,"key":"Strawberry"},{"floor":22,"key":"Enchiridion"},{"floor":23,"key":"Kunai"},{"floor":25,"key":"Red Mask"},{"floor":26,"key":"Thread and Needle"},{"floor":36,"key":"Ice Cream"},{"floor":40,"key":"Gremlin Horn"},{"floor":43,"key":"Happy Flower"},{"floor":54,"key":"Bag of Marbles"}],"event_choices":[{"damage_healed":0,"gold_gain":0,"player_choice":"Slimed","damage_taken":11,"max_hp_gain":0,"max_hp_loss":0,"event_name":"betterThird:BetterGoop","floor":2,"gold_loss":42},{"damage_healed":0,"gold_gain":0,"player_choice":"Relic ","damage_taken":7,"max_hp_gain":0,"max_hp_loss":0,"event_name":"betterThird:BetterScrap","floor":5,"gold_loss":0,"cards_obtained":["Endless Agony"]},{"damage_healed":0,"gold_gain":0,"player_choice":"Trade","damage_taken":0,"relics_obtained":["FaceOfCleric"],"max_hp_gain":0,"max_hp_loss":0,"event_name":"FaceTrader","floor":7,"gold_loss":0},{"cards_removed":["hermit:CalledShot"],"damage_healed":0,"gold_gain":0,"player_choice":"Card Removal","damage_taken":0,"max_hp_gain":0,"max_hp_loss":0,"event_name":"Wheel of Change","floor":11,"gold_loss":0},{"damage_healed":0,"gold_gain":0,"player_choice":"Obtain J.A.X.","damage_taken":0,"max_hp_gain":0,"max_hp_loss":0,"event_name":"Drug Dealer","floor":19,"gold_loss":0,"cards_obtained":["J.A.X."]},{"damage_healed":0,"gold_gain":0,"player_choice":"Obtained Book","damage_taken":16,"max_hp_gain":0,"max_hp_loss":0,"event_name":"Cursed Tome","floor":22,"gold_loss":0},{"damage_healed":0,"gold_gain":0,"player_choice":"Fought Bandits","damage_taken":0,"max_hp_gain":0,"max_hp_loss":0,"event_name":"Masked Bandits","floor":25,"gold_loss":0},{"damage_healed":0,"gold_gain":0,"player_choice":"Fight","damage_taken":0,"max_hp_gain":0,"max_hp_loss":0,"event_name":"MindBloom","floor":36,"gold_loss":0},{"damage_healed":0,"gold_gain":0,"player_choice":"Ignored","damage_taken":0,"max_hp_gain":0,"max_hp_loss":0,"event_name":"Transmorgrifier","floor":37,"gold_loss":0},{"damage_healed":0,"gold_gain":222,"player_choice":"Wore Mask","damage_taken":0,"max_hp_gain":0,"max_hp_loss":0,"event_name":"Tomb of Lord Red Mask","floor":45,"gold_loss":0},{"damage_healed":0,"gold_gain":3,"player_choice":"3","damage_taken":0,"max_hp_gain":0,"max_hp_loss":0,"event_name":"betterStone:BetterStone","floor":46,"gold_loss":0,"cards_obtained":["hermit:Strike_Hermit"]}],"is_beta":false,"boss_relics":[{"not_picked":["Runic Dome","Philosopher\u0027s Stone"],"picked":"Fusion Hammer"},{"not_picked":["Velvet Choker","Pandora\u0027s Box"],"picked":"hermit:DentedPlate"}],"items_purged_floors":[31],"is_endless":false,"potions_floor_spawned":[12,13,16,18,21,27,33,35,38,40],"killed_by":"The Heart","ascension_level":0}}