{"host":"bnbc66jny2i0hx0x","time":1607484719,"event":{"gold_per_floor":[115,127,139,150,167,167,196,226,226,191,226,237,272,34,34,106,106,106,106],"floor_reached":18,"playtime":862,"items_purged":[],"score":319,"play_id":"891aaa2f-b66a-4d28-be79-7d8b1dabbfd1","local_time":"20201208193159","is_ascension_mode":true,"campfire_choices":[{"floor":6,"key":"REST"},{"floor":15,"key":"REST"}],"neow_cost":"NONE","seed_source_timestamp":98215434907900,"circlet_count":0,"master_deck":["AscendersBane","Strike_B","Strike_B","Strike_B","Strike_B","Defend_B","Defend_B","Defend_B","Defend_B","Zap","Dualcast","Streamline","Rebound","Reinforced Body","Tempest","White Noise","Self Repair","Sunder","Electrodynamics","Genetic Algorithm","Discovery","Creative AI"],"relics":["Fusion Hammer","Centennial Puzzle","Pear","Blue Candle","Matryoshka","Chemical X","Sozu"],"potions_floor_usage":[5,7,13,16],"damage_taken":[{"damage":8,"enemies":"2 Louse","floor":1,"turns":3},{"damage":5,"enemies":"Small Slimes","floor":2,"turns":3},{"damage":1,"enemies":"Cultist","floor":3,"turns":3},{"damage":9,"enemies":"Red Slaver","floor":4,"turns":3},{"damage":13,"enemies":"Exordium Wildlife","floor":5,"turns":3},{"damage":38,"enemies":"Gremlin Nob","floor":7,"turns":5},{"damage":21,"enemies":"Lagavulin","floor":11,"turns":7},{"damage":0,"enemies":"Large Slime","floor":12,"turns":2},{"damage":36,"enemies":"Gremlin Nob","floor":13,"turns":4},{"damage":26,"enemies":"Hexaghost","floor":16,"turns":9},{"damage":13,"enemies":"Shell Parasite","floor":18,"turns":3}],"seed_played":"8051081200391084601","potions_obtained":[{"floor":1,"key":"ColorlessPotion"},{"floor":5,"key":"Regen Potion"},{"floor":11,"key":"FearPotion"},{"floor":13,"key":"SneckoOil"}],"is_trial":false,"path_per_floor":["M","M","M","M","M","R","E","?","T","?","E","M","E","$","R","B",null,"M"],"character_chosen":"DEFECT","items_purchased":["Chemical X","Discovery"],"campfire_rested":2,"item_purchase_floors":[14,14],"current_hp_per_floor":[56,51,50,41,28,49,25,25,35,55,41,41,5,5,29,10,63,50,50],"gold":106,"neow_bonus":"BOSS_RELIC","is_prod":false,"is_daily":false,"chose_seed":false,"campfire_upgraded":0,"win_rate":0,"timestamp":1607484719,"path_taken":["M","M","M","M","M","R","E","?","T","?","E","M","E","$","R","BOSS","M"],"build_version":"2020-11-30","purchased_purges":0,"victory":false,"max_hp_per_floor":[71,71,71,71,71,71,71,71,81,81,81,81,81,81,81,81,81,81,81],"card_choices":[{"not_picked":["Genetic Algorithm","Storm"],"picked":"Streamline","floor":1},{"not_picked":["Compile Driver","Rip and Tear"],"picked":"Rebound","floor":2},{"not_picked":["Barrage","Undo"],"picked":"Reinforced Body","floor":3},{"not_picked":["Sweeping Beam","Coolheaded"],"picked":"Tempest","floor":4},{"not_picked":["Compile Driver","Barrage"],"picked":"White Noise","floor":5},{"not_picked":["Gash","Rebound"],"picked":"Self Repair","floor":7},{"not_picked":["Rebound","Compile Driver"],"picked":"Sunder","floor":11},{"not_picked":["Melter","Reprogram"],"picked":"Electrodynamics","floor":12},{"not_picked":["BootSequence","Cold Snap"],"picked":"Genetic Algorithm","floor":13},{"not_picked":["Fission","Biased Cognition"],"picked":"Creative AI","floor":16}],"player_experience":1224602,"relics_obtained":[{"floor":7,"key":"Centennial Puzzle"},{"floor":9,"key":"Pear"},{"floor":11,"key":"Blue Candle"},{"floor":13,"key":"Matryoshka"}],"event_choices":[{"damage_healed":0,"gold_gain":30,"player_choice":"Searched \u00272\u0027 times","damage_taken":0,"max_hp_gain":0,"max_hp_loss":0,"event_name":"Dead Adventurer","floor":8,"gold_loss":0},{"damage_healed":20,"gold_gain":0,"player_choice":"Healed","damage_taken":0,"max_hp_gain":0,"max_hp_loss":0,"event_name":"The Cleric","floor":10,"gold_loss":35}],"is_beta":false,"boss_relics":[{"not_picked":["Cursed Key","Astrolabe"],"picked":"Sozu"}],"items_purged_floors":[],"is_endless":false,"potions_floor_spawned":[1,5,11,13],"killed_by":"Shell Parasite","ascension_level":15}}