{"host":"87fdiiwflhrwsj8a","time":1607555230,"event":{"gold_per_floor":[115,115,115,127,127,157,176,176,223,223,249,249,314,334,334,411,411,422,297,18,29,49,49,49,49],"floor_reached":24,"playtime":604,"items_purged":[],"score":458,"play_id":"2dab86c1-a691-4bdb-84d4-3ab6b380a70a","local_time":"20201209180710","is_ascension_mode":true,"campfire_choices":[{"data":"Sunder","floor":8.0,"key":"SMITH"},{"data":"Dualcast","floor":10.0,"key":"SMITH"},{"data":"BasicCrystalCard","floor":12.0,"key":"SMITH"},{"data":"Zap","floor":15.0,"key":"SMITH"},{"data":"StuffTheSpire:Purify","floor":23.0,"key":"SMITH"}],"neow_cost":"NONE","seed_source_timestamp":109471538232000,"circlet_count":0,"master_deck":["AscendersBane","Strike_B","Strike_B","Strike_B","Strike_B","Defend_B","Defend_B","Defend_B","Defend_B","Zap+1","Dualcast+1","Sunder+1","BootSequence","FTL","BasicCrystalCard+1","Beam Cell","StuffTheSpire:Purify+1","CurseOfTheBell","Loop+1","Seek+1","Reboot+1","Seek+1","Melter"],"special_seed":0,"relics":["Cracked Core","Prayer Wheel","NeowsBlessing","Lizard Tail","Vajra","Symbiotic Virus","Du-Vu Doll","Calling Bell","Potion Belt","StuffTheSpire:SapphireSignet","aspiration:DSix","StuffTheSpire:ForceGauntlet"],"potions_floor_usage":[24,24],"damage_taken":[{"damage":0.0,"enemies":"2 Louse","floor":1.0,"turns":1.0},{"damage":0.0,"enemies":"Cultist","floor":4.0,"turns":1.0},{"damage":0.0,"enemies":"Lagavulin","floor":6.0,"turns":1.0},{"damage":0.0,"enemies":"Jaw Worm","floor":7.0,"turns":2.0},{"damage":34.0,"enemies":"Gremlin Nob","floor":11.0,"turns":4.0},{"damage":37.0,"enemies":"Lagavulin Event","floor":13.0,"turns":4.0},{"damage":1.0,"enemies":"3 Louse","floor":14.0,"turns":3.0},{"damage":21.0,"enemies":"The Guardian","floor":16.0,"turns":8.0},{"damage":13.0,"enemies":"3 Byrds","floor":18.0,"turns":4.0},{"damage":0.0,"enemies":"2 Thieves","floor":21.0,"turns":2.0},{"damage":4.0,"enemies":"3 Cultists","floor":22.0,"turns":4.0},{"damage":44,"enemies":"Book of Stabbing","floor":24,"turns":3}],"seed_played":"-3719016194056381755","potions_obtained":[{"floor":3.0,"key":"SteroidPotion"},{"floor":3.0,"key":"DuplicationPotion"},{"floor":13.0,"key":"Strength Potion"},{"floor":22.0,"key":"AttackPotion"}],"is_trial":false,"path_per_floor":["M","$","?","M","$","E","M","R","T","R","E","R","?","M","R","B",null,"M","?","$","M","M","R","E"],"character_chosen":"DEFECT","items_purchased":["StuffTheSpire:ForceGauntlet"],"campfire_rested":0,"item_purchase_floors":[20],"current_hp_per_floor":[64,64,64,64,64,64,64,64,64,64,30,30,35,34,34,13,57,44,44,44,44,40,40,0,0],"gold":49,"neow_bonus":"THREE_ENEMY_KILL","is_prod":false,"is_daily":false,"chose_seed":false,"campfire_upgraded":5,"win_rate":0,"timestamp":1607555230,"path_taken":["M","$","?","?","$","E","M","R","T","R","E","R","?","M","R","BOSS","M","?","$","?","M","R","E"],"build_version":"2020-11-30","purchased_purges":0,"victory":false,"max_hp_per_floor":[71,71,71,71,71,71,71,71,71,71,71,71,71,71,71,71,71,71,71,71,71,71,71,71,71],"card_choices":[{"not_picked":["BasicCrystalCard","Conserve Battery"],"picked":"Sunder","floor":1.0},{"not_picked":["StuffTheSpire:LoadUp","aspiration:Polymerization","Panic Button"],"picked":"SKIP","floor":4.0},{"not_picked":["StuffTheSpire:LoadUp","aspiration:Polymerization","Panic Button"],"picked":"SKIP","floor":4.0},{"not_picked":["Ball Lightning","Streamline"],"picked":"BootSequence","floor":6.0},{"not_picked":["Glacier","Chill"],"picked":"FTL","floor":7.0},{"not_picked":["Recycle","StuffTheSpire:LoadUp"],"picked":"BasicCrystalCard","floor":11.0},{"not_picked":["ReplaySort","Gash"],"picked":"ReplayTheSpireMod:Fabricate Wheel","floor":13.0},{"not_picked":["Blizzard","Stack"],"picked":"Beam Cell","floor":14.0},{"not_picked":["Sweeping Beam","Redo","BasicCrystalCard"],"picked":"SKIP","floor":14.0},{"not_picked":["Mirror Shield","Thunder Strike"],"picked":"StuffTheSpire:Purify","floor":16.0},{"not_picked":["Barrage","Gash"],"picked":"Loop+1","floor":18.0},{"not_picked":["Panic Button","BasicCrystalCard","Crystallizer"],"picked":"SKIP","floor":18.0},{"not_picked":["Reboot+1","ReplayRNGCard+1"],"picked":"Seek+1","floor":19.0},{"not_picked":["Buffer+1","StuffTheSpire:LaunchingStrike+1"],"picked":"Reboot+1","floor":19.0},{"not_picked":["Fission+1","Meteor Strike+1"],"picked":"Seek+1","floor":19.0},{"not_picked":["Compile Driver","Steam"],"picked":"Melter","floor":21.0},{"not_picked":["ReplayTheSpireMod:Calculation Training","Turbo","StuffTheSpire:LoadUp"],"picked":"SKIP","floor":21.0},{"not_picked":["Sweeping Beam","Hyperbeam","Glacier"],"picked":"SKIP","floor":22.0},{"not_picked":["Genetic Algorithm","Go for the Eyes","Skim"],"picked":"SKIP","floor":22.0}],"player_experience":2513099,"relics_obtained":[{"floor":6.0,"key":"Lizard Tail"},{"floor":9.0,"key":"Vajra"},{"floor":11.0,"key":"Symbiotic Virus"},{"floor":13.0,"key":"Du-Vu Doll"},{"floor":17.0,"key":"Potion Belt"},{"floor":17.0,"key":"StuffTheSpire:SapphireSignet"},{"floor":17.0,"key":"aspiration:DSix"}],"event_choices":[{"damage_healed":0.0,"max_hp_gain":0.0,"max_hp_loss":0.0,"gold_gain":0.0,"event_name":"Lab","player_choice":"Got Potions","floor":3.0,"gold_loss":0.0,"damage_taken":0.0},{"damage_healed":0.0,"max_hp_gain":0.0,"max_hp_loss":0.0,"gold_gain":30.0,"event_name":"Dead Adventurer","player_choice":"Searched \u00272\u0027 times","floor":13.0,"gold_loss":0.0,"damage_taken":0.0},{"damage_healed":0.0,"max_hp_gain":0.0,"max_hp_loss":0.0,"gold_gain":0.0,"event_name":"betterMatch:BetterMatch","player_choice":"3","floor":19.0,"gold_loss":0.0,"damage_taken":0.0,"cards_obtained":["betterMatch:RareCard"]}],"is_beta":false,"boss_relics":[{"not_picked":["StuffTheSpire:RunicHypercube","ReplayTheSpireMod:DimensionalGlitch"],"picked":"Calling Bell"}],"items_purged_floors":[],"is_endless":false,"potions_floor_spawned":[6,13,22],"killed_by":"Book of Stabbing","ascension_level":20}}