{"host":"2fcuechlb8c23yrb","time":1607556792,"event":{"gold_per_floor":[211,230,2,19,33,58,75,150,175,175,18,18,28,38,38,134,134,144,20,45,45,57,57,73,73,121,121,121,121,0,16,16,118,118,134,184,203,203,203,203,216,216,216,216,14,14,14,32,32,32,32],"floor_reached":50,"playtime":2192,"items_purged":["Defend_B"],"score":642,"play_id":"68e5b724-d399-41a0-86a3-d5223921b900","local_time":"20201209183312","is_ascension_mode":false,"campfire_choices":[{"floor":10,"key":"REST"},{"floor":12,"key":"REST"},{"data":"White Noise","floor":15,"key":"SMITH"},{"floor":23,"key":"RECALL"},{"floor":27,"key":"REST"},{"floor":32,"key":"REST"},{"data":"White Noise","floor":40,"key":"SMITH"},{"floor":44,"key":"REST"},{"data":"Creative AI","floor":46,"key":"SMITH"},{"floor":49,"key":"REST"}],"neow_cost":"NONE","seed_source_timestamp":0,"circlet_count":0,"master_deck":["Strike_B","Strike_B+1","Strike_B","Strike_B","Defend_B","Defend_B","Defend_B","Dualcast","Static Discharge","Loop","Self Repair","Coolheaded","Beam Cell","White Noise+1","Conserve Battery","Ball Lightning+1","All For One","Redo+1","Cold Snap","White Noise+1","Force Field+1","Creative AI+1","Leap+1","Madness","Madness"],"special_seed":0,"relics":["Cracked Core","Bronze Scales","Shovel","Vajra","SacredBark","Whetstone","MutagenicStrength","Happy Flower","Busted Crown","Turnip","Symbiotic Virus","Regal Pillow"],"potions_floor_usage":[7,16,16,24,29,33,33,48,50,50],"damage_taken":[{"damage":6,"enemies":"2 Louse","floor":1,"turns":4},{"damage":1,"enemies":"Cultist","floor":2,"turns":4},{"damage":8,"enemies":"Jaw Worm","floor":4,"turns":4},{"damage":8,"enemies":"Large Slime","floor":5,"turns":5},{"damage":42,"enemies":"Gremlin Nob","floor":6,"turns":4},{"damage":3,"enemies":"Blue Slaver","floor":7,"turns":3},{"damage":10,"enemies":"Looter","floor":13,"turns":3},{"damage":14,"enemies":"3 Louse","floor":14,"turns":3},{"damage":0,"enemies":"Slime Boss","floor":16,"turns":6},{"damage":7,"enemies":"Chosen","floor":18,"turns":5},{"damage":30,"enemies":"Shell Parasite","floor":22,"turns":4},{"damage":25,"enemies":"Snake Plant","floor":24,"turns":4},{"damage":0,"enemies":"Cultist and Chosen","floor":29,"turns":1},{"damage":15,"enemies":"Sentry and Sphere","floor":31,"turns":5},{"damage":67,"enemies":"Champ","floor":33,"turns":12},{"damage":26,"enemies":"Orb Walker","floor":35,"turns":4},{"damage":3,"enemies":"Mind Bloom Boss Battle","floor":36,"turns":9},{"damage":5,"enemies":"3 Shapes","floor":37,"turns":5},{"damage":14,"enemies":"Maw","floor":41,"turns":9},{"damage":48,"enemies":"3 Darklings","floor":48,"turns":6},{"damage":71,"enemies":"Time Eater","floor":50,"turns":10}],"seed_played":"-6157982743045023849","potions_obtained":[{"floor":1,"key":"GamblersBrew"},{"floor":4,"key":"Ancient Potion"},{"floor":6,"key":"Regen Potion"},{"floor":7,"key":"FocusPotion"},{"floor":16,"key":"SmokeBomb"},{"floor":31,"key":"Swift Potion"},{"floor":37,"key":"SkillPotion"},{"floor":48,"key":"Strength Potion"}],"is_trial":false,"path_per_floor":["M","M","$","M","M","E","M","?","T","R","$","R","M","M","R","B",null,"M","$","T","$","M","R","M","?","T","R","?","M","$","M","R","B",null,"M","?","M","?","?","R","M","?","T","R","$","R","?","M","R","B"],"character_chosen":"DEFECT","items_purchased":["Bronze Scales","Self Repair","Vajra","Dexterity Potion","SkillPotion","White Noise","Weak Potion","Regal Pillow"],"campfire_rested":6,"item_purchase_floors":[3,3,11,19,30,30,45,45],"current_hp_per_floor":[69,68,68,67,66,31,44,37,37,59,59,75,72,65,65,65,75,75,75,75,75,52,52,34,34,34,56,56,56,56,48,70,10,75,56,60,62,62,62,62,55,55,55,75,75,75,66,25,62,0,0],"gold":32,"neow_bonus":"HUNDRED_GOLD","is_prod":false,"is_daily":false,"chose_seed":false,"campfire_upgraded":3,"win_rate":0,"timestamp":1607556792,"path_taken":["M","M","$","M","M","E","M","?","T","R","$","R","?","M","R","BOSS","M","$","?","?","M","R","M","?","T","R","?","?","$","M","R","BOSS","M","?","M","?","?","R","M","?","T","R","$","R","?","M","R","BOSS"],"build_version":"2020-11-30","purchased_purges":1,"victory":false,"max_hp_per_floor":[75,75,75,75,75,75,75,75,75,75,75,75,75,75,75,75,75,75,75,75,75,75,75,75,75,75,75,75,75,75,75,75,75,75,75,75,75,75,75,75,75,75,75,75,75,75,75,75,75,75,75],"relic_stats":{"Regal Pillow":15,"Shovel":0,"Busted Crown":10,"Happy Flower":[20],"counters":[21,110],"Bronze Scales":[257],"Turnip":[3],"Whetstone":["Ball Lightning","Strike_B"],"obtain_stats":[{"Regal Pillow":45,"Shovel":6,"Busted Crown":34,"Happy Flower":26,"Bronze Scales":3,"SacredBark":17,"MutagenicStrength":25,"Vajra":11,"Turnip":36,"Whetstone":20,"Cracked Core":0,"Symbiotic Virus":43},{"Regal Pillow":19,"Shovel":5,"Busted Crown":15,"Happy Flower":12,"Bronze Scales":2,"SacredBark":9,"MutagenicStrength":12,"Vajra":6,"Turnip":17,"Whetstone":10,"Cracked Core":0,"Symbiotic Virus":19},{"Regal Pillow":94,"Shovel":21,"Busted Crown":67,"Happy Flower":49,"Bronze Scales":8,"SacredBark":36,"MutagenicStrength":49,"Vajra":24,"Turnip":80,"Whetstone":41,"Cracked Core":0,"Symbiotic Virus":94}]},"card_choices":[{"not_picked":["Turbo","Ball Lightning"],"picked":"Static Discharge","floor":1},{"not_picked":["Glacier","Rebound"],"picked":"Loop","floor":2},{"not_picked":["Blizzard","Streamline"],"picked":"Coolheaded","floor":4},{"not_picked":["Fusion","Turbo"],"picked":"Beam Cell","floor":5},{"not_picked":["Storm","Streamline"],"picked":"White Noise","floor":6},{"not_picked":["Barrage","Hologram"],"picked":"Conserve Battery","floor":7},{"not_picked":["Blizzard","Recycle"],"picked":"Ball Lightning","floor":13},{"not_picked":["Coolheaded","Steam","Rebound"],"picked":"SKIP","floor":14},{"not_picked":["Multi-Cast","Meteor Strike"],"picked":"All For One","floor":16},{"not_picked":["Sweeping Beam+1","Streamline"],"picked":"Redo+1","floor":18},{"not_picked":["Chaos","Gash","Hologram+1"],"picked":"SKIP","floor":22},{"not_picked":["Hello World","Compile Driver"],"picked":"Cold Snap","floor":24},{"not_picked":["Turbo+1","Hologram"],"picked":"Force Field+1","floor":31},{"not_picked":["Echo Form","Fission"],"picked":"Creative AI","floor":33},{"not_picked":[],"picked":"Leap+1","floor":35},{"not_picked":["Streamline"],"picked":"SKIP","floor":37},{"not_picked":["Lockon+1"],"picked":"SKIP","floor":41},{"not_picked":["Coolheaded"],"picked":"SKIP","floor":48}],"player_experience":53722,"relics_obtained":[{"floor":6,"key":"Shovel"},{"floor":20,"key":"Whetstone"},{"floor":26,"key":"Happy Flower"},{"floor":36,"key":"Turnip"},{"floor":43,"key":"Symbiotic Virus"}],"event_choices":[{"damage_healed":0,"gold_gain":75,"player_choice":"Touch","damage_taken":7,"max_hp_gain":0,"max_hp_loss":0,"event_name":"FaceTrader","floor":8,"gold_loss":0},{"damage_healed":0,"gold_gain":0,"player_choice":"Inject Mutagens","damage_taken":0,"relics_obtained":["MutagenicStrength"],"max_hp_gain":0,"max_hp_loss":0,"event_name":"Drug Dealer","floor":25,"gold_loss":0},{"damage_healed":0,"gold_gain":0,"player_choice":"Ignored","damage_taken":0,"max_hp_gain":0,"max_hp_loss":0,"event_name":"Ghosts","floor":28,"gold_loss":0},{"damage_healed":0,"gold_gain":0,"player_choice":"Fight","damage_taken":0,"max_hp_gain":0,"max_hp_loss":0,"event_name":"MindBloom","floor":36,"gold_loss":0},{"cards_removed":["Zap"],"damage_healed":0,"gold_gain":0,"player_choice":"Removed Skill","damage_taken":0,"max_hp_gain":0,"max_hp_loss":0,"event_name":"Falling","floor":38,"gold_loss":0},{"damage_healed":0,"gold_gain":0,"player_choice":"Ignored","damage_taken":0,"max_hp_gain":0,"max_hp_loss":0,"event_name":"Mysterious Sphere","floor":39,"gold_loss":0},{"damage_healed":0,"gold_gain":0,"player_choice":"Ignored","damage_taken":0,"max_hp_gain":0,"max_hp_loss":0,"event_name":"Tomb of Lord Red Mask","floor":42,"gold_loss":0},{"damage_healed":0,"gold_gain":0,"player_choice":"Embrace Madness","damage_taken":9,"max_hp_gain":0,"max_hp_loss":0,"event_name":"Winding Halls","floor":47,"gold_loss":0,"cards_obtained":["Madness","Madness"]}],"is_beta":false,"boss_relics":[{"not_picked":["FrozenCore","Cursed Key"],"picked":"SacredBark"},{"not_picked":["Snecko Eye","SlaversCollar"],"picked":"Busted Crown"}],"items_purged_floors":[19],"is_endless":false,"potions_floor_spawned":[1,4,6,7,16,22,31,37,48],"killed_by":"Time Eater","ascension_level":0}}