{"host":"8lvnnmfamkc2d31d","time":1607503825,"event":{"gold_per_floor":[112,128,142,142,162,162,195,195,195,213,59,92,92,113,113,236,236,256,256,256,270,223,223,241,241,241,241,272,290,290,36,36,164,164,179,179,31,31,94,94,130,96,150,150,173,173,193,208,208,208,208,208,63,104,104],"floor_reached":56,"playtime":5527,"items_purged":["TheCursedMod:Defend_TheCursed"],"score":1253,"play_id":"d104cc6b-6c21-45b8-babf-cd50a8c2a594","local_time":"20201209025025","is_ascension_mode":false,"campfire_choices":[{"data":"TheCursedMod:CleanUpWorkshop","floor":6,"key":"SMITH"},{"data":"TheCursedMod:LuckyCharm","floor":8,"key":"SMITH"},{"data":"TheCursedMod:HellfireBreathing","floor":15,"key":"SMITH"},{"data":"TheCursedMod:HellfireBreathing","floor":23,"key":"SMITH"},{"data":"TheCursedMod:Neurasthenia","floor":25,"key":"SMITH"},{"data":"TheCursedMod:SpitefulPlan","floor":32,"key":"SMITH"},{"floor":40,"key":"RECALL"},{"data":"infinitespire:Collect","floor":44,"key":"SMITH"},{"data":"Madness","floor":49,"key":"SMITH"},{"data":"TheCursedMod:OutForBlood","floor":52,"key":"SMITH"}],"neow_cost":"NONE","seed_source_timestamp":1083979387999200,"circlet_count":0,"master_deck":["TheCursedMod:Strike_TheCursed","TheCursedMod:Strike_TheCursed","TheCursedMod:Strike_TheCursed","TheCursedMod:Strike_TheCursed","TheCursedMod:Defend_TheCursed","TheCursedMod:Defend_TheCursed","TheCursedMod:Defend_TheCursed","TheCursedMod:CursedWand","TheCursedMod:CleanUpWorkshop+1","TheCursedMod:Dregs","TheCursedMod:SpitefulPray","TheCursedMod:LuckyCharm+1","TheCursedMod:HellfireBreathing+1","TheCursedMod:FleshFromBone","TheCursedMod:TroublousMinions","TheCursedMod:CursedShiv","TheCursedMod:SpitefulPlan+1","TheCursedMod:HellfireBreathing+1","TheCursedMod:WearCloak","TheCursedMod:SurpriseAttack","Injury","TheCursedMod:CursedAmulet","TheCursedMod:WearCloak","infinitespire:Collect+1","TheCursedMod:RapidMovement","TheCursedMod:FleshFromBone","TheCursedMod:Neurasthenia+1","TheCursedMod:Stretching+1","Finesse","TheCursedMod:OutForBlood+1","TheCursedMod:HellsGateOpen","Madness","Madness+1","TheCursedMod:SpitefulPray","TheCursedMod:Stretching+1","TheCursedMod:HellfireBreathing","TheCursedMod:CursedSpellbook","TheCursedMod:ReleasedKnowledge+1","TheCursedMod:Grudge+1"],"relics":["TheCursedMod:BlackMagicAdvanced","NeowsBlessing","Centennial Puzzle","Nunchaku","Orrery","Question Card","Golden Idol","infinitespire:Cupcake","MutagenicStrength","TheCursedMod:OminousMark","Darkstone Periapt","infinitespire:BottledMercury","infinitespire:Eraser","MealTicket","Nilry\u0027s Codex","Blood Vial","infinitespire:Satchel","Calipers","infinitespire:CursedDice","Chemical X","infinitespire:PuzzleCube"],"potions_floor_usage":[7,7,21,24,28,39,45,47,55],"damage_taken":[{"damage":0,"enemies":"infinitespire:Voidling","floor":1,"turns":1},{"damage":0,"enemies":"2 Louse","floor":2,"turns":1},{"damage":0,"enemies":"Small Slimes","floor":3,"turns":1},{"damage":0,"enemies":"Looter","floor":5,"turns":3},{"damage":30,"enemies":"Lagavulin","floor":7,"turns":13},{"damage":13,"enemies":"3 Louse","floor":10,"turns":3},{"damage":0,"enemies":"3 Sentries","floor":12,"turns":7},{"damage":2,"enemies":"Blue Slaver","floor":14,"turns":3},{"damage":7,"enemies":"The Guardian","floor":16,"turns":9},{"damage":6,"enemies":"Chosen","floor":18,"turns":6},{"damage":1,"enemies":"Spheric Guardian","floor":21,"turns":3},{"damage":15,"enemies":"Centurion and Healer","floor":24,"turns":6},{"damage":0,"enemies":"Book of Stabbing","floor":28,"turns":7},{"damage":21,"enemies":"Chosen and Byrds","floor":29,"turns":7},{"damage":14,"enemies":"Collector","floor":33,"turns":9},{"damage":0,"enemies":"3 Shapes","floor":35,"turns":6},{"damage":0,"enemies":"Mind Bloom Boss Battle","floor":39,"turns":6},{"damage":0,"enemies":"Giant Head","floor":41,"turns":7},{"damage":0,"enemies":"Orb Walker","floor":45,"turns":4},{"damage":9,"enemies":"3 Darklings","floor":47,"turns":3},{"damage":1,"enemies":"Maw","floor":48,"turns":6},{"damage":48,"enemies":"Awakened One","floor":50,"turns":13},{"damage":77,"enemies":"Shield and Spear","floor":54,"turns":8},{"damage":13,"enemies":"The Heart","floor":55,"turns":8}],"seed_played":"-1148355420293522229","potions_obtained":[{"floor":1,"key":"Dexterity Potion"},{"floor":2,"key":"Weak Potion"},{"floor":5,"key":"Fruit Juice"},{"floor":16,"key":"PowerPotion"},{"floor":18,"key":"SkillPotion"},{"floor":24,"key":"Weak Potion"},{"floor":28,"key":"Ancient Potion"},{"floor":33,"key":"AttackPotion"},{"floor":39,"key":"ColorlessPotion"},{"floor":45,"key":"SmokeBomb"}],"is_trial":false,"path_per_floor":["M","M","M","?","M","R","E","R","T","M","$","E","?","M","R","B",null,"M","?","AVR","M","$","R","M","R","T","?","E","M","?","$","R","B",null,"M","?","$","?","?","R","E","$","T","R","M","?","M","M","R","B",null,"R","$","E","B",null],"character_chosen":"THE_CURSED","items_purchased":["Orrery","TheCursedMod:FleshFromBone","Blood Vial","Finesse","infinitespire:Satchel","TheCursedMod:HellfireBreathing","Chemical X"],"campfire_rested":0,"item_purchase_floors":[11,22,31,31,37,42,53],"current_hp_per_floor":[75,75,75,75,75,75,45,45,45,32,32,32,32,30,30,23,75,69,69,69,68,68,68,53,53,53,53,53,32,16,31,31,19,75,75,85,85,74,81,81,83,90,90,90,90,90,81,82,82,36,90,90,90,13,2],"gold":104,"neow_bonus":"THREE_ENEMY_KILL","is_prod":false,"is_daily":false,"chose_seed":false,"campfire_upgraded":9,"win_rate":0.0,"timestamp":1607503825,"path_taken":["M","?","M","?","M","R","E","R","T","M","$","E","?","M","R","BOSS","M","?","AVR","M","$","R","M","R","T","?","E","M","?","$","R","BOSS","M","?","?","?","?","R","E","?","T","R","M","?","M","M","R","BOSS","R","$","E","BOSS"],"build_version":"2020-11-30","purchased_purges":1,"victory":true,"max_hp_per_floor":[75,75,75,75,75,75,75,75,75,75,75,75,75,75,75,75,75,75,75,75,75,75,75,75,75,75,75,75,75,75,75,75,75,75,75,85,85,85,90,90,90,90,90,90,90,90,90,90,90,90,90,90,90,90,90],"relic_stats":{"Darkstone Periapt":0,"Blood Vial":12,"Centennial Puzzle":[36],"Nunchaku":[24],"counters":[24,136],"Golden Idol":169,"MealTicket":22,"Chemical X":[1],"Question Card":20,"obtain_stats":[{"Darkstone Periapt":20,"TheCursedMod:BlackMagic101":0,"infinitespire:BottledMercury":26,"Calipers":39,"NeowsBlessing":0,"TheCursedMod:BlackMagicAdvanced":34,"Golden Idol":13,"Nilry\u0027s Codex":30,"infinitespire:CursedDice":41,"Question Card":12,"Blood Vial":31,"Centennial Puzzle":7,"Nunchaku":9,"TheCursedMod:OminousMark":20,"MutagenicStrength":19,"Orrery":11,"infinitespire:Satchel":37,"MealTicket":28,"Chemical X":53,"infinitespire:Eraser":27,"infinitespire:PuzzleCube":54,"infinitespire:Cupcake":17},{"Darkstone Periapt":10,"TheCursedMod:BlackMagic101":0,"infinitespire:BottledMercury":12,"Calipers":17,"NeowsBlessing":0,"TheCursedMod:BlackMagicAdvanced":15,"Golden Idol":7,"Nilry\u0027s Codex":14,"infinitespire:CursedDice":18,"Question Card":7,"Blood Vial":14,"Centennial Puzzle":5,"Nunchaku":5,"TheCursedMod:OminousMark":10,"MutagenicStrength":10,"Orrery":6,"infinitespire:Satchel":16,"MealTicket":13,"Chemical X":22,"infinitespire:Eraser":12,"infinitespire:PuzzleCube":23,"infinitespire:Cupcake":9},{"Darkstone Periapt":45,"TheCursedMod:BlackMagic101":0,"infinitespire:BottledMercury":54,"Calipers":88,"NeowsBlessing":0,"TheCursedMod:BlackMagicAdvanced":76,"Golden Idol":28,"Nilry\u0027s Codex":67,"infinitespire:CursedDice":95,"Question Card":28,"Blood Vial":67,"Centennial Puzzle":19,"Nunchaku":19,"TheCursedMod:OminousMark":45,"MutagenicStrength":45,"Orrery":22,"infinitespire:Satchel":82,"MealTicket":61,"Chemical X":121,"infinitespire:Eraser":54,"infinitespire:PuzzleCube":128,"infinitespire:Cupcake":39}]},"card_choices":[{"not_picked":["TheCursedMod:CircleOfFlame","TheCursedMod:SoulCrush"],"picked":"TheCursedMod:SpitefulPray","floor":1},{"not_picked":["TheCursedMod:ManaBullet","TheCursedMod:SpitefulStrike"],"picked":"TheCursedMod:LuckyCharm","floor":2},{"not_picked":["TheCursedMod:Mangle","TheCursedMod:SoulCrush"],"picked":"TheCursedMod:SurpriseAttack","floor":3},{"not_picked":["TheCursedMod:Stretching","TheCursedMod:CircleOfFlame"],"picked":"TheCursedMod:HellfireBreathing","floor":5},{"not_picked":["TheCursedMod:Stretching","TheCursedMod:SmokeScreen"],"picked":"TheCursedMod:FleshFromBone","floor":7},{"not_picked":["TheCursedMod:Torture","TheCursedMod:SpitefulStrike"],"picked":"TheCursedMod:TroublousMinions","floor":10},{"not_picked":["TheCursedMod:BlessingInDisguise","TheCursedMod:VoidForm"],"picked":"TheCursedMod:CursedShiv","floor":11},{"not_picked":["TheCursedMod:WearCloak","TheCursedMod:Grudge"],"picked":"TheCursedMod:SpitefulPlan","floor":11},{"not_picked":["TheCursedMod:RapidMovement","TheCursedMod:SpitefulStrike"],"picked":"TheCursedMod:HellfireBreathing","floor":11},{"not_picked":["TheCursedMod:Stigma","TheCursedMod:SurpriseAttack"],"picked":"TheCursedMod:WearCloak","floor":11},{"not_picked":["TheCursedMod:CircleOfAbyss","TheCursedMod:ManaBullet"],"picked":"TheCursedMod:SurpriseAttack","floor":11},{"not_picked":["TheCursedMod:Wield","TheCursedMod:UltimatePain","TheCursedMod:RapidMovement"],"picked":"SKIP","floor":12},{"not_picked":["TheCursedMod:Stigma","TheCursedMod:CircleOfCorruption","TheCursedMod:FleshFromBone"],"picked":"TheCursedMod:CursedAmulet","floor":14},{"not_picked":["TheCursedMod:UltimatePain","TheCursedMod:OutForBlood","TheCursedMod:CircleOfAbyss"],"picked":"TheCursedMod:DemonicPact","floor":16},{"not_picked":["TheCursedMod:CircleOfBlood","TheCursedMod:CursedMace","TheCursedMod:CursedAmulet+1"],"picked":"TheCursedMod:WearCloak","floor":18},{"not_picked":["TheCursedMod:DoubleShield","TheCursedMod:ReleasedKnowledge","TheCursedMod:WearCloak+1"],"picked":"TheCursedMod:RapidMovement","floor":21},{"not_picked":["TheCursedMod:Wield","TheCursedMod:VitalStrike","TheCursedMod:BlessingInDisguise+1"],"picked":"TheCursedMod:Neurasthenia","floor":24},{"not_picked":["TheCursedMod:SmokeScreen","TheCursedMod:Evocation","TheCursedMod:RapidMovement"],"picked":"TheCursedMod:Stretching+1","floor":28},{"not_picked":["TheCursedMod:Wield","TheCursedMod:SpreadPlague","TheCursedMod:CursedShiv+1","TheCursedMod:CursedMace+1"],"picked":"SKIP","floor":29},{"not_picked":["TheCursedMod:ShockAndAwe","TheCursedMod:DemonicPact","TheCursedMod:CollectTribute"],"picked":"TheCursedMod:OutForBlood","floor":33},{"not_picked":["TheCursedMod:Torture+1","TheCursedMod:CursedMace+1","TheCursedMod:ReleasedStrength+1"],"picked":"TheCursedMod:HellsGateOpen","floor":35},{"not_picked":["TheCursedMod:BloodBarrier+1","TheCursedMod:Wield+1","TheCursedMod:CircleOfFlame"],"picked":"TheCursedMod:SpitefulPray","floor":39},{"not_picked":["TheCursedMod:FleshFromBone+1","TheCursedMod:CircleOfAmplification","TheCursedMod:CircleOfCorruption+1"],"picked":"TheCursedMod:Stretching+1","floor":41},{"not_picked":["TheCursedMod:Obscuration","TheCursedMod:Torture+1","TheCursedMod:CircleOfFlame+1","TheCursedMod:CircleOfWindfury+1"],"picked":"SKIP","floor":45},{"not_picked":["TheCursedMod:ReleasedKnowledge+1","TheCursedMod:Mangle+1","TheCursedMod:Wield"],"picked":"TheCursedMod:CursedSpellbook","floor":47},{"not_picked":["TheCursedMod:RapidMovement+1","TheCursedMod:EmpowerCircles+1","TheCursedMod:Torture"],"picked":"TheCursedMod:ReleasedKnowledge+1","floor":48},{"not_picked":["TheCursedMod:CursedBlade+1","TheCursedMod:EmpowerCircles","TheCursedMod:RapidMovement+1"],"picked":"TheCursedMod:Grudge+1","floor":54}],"player_experience":431837,"relics_obtained":[{"floor":7,"key":"Centennial Puzzle"},{"floor":9,"key":"Nunchaku"},{"floor":12,"key":"Question Card"},{"floor":26,"key":"infinitespire:BottledMercury"},{"floor":28,"key":"MealTicket"},{"floor":30,"key":"Nilry\u0027s Codex"},{"floor":39,"key":"Calipers"},{"floor":41,"key":"infinitespire:CursedDice"},{"floor":54,"key":"infinitespire:PuzzleCube"}],"event_choices":[{"damage_healed":0,"gold_gain":0,"player_choice":"Take Wound","damage_taken":0,"relics_obtained":["Golden Idol"],"max_hp_gain":0,"max_hp_loss":0,"event_name":"Golden Idol","floor":13,"gold_loss":0,"cards_obtained":["Injury"]},{"damage_healed":0,"gold_gain":0,"player_choice":"Inject Mutagens","damage_taken":0,"relics_obtained":["MutagenicStrength"],"max_hp_gain":0,"max_hp_loss":0,"event_name":"Drug Dealer","floor":19,"gold_loss":0},{"damage_healed":0,"gold_gain":0,"player_choice":"Opened","damage_taken":0,"relics_obtained":["infinitespire:Eraser"],"max_hp_gain":0,"max_hp_loss":0,"event_name":"The Mausoleum","floor":27,"gold_loss":0},{"damage_healed":0,"gold_gain":0,"player_choice":"Obtained Book","damage_taken":16,"max_hp_gain":0,"max_hp_loss":0,"event_name":"Cursed Tome","floor":30,"gold_loss":0},{"cards_removed":["TheCursedMod:DemonicPact"],"damage_healed":0,"gold_gain":0,"player_choice":"Offered Rare","damage_taken":0,"max_hp_gain":10,"max_hp_loss":0,"event_name":"Bonfire Elementals","floor":36,"gold_loss":0},{"damage_healed":0,"gold_gain":0,"player_choice":"Embrace Madness","damage_taken":11,"max_hp_gain":0,"max_hp_loss":0,"event_name":"Winding Halls","floor":38,"gold_loss":0,"cards_obtained":["Madness","Madness"]},{"damage_healed":0,"gold_gain":0,"player_choice":"Fight","damage_taken":0,"max_hp_gain":0,"max_hp_loss":0,"event_name":"MindBloom","floor":39,"gold_loss":0},{"cards_removed":["TheCursedMod:SurpriseAttack"],"damage_healed":0,"gold_gain":0,"player_choice":"Removed Attack","damage_taken":0,"max_hp_gain":0,"max_hp_loss":0,"event_name":"Falling","floor":46,"gold_loss":0}],"is_beta":false,"boss_relics":[{"not_picked":["Runic Dome","Empty Cage"],"picked":"infinitespire:Cupcake"},{"not_picked":["SlaversCollar","Fusion Hammer"],"picked":"TheCursedMod:BlackMagicAdvanced"}],"items_purged_floors":[20],"is_endless":false,"potions_floor_spawned":[1,2,5,16,18,24,28,33,39,41,45],"ascension_level":0}}