{"host":"v5q6ggeyvx3goqgy","time":1607517992,"event":{"gold_per_floor":[109,109,109,123,43,43,43,43,70,105,105,9,9,22,22,121,121,138,13,23,38,38,38,68,68,93,93,111,138,138,152,152,250,250,266,43,55,55,55,88,101,135,183,214,233,233,248,264,264,264,264,264,135,135,135],"floor_reached":56,"playtime":5930,"items_purged":["Defend_R","Parasite","Strike_R","Strike_R","Strike_R"],"score":1778,"play_id":"14ec734d-0296-4def-b189-c41b6f749050","local_time":"20201209124632","is_ascension_mode":true,"campfire_choices":[{"floor":6.0,"key":"REST"},{"data":"Inflame","floor":8.0,"key":"SMITH"},{"floor":11.0,"key":"REST"},{"data":"Disarm","floor":15.0,"key":"SMITH"},{"floor":23.0,"key":"RECALL"},{"floor":25.0,"key":"REST"},{"floor":32.0,"key":"REST"},{"floor":49.0,"key":"REST"},{"floor":52.0,"key":"REST"}],"neow_cost":"","seed_source_timestamp":2041033226558400,"circlet_count":0,"master_deck":["Defend_R","Defend_R","Defend_R","Bash","Finesse","Thunderclap","Inflame+1","Disarm+1","Shrug It Off","Finesse","Reaper","Sever Soul","Intimidate+1","Fiend Fire","Body Slam+1","Burning Pact+1","Seeing Red","Offering","Warcry+1","Inflame+1"],"special_seed":0,"relics":["Burning Blood","OrangePellets","HornCleat","Art of War","Bottled Tornado","Fusion Hammer","Pocketwatch","Ancient Tea Set","Ornamental Fan","SlaversCollar","Membership Card","Pantograph","Smiling Mask","Potion Belt","Pen Nib","Lantern","Bag of Marbles"],"potions_floor_usage":[55,55],"damage_taken":[{"damage":0.0,"enemies":"2 Louse","floor":1.0,"turns":3.0},{"damage":0.0,"enemies":"Small Slimes","floor":4.0,"turns":3.0},{"damage":29.0,"enemies":"3 Sentries","floor":10.0,"turns":9.0},{"damage":0.0,"enemies":"Cultist","floor":14.0,"turns":3.0},{"damage":5.0,"enemies":"Hexaghost","floor":16.0,"turns":13.0},{"damage":4.0,"enemies":"Shell Parasite","floor":18.0,"turns":7.0},{"damage":0.0,"enemies":"3 Byrds","floor":20.0,"turns":6.0},{"damage":26.0,"enemies":"Cultist and Chosen","floor":21.0,"turns":6.0},{"damage":15.0,"enemies":"Gremlin Leader","floor":24.0,"turns":9.0},{"damage":0.0,"enemies":"Snake Plant","floor":28.0,"turns":3.0},{"damage":18.0,"enemies":"Slavers","floor":29.0,"turns":7.0},{"damage":0.0,"enemies":"Sentry and Sphere","floor":31.0,"turns":8.0},{"damage":1.0,"enemies":"Collector","floor":33.0,"turns":3.0},{"damage":17.0,"enemies":"3 Shapes","floor":35.0,"turns":4.0},{"damage":6.0,"enemies":"3 Darklings","floor":37.0,"turns":7.0},{"damage":6.0,"enemies":"Giant Head","floor":40.0,"turns":3.0},{"damage":7.0,"enemies":"4 Shapes","floor":41.0,"turns":4.0},{"damage":22.0,"enemies":"Nemesis","floor":42.0,"turns":5.0},{"damage":7.0,"enemies":"Giant Head","floor":44.0,"turns":4.0},{"damage":24.0,"enemies":"Jaw Worm Horde","floor":45.0,"turns":3.0},{"damage":6.0,"enemies":"Spire Growth","floor":47.0,"turns":3.0},{"damage":11.0,"enemies":"3 Darklings","floor":48.0,"turns":3.0},{"damage":26.0,"enemies":"Awakened One","floor":50.0,"turns":5.0},{"damage":6.0,"enemies":"Shield and Spear","floor":54.0,"turns":3.0},{"damage":27,"enemies":"The Heart","floor":55,"turns":5}],"seed_played":"4714485952357721570","potions_obtained":[{"floor":1.0,"key":"ElixirPotion"},{"floor":14.0,"key":"HeartOfIron"},{"floor":20.0,"key":"Energy Potion"},{"floor":21.0,"key":"SpeedPotion"},{"floor":24.0,"key":"LiquidMemories"},{"floor":37.0,"key":"SpeedPotion"},{"floor":42.0,"key":"BloodPotion"},{"floor":47.0,"key":"SmokeBomb"},{"floor":48.0,"key":"Ancient Potion"}],"is_trial":false,"path_per_floor":["M","?","?","M","$","R","?","R","T","E","R","$","?","M","R","B",null,"M","$","M","M","?","R","E","R","T","$","M","E","T","M","R","B",null,"M","$","M","?","?","E","M","E","T","E","M","?","M","M","R","B",null,"R","$","E","B",null],"character_chosen":"IRONCLAD","items_purchased":["OrangePellets","HornCleat","Finesse","Thunderclap","Disarm","Finesse","Membership Card","Bag of Marbles"],"campfire_rested":6,"item_purchase_floors":[0,0,0,0,5,12,36,53],"current_hp_per_floor":[47,5,10,16,16,40,33,33,33,10,34,34,34,40,40,41,82,82,82,82,72,72,72,73,82,82,82,82,74,74,80,82,82,82,71,71,82,78,78,78,77,68,68,77,78,78,78,78,78,78,78,78,78,78,72],"gold":135,"neow_bonus":"","is_prod":false,"is_daily":false,"chose_seed":false,"campfire_upgraded":2,"win_rate":0,"timestamp":1607517992,"path_taken":["M","?","?","M","$","R","?","R","T","E","R","?","?","M","R","BOSS","M","$","M","M","?","R","E","R","T","?","M","E","?","M","R","BOSS","M","$","M","?","?","E","M","E","T","E","M","?","M","M","R","BOSS","R","$","E","BOSS"],"build_version":"2020-11-30","purchased_purges":5,"victory":true,"max_hp_per_floor":[77,77,82,82,82,82,82,82,82,82,82,82,82,82,82,82,82,82,82,82,82,82,82,82,82,82,82,82,82,82,82,82,82,82,82,82,82,78,78,78,78,78,78,78,78,78,78,78,78,78,78,78,78,78,78],"card_choices":[{"not_picked":["Rampage","Uppercut"],"picked":"Inflame","floor":1.0},{"not_picked":["Sword Boomerang","Clash","Iron Wave"],"picked":"SKIP","floor":4.0},{"not_picked":["Flex","Brutality"],"picked":"Shrug It Off","floor":10.0},{"not_picked":["Anger","Shrug It Off","Wild Strike"],"picked":"SKIP","floor":14.0},{"not_picked":["Exhume","Corruption"],"picked":"Reaper","floor":16.0},{"not_picked":["Wild Strike","Clash"],"picked":"Sever Soul","floor":18.0},{"not_picked":["Wild Strike","Sword Boomerang"],"picked":"Intimidate+1","floor":20.0},{"not_picked":["Disarm","Flex"],"picked":"Fiend Fire","floor":21.0},{"not_picked":["Cleave","Spot Weakness"],"picked":"Body Slam+1","floor":24.0},{"not_picked":["Pommel Strike","Anger","Flex"],"picked":"SKIP","floor":28.0},{"not_picked":["Warcry","Cleave"],"picked":"Burning Pact+1","floor":29.0},{"not_picked":["Cleave+1","Clothesline+1"],"picked":"Seeing Red","floor":31.0},{"not_picked":["Corruption","Bludgeon"],"picked":"Offering","floor":33.0},{"not_picked":["Body Slam","Sentinel","Metallicize+1"],"picked":"SKIP","floor":35.0},{"not_picked":["Sword Boomerang","Pummel"],"picked":"Warcry+1","floor":37.0},{"not_picked":["Armaments","True Grit"],"picked":"Inflame+1","floor":40.0},{"not_picked":["Fire Breathing+1","Rupture","Anger"],"picked":"SKIP","floor":41.0},{"not_picked":["Thunderclap","Flex","Exhume"],"picked":"SKIP","floor":42.0},{"not_picked":["Twin Strike","Bloodletting","Heavy Blade"],"picked":"SKIP","floor":44.0},{"not_picked":["Flex+1","Clash+1"],"picked":"Feel No Pain","floor":45.0},{"not_picked":["Flex+1","Searing Blow+1","Warcry"],"picked":"SKIP","floor":47.0},{"not_picked":["Blood for Blood+1","Havoc+1","Sever Soul+1"],"picked":"SKIP","floor":48.0}],"player_experience":440219,"relics_obtained":[{"floor":9.0,"key":"Art of War"},{"floor":10.0,"key":"Bottled Tornado"},{"floor":24.0,"key":"Pocketwatch"},{"floor":29.0,"key":"Ancient Tea Set"},{"floor":30.0,"key":"Ornamental Fan"},{"floor":40.0,"key":"Pantograph"},{"floor":42.0,"key":"Smiling Mask"},{"floor":43.0,"key":"Potion Belt"},{"floor":44.0,"key":"Pen Nib"}],"event_choices":[{"damage_healed":0.0,"max_hp_gain":0.0,"max_hp_loss":0.0,"gold_gain":0.0,"event_name":"Scrap Ooze","player_choice":"Fled","floor":2.0,"gold_loss":0.0,"damage_taken":42.0},{"damage_healed":0.0,"max_hp_gain":5.0,"max_hp_loss":0.0,"gold_gain":0.0,"event_name":"Big Fish","player_choice":"Donut","floor":3.0,"gold_loss":0.0,"damage_taken":0.0},{"cards_removed":["Decay"],"damage_healed":0.0,"max_hp_gain":0.0,"max_hp_loss":0.0,"gold_gain":0.0,"event_name":"Golden Wing","player_choice":"Card Removal","floor":7.0,"gold_loss":0.0,"damage_taken":7.0},{"cards_removed":["Strike_R"],"damage_healed":0.0,"max_hp_gain":0.0,"max_hp_loss":0.0,"gold_gain":0.0,"event_name":"Living Wall","player_choice":"Forget","floor":13.0,"gold_loss":0.0,"damage_taken":0.0},{"damage_healed":0.0,"max_hp_gain":0.0,"max_hp_loss":0.0,"gold_gain":0.0,"event_name":"Lab","player_choice":"Got Potions","floor":22.0,"gold_loss":0.0,"damage_taken":0.0},{"damage_healed":0.0,"max_hp_gain":0.0,"max_hp_loss":4.0,"gold_gain":0.0,"event_name":"Winding Halls","player_choice":"Max HP","floor":38.0,"gold_loss":0.0,"damage_taken":0.0},{"cards_removed":["Strike_R"],"damage_healed":0.0,"max_hp_gain":0.0,"max_hp_loss":0.0,"gold_gain":0.0,"event_name":"Falling","player_choice":"Removed Attack","floor":39.0,"gold_loss":0.0,"damage_taken":0.0},{"cards_removed":["Feel No Pain"],"damage_healed":0.0,"max_hp_gain":0.0,"max_hp_loss":0.0,"gold_gain":0.0,"event_name":"WeMeetAgain","player_choice":"Gave Card","floor":46.0,"gold_loss":0.0,"damage_taken":0.0,"relics_obtained":["Lantern"]}],"is_beta":false,"boss_relics":[{"not_picked":["Velvet Choker","Snecko Eye"],"picked":"Fusion Hammer"},{"not_picked":["Tiny House","SacredBark"],"picked":"SlaversCollar"}],"items_purged_floors":[0,0,19,36,53],"is_endless":false,"potions_floor_spawned":[1,14,20,21,24,28,37,42,47,48],"ascension_level":4}}