{"host":"igj4vwc42ivwqexo","time":1607557848,"event":{"gold_per_floor":[113,126,126,136,136,136,167,167,167,186,204,214,289,302,302,407,407,425,441,441,441],"floor_reached":20,"playtime":2160,"items_purged":[],"score":178,"play_id":"ac703ca3-78cb-4fda-b1cd-c7cc6c2f33f8","local_time":"20201210005048","is_ascension_mode":false,"campfire_choices":[{"data":"Defragment","floor":6,"key":"SMITH"},{"data":"Iron Wave","floor":8,"key":"SMITH"},{"data":"Seek","floor":15,"key":"SMITH"}],"neow_cost":"PERCENT_DAMAGE","seed_source_timestamp":26164102728600,"circlet_count":0,"master_deck":["Strike_B","Strike_B","Strike_B","Defend_B","Defend_B","Defend_B","Defend_B","Zap","Dualcast","Loop","Defragment+1","Storm","Iron Wave+1","Darkness","Self Repair","BootSequence","Seek+1","Steam Power","Buffer","Reinforced Body","Genetic Algorithm"],"relics":["Cracked Core","StoneCalendar","InkBottle","infinitespire:PuzzleCube","Pear","SlaversCollar"],"potions_floor_usage":[7,16,16],"damage_taken":[{"damage":2,"enemies":"2 Louse","floor":1,"turns":4},{"damage":0,"enemies":"Cultist","floor":2,"turns":4},{"damage":11,"enemies":"Jaw Worm","floor":4,"turns":3},{"damage":26,"enemies":"Gremlin Nob","floor":7,"turns":5},{"damage":8,"enemies":"Exordium Wildlife","floor":10,"turns":3},{"damage":0,"enemies":"Blue Slaver","floor":11,"turns":3},{"damage":0,"enemies":"Large Slime","floor":12,"turns":6},{"damage":5,"enemies":"Looter","floor":14,"turns":3},{"damage":10,"enemies":"The Guardian","floor":16,"turns":7},{"damage":17,"enemies":"Spheric Guardian","floor":18,"turns":5},{"damage":12,"enemies":"3 Byrds","floor":19,"turns":4},{"damage":66,"enemies":"Shelled Parasite and Fungi","floor":20,"turns":6}],"seed_played":"-1557833776580379907","potions_obtained":[{"floor":4,"key":"Weak Potion"},{"floor":11,"key":"DuplicationPotion"},{"floor":14,"key":"AttackPotion"},{"floor":16,"key":"SkillPotion"}],"is_trial":false,"path_per_floor":["M","M","?","M","?","R","E","R","T","M","M","M","?","M","R","B",null,"M","M","M"],"character_chosen":"DEFECT","items_purchased":[],"campfire_rested":0,"item_purchase_floors":[],"current_hp_per_floor":[52,52,45,34,34,34,8,8,18,10,17,24,13,15,15,12,85,75,63,0,0],"gold":441,"neow_bonus":"ONE_RARE_RELIC","is_prod":false,"is_daily":false,"chose_seed":false,"campfire_upgraded":3,"win_rate":0.0,"timestamp":1607557848,"path_taken":["M","M","?","M","?","R","E","R","T","?","M","M","?","M","R","BOSS","M","M","M"],"build_version":"2020-11-30","purchased_purges":0,"victory":false,"max_hp_per_floor":[75,75,75,75,75,75,75,75,85,85,85,85,85,85,85,85,85,85,85,85,85],"card_choices":[{"not_picked":["Gash","Beam Cell"],"picked":"Loop","floor":1},{"not_picked":["Genetic Algorithm","Conserve Battery"],"picked":"Defragment","floor":2},{"not_picked":["Chaos","Ball Lightning"],"picked":"Storm","floor":4},{"not_picked":["Go for the Eyes","Rebound"],"picked":"Darkness","floor":7},{"not_picked":["Redo","Compile Driver"],"picked":"Self Repair","floor":10},{"not_picked":["Undo","Tempest"],"picked":"BootSequence","floor":11},{"not_picked":["Ball Lightning","Stack"],"picked":"Seek","floor":12},{"not_picked":["Beam Cell","Compile Driver"],"picked":"Steam Power","floor":14},{"not_picked":["Multi-Cast","Fission"],"picked":"Buffer","floor":16},{"not_picked":["Blizzard","Stack+1"],"picked":"Reinforced Body","floor":18},{"not_picked":["Ball Lightning","Leap"],"picked":"Genetic Algorithm","floor":19}],"player_experience":197508,"relics_obtained":[{"floor":7,"key":"infinitespire:PuzzleCube"},{"floor":9,"key":"Pear"}],"event_choices":[{"damage_healed":0,"gold_gain":0,"player_choice":"Success","damage_taken":7,"relics_obtained":["InkBottle"],"max_hp_gain":0,"max_hp_loss":0,"event_name":"Scrap Ooze","floor":3,"gold_loss":0},{"cards_removed":["Strike_B"],"damage_healed":0,"gold_gain":0,"player_choice":"Took Card","damage_taken":0,"max_hp_gain":0,"max_hp_loss":0,"event_name":"NoteForYourself","floor":5,"gold_loss":0,"cards_obtained":["Iron Wave"]},{"damage_healed":0,"gold_gain":75,"player_choice":"Gather Gold","damage_taken":11,"max_hp_gain":0,"max_hp_loss":0,"event_name":"World of Goop","floor":13,"gold_loss":0}],"is_beta":false,"boss_relics":[{"not_picked":["FrozenCore","Empty Cage"],"picked":"SlaversCollar"}],"items_purged_floors":[],"is_endless":false,"potions_floor_spawned":[4,11,14,16],"killed_by":"Shelled Parasite and Fungi","ascension_level":0}}