{"host":"9b547dtzw7k4dk4y","time":1607480018,"event":{"gold_per_floor":[117,131,2,14,0,26,41,41,65,65,97,97,122,138,138,241,241,261,261,176,376,391,418,431,442,442,442,462,37,49,74,74,176,176,203,231,260,33,52,52,52],"floor_reached":40,"playtime":2647,"items_purged":["Strike_R","Strike_R","Wild Strike"],"score":715,"play_id":"f75eedcf-4058-4f5f-917f-0b3abdaabb64","local_time":"20201208211338","is_ascension_mode":true,"campfire_choices":[{"data":"Perfected Strike","floor":12,"key":"SMITH"},{"data":"Warcry","floor":15,"key":"SMITH"},{"data":"Pommel Strike","floor":27,"key":"SMITH"},{"data":"Demon Form","floor":32,"key":"SMITH"}],"neow_cost":"NONE","seed_source_timestamp":795276073422200,"circlet_count":0,"master_deck":["Strike_R","Strike_R","Defend_R","Defend_R","Defend_R","Defend_R","Bash","Perfected Strike+1","Wild Strike","Wild Strike","Enlightenment","Clash","ReplayTheSpireMod:Strike From Hell","Warcry+1","Berserk","Rampage","Perfected Strike","infinitespire:OneForAll","Pommel Strike+1","ReplayTheSpireMod:Strike From Hell","Apotheosis","Demon Form+1","Hemogenesis","ReplayTheSpireMod:Strike From Hell+1","Sword Boomerang+1"],"relics":["Burning Blood","aspiration:Nostalgia","infinitespire:DarkRift","PreservedInsect","Nunchaku","Gremlin Food","aspiration:FutureDiary","ReplayTheSpireMod:TigerMarble","Eternal Feather","infinitespire:EmpoweringShard","Pen Nib","Durian","infinitespire:EvilPickle","Painkiller Herb"],"potions_floor_usage":[7,16,16,18,22,23,30,33,36,39,39,39,40],"damage_taken":[{"damage":8,"enemies":"Jaw Worm","floor":1,"turns":4},{"damage":0,"enemies":"Cultist","floor":2,"turns":2},{"damage":0,"enemies":"Small Slimes","floor":4,"turns":2},{"damage":19,"enemies":"3 Sentries","floor":6,"turns":7},{"damage":4,"enemies":"3 Louse","floor":7,"turns":3},{"damage":4,"enemies":"Replay:BlueRogue","floor":11,"turns":3},{"damage":13,"enemies":"3 Sentries","floor":13,"turns":5},{"damage":0,"enemies":"Exordium Thugs","floor":14,"turns":3},{"damage":38,"enemies":"Fading Forest","floor":16,"turns":11},{"damage":14,"enemies":"2 Thieves","floor":18,"turns":3},{"damage":2,"enemies":"3 Byrds","floor":22,"turns":3},{"damage":36,"enemies":"Gremlin Leader","floor":23,"turns":5},{"damage":8,"enemies":"Snecko","floor":24,"turns":4},{"damage":12,"enemies":"Chosen and Byrds","floor":25,"turns":2},{"damage":0,"enemies":"3 Cultists","floor":28,"turns":3},{"damage":0,"enemies":"Centurion and Healer","floor":30,"turns":4},{"damage":0,"enemies":"Replay:Snechameleon","floor":31,"turns":3},{"damage":23,"enemies":"Pondfish","floor":33,"turns":7},{"damage":11,"enemies":"Orb Walker","floor":35,"turns":2},{"damage":39,"enemies":"3 Shapes","floor":36,"turns":4},{"damage":25,"enemies":"Jaw Worm Horde","floor":37,"turns":3},{"damage":0,"enemies":"Sphere and 2 Shapes","floor":39,"turns":3},{"damage":71,"enemies":"Nemesis","floor":40,"turns":2}],"seed_played":"-972793693916856959","potions_obtained":[{"floor":4,"key":"FearPotion"},{"floor":11,"key":"Ancient Potion"},{"floor":14,"key":"SkillPotion"},{"floor":16,"key":"SkillPotion"},{"floor":18,"key":"Energy Potion"},{"floor":22,"key":"SteroidPotion"},{"floor":25,"key":"Languid Potion"},{"floor":28,"key":"hexamod:EctoCoolerPotion"},{"floor":31,"key":"Regen Potion"},{"floor":35,"key":"SkillPotion"},{"floor":37,"key":"DuplicationPotion"}],"is_trial":false,"path_per_floor":["M","M","$","M","?","E","M","$","T","?","E","R","E","M","R","B",null,"M","?","?","?","M","E","M","M","T","R","M","$","M","E","R","B",null,"?","?","?","T","?","E"],"character_chosen":"IRONCLAD","items_purchased":["Wild Strike","Apotheosis","Pen Nib","EntropicBrew"],"campfire_rested":0,"item_purchase_floors":[3,29,29,38],"current_hp_per_floor":[78,80,80,80,86,73,75,75,75,75,77,77,70,76,76,56,86,78,78,78,78,82,52,50,44,44,56,62,62,68,79,91,83,91,86,53,34,34,50,0,0],"gold":52,"neow_bonus":"NOSTALGIA","is_prod":false,"is_daily":false,"chose_seed":false,"campfire_upgraded":4,"win_rate":0,"timestamp":1607480018,"path_taken":["M","M","$","M","?","E","M","$","T","?","E","R","E","M","R","BOSS","M","?","?","?","?","E","M","M","T","R","M","$","M","E","R","BOSS","?","?","?","T","?","E"],"build_version":"2020-11-30","purchased_purges":3,"victory":false,"max_hp_per_floor":[80,80,80,80,86,86,86,86,86,86,86,86,86,86,86,86,86,86,86,86,86,86,86,86,86,86,86,86,86,86,91,91,91,91,91,91,91,91,91,91,91],"relic_stats":{"Nunchaku":[17],"counters":[23,88],"Eternal Feather":24,"PreservedInsect":181,"Pen Nib":[7],"obtain_stats":[{"Gremlin Food":13,"aspiration:Nostalgia":0,"Eternal Feather":23,"Painkiller Herb":34,"PreservedInsect":6,"Pen Nib":29,"Burning Blood":0,"infinitespire:EvilPickle":33,"infinitespire:DarkRift":0,"Nunchaku":11,"ReplayTheSpireMod:TigerMarble":20,"infinitespire:EmpoweringShard":26,"Durian":31,"aspiration:FutureDiary":17},{"Gremlin Food":7,"aspiration:Nostalgia":0,"Eternal Feather":12,"Painkiller Herb":18,"PreservedInsect":4,"Pen Nib":15,"Burning Blood":0,"infinitespire:EvilPickle":18,"infinitespire:DarkRift":0,"Nunchaku":6,"ReplayTheSpireMod:TigerMarble":10,"infinitespire:EmpoweringShard":14,"Durian":17,"aspiration:FutureDiary":9},{"Gremlin Food":26,"aspiration:Nostalgia":0,"Eternal Feather":51,"Painkiller Herb":74,"PreservedInsect":15,"Pen Nib":60,"Burning Blood":0,"infinitespire:EvilPickle":74,"infinitespire:DarkRift":0,"Nunchaku":21,"ReplayTheSpireMod:TigerMarble":43,"infinitespire:EmpoweringShard":57,"Durian":67,"aspiration:FutureDiary":40}],"Burning Blood":122},"card_choices":[{"not_picked":["Ghostly Armor","Flex"],"picked":"Perfected Strike","floor":1},{"not_picked":["Infernal Blade","Seeing Red"],"picked":"Wild Strike","floor":2},{"not_picked":["Burning Pact","Clothesline"],"picked":"Wild Strike","floor":4},{"not_picked":["Sever Soul","Flex"],"picked":"Clash","floor":6},{"not_picked":["Perfected Strike","Flex"],"picked":"ReplayTheSpireMod:Strike From Hell","floor":7},{"not_picked":["Thunderclap","Disarm","Heavy Blade"],"picked":"SKIP","floor":11},{"not_picked":["Second Wind","Havoc","Replay:Undeath\u0027s Touch"],"picked":"SKIP","floor":13},{"not_picked":["Wild Strike","ReplayTheSpireMod:Strike From Hell"],"picked":"Warcry","floor":14},{"not_picked":["Impervious","Juggernaut"],"picked":"Berserk","floor":16},{"not_picked":["Replay:Undeath\u0027s Touch","Headbutt+1"],"picked":"Rampage","floor":18},{"not_picked":["Sword Boomerang","True Grit","Searing Blow"],"picked":"SKIP","floor":22},{"not_picked":["Shockwave","ReplayReversal+1"],"picked":"Perfected Strike","floor":23},{"not_picked":["Dropkick","Rupture"],"picked":"infinitespire:OneForAll","floor":24},{"not_picked":["Iron Wave","Sword Boomerang"],"picked":"Pommel Strike","floor":25},{"not_picked":["Body Slam","Fire Breathing+1"],"picked":"ReplayTheSpireMod:Strike From Hell","floor":28},{"not_picked":["Replay:Undeath\u0027s Touch","Offering","Uppercut"],"picked":"SKIP","floor":30},{"not_picked":["Headbutt","Heavy Blade+1"],"picked":"Demon Form","floor":31},{"not_picked":["Offering","Demon Form"],"picked":"Hemogenesis","floor":33},{"not_picked":["Wild Strike","Clash"],"picked":"ReplayTheSpireMod:Strike From Hell+1","floor":35},{"not_picked":["Uppercut+1","Wild Strike+1","Flex"],"picked":"SKIP","floor":36},{"not_picked":["ReplayTheSpireMod:Muscle Training+1","Exhume"],"picked":"Sword Boomerang+1","floor":37},{"not_picked":["Body Slam","Sword Boomerang","Anger"],"picked":"SKIP","floor":39}],"player_experience":222011,"relics_obtained":[{"floor":6,"key":"PreservedInsect"},{"floor":11,"key":"Nunchaku"},{"floor":13,"key":"Gremlin Food"},{"floor":23,"key":"Eternal Feather"},{"floor":26,"key":"infinitespire:EmpoweringShard"},{"floor":31,"key":"Durian"}],"event_choices":[{"damage_healed":0,"gold_gain":0,"player_choice":"RENOUNCE","damage_taken":14,"max_hp_gain":0,"max_hp_loss":0,"event_name":"betterThird:BetterSerpent","floor":5,"gold_loss":14,"cards_obtained":["Enlightenment"]},{"cards_removed":["Strike_R"],"damage_healed":0,"gold_gain":0,"player_choice":"Purged","damage_taken":0,"max_hp_gain":0,"max_hp_loss":0,"event_name":"Purifier","floor":10,"gold_loss":0},{"damage_healed":0,"gold_gain":0,"player_choice":"Ignored","damage_taken":0,"max_hp_gain":0,"max_hp_loss":0,"event_name":"Ghosts","floor":19,"gold_loss":0},{"damage_healed":0,"gold_gain":0,"player_choice":"Obtained Relic","damage_taken":0,"relics_obtained":["ReplayTheSpireMod:TigerMarble"],"max_hp_gain":0,"max_hp_loss":0,"event_name":"Addict","floor":20,"gold_loss":85},{"damage_healed":0,"gold_gain":250,"player_choice":"Bet on Owner","damage_taken":0,"max_hp_gain":0,"max_hp_loss":0,"event_name":"The Joust","floor":21,"gold_loss":50}],"is_beta":false,"boss_relics":[{"not_picked":["Replay:Drink Me","Replay:Bronze Core"],"picked":"aspiration:FutureDiary"},{"not_picked":["Electric Blood","aspiration:SilentSkillbook"],"picked":"Painkiller Herb"}],"items_purged_floors":[3,29,38],"is_endless":false,"potions_floor_spawned":[4,11,14,16,18,22,25,28,31,35,37],"killed_by":"Nemesis","ascension_level":2}}