{"host":"t0zrw5dahhy31ra8","time":1607504813,"event":{"gold_per_floor":[115,134,134,134,157,157,157,172,172,172,212,226,83,108,108,231,231,244,257,276,8,28,61,84,84,108,152,164,176,176],"floor_reached":29,"playtime":1566,"items_purged":[],"score":280,"play_id":"82ab4a49-24f6-4c04-ba15-60cc7a865e6c","local_time":"20201209020653","is_ascension_mode":true,"campfire_choices":[{"floor":7,"key":"REST"},{"floor":10,"key":"REST"},{"floor":15,"key":"REST"}],"neow_cost":"NONE","seed_source_timestamp":740013400200,"circlet_count":0,"master_deck":["Strike_B+1","Strike_B","Strike_B","Strike_B","Defend_B","Defend_B","Defend_B","Defend_B+1","Zap","Dualcast","Ball Lightning","Coolheaded","Leap+1","Capacitor","Sunder","Capacitor","Melter","Electrodynamics","Hologram+1","Ball Lightning","Barrage","Enlightenment","Static Discharge","Skim","Stack","Turbo","Writhe"],"relics":["Black Star","Golden Idol","TungstenRod","Shuriken","Tiny Chest","DollysMirror","Sozu","Lee\u0027s Waffle","Girya","Bottled Tornado","Boot","Anchor","MawBank","Letter Opener"],"potions_floor_usage":[16,16],"damage_taken":[{"damage":3,"enemies":"2 Louse","floor":1,"turns":3},{"damage":6,"enemies":"Small Slimes","floor":2,"turns":3},{"damage":3,"enemies":"Jaw Worm","floor":5,"turns":3},{"damage":3,"enemies":"Looter","floor":8,"turns":4},{"damage":50,"enemies":"Gremlin Nob","floor":11,"turns":6},{"damage":0,"enemies":"Large Slime","floor":12,"turns":6},{"damage":0,"enemies":"Exordium Wildlife","floor":14,"turns":3},{"damage":38,"enemies":"Hexaghost","floor":16,"turns":13},{"damage":24,"enemies":"2 Thieves","floor":18,"turns":4},{"damage":3,"enemies":"Shell Parasite","floor":19,"turns":7},{"damage":0,"enemies":"Snecko","floor":20,"turns":5},{"damage":38,"enemies":"Cultist and Chosen","floor":22,"turns":5},{"damage":41,"enemies":"Book of Stabbing","floor":23,"turns":5},{"damage":0,"enemies":"Sentry and Sphere","floor":24,"turns":2},{"damage":29,"enemies":"Slavers","floor":27,"turns":2},{"damage":13,"enemies":"Book of Stabbing","floor":29,"turns":3}],"seed_played":"-3942910874922981845","potions_obtained":[{"floor":2,"key":"SkillPotion"},{"floor":11,"key":"FairyPotion"},{"floor":12,"key":"Explosive Potion"},{"floor":14,"key":"Block Potion"},{"floor":16,"key":"FocusPotion"}],"is_trial":false,"path_per_floor":["M","M","?","?","M","?","R","M","T","R","E","M","$","M","R","B",null,"M","M","M","$","M","E","M","?","T","E","?","E"],"character_chosen":"DEFECT","items_purchased":["DollysMirror","Lee\u0027s Waffle","Enlightenment","Static Discharge"],"campfire_rested":3,"item_purchase_floors":[13,21,21,21],"current_hp_per_floor":[72,66,48,33,30,30,52,49,49,71,21,21,21,21,43,5,75,51,48,48,82,44,3,3,3,3,6,6,0,0],"gold":176,"neow_bonus":"BOSS_RELIC","is_prod":false,"is_daily":false,"chose_seed":false,"campfire_upgraded":0,"win_rate":0,"timestamp":1607504813,"path_taken":["M","M","?","?","M","?","R","M","T","R","E","M","?","M","R","BOSS","M","M","M","$","M","E","M","?","T","E","?","E"],"build_version":"2020-11-30","purchased_purges":0,"victory":false,"max_hp_per_floor":[75,75,75,75,75,75,75,75,75,75,75,75,75,75,75,75,75,75,75,75,82,82,82,82,82,82,82,82,82,82],"card_choices":[{"not_picked":["Compile Driver","Stack"],"picked":"Ball Lightning","floor":1},{"not_picked":["Steam Power","Gash"],"picked":"Coolheaded","floor":2},{"not_picked":["Turbo","Cold Snap"],"picked":"Leap","floor":5},{"not_picked":["Beam Cell","Chaos"],"picked":"Capacitor","floor":8},{"not_picked":["Heatsinks","Aggregate","Skim"],"picked":"SKIP","floor":11},{"not_picked":["Hologram","Blizzard"],"picked":"Sunder","floor":12},{"not_picked":["Go for the Eyes","Hologram"],"picked":"Melter","floor":14},{"not_picked":["Meteor Strike","Rainbow"],"picked":"Electrodynamics","floor":16},{"not_picked":["Rebound+1","Gash"],"picked":"Hologram+1","floor":18},{"not_picked":["Coolheaded","Hologram"],"picked":"Ball Lightning","floor":19},{"not_picked":["Coolheaded+1","Redo"],"picked":"Barrage","floor":20},{"not_picked":["Genetic Algorithm","Sweeping Beam"],"picked":"Skim","floor":22},{"not_picked":["Storm+1","Leap","FTL"],"picked":"SKIP","floor":23},{"not_picked":["Leap","Melter"],"picked":"Stack","floor":24},{"not_picked":["Go for the Eyes","Melter"],"picked":"Turbo","floor":27}],"player_experience":162291,"relics_obtained":[{"floor":9,"key":"TungstenRod"},{"floor":11,"key":"Shuriken"},{"floor":11,"key":"Tiny Chest"},{"floor":23,"key":"Girya"},{"floor":23,"key":"Bottled Tornado"},{"floor":26,"key":"Boot"},{"floor":27,"key":"Anchor"},{"floor":27,"key":"MawBank"}],"event_choices":[{"damage_healed":0,"gold_gain":0,"player_choice":"Take Damage","damage_taken":18,"relics_obtained":["Golden Idol"],"max_hp_gain":0,"max_hp_loss":0,"event_name":"Golden Idol","floor":3,"gold_loss":0},{"damage_healed":0,"gold_gain":0,"player_choice":"Entered Light","damage_taken":15,"max_hp_gain":0,"max_hp_loss":0,"event_name":"Shining Light","floor":4,"gold_loss":0,"cards_upgraded":["Strike_B","Defend_B"]},{"damage_healed":0,"gold_gain":0,"player_choice":"Grow","damage_taken":0,"max_hp_gain":0,"max_hp_loss":0,"event_name":"Living Wall","floor":6,"gold_loss":0,"cards_upgraded":["Leap"]},{"damage_healed":0,"gold_gain":0,"player_choice":"Ignored","damage_taken":0,"max_hp_gain":0,"max_hp_loss":0,"event_name":"Cursed Tome","floor":25,"gold_loss":0},{"damage_healed":0,"gold_gain":0,"player_choice":"Opened","damage_taken":0,"relics_obtained":["Letter Opener"],"max_hp_gain":0,"max_hp_loss":0,"event_name":"The Mausoleum","floor":28,"gold_loss":0,"cards_obtained":["Writhe"]}],"is_beta":false,"boss_relics":[{"not_picked":["Tiny House","Pandora\u0027s Box"],"picked":"Sozu"}],"items_purged_floors":[],"is_endless":false,"potions_floor_spawned":[2,11,12,14,16,18,22,24],"killed_by":"Book of Stabbing","ascension_level":1}}