{"host":"9qgbal69wq5palas","time":1607485984,"event":{"gold_per_floor":[109,121,141,152,172,172,172,172,172,172,192,192,192,217,217,318,418,435,485,485,485,331,331,365,378,378,378,378,378,398,433,433,536,536,546,546,546,546,564,564,595,612,612,647,647,647,674,687,687,687,687,687,687,509,540,540],"floor_reached":57,"playtime":2862,"items_purged":["Shade:Defend_Shade","Shade:Strike_Shade"],"score":1377,"play_id":"3c52ddac-ddca-4763-816e-8ed2ac77a0a1","local_time":"20201209045304","is_ascension_mode":true,"campfire_choices":[{"data":"Shade:CallWraith","floor":6,"key":"SMITH"},{"data":"Shade:Brains","floor":6,"key":"SMITH"},{"data":"Shade:CloudOfShrapnel","floor":8,"key":"SMITH"},{"data":"Shade:AnimateDead","floor":8,"key":"SMITH"},{"data":"Shade:ExtraLimbs","floor":10,"key":"SMITH"},{"data":"Shade:CommandSoldier","floor":10,"key":"SMITH"},{"data":"Shade:SoulToxin","floor":13,"key":"SMITH"},{"data":"Shade:Trample","floor":13,"key":"SMITH"},{"data":"Shade:GreyBargain","floor":15,"key":"SMITH"},{"data":"Shade:CarefulCut","floor":15,"key":"SMITH"},{"data":"Shade:Putrefaction","floor":23,"key":"SMITH"},{"data":"Shade:PoundOfFlesh","floor":23,"key":"SMITH"},{"data":"Shade:LichForm","floor":27,"key":"SMITH"},{"data":"Shade:BoneShards","floor":27,"key":"SMITH"},{"floor":29,"key":"REST"},{"floor":32,"key":"RECALL"},{"data":"Discovery","floor":40,"key":"SMITH"},{"data":"Shade:GreyBargain","floor":40,"key":"SMITH"},{"data":"Shade:BoneShards","floor":46,"key":"SMITH"},{"data":"ReplayTheSpireMod:Brewmster","floor":46,"key":"SMITH"},{"data":"Shade:FleshOffering","floor":49,"key":"SMITH"},{"data":"Shade:Premonition","floor":49,"key":"SMITH"},{"data":"Shade:Premonition","floor":53,"key":"SMITH"},{"data":"Shade:OfferingToTheBeyond","floor":53,"key":"SMITH"}],"neow_cost":"PERCENT_DAMAGE","seed_source_timestamp":43012960336574,"circlet_count":0,"master_deck":["Shade:Strike_Shade","Shade:Strike_Shade","Shade:Defend_Shade","Shade:Defend_Shade+1","Shade:Defend_Shade","Shade:AnimateDead+1","Shade:CarefulCut+1","Shade:Brains+1","Shade:CloudOfShrapnel+1","Shade:CallWraith+1","Shade:ExtraLimbs+1","Shade:CommandSoldier+1","Shade:SoulToxin+1","Shade:Trample+1","Shade:GreyBargain+1","Shade:Putrefaction+1","Shade:GreyBargain+1","Shade:PoundOfFlesh+1","Shade:LichForm+1","Shade:BoneShards+1","Shade:BoneShards+1","Shade:Premonition+1","Shade:OfferingToTheBeyond+1","Shade:BoneShards+1","ReplayTheSpireMod:Brewmster+1","Discovery+1","Shade:AblativeArmor+1","Shade:SpontaneousRitual","Shade:OpenGraves+1","Shade:Premonition+1","Shade:FleshOffering+1","Shade:AuraOfUnlife"],"relics":["Shade:YorickSkull","Replay:Arrowhead","aspiration:StickyExplosives_weak","hubris:SlimyHat","Replay:Wanted Poster","Pet Ghost","Tiny House","Blood Vial","Bloody Idol","Blood Vial","Anchor","infinitespire:EmpoweringShard","Bottled Tornado","Bromod:ArcaneGrace","hubris:Towel","hubris:FunFungus","Potion Belt","Cursed Key","Strawberry","Replay:Lucky Slots","Bronze Scales"],"potions_floor_usage":[5,31,41,50,50,56,56,56,56,56,56,56,56,56],"damage_taken":[{"damage":1,"enemies":"Small Slimes","floor":1,"turns":4},{"damage":0,"enemies":"Jaw Worm","floor":2,"turns":4},{"damage":0,"enemies":"Cultist","floor":3,"turns":3},{"damage":0,"enemies":"Looter","floor":4,"turns":4},{"damage":1,"enemies":"2 Fungi Beasts","floor":5,"turns":4},{"damage":5,"enemies":"Exordium Wildlife","floor":11,"turns":3},{"damage":15,"enemies":"Lagavulin","floor":14,"turns":7},{"damage":15,"enemies":"Fading Forest","floor":16,"turns":11},{"damage":13,"enemies":"2 Thieves","floor":18,"turns":3},{"damage":13,"enemies":"Nightmare","floor":24,"turns":5},{"damage":5,"enemies":"3 Byrds","floor":25,"turns":2},{"damage":7,"enemies":"Snecko","floor":30,"turns":3},{"damage":10,"enemies":"Replay:Snechameleon","floor":31,"turns":4},{"damage":14,"enemies":"Champ","floor":33,"turns":7},{"damage":0,"enemies":"Orb Walker","floor":35,"turns":3},{"damage":5,"enemies":"3 Shapes","floor":39,"turns":3},{"damage":18,"enemies":"Nemesis","floor":41,"turns":4},{"damage":17,"enemies":"3 Darklings","floor":42,"turns":4},{"damage":10,"enemies":"R_Hoarder","floor":44,"turns":5},{"damage":4,"enemies":"Nemesis","floor":47,"turns":5},{"damage":17,"enemies":"Sphere and 2 Shapes","floor":48,"turns":4},{"damage":31,"enemies":"Donu and Deca","floor":50,"turns":6},{"damage":0,"enemies":"Shield and Spear","floor":55,"turns":4},{"damage":6,"enemies":"The Heart","floor":56,"turns":7}],"seed_played":"-9164704719611468840","potions_obtained":[{"floor":2,"key":"Ancient Potion"},{"floor":5,"key":"Fruit Juice"},{"floor":11,"key":"Ancient Potion"},{"floor":16,"key":"potionbrewer:FreezingPotion"},{"floor":18,"key":"Regen Potion"},{"floor":25,"key":"potionbrewer:HastePotion"},{"floor":31,"key":"potionbrewer:BarricadePotion"},{"floor":35,"key":"LifebloodPotion"},{"floor":41,"key":"potionbrewer:BoundlessPotion"},{"floor":42,"key":"DuplicationPotion"},{"floor":47,"key":"Milkshake"}],"is_trial":false,"path_per_floor":["M","M","M","M","M","R","?","R","T","R","M","?","R","E","R","B",null,"M","AVR","?","?","$","R","NM","M","T","R","T","R","M","E","R","B",null,"M","?","?","?","M","R","E","M","T","E","AVR","R","E","M","R","B",null,null,"R","$","E","B",null],"character_chosen":"SHADE","items_purchased":["Blood Vial","Replay:Lucky Slots"],"campfire_rested":1,"item_purchase_floors":[22,54],"current_hp_per_floor":[46,46,46,46,50,50,50,50,50,50,45,45,45,30,30,25,70,57,62,4,29,29,29,25,29,29,29,29,51,53,64,64,59,75,75,75,65,65,71,71,64,59,59,60,60,60,73,65,65,41,41,82,82,82,82,78],"gold":540,"neow_bonus":"ONE_RARE_RELIC","is_prod":false,"is_daily":false,"chose_seed":false,"campfire_upgraded":22,"win_rate":0,"timestamp":1607485984,"path_taken":["M","M","M","M","M","R","?","R","T","R","M","?","R","E","R","BOSS","M","AVR","?","?","?","R","NM","M","T","R","?","R","M","E","R","BOSS","M","?","?","?","?","R","E","M","T","E","AVR","R","E","M","R","BOSS","R","$","E","BOSS"],"build_version":"2020-11-30","purchased_purges":2,"victory":true,"max_hp_per_floor":[65,65,65,65,70,70,70,70,70,70,70,70,70,70,70,70,70,70,75,75,75,75,75,75,75,75,75,75,75,75,75,75,75,75,75,75,75,75,75,75,75,75,75,75,75,75,82,82,82,82,82,82,82,82,82,82],"card_choices":[{"not_picked":["Shade:CoffinDance","Shade:FuneraryJewels"],"picked":"Shade:Brains","floor":1},{"not_picked":["Shade:GreyBargain","Shade:RitualOffering"],"picked":"Shade:CloudOfShrapnel","floor":2},{"not_picked":["Shade:TouchOfTheGrave","Shade:OpenGraves"],"picked":"Shade:CallWraith","floor":3},{"not_picked":["Shade:Bonestorm","Shade:FleshToFlesh"],"picked":"Shade:ExtraLimbs","floor":4},{"not_picked":["Shade:FreshBones","Shade:AncientSpear"],"picked":"Shade:CommandSoldier","floor":5},{"not_picked":["Shade:DangerousRitual","Shade:FingerOfDeath"],"picked":"Shade:SoulToxin","floor":11},{"not_picked":["Shade:Brains","Shade:Patience"],"picked":"Shade:GreyBargain","floor":14},{"not_picked":["Shade:OfferingToTheBeyond","Shade:SoulPierce"],"picked":"Shade:Putrefaction","floor":16},{"not_picked":["Shade:SpontaneousRitual+1","Shade:FleshToFlesh"],"picked":"Shade:GreyBargain","floor":18},{"not_picked":["Shade:AncientSpear","Shade:FuneraryArmor"],"picked":"Shade:PoundOfFlesh","floor":19},{"not_picked":["Shade:SkeletonHug","Shade:Patience+1"],"picked":"Shade:LichForm","floor":24},{"not_picked":["Shade:Frenzy","Shade:SkeletonHug"],"picked":"Shade:BoneShards","floor":25},{"not_picked":["Shade:Frenzy","Shade:PotionOfRestlessness+1"],"picked":"Shade:BoneShards","floor":30},{"not_picked":["Shade:Excise","Shade:FleshLikeOak"],"picked":"Shade:Premonition","floor":31},{"not_picked":["Shade:Consume","Shade:Tombstone"],"picked":"Shade:OfferingToTheBeyond","floor":33},{"not_picked":["Shade:FleshToFlesh","Shade:PoundOfFlesh+1"],"picked":"Shade:BoneShards+1","floor":35},{"not_picked":["Mayhem","hubris:Ssssneak"],"picked":"ReplayTheSpireMod:Brewmster","floor":37},{"not_picked":["Replay:Bootleg Shield Generator","ReplayTheSpireMod:Trickstab"],"picked":"Discovery","floor":37},{"not_picked":["Shade:GreyBargain+1","Shade:CommandSoldier+1"],"picked":"Shade:AblativeArmor+1","floor":39},{"not_picked":["Shade:CoffinDance+1","Shade:FleshToFlesh"],"picked":"Shade:SpontaneousRitual","floor":41},{"not_picked":["Shade:ClawBack+1","Shade:Bonestorm","Shade:SkeletonHug"],"picked":"SKIP","floor":42},{"not_picked":["Shade:GoDigging","Shade:FuneraryArmor+1"],"picked":"Shade:OpenGraves+1","floor":44},{"not_picked":["Shade:Haruspicy","Shade:GreyBargain"],"picked":"Shade:Premonition","floor":47},{"not_picked":["Shade:FuneraryArmor","Shade:CoffinDance"],"picked":"Shade:FleshOffering","floor":48},{"not_picked":["Shade:FuneraryJewels+1","Shade:ExtraLimbs+1"],"picked":"Shade:AuraOfUnlife","floor":55}],"player_experience":2678261,"relics_obtained":[{"floor":9,"key":"aspiration:StickyExplosives_weak"},{"floor":14,"key":"hubris:SlimyHat"},{"floor":24,"key":"Anchor"},{"floor":26,"key":"infinitespire:EmpoweringShard"},{"floor":28,"key":"Bottled Tornado"},{"floor":41,"key":"hubris:FunFungus"},{"floor":44,"key":"Potion Belt"},{"floor":47,"key":"Strawberry"},{"floor":55,"key":"Bronze Scales"}],"event_choices":[{"damage_healed":0,"gold_gain":0,"player_choice":"Ignored","damage_taken":172,"max_hp_gain":0,"max_hp_loss":0,"event_name":"betterThird:BetterSerpent","floor":7,"gold_loss":0},{"damage_healed":0,"gold_gain":0,"cards_transformed":["Shade:Strike_Shade"],"player_choice":"Transformed","damage_taken":0,"max_hp_gain":0,"max_hp_loss":0,"event_name":"Transmorgrifier","floor":12,"gold_loss":0,"cards_obtained":["Shade:Trample"]},{"damage_healed":0,"gold_gain":0,"player_choice":" Vial Idol ","damage_taken":58,"relics_obtained":["Blood Vial","Bloody Idol"],"max_hp_gain":62,"max_hp_loss":4,"event_name":"betterAltar:BetterAltar","floor":20,"potions_obtained":[],"relics_lost":[],"gold_loss":0},{"damage_healed":25,"gold_gain":0,"player_choice":"Heal","damage_taken":0,"max_hp_gain":0,"max_hp_loss":0,"event_name":"The Library","floor":21,"gold_loss":0},{"damage_healed":0,"gold_gain":0,"player_choice":"Memory 3","damage_taken":10,"max_hp_gain":0,"max_hp_loss":0,"event_name":"SensoryStone","floor":37,"gold_loss":0}],"is_beta":false,"boss_relics":[{"not_picked":["hubris:GrandSneckoEye","ReplayTheSpireMod:DimensionalGlitch"],"picked":"Replay:Wanted Poster"},{"not_picked":["aspiration:RunicSpoon","Kintsugi"],"picked":"Bromod:ArcaneGrace"}],"items_purged_floors":[19,45],"is_endless":false,"potions_floor_spawned":[2,5,11,16,18,25,31,35,41,42,47,55],"ascension_level":1}}