{"host":"ormi09wwzv7sq47a","time":1607517924,"event":{"gold_per_floor":[116,126,126,11,26,26,101,119,119,129,129,129,129,45,45,122,122,135,147,147,147],"floor_reached":20,"playtime":601,"items_purged":["Strike_B"],"score":279,"play_id":"11d28341-c043-4fae-a769-f2d3438982e9","local_time":"20201209094524","is_ascension_mode":true,"campfire_choices":[{"data":"Defragment","floor":6,"key":"SMITH"},{"data":"Coolheaded","floor":11,"key":"SMITH"},{"data":"Hologram","floor":13,"key":"SMITH"},{"data":"Streamline","floor":15,"key":"SMITH"}],"neow_cost":"NONE","seed_source_timestamp":2128847551780399,"circlet_count":0,"master_deck":["AscendersBane","Defend_B","Defend_B","Defend_B","Defend_B","Zap","Dualcast","Beam Cell","Ball Lightning","Defragment+1","Hologram+1","Coolheaded+1","Glacier","Streamline+1","Machine Learning"],"relics":["Cracked Core","Singing Bowl","Nuclear Battery"],"potions_floor_usage":[16],"damage_taken":[{"damage":0,"enemies":"2 Louse","floor":1,"turns":2},{"damage":0,"enemies":"Cultist","floor":2,"turns":3},{"damage":0,"enemies":"Small Slimes","floor":5,"turns":3},{"damage":15,"enemies":"2 Fungi Beasts","floor":8,"turns":4},{"damage":4,"enemies":"Looter","floor":10,"turns":3},{"damage":25,"enemies":"Slime Boss","floor":16,"turns":13},{"damage":26,"enemies":"3 Byrds","floor":18,"turns":6},{"damage":7,"enemies":"Spheric Guardian","floor":19,"turns":3},{"damage":33,"enemies":"Masked Bandits","floor":20,"turns":3}],"seed_played":"3453288361146024933","potions_obtained":[{"floor":8,"key":"Swift Potion"},{"floor":10,"key":"Ancient Potion"},{"floor":19,"key":"Guardian:BlockOnCardUsePotion"}],"is_trial":false,"path_per_floor":["M","M","?","$","M","R","?","M","T","M","R","?","R","$","R","B",null,"M","M","?"],"character_chosen":"DEFECT","items_purchased":["Defragment","Glacier","Streamline"],"campfire_rested":0,"item_purchase_floors":[4,14,14],"current_hp_per_floor":[64,64,64,64,64,64,53,38,38,36,36,36,36,36,36,11,58,34,29,0,0],"gold":147,"neow_bonus":"REMOVE_CARD","is_prod":false,"is_daily":false,"chose_seed":false,"campfire_upgraded":4,"win_rate":0,"timestamp":1607517924,"path_taken":["M","M","?","?","M","R","?","M","T","M","R","?","R","$","R","BOSS","M","M","?"],"build_version":"2020-11-30","purchased_purges":1,"victory":false,"max_hp_per_floor":[71,71,71,71,71,71,71,71,71,73,73,73,73,73,73,73,73,75,77,77,77],"relic_stats":{"Singing Bowl":6,"counters":[9,40],"obtain_stats":[{"Singing Bowl":9,"Cracked Core":0,"Nuclear Battery":17},{"Singing Bowl":4,"Cracked Core":0,"Nuclear Battery":6},{"Singing Bowl":12,"Cracked Core":0,"Nuclear Battery":28}]},"card_choices":[{"not_picked":["Conserve Battery","Capacitor"],"picked":"Beam Cell","floor":1},{"not_picked":["Beam Cell","Blizzard"],"picked":"Ball Lightning","floor":2},{"not_picked":["Cold Snap","Tempest"],"picked":"Hologram","floor":5},{"not_picked":["Chill","Beam Cell"],"picked":"Coolheaded","floor":8},{"not_picked":["Fission","Force Field","Storm"],"picked":"Singing Bowl","floor":10},{"not_picked":["Multi-Cast","Reboot"],"picked":"Machine Learning","floor":16},{"not_picked":["Steam","Redo","Chill"],"picked":"Singing Bowl","floor":18},{"not_picked":["Beam Cell","Conserve Battery","Stack"],"picked":"Singing Bowl","floor":19}],"player_experience":713503,"relics_obtained":[{"floor":9,"key":"Singing Bowl"}],"event_choices":[{"cards_removed":["Strike_B"],"damage_healed":0,"gold_gain":0,"player_choice":"Purged","damage_taken":0,"max_hp_gain":0,"max_hp_loss":0,"event_name":"Purifier","floor":3,"gold_loss":0},{"damage_healed":0,"gold_gain":75,"player_choice":"Gather Gold","damage_taken":11,"max_hp_gain":0,"max_hp_loss":0,"event_name":"World of Goop","floor":7,"gold_loss":0},{"cards_removed":["Strike_B"],"damage_healed":0,"gold_gain":0,"player_choice":"Forget","damage_taken":0,"max_hp_gain":0,"max_hp_loss":0,"event_name":"Living Wall","floor":12,"gold_loss":0},{"damage_healed":0,"gold_gain":0,"player_choice":"Fought Bandits","damage_taken":0,"max_hp_gain":0,"max_hp_loss":0,"event_name":"Masked Bandits","floor":20,"gold_loss":0}],"is_beta":false,"boss_relics":[{"not_picked":["Ectoplasm","Sozu"],"picked":"Nuclear Battery"}],"items_purged_floors":[4],"is_endless":false,"potions_floor_spawned":[8,10,19],"killed_by":"Masked Bandits","ascension_level":14}}