{"host":"u2dm6glrpyjr66v9","time":1607499639,"event":{"gold_per_floor":[109,109,123,142,155,187,187,200,271,271,327,327,327],"floor_reached":12,"playtime":386,"items_purged":[],"score":80,"play_id":"905cc28f-ff1a-4f67-999e-7916c816a721","local_time":"20201209164039","is_ascension_mode":false,"campfire_choices":[{"floor":7,"key":"RECALL"}],"neow_cost":"NONE","seed_source_timestamp":1180274275485900,"circlet_count":0,"master_deck":["Strike_B","Strike_B","Strike_B","Strike_B","Defend_B","Defend_B","Defend_B","Defend_B","Zap+1","Dualcast","Genetic Algorithm+1","Darkness","Go for the Eyes","Streamline","Aggregate","Barrage","Force Field+1"],"relics":["Cracked Core","NeowsBlessing","Bottled Flame","Toxic Egg 2","Pocketwatch"],"potions_floor_usage":[6,12],"damage_taken":[{"damage":0,"enemies":"Jaw Worm","floor":1,"turns":1},{"damage":0,"enemies":"Cultist","floor":3,"turns":1},{"damage":0,"enemies":"2 Louse","floor":4,"turns":1},{"damage":7,"enemies":"2 Fungi Beasts","floor":5,"turns":4},{"damage":1,"enemies":"Gremlin Nob","floor":6,"turns":3},{"damage":7,"enemies":"Exordium Thugs","floor":8,"turns":4},{"damage":45,"enemies":"Lagavulin Event","floor":11,"turns":7},{"damage":16,"enemies":"Gremlin Gang","floor":12,"turns":3}],"seed_played":"6947844114799279158","potions_obtained":[{"floor":4,"key":"Fire Potion"},{"floor":8,"key":"SteroidPotion"},{"floor":11,"key":"Swift Potion"}],"is_trial":false,"path_per_floor":["M","?","M","M","M","E","R","M","T","?","?","M"],"character_chosen":"DEFECT","items_purchased":[],"campfire_rested":0,"item_purchase_floors":[],"current_hp_per_floor":[75,75,75,75,68,67,67,60,60,60,15,0,0],"gold":327,"neow_bonus":"THREE_ENEMY_KILL","is_prod":false,"is_daily":false,"chose_seed":false,"campfire_upgraded":0,"win_rate":0.0,"timestamp":1607499639,"path_taken":["M","?","?","M","M","E","R","M","T","?","?","M"],"build_version":"2020-11-30","purchased_purges":0,"victory":false,"max_hp_per_floor":[75,75,75,75,75,75,75,75,75,75,75,75,75],"card_choices":[{"not_picked":["Sweeping Beam","Go for the Eyes"],"picked":"Genetic Algorithm","floor":1},{"not_picked":["Stack","Reinforced Body"],"picked":"Darkness","floor":3},{"not_picked":["Reprogram","Stack"],"picked":"Go for the Eyes","floor":4},{"not_picked":["Biased Cognition","Steam"],"picked":"Streamline","floor":5},{"not_picked":["Beam Cell","Gash"],"picked":"Aggregate","floor":6},{"not_picked":["Conserve Battery","Force Field"],"picked":"Barrage","floor":8},{"not_picked":["Skim+1","Hello World"],"picked":"Force Field+1","floor":11}],"player_experience":34948,"relics_obtained":[{"floor":6,"key":"Bottled Flame"},{"floor":9,"key":"Toxic Egg 2"},{"floor":11,"key":"Pocketwatch"}],"event_choices":[{"damage_healed":0,"gold_gain":0,"player_choice":"Upgraded","damage_taken":0,"max_hp_gain":0,"max_hp_loss":0,"event_name":"Upgrade Shrine","floor":2,"gold_loss":0,"cards_upgraded":["Zap"]},{"damage_healed":0,"gold_gain":0,"player_choice":"Grow","damage_taken":0,"max_hp_gain":0,"max_hp_loss":0,"event_name":"Living Wall","floor":10,"gold_loss":0,"cards_upgraded":["Genetic Algorithm"]},{"damage_healed":0,"gold_gain":0,"player_choice":"Searched \u00271\u0027 times","damage_taken":0,"max_hp_gain":0,"max_hp_loss":0,"event_name":"Dead Adventurer","floor":11,"gold_loss":0}],"is_beta":false,"boss_relics":[],"items_purged_floors":[],"is_endless":false,"potions_floor_spawned":[4,8,11],"killed_by":"Gremlin Gang","ascension_level":0}}