{"host":"1n6qz0lhj0o51vr6","time":1607495974,"event":{"gold_per_floor":[114,114,129,139,157,189,204,235,235,269,288,288,299,299,299],"floor_reached":14,"playtime":557,"items_purged":[],"score":114,"play_id":"26e39d43-aa00-429b-a10c-74005735707a","local_time":"20201209143934","is_ascension_mode":false,"campfire_choices":[{"floor":12,"key":"REST"}],"neow_cost":"NONE","seed_source_timestamp":8995075872300,"circlet_count":0,"master_deck":["TheCursedMod:Strike_TheCursed","TheCursedMod:Strike_TheCursed","TheCursedMod:Strike_TheCursed","TheCursedMod:Strike_TheCursed","TheCursedMod:Defend_TheCursed","TheCursedMod:Defend_TheCursed","TheCursedMod:Defend_TheCursed","TheCursedMod:Defend_TheCursed","TheCursedMod:CursedWand","TheCursedMod:CleanUpWorkshop","TheCursedMod:Dregs","TheCursedMod:SpreadPlague","TheCursedMod:SurpriseAttack","TheCursedMod:TacticalStrike","TheCursedMod:CircleOfFlame","TheCursedMod:CursedShiv","TheCursedMod:CursedAmulet","TheCursedMod:CursedBoomerang","TheCursedMod:Stigma","TheCursedMod:CursedRelics","TheCursedMod:Hemoplague"],"relics":["TheCursedMod:BlackMagic101","Replay:Kaleidoscope","Omamori","Potion Belt","ReplayTheSpireMod:Lightbulb"],"potions_floor_usage":[5,6,8,13],"damage_taken":[{"damage":0,"enemies":"Small Slimes","floor":1,"turns":3},{"damage":6,"enemies":"Cultist","floor":3,"turns":3},{"damage":0,"enemies":"2 Louse","floor":4,"turns":2},{"damage":12,"enemies":"Lots of Slimes","floor":5,"turns":3},{"damage":3,"enemies":"Gremlin Nob","floor":6,"turns":3},{"damage":5,"enemies":"Looter","floor":7,"turns":2},{"damage":43,"enemies":"Lagavulin","floor":8,"turns":9},{"damage":10,"enemies":"Gremlin Nob","floor":10,"turns":3},{"damage":0,"enemies":"Gremlin Gang","floor":11,"turns":4},{"damage":1,"enemies":"2 Fungi Beasts","floor":13,"turns":3}],"seed_played":"9005328505108707069","potions_obtained":[{"floor":4,"key":"AttackPotion"},{"floor":5,"key":"ColorlessPotion"},{"floor":7,"key":"Ancient Potion"},{"floor":10,"key":"Block Potion"}],"is_trial":false,"path_per_floor":["M","?","M","M","M","E","M","E","T","E","M","R","M","?"],"character_chosen":"THE_CURSED","items_purchased":[],"campfire_rested":1,"item_purchase_floors":[],"current_hp_per_floor":[82,82,76,76,64,61,56,13,13,3,3,27,26,0,0],"gold":299,"neow_bonus":"TEN_PERCENT_HP_BONUS","is_prod":false,"is_daily":false,"chose_seed":false,"campfire_upgraded":0,"win_rate":0.0,"timestamp":1607495974,"path_taken":["M","?","M","M","M","E","?","E","T","E","M","R","M","?"],"build_version":"2020-11-30","purchased_purges":0,"victory":false,"max_hp_per_floor":[82,82,82,82,82,82,82,82,82,82,82,82,82,82,82],"card_choices":[{"not_picked":["TheCursedMod:Torture","TheCursedMod:RapidMovement"],"picked":"TheCursedMod:SpreadPlague","floor":1},{"not_picked":["TheCursedMod:CursedAmulet","TheCursedMod:Wield"],"picked":"TheCursedMod:SurpriseAttack","floor":3},{"not_picked":["TheCursedMod:DoubleShield","TheCursedMod:FleshFromBone"],"picked":"TheCursedMod:TacticalStrike","floor":4},{"not_picked":["TheCursedMod:Stretching","TheCursedMod:BlessingInDisguise"],"picked":"TheCursedMod:CircleOfFlame","floor":5},{"not_picked":["TheCursedMod:CircleOfFlame","TheCursedMod:Obscuration"],"picked":"TheCursedMod:CursedShiv","floor":6},{"not_picked":["TheCursedMod:CursedMace","TheCursedMod:FleshFromBone"],"picked":"TheCursedMod:CursedAmulet","floor":7},{"not_picked":["TheCursedMod:CursedStaff","TheCursedMod:SurpriseAttack"],"picked":"TheCursedMod:CursedBoomerang","floor":8},{"not_picked":["TheCursedMod:Torture","TheCursedMod:RavingStaff"],"picked":"TheCursedMod:Stigma","floor":10},{"not_picked":["TheCursedMod:SmokeScreen","TheCursedMod:CursedMace"],"picked":"TheCursedMod:CursedRelics","floor":11},{"not_picked":["TheCursedMod:CursedArmor","TheCursedMod:CursedAmulet"],"picked":"TheCursedMod:Hemoplague","floor":13}],"player_experience":22637,"relics_obtained":[{"floor":6,"key":"Replay:Kaleidoscope"},{"floor":8,"key":"Omamori"},{"floor":9,"key":"Potion Belt"},{"floor":10,"key":"ReplayTheSpireMod:Lightbulb"}],"event_choices":[{"cards_removed":["Iron Wave"],"damage_healed":0,"gold_gain":0,"player_choice":"Took Card","damage_taken":0,"max_hp_gain":0,"max_hp_loss":0,"event_name":"NoteForYourself","floor":2,"gold_loss":0,"cards_obtained":["Iron Wave"]}],"is_beta":false,"boss_relics":[],"items_purged_floors":[],"is_endless":false,"potions_floor_spawned":[4,5,7,10],"ascension_level":0}}