{"host":"nc3dlacrfhmj2qcx","time":1607517645,"event":{"gold_per_floor":[119,44,57,72,92,92,105,105,105,117,128,128,161,161,161,161,161],"floor_reached":16,"playtime":541,"items_purged":["Strike_G"],"score":258,"play_id":"1776c5fa-7ad4-4ce7-8d80-95c55288fa84","local_time":"20201209214045","is_ascension_mode":true,"campfire_choices":[{"data":"Bouncing Flask","floor":6,"key":"SMITH"},{"data":"Concentrate","floor":8,"key":"SMITH"},{"data":"Prepared","floor":15,"key":"SMITH"}],"neow_cost":"NONE","seed_source_timestamp":1538433904687,"circlet_count":0,"master_deck":["AscendersBane","Strike_G","Strike_G","Strike_G","Defend_G","Defend_G","Defend_G","Defend_G","Survivor","Neutralize","Dagger Spray","Quick Slash","Bouncing Flask+1","Eviscerate","Concentrate+1","Catalyst","Backflip","Prepared+1","Skewer"],"relics":["Ring of the Snake","PreservedInsect","Golden Idol","Blood Vial"],"potions_floor_usage":[11,11,13,16],"damage_taken":[{"damage":14,"enemies":"Cultist","floor":1,"turns":6},{"damage":0,"enemies":"Jaw Worm","floor":3,"turns":4},{"damage":3,"enemies":"2 Louse","floor":4,"turns":2},{"damage":6,"enemies":"Exordium Thugs","floor":5,"turns":5},{"damage":3,"enemies":"Looter","floor":7,"turns":3},{"damage":1,"enemies":"3 Louse","floor":10,"turns":2},{"damage":7,"enemies":"Lots of Slimes","floor":11,"turns":5},{"damage":0,"enemies":"Gremlin Nob","floor":13,"turns":2},{"damage":27,"enemies":"The Guardian","floor":16,"turns":5}],"seed_played":"3791691772494863070","potions_obtained":[{"floor":4,"key":"Fire Potion"},{"floor":5,"key":"SteroidPotion"},{"floor":7,"key":"EntropicBrew"},{"floor":13,"key":"FearPotion"}],"is_trial":false,"path_per_floor":["M","$","M","M","M","R","M","R","T","M","M","?","E","?","R","B"],"character_chosen":"THE_SILENT","items_purchased":[],"campfire_rested":0,"item_purchase_floors":[],"current_hp_per_floor":[45,45,45,42,36,36,33,33,33,32,25,25,25,25,25,0,0],"gold":161,"neow_bonus":"REMOVE_CARD","is_prod":false,"is_daily":false,"chose_seed":false,"campfire_upgraded":3,"win_rate":0,"timestamp":1607517645,"path_taken":["M","$","M","?","M","R","M","R","T","?","M","?","E","?","R","BOSS"],"build_version":"2020-11-30","purchased_purges":1,"victory":false,"max_hp_per_floor":[66,66,66,66,66,66,66,66,66,66,66,60,60,60,60,60,60],"card_choices":[{"not_picked":["Outmaneuver","Eviscerate"],"picked":"Dagger Spray","floor":1},{"not_picked":["Underhanded Strike","Acrobatics"],"picked":"Quick Slash","floor":3},{"not_picked":["PiercingWail","Terror"],"picked":"Bouncing Flask","floor":4},{"not_picked":["Escape Plan","Slice"],"picked":"Eviscerate","floor":5},{"not_picked":["Footwork","Well Laid Plans"],"picked":"Concentrate","floor":7},{"not_picked":["Choke","Escape Plan"],"picked":"Catalyst","floor":10},{"not_picked":["Leg Sweep","Storm of Steel"],"picked":"Backflip","floor":11},{"not_picked":["Dagger Spray","Setup"],"picked":"Prepared","floor":13}],"player_experience":999479,"relics_obtained":[{"floor":9,"key":"PreservedInsect"},{"floor":13,"key":"Blood Vial"}],"event_choices":[{"damage_healed":0,"gold_gain":0,"player_choice":"Lose Max HP","damage_taken":0,"relics_obtained":["Golden Idol"],"max_hp_gain":0,"max_hp_loss":6,"event_name":"Golden Idol","floor":12,"gold_loss":0},{"damage_healed":0,"gold_gain":0,"cards_transformed":["Strike_G"],"player_choice":"Transformed","damage_taken":0,"max_hp_gain":0,"max_hp_loss":0,"event_name":"Transmorgrifier","floor":14,"gold_loss":0,"cards_obtained":["Skewer"]}],"is_beta":false,"boss_relics":[],"items_purged_floors":[2],"is_endless":false,"potions_floor_spawned":[4,5,7,13],"killed_by":"The Guardian","ascension_level":20}}