{"host":"f7mgfv1rcbv6ir5v","time":1607538473,"event":{"gold_per_floor":[99,99,99,99,49,49,49,49,49,49,49,49,49,49,49,49,49,4,4,4,4,4,4,4,4,4],"floor_reached":25,"playtime":1960,"items_purged":[],"score":365,"play_id":"36260d0b-5391-4d05-a6f0-e414c8dd8030","local_time":"20201209102753","is_ascension_mode":true,"campfire_choices":[{"data":"WindmillStrike","floor":6.0,"key":"SMITH"},{"data":"TalkToTheHand","floor":15.0,"key":"SMITH"},{"data":"MentalFortress","floor":24,"key":"SMITH"}],"neow_cost":"NONE","seed_source_timestamp":0,"circlet_count":0,"master_deck":["Strike_P+1","Strike_P+1","Strike_P+1","Defend_P+1","Defend_P+1","Defend_P+1","Defend_P+1","Eruption","Vigilance","Sanctity","WindmillStrike+1","Indignation","TalkToTheHand+1","MentalFortress+1","Protect","CrushJoints","Wireheading","Devotion","Tantrum","SandsOfTime"],"special_seed":0,"relics":["Ectoplasm","Centennial Puzzle","Odd Mushroom","Toy Ornithopter","Coffee Dripper","Nilry\u0027s Codex","Pen Nib"],"potions_floor_usage":[20,23,23],"damage_taken":[{"damage":8.0,"enemies":"Small Slimes","floor":1.0,"turns":5.0},{"damage":0.0,"enemies":"2 Louse","floor":3.0,"turns":1.0},{"damage":0.0,"enemies":"Jaw Worm","floor":4.0,"turns":3.0},{"damage":0.0,"enemies":"Large Slime","floor":7.0,"turns":3.0},{"damage":17.0,"enemies":"Lagavulin","floor":8.0,"turns":7.0},{"damage":9.0,"enemies":"Exordium Wildlife","floor":10.0,"turns":3.0},{"damage":7.0,"enemies":"The Mushroom Lair","floor":11.0,"turns":5.0},{"damage":3.0,"enemies":"Blue Slaver","floor":12.0,"turns":3.0},{"damage":19.0,"enemies":"Gremlin Nob","floor":13.0,"turns":4.0},{"damage":0.0,"enemies":"Hexaghost","floor":16.0,"turns":8.0},{"damage":27,"enemies":"2 Thieves","floor":18,"turns":3},{"damage":17,"enemies":"3 Byrds","floor":20,"turns":4},{"damage":6,"enemies":"Slavers","floor":23,"turns":3},{"damage":9,"enemies":"Gremlin Leader","floor":25,"turns":2}],"seed_played":"8197465982643433659","potions_obtained":[{"floor":3.0,"key":"EssenceOfSteel"},{"floor":7.0,"key":"Swift Potion"},{"floor":12.0,"key":"PowerPotion"},{"floor":13.0,"key":"EntropicBrew"},{"floor":20,"key":"ColorlessPotion"}],"is_trial":false,"path_per_floor":["M","?","M","M","?","R","M","E","T","M","?","M","E","?","R","B",null,"M","?","M","?","?","E","R","E"],"character_chosen":"WATCHER","items_purchased":[],"campfire_rested":0,"item_purchase_floors":[],"current_hp_per_floor":[57,57,57,57,57,57,57,40,40,31,24,21,2,2,2,12,57,30,30,18,18,2,6,6,0,0],"gold":4,"neow_bonus":"BOSS_RELIC","is_prod":false,"is_daily":false,"chose_seed":false,"campfire_upgraded":3,"win_rate":0,"timestamp":1607538473,"path_taken":["M","?","M","M","?","R","M","E","T","M","?","M","E","?","R","BOSS","M","?","M","?","?","E","R","E"],"build_version":"2020-11-30","purchased_purges":0,"victory":false,"max_hp_per_floor":[72,72,72,72,72,72,72,72,72,72,72,72,72,72,72,72,72,72,72,72,72,72,72,72,72,72],"relic_stats":{"Centennial Puzzle":[21],"counters":[14,54],"Ectoplasm":403,"Pen Nib":[0],"obtain_stats":[{"Centennial Puzzle":8,"Nilry\u0027s Codex":22,"Ectoplasm":0,"Pen Nib":23,"Coffee Dripper":17,"PureWater":0,"Odd Mushroom":11,"Toy Ornithopter":13},{"Centennial Puzzle":5,"Nilry\u0027s Codex":12,"Ectoplasm":0,"Pen Nib":13,"Coffee Dripper":10,"PureWater":0,"Odd Mushroom":7,"Toy Ornithopter":9},{"Centennial Puzzle":19,"Nilry\u0027s Codex":49,"Ectoplasm":0,"Pen Nib":52,"Coffee Dripper":42,"PureWater":0,"Odd Mushroom":27,"Toy Ornithopter":34}],"Toy Ornithopter":25},"card_choices":[{"not_picked":["Halt","ClearTheMind"],"picked":"Sanctity","floor":1.0},{"not_picked":["SashWhip","Consecrate"],"picked":"WindmillStrike","floor":3.0},{"not_picked":["SashWhip","JustLucky"],"picked":"Indignation","floor":4.0},{"not_picked":["Perseverance","Swivel","PathToVictory"],"picked":"SKIP","floor":7.0},{"not_picked":["Prostrate","FlyingSleeves"],"picked":"TalkToTheHand","floor":8.0},{"not_picked":["Sanctity","EmptyFist"],"picked":"MentalFortress","floor":10.0},{"not_picked":["JustLucky","Establishment"],"picked":"Protect","floor":11.0},{"not_picked":["Halt","ThirdEye"],"picked":"CrushJoints","floor":12.0},{"not_picked":["Halt","DeceiveReality"],"picked":"Wireheading","floor":13.0},{"not_picked":["Wish","DeusExMachina"],"picked":"Devotion","floor":16.0},{"not_picked":["CrushJoints","Swivel+1","Nirvana+1"],"picked":"SKIP","floor":18},{"not_picked":["BattleHymn","SashWhip"],"picked":"Tantrum","floor":20},{"not_picked":["Establishment","FollowUp+1"],"picked":"SandsOfTime","floor":23}],"player_experience":297459,"relics_obtained":[{"floor":8.0,"key":"Centennial Puzzle"},{"floor":11.0,"key":"Odd Mushroom"},{"floor":13.0,"key":"Toy Ornithopter"},{"floor":22,"key":"Nilry\u0027s Codex"},{"floor":23,"key":"Pen Nib"}],"event_choices":[{"damage_healed":0.0,"max_hp_gain":0.0,"max_hp_loss":0.0,"gold_gain":0.0,"event_name":"Golden Idol","player_choice":"Ignored","floor":2.0,"gold_loss":0.0,"damage_taken":0.0},{"cards_removed":["Strike_P"],"damage_healed":0.0,"max_hp_gain":0.0,"max_hp_loss":0.0,"gold_gain":0.0,"event_name":"The Cleric","player_choice":"Card Removal","floor":5.0,"gold_loss":50.0,"damage_taken":0.0},{"damage_healed":0.0,"max_hp_gain":0.0,"max_hp_loss":0.0,"gold_gain":0.0,"event_name":"Mushrooms","player_choice":"Fought Mushrooms","floor":11.0,"gold_loss":0.0,"damage_taken":0.0},{"damage_healed":0.0,"max_hp_gain":0.0,"max_hp_loss":0.0,"gold_gain":0.0,"event_name":"Liars Game","player_choice":"Ignored","floor":14.0,"gold_loss":0.0,"damage_taken":0.0},{"damage_healed":0,"gold_gain":0,"player_choice":"Simplicity","damage_taken":0,"max_hp_gain":0,"max_hp_loss":0,"event_name":"Back to Basics","floor":19,"gold_loss":0,"cards_upgraded":["Strike_P","Strike_P","Strike_P","Defend_P","Defend_P","Defend_P","Defend_P"]},{"damage_healed":0,"gold_gain":0,"player_choice":"Obtained Book","damage_taken":16,"max_hp_gain":0,"max_hp_loss":0,"event_name":"Cursed Tome","floor":22,"gold_loss":0}],"is_beta":false,"boss_relics":[{"not_picked":["Runic Dome","Sozu"],"picked":"Coffee Dripper"}],"items_purged_floors":[],"is_endless":false,"potions_floor_spawned":[3,7,12,13,20],"killed_by":"Gremlin Leader","ascension_level":6}}