{"host":"y76clbnovzmw9ubx","time":1607524829,"event":{"gold_per_floor":[363,21,36,56,74,105,105,118,118,14,45,58,92,105,105,178,178,190,208,226,36,47,47,47],"floor_reached":23,"playtime":1370,"items_purged":["Strike_B"],"score":534,"play_id":"330f33e5-5df6-442a-98a0-fb41e1bbf58b","local_time":"20201209094029","is_ascension_mode":true,"campfire_choices":[{"floor":7.0,"key":"REST"},{"data":"Sunder","floor":15.0,"key":"SMITH"}],"neow_cost":"PERCENT_DAMAGE","seed_source_timestamp":3237880208310,"circlet_count":0,"master_deck":["AscendersBane","Strike_B","Strike_B","Strike_B","Defend_B","Defend_B","Defend_B","Defend_B","Zap","Dualcast","Streamline","Rip and Tear","Sunder+1","Echo Form","Capacitor","Beam Cell","Coolheaded","Coolheaded","Melter","Coolheaded+1","Genetic Algorithm","Loop","Leap"],"special_seed":0,"relics":["Cracked Core","ClockworkSouvenir","MealTicket","Meat on the Bone","PreservedInsect","Omamori","InkBottle","Cursed Key","Orrery"],"potions_floor_usage":[20,23],"damage_taken":[{"damage":7.0,"enemies":"Jaw Worm","floor":1.0,"turns":3.0},{"damage":0.0,"enemies":"Small Slimes","floor":3.0,"turns":2.0},{"damage":0.0,"enemies":"Cultist","floor":4.0,"turns":2.0},{"damage":7.0,"enemies":"Large Slime","floor":5.0,"turns":4.0},{"damage":30.0,"enemies":"3 Sentries","floor":6.0,"turns":5.0},{"damage":17.0,"enemies":"Looter","floor":8.0,"turns":3.0},{"damage":0.0,"enemies":"Gremlin Nob","floor":11.0,"turns":2.0},{"damage":1.0,"enemies":"2 Fungi Beasts","floor":12.0,"turns":3.0},{"damage":0.0,"enemies":"Lagavulin","floor":13.0,"turns":3.0},{"damage":20.0,"enemies":"3 Louse","floor":14.0,"turns":2.0},{"damage":25.0,"enemies":"The Guardian","floor":16.0,"turns":10.0},{"damage":6.0,"enemies":"Spheric Guardian","floor":18.0,"turns":3.0},{"damage":26.0,"enemies":"Shell Parasite","floor":19.0,"turns":4.0},{"damage":9,"enemies":"3 Cultists","floor":20,"turns":4},{"damage":33,"enemies":"Centurion and Healer","floor":22,"turns":6},{"damage":37,"enemies":"Book of Stabbing","floor":23,"turns":3}],"seed_played":"3248645239382009886","potions_obtained":[{"floor":3.0,"key":"Strength Potion"},{"floor":4.0,"key":"SteroidPotion"},{"floor":5.0,"key":"BlessingOfTheForge"},{"floor":8.0,"key":"DuplicationPotion"},{"floor":11.0,"key":"PowerPotion"},{"floor":14.0,"key":"EssenceOfDarkness"},{"floor":18.0,"key":"FearPotion"}],"is_trial":false,"path_per_floor":["M","$","M","M","M","E","R","M","T","$","E","M","E","M","R","B",null,"M","M","M","$","M","E"],"character_chosen":"DEFECT","items_purchased":["ClockworkSouvenir","MealTicket","Beam Cell","Orrery","Leap"],"campfire_rested":1,"item_purchase_floors":[2,2,10,21,21],"current_hp_per_floor":[39,39,39,39,32,2,23,18,18,33,45,44,44,36,36,23,59,53,39,42,57,36,0,0],"gold":47,"neow_bonus":"TWO_FIFTY_GOLD","is_prod":false,"is_daily":false,"chose_seed":false,"campfire_upgraded":1,"win_rate":0,"timestamp":1607524829,"path_taken":["M","$","M","M","M","E","R","M","T","$","E","M","E","M","R","BOSS","M","M","M","$","M","E"],"build_version":"2020-11-30","purchased_purges":1,"victory":false,"max_hp_per_floor":[71,71,71,71,71,71,71,71,71,71,71,71,71,71,71,71,71,71,71,71,71,71,71,71],"relic_stats":{"counters":[16,59],"MealTicket":30,"PreservedInsect":94,"Cursed Key":0,"obtain_stats":[{"Orrery":21,"MealTicket":2,"PreservedInsect":9,"Omamori":11,"Cracked Core":0,"Cursed Key":17,"InkBottle":13,"ClockworkSouvenir":2,"Meat on the Bone":6},{"Orrery":14,"MealTicket":1,"PreservedInsect":6,"Omamori":7,"Cracked Core":0,"Cursed Key":11,"InkBottle":9,"ClockworkSouvenir":1,"Meat on the Bone":5},{"Orrery":50,"MealTicket":3,"PreservedInsect":19,"Omamori":21,"Cracked Core":0,"Cursed Key":39,"InkBottle":27,"ClockworkSouvenir":3,"Meat on the Bone":16}],"InkBottle":[10],"Meat on the Bone":84},"card_choices":[{"not_picked":["Gash","Leap"],"picked":"Streamline","floor":1.0},{"not_picked":["Reprogram","Barrage"],"picked":"Rip and Tear","floor":3.0},{"not_picked":["Barrage","Scrape"],"picked":"Sunder","floor":4.0},{"not_picked":["Scrape","Cold Snap","Darkness"],"picked":"SKIP","floor":5.0},{"not_picked":["Hologram","Barrage"],"picked":"Echo Form","floor":6.0},{"not_picked":["Gash","Leap"],"picked":"Capacitor","floor":8.0},{"not_picked":["Gash","Auto Shields","Blizzard"],"picked":"SKIP","floor":11.0},{"not_picked":["Sweeping Beam","Hello World","Streamline"],"picked":"SKIP","floor":12.0},{"not_picked":["Cold Snap","Chaos","Hello World"],"picked":"SKIP","floor":13.0},{"not_picked":["Rebound","Consume"],"picked":"Coolheaded","floor":14.0},{"not_picked":["Capacitor","Consume"],"picked":"Coolheaded","floor":18.0},{"not_picked":["Barrage","Blizzard"],"picked":"Melter","floor":19.0},{"not_picked":["Sweeping Beam","Cold Snap","FTL"],"picked":"SKIP","floor":20},{"not_picked":["Heatsinks","Double Energy"],"picked":"Coolheaded+1","floor":21},{"not_picked":["Scrape+1","Turbo"],"picked":"Genetic Algorithm","floor":21},{"not_picked":["Sweeping Beam","Rebound"],"picked":"Loop","floor":21},{"not_picked":["Redo","Scrape+1","Coolheaded"],"picked":"SKIP","floor":22}],"player_experience":2792129,"relics_obtained":[{"floor":6.0,"key":"Meat on the Bone"},{"floor":9.0,"key":"PreservedInsect"},{"floor":11.0,"key":"Omamori"},{"floor":13.0,"key":"InkBottle"}],"event_choices":[],"is_beta":false,"boss_relics":[{"not_picked":["Calling Bell","Sozu"],"picked":"Cursed Key"}],"items_purged_floors":[10],"is_endless":false,"potions_floor_spawned":[3,4,5,8,11,14,18],"killed_by":"Book of Stabbing","ascension_level":20}}