{"host":"i9wanet4r0ff4t9y","time":1607500179,"event":{"gold_per_floor":[114,126,126,139,139,139,104,104,104,104,125,125,83,83,83,214,214,228,241,261,261,261,261,261],"floor_reached":23,"playtime":1350,"items_purged":[],"score":254,"play_id":"23c066e7-b98d-466a-8517-d661745d8f4a","local_time":"20201209084939","is_ascension_mode":false,"campfire_choices":[{"floor":6,"key":"REST"},{"data":"Apotheosis","floor":8,"key":"SMITH"},{"floor":15,"key":"REST"}],"neow_cost":"","seed_source_timestamp":3753231328565,"circlet_count":0,"master_deck":["Strike_Br","Strike_Br","Strike_Br","Strike_Br","Defend_Br","Defend_Br","Defend_Br","Defend_Br","SecondHand","PatternShift","Apotheosis+1","Accruing","Accruing","ReplayUltimateDefense+1","Chrysalis","Mayhem","VestedLegacy","FormalWear","LockedAnchor","Injury","LockedMedicine","ReplayTheSpireMod:Omega Cannon","DaylightSavings+7","RageCommand","LockedMercury","Backlash","Facsimile","Blade Dance","Pain"],"relics":["Chronometer","Blue Doll","Pear","ReplayTheSpireMod:ShopPack","Juzu Bracelet","StoneCalendar","Golden Idol","Replay:Rubber Ducky","Replay:Kaleidoscope","Whetstone?","Black Star","WarpedTongs"],"potions_floor_usage":[16,20,23],"damage_taken":[{"damage":10,"enemies":"2 Louse","floor":1,"turns":3},{"damage":7,"enemies":"Cultist","floor":2,"turns":7},{"damage":0,"enemies":"Small Slimes","floor":4,"turns":4},{"damage":6,"enemies":"2 Fungi Beasts","floor":11,"turns":5},{"damage":0,"enemies":"Fading Forest","floor":16,"turns":11},{"damage":0,"enemies":"Spheric Guardian","floor":18,"turns":5},{"damage":13,"enemies":"Shell Parasite","floor":19,"turns":5},{"damage":26,"enemies":"Snake Plant","floor":20,"turns":5},{"damage":41,"enemies":"Gremlin Leader","floor":23,"turns":3}],"seed_played":"-1743772804937677264","potions_obtained":[{"floor":1,"key":"Doom Potion"},{"floor":16,"key":"Swift Potion"},{"floor":18,"key":"Weak Potion"},{"floor":19,"key":"ColorlessPotion"}],"is_trial":false,"path_per_floor":["M","M","?","M","?","R","?","R","T","?","M","?","$","?","R","B",null,"M","M","M","?","?","E"],"character_chosen":"CHRONO_CLASS","items_purchased":["Apotheosis","Blue Doll","Accruing","Pear","ReplayTheSpireMod:ShopPack","DaylightSavings+1"],"campfire_rested":2,"item_purchase_floors":[0,0,0,0,0,13],"current_hp_per_floor":[51,44,27,27,27,49,67,67,67,67,61,40,40,40,62,62,75,75,62,36,36,36,0,0],"gold":261,"neow_bonus":"","is_prod":false,"is_daily":false,"chose_seed":false,"campfire_upgraded":1,"win_rate":0.0,"timestamp":1607500179,"path_taken":["M","M","?","M","?","R","?","R","T","?","M","?","?","?","R","BOSS","M","M","M","?","?","E"],"build_version":"2020-11-30","purchased_purges":0,"victory":false,"max_hp_per_floor":[75,75,75,75,75,75,75,75,75,75,75,75,75,75,75,75,75,75,75,75,75,75,75,75],"relic_stats":{"counters":[35,149],"Golden Idol":40,"StoneCalendar":[119],"Juzu Bracelet":2,"Black Star":0,"obtain_stats":[{"Vajra":22,"Blue Doll":0,"StoneCalendar":9,"Bag of Preparation":6,"Juzu Bracelet":3,"Ancient Tea Set":25,"Cursed Key":34,"Replay:Rubber Ducky":12,"Centennial Puzzle":43,"Lizard Tail":47,"Philosopher\u0027s Stone":17,"Red Mask":19,"Whetstone?":14,"Ring of the Snake":0,"Pear":0,"NeowsBlessing":0,"Golden Idol":10,"Omamori":9,"Replay:Kaleidoscope":12,"MawBank":2,"Akabeko":13,"WarpedTongs":22,"Anchor":23,"CaptainsWheel":37,"Art of War":26,"Black Star":17,"Pocketwatch":44,"ReplayTheSpireMod:ShopPack":0},{"Vajra":12,"Blue Doll":26,"StoneCalendar":29,"Bag of Preparation":3,"Juzu Bracelet":28,"Ancient Tea Set":15,"Cursed Key":18,"Replay:Rubber Ducky":30,"Centennial Puzzle":22,"Lizard Tail":24,"Philosopher\u0027s Stone":9,"Red Mask":11,"Whetstone?":30,"Ring of the Snake":0,"Pear":26,"NeowsBlessing":0,"Golden Idol":29,"Omamori":4,"Replay:Kaleidoscope":30,"MawBank":1,"Akabeko":7,"WarpedTongs":34,"Anchor":13,"CaptainsWheel":20,"Art of War":15,"Black Star":31,"Pocketwatch":23,"ReplayTheSpireMod:ShopPack":26},{"Vajra":42,"Blue Doll":101,"StoneCalendar":115,"Bag of Preparation":3,"Juzu Bracelet":111,"Ancient Tea Set":54,"Cursed Key":66,"Replay:Rubber Ducky":120,"Centennial Puzzle":78,"Lizard Tail":88,"Philosopher\u0027s Stone":30,"Red Mask":38,"Whetstone?":120,"Ring of the Snake":0,"Pear":101,"NeowsBlessing":0,"Golden Idol":115,"Omamori":7,"Replay:Kaleidoscope":120,"MawBank":1,"Akabeko":19,"WarpedTongs":146,"Anchor":46,"CaptainsWheel":72,"Art of War":54,"Black Star":131,"Pocketwatch":83,"ReplayTheSpireMod:ShopPack":101}],"WarpedTongs":[3]},"card_choices":[{"not_picked":["Violence","ReplayTheSpireMod:Brewmster"],"picked":"ReplayUltimateDefense","floor":0},{"not_picked":["Panacea","expansioncontent:Collect"],"picked":"Chrysalis","floor":0},{"not_picked":["expansioncontent:SuperHexaguard","expansioncontent:Torchfire"],"picked":"Mayhem","floor":0},{"not_picked":["Parity","LockedScales"],"picked":"VestedLegacy","floor":1},{"not_picked":["PrimeTime","ReapSow"],"picked":"FormalWear","floor":2},{"not_picked":["TiringSlam","AlternateTimeline"],"picked":"LockedAnchor","floor":4},{"not_picked":["PrimeTime","Break"],"picked":"LockedMedicine","floor":11},{"not_picked":["Chronoelasticity","Pendulum"],"picked":"RageCommand","floor":16},{"not_picked":["BlueShift","PrimeTime"],"picked":"LockedMercury","floor":18},{"not_picked":["HandsUpC","CrunchTime+1"],"picked":"Backlash","floor":19},{"not_picked":["LockedBlood","WindUp"],"picked":"Facsimile","floor":20}],"player_experience":305899,"relics_obtained":[{"floor":9,"key":"StoneCalendar"}],"event_choices":[{"damage_healed":0,"gold_gain":0,"player_choice":"RE ","damage_taken":19,"relics_obtained":["Juzu Bracelet"],"max_hp_gain":0,"max_hp_loss":0,"event_name":"betterSkull:BetterSkull","floor":3,"gold_loss":0,"cards_upgraded":[]},{"damage_healed":0,"gold_gain":0,"player_choice":"Grow","damage_taken":0,"max_hp_gain":0,"max_hp_loss":0,"event_name":"Living Wall","floor":5,"gold_loss":0,"cards_upgraded":["ReplayUltimateDefense"]},{"damage_healed":18,"gold_gain":0,"player_choice":"Healed","damage_taken":0,"max_hp_gain":0,"max_hp_loss":0,"event_name":"The Cleric","floor":7,"gold_loss":35},{"damage_healed":0,"gold_gain":0,"player_choice":"Take Wound","damage_taken":0,"relics_obtained":["Golden Idol"],"max_hp_gain":0,"max_hp_loss":0,"event_name":"Golden Idol","floor":10,"gold_loss":0,"cards_obtained":["Injury"]},{"damage_healed":0,"gold_gain":1,"player_choice":"Card Relic Relic ","damage_taken":21,"max_hp_gain":0,"max_hp_loss":0,"event_name":"betterThird:BetterScrap","floor":12,"gold_loss":0,"cards_obtained":["ReplayTheSpireMod:Omega Cannon","LessonLearned"]},{"damage_healed":0,"gold_gain":0,"player_choice":"Take","damage_taken":0,"max_hp_gain":0,"max_hp_loss":0,"event_name":"betterNote:BetterNote","floor":21,"gold_loss":0,"cards_obtained":["Blade Dance"]},{"damage_healed":0,"gold_gain":0,"player_choice":"Rummage","damage_taken":0,"relics_obtained":["WarpedTongs"],"max_hp_gain":0,"max_hp_loss":0,"event_name":"Accursed Blacksmith","floor":22,"gold_loss":0,"cards_obtained":["Pain"]}],"is_beta":false,"boss_relics":[{"not_picked":["Replay:Grab Bag","ReplayTheSpireMod:DimensionalGlitch"],"picked":"Black Star"}],"items_purged_floors":[],"is_endless":false,"potions_floor_spawned":[1,16,18,19],"killed_by":"Gremlin Leader","ascension_level":0}}