{"host":"tnhjz9cb8p0320p2","time":1607490888,"event":{"gold_per_floor":[112,112,112,132,143,171,171,183,183,198,67,96,114,57,57,57,57,158,158,173,38,99,25,25,38,52,82,82,82,114,130,140,140,140,140,140],"floor_reached":35,"playtime":1898,"items_purged":[],"score":413,"play_id":"4262cc69-4e76-4e89-b276-d9b920c74ca9","local_time":"20201208231448","is_ascension_mode":true,"campfire_choices":[{"floor":7,"key":"REST"},{"floor":29,"key":"REST"},{"floor":34,"key":"REST"}],"neow_cost":"NONE","seed_source_timestamp":540252136450300,"circlet_count":0,"master_deck":["Runesmith:Strike_RS","Runesmith:Strike_RS","Runesmith:Defend_RS","Runesmith:Defend_RS","Runesmith:Defend_RS","Runesmith:CraftFirestone","Runesmith:Fortify","Runesmith:HeatExchange","Runesmith:Permafrost","Apotheosis+1","Runesmith:OneForEveryone","Runesmith:HeatedChisel","Runesmith:ChaoticBlast","Runesmith:BackupBattery","Runesmith:Firestorm","Runesmith:LithiumIon+1","Runesmith:Discharge+1","Runesmith:RunicBlueprint+1","Runesmith:HeatedChisel+1","Runesmith:PoweredAnvil+1","Runesmith:FrozenChisel+1","Runesmith:GrandSlam+1","Runesmith:Augment","ReplayTheSpireMod:Splinters","Runesmith:LithiumIon+1","Runesmith:NanitesCloud","Runesmith:PoweredAnvil","Runesmith:EnergizedChisel+1","Runesmith:CraftReservo+1","Runesmith:Firestorm","Runesmith:MetallurgicalResearch","Runesmith:Malloc"],"relics":["Runesmith:BrokenRuby","Bottled Lightning","Molten Egg 2","Replay:Bottled Snecko","construct:WeddingRing","theJungle:Flamango","Pen Nib","Bottled Flame","Pear"],"potions_floor_usage":[13,18,25,25,26,26,26,27,32,33,35,35],"damage_taken":[{"damage":1,"enemies":"Cultist","floor":1,"turns":3},{"damage":4,"enemies":"Jaw Worm","floor":4,"turns":4},{"damage":0,"enemies":"Small Slimes","floor":5,"turns":2},{"damage":12,"enemies":"Gremlin Nob","floor":6,"turns":4},{"damage":12,"enemies":"2 Fungi Beasts","floor":8,"turns":2},{"damage":3,"enemies":"Looter","floor":10,"turns":2},{"damage":0,"enemies":"Lagavulin","floor":12,"turns":5},{"damage":0,"enemies":"3 Louse","floor":13,"turns":1},{"damage":2,"enemies":"The Guardian","floor":18,"turns":7},{"damage":27,"enemies":"theJungle:Flameango_and_Byrd","floor":20,"turns":4},{"damage":2,"enemies":"theJungle:5_Spyders","floor":25,"turns":6},{"damage":2,"enemies":"theJungle:JungleHuntersEncounter","floor":26,"turns":5},{"damage":28,"enemies":"theJungle:MamaSnecko","floor":27,"turns":7},{"damage":18,"enemies":"theJungle:2_Phrogs","floor":30,"turns":8},{"damage":6,"enemies":"Snake Plant","floor":31,"turns":3},{"damage":17,"enemies":"theJungle:2_Snecko_Cultists","floor":32,"turns":3},{"damage":0,"enemies":"theJungle:Lyon","floor":33,"turns":3},{"damage":30,"enemies":"theJungle:TotemBoss","floor":35,"turns":2}],"seed_played":"2479462235438535087","potions_obtained":[{"floor":1,"key":"Explosive Potion"},{"floor":6,"key":"Strength Potion"},{"floor":10,"key":"Fire Potion"},{"floor":22,"key":"EntropicBrew"},{"floor":22,"key":"Block Potion"},{"floor":22,"key":"AttackPotion"},{"floor":25,"key":"SpeedPotion"},{"floor":30,"key":"Swift Potion"},{"floor":31,"key":"CultistPotion"},{"floor":32,"key":"Cursed Concoction"}],"is_trial":false,"path_per_floor":["M","?","?","M","M","E","R","M","T","M","$","E","M","$","PTL","PTL","R","B",null,"M","?","?","$","?","M","M","E","T","R","E","M","M","M","R","B"],"character_chosen":"RUNESMITH_CLASS","items_purchased":["Runesmith:LithiumIon+1","Runesmith:Discharge+1","Runesmith:PoweredAnvil+1","Runesmith:NanitesCloud"],"campfire_rested":3,"item_purchase_floors":[11,11,14,23],"current_hp_per_floor":[69,69,62,58,58,46,67,55,55,52,52,52,52,52,52,52,52,50,70,43,43,43,43,43,41,39,11,11,32,24,18,1,1,25,0,0],"gold":140,"neow_bonus":"TRANSFORM_CARD","is_prod":false,"is_daily":false,"chose_seed":false,"campfire_upgraded":0,"win_rate":0,"timestamp":1607490888,"path_taken":["M","?","?","M","M","E","R","M","T","M","$","E","M","$","PTL","PTL","R","BOSS","M","?","?","$","?","M","M","E","T","R","E","M","?","M","R","BOSS"],"build_version":"2020-11-30","purchased_purges":0,"victory":false,"max_hp_per_floor":[70,70,70,70,70,70,70,70,70,70,70,70,70,70,70,70,70,70,70,70,70,70,70,70,70,70,70,70,70,80,80,80,80,80,80,80],"relic_stats":{"counters":[18,71],"Pen Nib":[2],"obtain_stats":[{"Runesmith:BrokenRuby":0,"Bottled Flame":28,"construct:WeddingRing":19,"Pear":30,"theJungle:Flamango":21,"Molten Egg 2":9,"Pen Nib":27,"Bottled Lightning":6,"Replay:Bottled Snecko":12},{"Runesmith:BrokenRuby":0,"Bottled Flame":13,"construct:WeddingRing":9,"Pear":14,"theJungle:Flamango":10,"Molten Egg 2":5,"Pen Nib":13,"Bottled Lightning":4,"Replay:Bottled Snecko":7},{"Runesmith:BrokenRuby":0,"Bottled Flame":52,"construct:WeddingRing":30,"Pear":60,"theJungle:Flamango":34,"Molten Egg 2":15,"Pen Nib":52,"Bottled Lightning":13,"Replay:Bottled Snecko":22}]},"card_choices":[{"not_picked":["Runesmith:Discharge","Runesmith:Firewall"],"picked":"Runesmith:Permafrost","floor":1},{"not_picked":["Runesmith:CraftVitae","Runesmith:Augment"],"picked":"Runesmith:OneForEveryone","floor":4},{"not_picked":["Runesmith:UnstableHammer","Runesmith:Attraction"],"picked":"Runesmith:HeatedChisel","floor":5},{"not_picked":["Runesmith:RuneHurl","Runesmith:ShiftingStrike"],"picked":"Runesmith:ChaoticBlast","floor":6},{"not_picked":["Runesmith:Repurpose","Runesmith:ChargedHammer"],"picked":"Runesmith:BackupBattery","floor":8},{"not_picked":["Runesmith:UnstableHammer+1","Runesmith:EnergizedChisel+1"],"picked":"Runesmith:Firestorm","floor":10},{"not_picked":["Runesmith:WhiteBalance+1","Runesmith:BackupBattery"],"picked":"Runesmith:RunicBlueprint","floor":12},{"not_picked":["Runesmith:RuneHurl+1","Runesmith:UnstableHammer+1"],"picked":"Runesmith:HeatedChisel+1","floor":13},{"not_picked":["Runesmith:DuctTape","Runesmith:GenerateForcefield"],"picked":"Runesmith:GrandSlam+1","floor":18},{"not_picked":["Runesmith:CraftProtectio","Runesmith:ChiselStab+1"],"picked":"Runesmith:Augment","floor":20},{"not_picked":["Runesmith:Permafrost","Runesmith:CraftVitae"],"picked":"Runesmith:LithiumIon+1","floor":22},{"not_picked":["Runesmith:HammerThrow+1","Runesmith:EnergizedChisel+1"],"picked":"Runesmith:PoweredAnvil","floor":25},{"not_picked":["Runesmith:Prism","Runesmith:ShiftingStrike+1"],"picked":"Runesmith:EnergizedChisel+1","floor":26},{"not_picked":["Runesmith:Repurpose","Runesmith:Grindstone"],"picked":"Runesmith:CraftReservo+1","floor":27},{"not_picked":["Runesmith:HeatExchange+1","Runesmith:Repurpose+1"],"picked":"Runesmith:Firestorm","floor":30},{"not_picked":["Runesmith:Firestorm","Runesmith:UnstableHammer+1"],"picked":"Runesmith:MetallurgicalResearch","floor":31},{"not_picked":["Runesmith:RuneHurl+1","Runesmith:Repurpose"],"picked":"Runesmith:Malloc","floor":32}],"player_experience":1946250,"relics_obtained":[{"floor":6,"key":"Bottled Lightning"},{"floor":9,"key":"Molten Egg 2"},{"floor":12,"key":"Replay:Bottled Snecko"},{"floor":27,"key":"Pen Nib"},{"floor":28,"key":"Bottled Flame"},{"floor":30,"key":"Pear"}],"event_choices":[{"damage_healed":69,"gold_gain":0,"player_choice":"Embrace","damage_taken":0,"max_hp_gain":0,"max_hp_loss":70,"event_name":"betterThird:BetterShining","floor":2,"gold_loss":0},{"cards_removed":["Runesmith:Defend_RS"],"damage_healed":0,"gold_gain":0,"player_choice":"Card Removal","damage_taken":7,"max_hp_gain":0,"max_hp_loss":0,"event_name":"Golden Wing","floor":3,"gold_loss":0},{"damage_healed":0,"gold_gain":0,"player_choice":"Upgraded","damage_taken":0,"max_hp_gain":0,"max_hp_loss":0,"event_name":"Upgrade Shrine","floor":24,"gold_loss":0,"cards_upgraded":["Runesmith:RunicBlueprint"]}],"is_beta":false,"boss_relics":[{"not_picked":["ReplayTheSpireMod:DimensionalGlitch","Replay:Drink Me"],"picked":"construct:WeddingRing"}],"items_purged_floors":[],"is_endless":false,"potions_floor_spawned":[1,6,10,12,25,30,31,32],"killed_by":"theJungle:TotemBoss","ascension_level":3}}