{"host":"22v3gqhprfvenc0a","time":1607505220,"event":{"gold_per_floor":[115,127,141,153,168,198,198,227,254,282,282,295,328,328,328,448,448,469,487,217,242,261,301,301,339,339,339,363,363,403,427,427,547,547,568,428,428,444,162,202,202,227,227,252,305,336,372,86,86,86,86],"floor_reached":50,"playtime":2450,"items_purged":["Strike_B","Strike_B","Strike_B","Coolheaded","Zap"],"score":913,"play_id":"529317c3-5f32-4955-94cd-ca61108c0e14","local_time":"20201209121340","is_ascension_mode":true,"campfire_choices":[{"data":"Glacier","floor":7,"key":"SMITH"},{"floor":15,"key":"REST"},{"data":"Amplify","floor":24,"key":"SMITH"},{"data":"Reinforced Body","floor":27,"key":"SMITH"},{"data":"Consume","floor":29,"key":"SMITH"},{"data":"Defragment","floor":32,"key":"SMITH"},{"data":"Genetic Algorithm","floor":41,"key":"SMITH"},{"floor":49,"key":"RECALL"}],"neow_cost":"PERCENT_DAMAGE","seed_source_timestamp":42685856741600,"circlet_count":0,"master_deck":["Strike_B+1","Defend_B","Defend_B","Defend_B","Defend_B","Dualcast","Electrodynamics","Reinforced Body+1","Self Repair","Static Discharge","Undo","Glacier+1","Biased Cognition","Genetic Algorithm+1","Chaos","FTL+1","Amplify+1","BootSequence+1","Loop","Consume+1","FIFO Queue+1","Defragment+1","Leap+1","Force Field+1","Fission+1","BasicCrystalCard+1","Storm+1","Steam+1","Pot Of Greed+1","Pot Of Greed+1","Pot Of Greed+1","ReplayTheSpireMod:Calculation Training+1","Self Repair+1","Self Repair+1","Lockon","Glacier+1","Double Energy+1","Stack+1","Cold Snap+1","Pot Of Greed+1","Storm+1"],"relics":["Cracked Core","Blood Vial","Akabeko","Bronze Scales","DataDisk","Replay:Wax Seal","Golden Idol","Painkiller Herb","Omamori","Potion Belt","Toxic Egg 2","Matryoshka","Golden Egg","Inserter","Grinning Jar","ReplayTheSpireMod:CursedCoin","Gremlin Food","Whetstone","MawBank","Shuriken","ReplayTheSpireMod:Shallot"],"potions_floor_usage":[5,6,10,10,12,16,31,40,50,50,50],"damage_taken":[{"damage":2,"enemies":"Jaw Worm","floor":1,"turns":3},{"damage":6,"enemies":"Cultist","floor":2,"turns":3},{"damage":0,"enemies":"2 Louse","floor":3,"turns":3},{"damage":18,"enemies":"Large Slime","floor":4,"turns":5},{"damage":18,"enemies":"Exordium Wildlife","floor":5,"turns":4},{"damage":10,"enemies":"Lagavulin","floor":6,"turns":9},{"damage":0,"enemies":"3 Sentries","floor":8,"turns":7},{"damage":11,"enemies":"Lagavulin","floor":10,"turns":10},{"damage":2,"enemies":"Lots of Slimes","floor":12,"turns":2},{"damage":10,"enemies":"3 Sentries","floor":13,"turns":2},{"damage":29,"enemies":"Hexaghost","floor":16,"turns":8},{"damage":3,"enemies":"Spheric Guardian","floor":18,"turns":5},{"damage":15,"enemies":"2 Thieves","floor":19,"turns":4},{"damage":0,"enemies":"Cultist and Chosen","floor":21,"turns":4},{"damage":7,"enemies":"Shelled Parasite and Fungi","floor":22,"turns":6},{"damage":44,"enemies":"Slavers","floor":23,"turns":7},{"damage":1,"enemies":"Book of Stabbing","floor":25,"turns":5},{"damage":5,"enemies":"3 Cultists","floor":28,"turns":5},{"damage":21,"enemies":"Slavers","floor":30,"turns":5},{"damage":0,"enemies":"Chosen and Byrds","floor":31,"turns":5},{"damage":17,"enemies":"Pondfish","floor":33,"turns":7},{"damage":0,"enemies":"Orb Walker","floor":35,"turns":6},{"damage":0,"enemies":"3 Shapes","floor":38,"turns":3},{"damage":13,"enemies":"Giant Head","floor":40,"turns":6},{"damage":18,"enemies":"Writhing Mass","floor":42,"turns":4},{"damage":6,"enemies":"Jaw Worm Horde","floor":44,"turns":3},{"damage":7,"enemies":"Nemesis","floor":45,"turns":7},{"damage":5,"enemies":"Transient","floor":46,"turns":5},{"damage":0,"enemies":"Maw","floor":47,"turns":7},{"damage":89,"enemies":"Time Eater","floor":50,"turns":6}],"seed_played":"-7504987435856542434","potions_obtained":[{"floor":1,"key":"SpeedPotion"},{"floor":3,"key":"Adrenaline Potion"},{"floor":4,"key":"Fire Potion"},{"floor":5,"key":"LiquidMemories"},{"floor":6,"key":"GamblersBrew"},{"floor":10,"key":"FocusPotion"},{"floor":18,"key":"Swift Potion"},{"floor":23,"key":"Explosive Potion"},{"floor":28,"key":"FocusPotion"},{"floor":35,"key":"PowerPotion"},{"floor":40,"key":"SkillPotion"},{"floor":46,"key":"Dexterity Potion"},{"floor":47,"key":"FearPotion"}],"is_trial":false,"path_per_floor":["M","M","M","M","M","E","R","E","T","E","?","M","E","?","R","B",null,"?","?","T","?","?","E","T","E","T","T","?","T","E","?","T","B",null,"?","T","?","?","T","E","T","?","T","?","E","?","?","T","T","B"],"character_chosen":"DEFECT","items_purchased":["Loop","Omamori","Consume","Storm","Steam+1","Grinning Jar","ReplayTheSpireMod:CursedCoin","Gremlin Food","ReplayTheSpireMod:Calculation Training+1","Self Repair","ReplayTheSpireMod:Shallot","Storm"],"campfire_rested":1,"item_purchase_floors":[20,20,20,36,36,39,39,39,39,39,48,48],"current_hp_per_floor":[48,42,49,38,27,24,24,33,33,31,31,38,30,12,34,14,60,66,67,67,75,75,38,38,46,46,46,50,50,38,54,54,46,68,75,75,75,75,75,75,75,67,67,75,75,75,75,75,75,0,0],"gold":86,"neow_bonus":"THREE_RARE_CARDS","is_prod":false,"is_daily":false,"chose_seed":false,"campfire_upgraded":6,"win_rate":0,"timestamp":1607505220,"path_taken":["M","M","M","M","M","E","R","E","T","E","?","?","E","?","R","BOSS","?","?","T","?","?","E","T","E","T","T","?","T","E","?","T","BOSS","?","T","?","?","T","E","T","?","T","?","E","?","?","T","T","BOSS"],"build_version":"2020-11-30","purchased_purges":5,"victory":false,"max_hp_per_floor":[75,75,75,75,75,75,75,75,75,75,75,75,75,75,75,75,75,75,75,75,75,75,75,75,75,75,75,75,75,75,75,75,75,75,75,75,75,75,75,75,75,75,75,75,75,75,75,75,75,75,75],"relic_stats":{"Blood Vial":30,"Inserter":[23],"counters":[30,154],"Golden Idol":139,"Shuriken":[0],"Bronze Scales":[465],"Whetstone":["FTL","Strike_B"],"MawBank":60,"obtain_stats":[{"Potion Belt":23,"Gremlin Food":39,"Golden Egg":30,"Inserter":34,"Golden Idol":14,"ReplayTheSpireMod:CursedCoin":39,"Painkiller Herb":17,"Omamori":20,"Whetstone":40,"MawBank":43,"Akabeko":8,"Blood Vial":6,"DataDisk":10,"Matryoshka":26,"ReplayTheSpireMod:Shallot":48,"Shuriken":45,"Bronze Scales":9,"Replay:Wax Seal":13,"Toxic Egg 2":25,"Grinning Jar":39,"Cracked Core":0},{"Potion Belt":16,"Gremlin Food":23,"Golden Egg":19,"Inserter":21,"Golden Idol":10,"ReplayTheSpireMod:CursedCoin":23,"Painkiller Herb":11,"Omamori":13,"Whetstone":24,"MawBank":25,"Akabeko":7,"Blood Vial":6,"DataDisk":8,"Matryoshka":17,"ReplayTheSpireMod:Shallot":29,"Shuriken":27,"Bronze Scales":7,"Replay:Wax Seal":10,"Toxic Egg 2":17,"Grinning Jar":23,"Cracked Core":0},{"Potion Belt":81,"Gremlin Food":116,"Golden Egg":96,"Inserter":107,"Golden Idol":48,"ReplayTheSpireMod:CursedCoin":116,"Painkiller Herb":56,"Omamori":65,"Whetstone":122,"MawBank":126,"Akabeko":34,"Blood Vial":27,"DataDisk":44,"Matryoshka":86,"ReplayTheSpireMod:Shallot":148,"Shuriken":136,"Bronze Scales":34,"Replay:Wax Seal":48,"Toxic Egg 2":86,"Grinning Jar":116,"Cracked Core":0}]},"card_choices":[{"not_picked":["Meteor Strike","Fission"],"picked":"Electrodynamics","floor":0},{"not_picked":["Turbo","Sweeping Beam"],"picked":"Reinforced Body","floor":1},{"not_picked":["Storm","Darkness"],"picked":"Self Repair","floor":2},{"not_picked":["Turbo","Go for the Eyes"],"picked":"Static Discharge","floor":3},{"not_picked":["Reprogram","Gash"],"picked":"Coolheaded","floor":4},{"not_picked":["Scrape","Panic Button"],"picked":"Undo","floor":5},{"not_picked":["Go for the Eyes","Tempest"],"picked":"Glacier","floor":6},{"not_picked":["Steam","Force Field"],"picked":"Biased Cognition","floor":8},{"not_picked":["Melter","Sweeping Beam"],"picked":"Genetic Algorithm","floor":10},{"not_picked":["Coolheaded","Hologram"],"picked":"Chaos","floor":12},{"not_picked":["Barrage","Panic Button"],"picked":"FTL","floor":13},{"not_picked":["Biased Cognition","Buffer"],"picked":"Amplify","floor":16},{"not_picked":["Undo","Sweeping Beam"],"picked":"BootSequence+1","floor":18},{"not_picked":["Turbo","Coolheaded+1","Panic Button"],"picked":"SKIP","floor":19},{"not_picked":["Darkness","Gash"],"picked":"FIFO Queue+1","floor":21},{"not_picked":["Sweeping Beam","Beam Cell","Auto Shields+1"],"picked":"SKIP","floor":22},{"not_picked":["Turbo","Self Repair"],"picked":"Defragment","floor":23},{"not_picked":["Coolheaded+1","Compile Driver"],"picked":"Leap+1","floor":25},{"not_picked":["Sunder","Gash+1"],"picked":"Force Field+1","floor":28},{"not_picked":["Blizzard","Barrage+1","Rebound"],"picked":"SKIP","floor":30},{"not_picked":["ReplayGash","Coolheaded+1","Streamline"],"picked":"SKIP","floor":31},{"not_picked":["Multi-Cast+1","Biased Cognition"],"picked":"Fission+1","floor":33},{"not_picked":["Stack+1","Recycle+1"],"picked":"BasicCrystalCard+1","floor":35},{"not_picked":["Conserve Battery+1","ReplayTheSpireMod:Reroute Power+1","Panic Button+1"],"picked":"SKIP","floor":38},{"not_picked":["Reboot+1","ReplayGash"],"picked":"Lockon","floor":40},{"not_picked":["Go for the Eyes+1","Turbo+1","Panic Button+1"],"picked":"SKIP","floor":42},{"not_picked":["Rebound+1","Double Energy+1"],"picked":"Glacier+1","floor":44},{"not_picked":["Leap+1","Reinforced Body+1"],"picked":"Double Energy+1","floor":45},{"not_picked":["Leap+1","Streamline+1"],"picked":"Stack+1","floor":46},{"not_picked":["Redo+1","Steam+1"],"picked":"Cold Snap+1","floor":47}],"player_experience":301403,"relics_obtained":[{"floor":6,"key":"Blood Vial"},{"floor":8,"key":"Akabeko"},{"floor":9,"key":"Bronze Scales"},{"floor":10,"key":"DataDisk"},{"floor":13,"key":"Replay:Wax Seal"},{"floor":23,"key":"Potion Belt"},{"floor":25,"key":"Toxic Egg 2"},{"floor":26,"key":"Matryoshka"},{"floor":30,"key":"Golden Egg"},{"floor":40,"key":"Whetstone"},{"floor":43,"key":"MawBank"},{"floor":45,"key":"Shuriken"}],"event_choices":[{"damage_healed":0,"gold_gain":0,"player_choice":"Leave","damage_taken":0,"max_hp_gain":0,"max_hp_loss":0,"event_name":"FaceTrader","floor":11,"gold_loss":0},{"damage_healed":0,"gold_gain":0,"player_choice":"Take Damage","damage_taken":18,"relics_obtained":["Golden Idol"],"max_hp_gain":0,"max_hp_loss":0,"event_name":"Golden Idol","floor":14,"gold_loss":0}],"is_beta":false,"boss_relics":[{"not_picked":["Empty Cage","Calling Bell"],"picked":"Painkiller Herb"},{"not_picked":["Fusion Hammer","Cursed Key"],"picked":"Inserter"}],"items_purged_floors":[20,20,20,36,36],"is_endless":false,"potions_floor_spawned":[1,3,4,5,6,10,18,23,28,35,40,46,47],"killed_by":"Time Eater","ascension_level":7}}