{"host":"f5n4tidiz2n5sooh","time":1607483980,"event":{"gold_per_floor":[116,130,205,223,66,76,76,76],"floor_reached":7,"playtime":262,"items_purged":[],"score":86,"play_id":"b958bcd9-d977-4d28-8f95-dfa7f810f1f4","local_time":"20201208211940","is_ascension_mode":true,"campfire_choices":[],"neow_cost":"NONE","seed_source_timestamp":0,"circlet_count":0,"master_deck":["AscendersBane","Strike_G","Strike_G","Strike_G","Strike_G","Strike_G","Defend_G","Defend_G","Defend_G","Defend_G","Defend_G","Survivor","Neutralize","All Out Attack","Blade Dance","Escape Plan","Cloak And Dagger"],"special_seed":0,"relics":["Cursed Key","Centennial Puzzle"],"potions_floor_usage":[6,7],"damage_taken":[{"damage":4,"enemies":"Jaw Worm","floor":1,"turns":6},{"damage":1,"enemies":"2 Louse","floor":2,"turns":3},{"damage":10,"enemies":"Small Slimes","floor":4,"turns":3},{"damage":8,"enemies":"Gremlin Gang","floor":6,"turns":3},{"damage":37,"enemies":"Gremlin Nob","floor":7,"turns":3}],"seed_played":"-1270713709717151000","potions_obtained":[{"floor":1,"key":"Poison Potion"},{"floor":2,"key":"Fruit Juice"}],"is_trial":false,"path_per_floor":["M","M","?","M","$","M","E"],"character_chosen":"THE_SILENT","items_purchased":["Centennial Puzzle"],"campfire_rested":0,"item_purchase_floors":[5],"current_hp_per_floor":[55,54,43,33,33,25,0,0],"gold":76,"neow_bonus":"BOSS_RELIC","is_prod":false,"is_daily":false,"chose_seed":false,"campfire_upgraded":0,"win_rate":0,"timestamp":1607483980,"path_taken":["M","M","?","M","$","M","E"],"build_version":"2020-11-30","purchased_purges":0,"victory":false,"max_hp_per_floor":[66,66,66,66,66,66,71,71],"relic_stats":{"Centennial Puzzle":[6],"counters":[5,18],"Cursed Key":0,"obtain_stats":[{"Centennial Puzzle":5,"Cursed Key":0,"Ring of the Snake":0},{"Centennial Puzzle":3,"Cursed Key":0,"Ring of the Snake":0},{"Centennial Puzzle":12,"Cursed Key":0,"Ring of the Snake":0}]},"card_choices":[{"not_picked":["Well Laid Plans","Backflip"],"picked":"All Out Attack","floor":1},{"not_picked":["Deflect","Footwork"],"picked":"Blade Dance","floor":2},{"not_picked":["Deflect","Prepared"],"picked":"Escape Plan","floor":4},{"not_picked":["Escape Plan","Setup"],"picked":"Cloak And Dagger","floor":6}],"player_experience":1858850,"relics_obtained":[],"event_choices":[{"damage_healed":0,"gold_gain":75,"player_choice":"Gather Gold","damage_taken":11,"max_hp_gain":0,"max_hp_loss":0,"event_name":"World of Goop","floor":3,"gold_loss":0}],"is_beta":false,"boss_relics":[],"items_purged_floors":[],"is_endless":false,"potions_floor_spawned":[1,2],"killed_by":"Gremlin Nob","ascension_level":20}}