{"host":"ci7ivtocgfxh0ueo","time":1607502586,"event":{"gold_per_floor":[119,131,131,148,148,182,199,199,222,222,222,250,250,277,277,277,277],"floor_reached":16,"playtime":341,"items_purged":[],"score":212,"play_id":"f682d5ac-ff2c-49b9-9b70-9b9d0e54f6f3","local_time":"20201209162946","is_ascension_mode":true,"campfire_choices":[{"data":"Double Tap","floor":15,"key":"SMITH"}],"neow_cost":"NONE","seed_source_timestamp":78313156962400,"circlet_count":0,"master_deck":["AscendersBane","Strike_R","Strike_R","Strike_R","Strike_R","Strike_R","Defend_R","Defend_R","Defend_R","Defend_R","Bash","Cleave","Dropkick","Seeing Red","Searing Blow","Pummel","Twin Strike","Parasite","Double Tap+1"],"relics":["Burning Blood","NeowsBlessing","Bag of Marbles","PreservedInsect","Shuriken","Ancient Tea Set","Bag of Preparation","Blood Vial"],"potions_floor_usage":[6,16],"damage_taken":[{"damage":0,"enemies":"2 Louse","floor":1,"turns":1},{"damage":0,"enemies":"Jaw Worm","floor":2,"turns":1},{"damage":0,"enemies":"Small Slimes","floor":4,"turns":1},{"damage":45,"enemies":"3 Sentries","floor":6,"turns":10},{"damage":15,"enemies":"3 Louse","floor":7,"turns":3},{"damage":8,"enemies":"Gremlin Nob","floor":12,"turns":3},{"damage":25,"enemies":"3 Sentries","floor":14,"turns":7},{"damage":36,"enemies":"The Guardian","floor":16,"turns":4}],"seed_played":"-611158721426906908","potions_obtained":[{"floor":2,"key":"SpeedPotion"},{"floor":14,"key":"EssenceOfSteel"}],"is_trial":false,"path_per_floor":["M","M","$","M","?","E","M","?","T","?","?","E","?","E","R","B"],"character_chosen":"IRONCLAD","items_purchased":[],"campfire_rested":0,"item_purchase_floors":[],"current_hp_per_floor":[74,75,75,75,57,18,9,9,9,9,34,32,50,31,31,0,0],"gold":277,"neow_bonus":"THREE_ENEMY_KILL","is_prod":false,"is_daily":false,"chose_seed":false,"campfire_upgraded":1,"win_rate":0,"timestamp":1607502586,"path_taken":["M","M","$","M","?","E","M","?","T","?","?","E","?","E","R","BOSS"],"build_version":"2020-11-30","purchased_purges":0,"victory":false,"max_hp_per_floor":[75,75,75,75,75,75,75,75,75,75,75,75,75,75,75,75,75],"card_choices":[{"not_picked":["Clothesline","Disarm"],"picked":"Cleave","floor":1},{"not_picked":["Wild Strike","Disarm"],"picked":"Dropkick","floor":2},{"not_picked":["Iron Wave","Twin Strike"],"picked":"Seeing Red","floor":4},{"not_picked":["Pummel","Heavy Blade"],"picked":"Searing Blow","floor":6},{"not_picked":["True Grit","Dual Wield"],"picked":"Pummel","floor":7},{"not_picked":["Brutality","Perfected Strike"],"picked":"Twin Strike","floor":12},{"not_picked":["Hemokinesis","Heavy Blade"],"picked":"Double Tap","floor":14}],"player_experience":1233810,"relics_obtained":[{"floor":6,"key":"PreservedInsect"},{"floor":9,"key":"Ancient Tea Set"},{"floor":12,"key":"Bag of Preparation"},{"floor":14,"key":"Blood Vial"}],"event_choices":[{"damage_healed":0,"gold_gain":0,"player_choice":"Success","damage_taken":18,"relics_obtained":["Bag of Marbles"],"max_hp_gain":0,"max_hp_loss":0,"event_name":"Scrap Ooze","floor":5,"gold_loss":0},{"damage_healed":0,"gold_gain":0,"player_choice":"Searched \u00271\u0027 times","damage_taken":0,"relics_obtained":["Shuriken"],"max_hp_gain":0,"max_hp_loss":0,"event_name":"Dead Adventurer","floor":8,"gold_loss":0},{"damage_healed":0,"gold_gain":0,"player_choice":"Ignored","damage_taken":0,"max_hp_gain":0,"max_hp_loss":0,"event_name":"Shining Light","floor":10,"gold_loss":0},{"damage_healed":25,"gold_gain":0,"player_choice":"Banana","damage_taken":0,"max_hp_gain":0,"max_hp_loss":0,"event_name":"Big Fish","floor":11,"gold_loss":0},{"damage_healed":18,"gold_gain":0,"player_choice":"Healed and dodged fight","damage_taken":0,"max_hp_gain":0,"max_hp_loss":0,"event_name":"Mushrooms","floor":13,"gold_loss":0,"cards_obtained":["Parasite"]}],"is_beta":false,"boss_relics":[],"items_purged_floors":[],"is_endless":false,"potions_floor_spawned":[2,14],"killed_by":"The Guardian","ascension_level":16}}