{"host":"87w2793jpavfbt1o","time":1607507977,"event":{"gold_per_floor":[111,129,145,159,3,36,36,36,36],"floor_reached":8,"playtime":714,"items_purged":[],"score":81,"play_id":"6709950a-1b0b-4362-87b0-8732a3107c17","local_time":"20201209015937","is_ascension_mode":true,"campfire_choices":[{"floor":7,"key":"REST"}],"neow_cost":"","seed_source_timestamp":1236496591153835282,"circlet_count":0,"master_deck":["Strike_P","Strike_P","Strike_P","Strike_P","Defend_P","Defend_P","Defend_P","Defend_P","Eruption","Vigilance","ReplayTheSpireMod:Brewmster","MarkedMod:GracefulMovements","Mayhem","MarkedMod:OneThousandNeedles","MarkedMod:FirstStrike","CutThroughFate","Replay:Hum","DevaForm","Devotion"],"relics":["PureWater","hubris:BundleOfHerbs","REME_ComplimentaryCards","Pocketwatch","Bronze Scales"],"potions_floor_usage":[2,3,4,4,6,6,6,6,6],"damage_taken":[{"damage":1,"enemies":"Cultist","floor":1,"turns":3},{"damage":3,"enemies":"Jaw Worm","floor":2,"turns":5},{"damage":7,"enemies":"2 Louse","floor":3,"turns":3},{"damage":7,"enemies":"Red Slaver","floor":4,"turns":3},{"damage":12,"enemies":"Lagavulin","floor":6,"turns":5},{"damage":41,"enemies":"Replay:BlueRogue","floor":8,"turns":5}],"seed_played":"-4817481245697234464","potions_obtained":[{"floor":3,"key":"Adrenaline Potion"}],"is_trial":false,"path_per_floor":["M","M","M","M","$","E","R","E"],"character_chosen":"WATCHER","items_purchased":["MarkedMod:GracefulMovements","Mayhem","DevaForm"],"campfire_rested":1,"item_purchase_floors":[0,0,5],"current_hp_per_floor":[38,35,28,21,21,9,30,0,0],"gold":36,"neow_bonus":"","is_prod":false,"is_daily":false,"chose_seed":false,"campfire_upgraded":0,"win_rate":0,"timestamp":1607507977,"path_taken":["M","M","M","M","?","E","R","E"],"build_version":"2020-11-30","purchased_purges":0,"victory":false,"max_hp_per_floor":[72,72,72,72,72,72,72,72,72],"card_choices":[{"not_picked":["MarkedMod:GentlePulse","Replay:ManipulateFuture"],"picked":"MarkedMod:OneThousandNeedles","floor":1},{"not_picked":["Replay:AtTheReady","Replay:Battleflow"],"picked":"MarkedMod:FirstStrike","floor":2},{"not_picked":["Protect","EmptyBody"],"picked":"CutThroughFate","floor":3},{"not_picked":["Replay:Cycle","CutThroughFate"],"picked":"Replay:Hum","floor":4},{"not_picked":["FlurryOfBlows","Replay:Battleflow"],"picked":"Devotion","floor":6}],"player_experience":596932,"relics_obtained":[{"floor":6,"key":"Bronze Scales"}],"event_choices":[],"is_beta":false,"boss_relics":[],"items_purged_floors":[],"is_endless":false,"potions_floor_spawned":[3],"killed_by":"Replay:BlueRogue","ascension_level":8}}