{"host":"dntw6kil9p09eemm","time":1607537601,"event":{"gold_per_floor":[114,130,144,69,144,177,177,177,177,200,176,197,197,197,197,317,317,336,336,331,430,264,302,302,318,363,363,396,45,65,65,65,165,165,184,197,109,129,129,129,129,148,148,148,17,33,33,33],"floor_reached":47,"playtime":2508,"items_purged":["Strike_B","Strike_B","Defend_B"],"score":513,"play_id":"5736848a-2621-44ea-b48e-591845f1dd5d","local_time":"20201210031321","is_ascension_mode":false,"campfire_choices":[{"floor":7.0,"key":"REST"},{"floor":13.0,"key":"REST"},{"floor":15.0,"key":"REST"},{"data":"Redo","floor":24.0,"key":"SMITH"},{"data":"Redo","floor":32.0,"key":"SMITH"},{"data":"Ghostly","floor":41.0,"key":"SMITH"}],"neow_cost":"NONE","seed_source_timestamp":55658384855300,"circlet_count":0,"master_deck":["Strike_B","Strike_B","Defend_B","Defend_B","Defend_B","Zap+1","Dualcast","Redo+1","Conserve Battery","Melter","Rebound","Leap","Redo+1","Buffer","Electrodynamics","CurseOfTheBell","Sweeping Beam","Ball Lightning","Hologram","Ball Lightning","Reboot","Sweeping Beam","Ghostly+1","Ghostly","Ghostly","Ghostly","Ghostly","Buffer","Redo","Seek","Conserve Battery+1","Turbo+1","Hologram","Bandage Up","Loop+1"],"special_seed":0,"relics":["Cracked Core","Kunai","Bloody Idol","Symbiotic Virus","Calling Bell","Bag of Preparation","Question Card","CaptainsWheel","Bag of Marbles","Oddly Smooth Stone","Membership Card","Bird Faced Urn","Coffee Dripper","MerchantsRug","Centennial Puzzle","Cables"],"potions_floor_usage":[47,47,47],"damage_taken":[{"damage":0.0,"enemies":"Cultist","floor":1.0,"turns":3.0},{"damage":0.0,"enemies":"2 Louse","floor":2.0,"turns":2.0},{"damage":0.0,"enemies":"Small Slimes","floor":3.0,"turns":2.0},{"damage":28.0,"enemies":"Lagavulin","floor":6.0,"turns":7.0},{"damage":6.0,"enemies":"3 Louse","floor":10.0,"turns":2.0},{"damage":15.0,"enemies":"Large Slime","floor":12.0,"turns":4.0},{"damage":45.0,"enemies":"The Guardian","floor":16.0,"turns":9.0},{"damage":3.0,"enemies":"Shell Parasite","floor":18.0,"turns":4.0},{"damage":20.0,"enemies":"2 Thieves","floor":20.0,"turns":4.0},{"damage":11.0,"enemies":"Book of Stabbing","floor":23.0,"turns":5.0},{"damage":0.0,"enemies":"Snecko","floor":25.0,"turns":5.0},{"damage":3.0,"enemies":"Gremlin Leader","floor":28.0,"turns":7.0},{"damage":1.0,"enemies":"Centurion and Healer","floor":30.0,"turns":7.0},{"damage":37.0,"enemies":"Collector","floor":33.0,"turns":9.0},{"damage":4.0,"enemies":"3 Shapes","floor":35.0,"turns":2.0},{"damage":3.0,"enemies":"3 Darklings","floor":36.0,"turns":3.0},{"damage":3.0,"enemies":"4 Shapes","floor":38.0,"turns":3.0},{"damage":0.0,"enemies":"Spire Growth","floor":42.0,"turns":6.0},{"damage":0.0,"enemies":"Writhing Mass","floor":46.0,"turns":6.0},{"damage":51,"enemies":"Giant Head","floor":47,"turns":7}],"seed_played":"-585359369004940830","potions_obtained":[{"floor":2.0,"key":"BlessingOfTheForge"},{"floor":6.0,"key":"Explosive Potion"},{"floor":20.0,"key":"CultistPotion"},{"floor":25.0,"key":"EntropicBrew"},{"floor":33.0,"key":"SpeedPotion"},{"floor":36.0,"key":"SteroidPotion"},{"floor":42.0,"key":"Explosive Potion"},{"floor":46.0,"key":"FocusPotion"}],"is_trial":false,"path_per_floor":["M","M","M","$","?","E","R","?","T","M","$","M","R","$","R","B",null,"M","?","M","?","$","E","R","M","T","?","E","$","M","?","R","B",null,"M","M","$","M","?","?","R","M","T","?","$","M","E"],"character_chosen":"DEFECT","items_purchased":["Redo","Ball Lightning","Reboot","Membership Card","Bird Faced Urn","MerchantsRug","Cables"],"campfire_rested":3,"item_purchase_floors":[11,22,22,29,29,37,45],"current_hp_per_floor":[75,75,75,75,64,36,58,40,40,34,34,19,41,41,63,18,75,72,72,52,52,52,41,41,41,41,37,34,34,37,37,37,9,37,37,37,37,37,37,37,37,37,37,37,37,37,0,0],"gold":33,"neow_bonus":"UPGRADE_CARD","is_prod":false,"is_daily":false,"chose_seed":false,"campfire_upgraded":3,"win_rate":0,"timestamp":1607537601,"path_taken":["M","M","?","$","?","E","R","?","T","M","$","M","R","$","R","BOSS","M","?","M","?","$","E","R","M","T","?","E","$","M","?","R","BOSS","M","M","$","M","?","?","R","M","T","?","$","M","E"],"build_version":"2020-11-30","purchased_purges":3,"victory":false,"max_hp_per_floor":[75,75,75,75,75,75,75,75,75,75,75,75,75,75,75,75,75,75,75,75,75,75,75,75,75,75,37,37,37,37,37,37,37,37,37,37,37,37,37,37,37,37,37,37,37,37,37,37],"card_choices":[{"not_picked":["Leap","Hologram"],"picked":"Redo","floor":1.0},{"not_picked":["Compile Driver","Genetic Algorithm"],"picked":"Conserve Battery","floor":2.0},{"not_picked":["Hologram","Go for the Eyes"],"picked":"Melter","floor":3.0},{"not_picked":["Fusion","Scrape"],"picked":"Rebound","floor":6.0},{"not_picked":["Go for the Eyes","Coolheaded"],"picked":"Leap","floor":10.0},{"not_picked":["Conserve Battery","Rip and Tear"],"picked":"Buffer","floor":12.0},{"not_picked":["Seek","Fission"],"picked":"Electrodynamics","floor":16.0},{"not_picked":["Rip and Tear","Steam","Barrage"],"picked":"Sweeping Beam","floor":18.0},{"not_picked":["Static Discharge","Heatsinks","Reinforced Body"],"picked":"Hologram","floor":20.0},{"not_picked":["Reboot","Cold Snap+1","White Noise"],"picked":"Sweeping Beam","floor":23.0},{"not_picked":["Barrage","Auto Shields","Storm","Cold Snap+1"],"picked":"SKIP","floor":25.0},{"not_picked":["Coolheaded","Cold Snap+1","Hologram"],"picked":"Buffer","floor":28.0},{"not_picked":["Coolheaded","Rebound","Auto Shields+1"],"picked":"Redo","floor":30.0},{"not_picked":["Creative AI","Fission","Machine Learning"],"picked":"Seek","floor":33.0},{"not_picked":["Gash","Beam Cell+1","Leap+1"],"picked":"Conserve Battery+1","floor":35.0},{"not_picked":["Streamline+1","Sweeping Beam","Genetic Algorithm+1"],"picked":"Turbo+1","floor":36.0},{"not_picked":["Leap+1","Streamline","Darkness"],"picked":"Hologram","floor":38.0},{"not_picked":["Purity","Blind","Transmutation"],"picked":"Bandage Up","floor":40.0},{"not_picked":["Capacitor","Aggregate+1","Auto Shields+1"],"picked":"Loop+1","floor":42.0},{"not_picked":["Stack","Genetic Algorithm","Auto Shields+1","Reinforced Body+1"],"picked":"SKIP","floor":46.0}],"player_experience":82723,"relics_obtained":[{"floor":6.0,"key":"Kunai"},{"floor":9.0,"key":"Symbiotic Virus"},{"floor":17.0,"key":"Bag of Preparation"},{"floor":17.0,"key":"Question Card"},{"floor":17.0,"key":"CaptainsWheel"},{"floor":23.0,"key":"Regal Pillow"},{"floor":26.0,"key":"Bag of Marbles"},{"floor":28.0,"key":"Oddly Smooth Stone"},{"floor":43.0,"key":"Centennial Puzzle"}],"event_choices":[{"damage_healed":0.0,"max_hp_gain":0.0,"max_hp_loss":0.0,"gold_gain":75.0,"event_name":"World of Goop","player_choice":"Gather Gold","floor":5.0,"gold_loss":0.0,"damage_taken":11.0},{"damage_healed":0.0,"max_hp_gain":0.0,"max_hp_loss":0.0,"gold_gain":0.0,"event_name":"Golden Idol","player_choice":"Take Damage","floor":8.0,"gold_loss":0.0,"damage_taken":18.0,"relics_obtained":["Golden Idol"]},{"damage_healed":0.0,"max_hp_gain":0.0,"max_hp_loss":0.0,"gold_gain":0.0,"event_name":"The Library","player_choice":"Read","floor":19.0,"gold_loss":0.0,"damage_taken":0.0,"cards_obtained":["Ball Lightning"]},{"damage_healed":0.0,"max_hp_gain":0.0,"max_hp_loss":0.0,"gold_gain":99.0,"event_name":"Nest","player_choice":"Stole From Cult","floor":21.0,"gold_loss":0.0,"damage_taken":0.0},{"damage_healed":0.0,"max_hp_gain":0.0,"max_hp_loss":38.0,"gold_gain":0.0,"event_name":"Ghosts","player_choice":"Became a Ghost","floor":27.0,"gold_loss":0.0,"damage_taken":0.0,"cards_obtained":["Ghostly","Ghostly","Ghostly","Ghostly","Ghostly"]},{"damage_healed":0.0,"max_hp_gain":0.0,"max_hp_loss":0.0,"gold_gain":0.0,"event_name":"Forgotten Altar","player_choice":"Gave Idol","floor":31.0,"relics_lost":["Golden Idol"],"gold_loss":0.0,"damage_taken":0.0,"relics_obtained":["Bloody Idol"]},{"damage_healed":0.0,"max_hp_gain":0.0,"max_hp_loss":0.0,"gold_gain":0.0,"event_name":"Tomb of Lord Red Mask","player_choice":"Ignored","floor":39.0,"gold_loss":0.0,"damage_taken":0.0},{"damage_healed":0.0,"max_hp_gain":0.0,"max_hp_loss":0.0,"gold_gain":0.0,"event_name":"SensoryStone","player_choice":"Memory 1","floor":40.0,"gold_loss":0.0,"damage_taken":0.0},{"damage_healed":0.0,"max_hp_gain":0.0,"max_hp_loss":0.0,"gold_gain":0.0,"event_name":"The Woman in Blue","player_choice":"Bought 0 Potions","floor":44.0,"gold_loss":0.0,"damage_taken":0.0}],"is_beta":false,"boss_relics":[{"not_picked":["Runic Pyramid","Velvet Choker"],"picked":"Calling Bell"},{"not_picked":["Inserter","Astrolabe"],"picked":"Coffee Dripper"}],"items_purged_floors":[4,29,37],"is_endless":false,"potions_floor_spawned":[2,6,20,25,33,36,42,46],"killed_by":"Giant Head","ascension_level":0}}