{"host":"zxkjcgzis4pm3za5","time":1607530302,"event":{"gold_per_floor":[115,129,129,140,155,155,186,186,186,205,205,217,182,217,217,331,331,351,351,276,375,375,375,410,430,430,430,459,208,233,267,267,378,378,397,417,417,417],"floor_reached":37,"playtime":1212,"items_purged":["Strike_G","Strike_G"],"score":587,"play_id":"8bca7b1d-5104-40f9-88af-4dbda0391b8d","local_time":"20201209214142","is_ascension_mode":true,"campfire_choices":[{"data":"Burst","floor":6.0,"key":"SMITH"},{"floor":8.0,"key":"REST"},{"data":"Cloak And Dagger","floor":11.0,"key":"SMITH"},{"data":"Neutralize","floor":15.0,"key":"SMITH"},{"data":"Unload","floor":23.0,"key":"SMITH"},{"data":"Caltrops","floor":27.0,"key":"SMITH"},{"data":"Footwork","floor":32.0,"key":"SMITH"}],"neow_cost":"NONE","seed_source_timestamp":0,"circlet_count":0,"master_deck":["Strike_G","Strike_G","Strike_G","Defend_G","Defend_G","Defend_G","Defend_G","Defend_G","Survivor","Neutralize+1","Dodge and Roll","Flying Knee","Cloak And Dagger+1","Burst+1","Backflip","Leg Sweep","Dagger Spray","Unload+1","Infinite Blades+1","Caltrops+1","Accuracy","Swift Strike","Footwork+1","Terror","Die Die Die","A Thousand Cuts","Blur+1","Footwork"],"special_seed":0,"relics":["WristBlade","Pantograph","Question Card","CeramicFish","Coffee Dripper","Boot","Centennial Puzzle","Bag of Preparation","SlaversCollar"],"potions_floor_usage":[],"damage_taken":[{"damage":6.0,"enemies":"2 Louse","floor":1.0,"turns":4.0},{"damage":3.0,"enemies":"Cultist","floor":2.0,"turns":5.0},{"damage":1.0,"enemies":"Small Slimes","floor":4.0,"turns":4.0},{"damage":3.0,"enemies":"Looter","floor":5.0,"turns":4.0},{"damage":53.0,"enemies":"Gremlin Nob","floor":7.0,"turns":6.0},{"damage":4.0,"enemies":"Large Slime","floor":10.0,"turns":7.0},{"damage":4.0,"enemies":"2 Fungi Beasts","floor":12.0,"turns":4.0},{"damage":14.0,"enemies":"3 Sentries","floor":14.0,"turns":9.0},{"damage":13.0,"enemies":"The Guardian","floor":16.0,"turns":16.0},{"damage":3.0,"enemies":"Shell Parasite","floor":18.0,"turns":5.0},{"damage":15.0,"enemies":"Slavers","floor":24.0,"turns":6.0},{"damage":1.0,"enemies":"3 Byrds","floor":25.0,"turns":4.0},{"damage":8.0,"enemies":"Snake Plant","floor":28.0,"turns":4.0},{"damage":1.0,"enemies":"Chosen and Byrds","floor":30.0,"turns":4.0},{"damage":15.0,"enemies":"Book of Stabbing","floor":31.0,"turns":5.0},{"damage":48.0,"enemies":"Automaton","floor":33.0,"turns":10.0},{"damage":2.0,"enemies":"3 Shapes","floor":35.0,"turns":2.0},{"damage":7.0,"enemies":"Orb Walker","floor":36.0,"turns":4.0},{"damage":0,"enemies":"2 Orb Walkers","floor":37,"turns":1}],"seed_played":"3485209200849570349","potions_obtained":[{"floor":2.0,"key":"DistilledChaos"},{"floor":5.0,"key":"Fruit Juice"},{"floor":7.0,"key":"Poison Potion"},{"floor":10.0,"key":"Strength Potion"},{"floor":16.0,"key":"AttackPotion"},{"floor":24.0,"key":"PowerPotion"},{"floor":25.0,"key":"Block Potion"},{"floor":28.0,"key":"Dexterity Potion"},{"floor":31.0,"key":"FairyPotion"}],"is_trial":false,"path_per_floor":["M","M","?","M","M","R","E","R","T","M","R","M","?","E","R","B",null,"M","?","$","?","?","R","E","M","T","R","M","$","M","E","R","B",null,"M","M","?"],"character_chosen":"THE_SILENT","items_purchased":["Swift Strike","Footwork"],"campfire_rested":1,"item_purchase_floors":[29,29],"current_hp_per_floor":[57,54,59,58,55,55,7,31,31,27,27,23,43,29,29,41,70,67,67,67,67,67,67,52,51,51,51,43,43,42,27,27,4,61,59,52,52,52],"gold":417,"neow_bonus":"BOSS_RELIC","is_prod":false,"is_daily":false,"chose_seed":false,"campfire_upgraded":6,"win_rate":0,"timestamp":1607530302,"path_taken":["M","M","?","M","M","R","E","R","T","M","R","M","?","E","R","BOSS","M","?","$","?","?","R","E","M","T","R","M","?","M","E","R","BOSS","M","M","?"],"build_version":"2020-11-30","purchased_purges":2,"victory":false,"max_hp_per_floor":[70,70,75,75,75,75,80,80,80,80,80,80,80,80,80,80,80,80,80,80,80,80,80,80,80,80,80,80,80,80,80,80,80,80,80,80,80,80],"card_choices":[{"not_picked":["Expertise","Prepared"],"picked":"Dodge and Roll","floor":1.0},{"not_picked":["Distraction","Skewer"],"picked":"Flying Knee","floor":2.0},{"not_picked":["Quick Slash","Outmaneuver"],"picked":"Cloak And Dagger","floor":4.0},{"not_picked":["Backflip","Crippling Poison"],"picked":"Burst","floor":5.0},{"not_picked":["Envenom","Poisoned Stab","Reflex"],"picked":"SKIP","floor":7.0},{"not_picked":["Choke","Eviscerate","Acrobatics"],"picked":"Backflip","floor":10.0},{"not_picked":["Bouncing Flask","Catalyst","Outmaneuver"],"picked":"Leg Sweep","floor":12.0},{"not_picked":["Flying Knee","A Thousand Cuts","All Out Attack"],"picked":"Dagger Spray","floor":14.0},{"not_picked":["Burst","Venomology","Corpse Explosion"],"picked":"Unload","floor":16.0},{"not_picked":["Cloak And Dagger","Dagger Spray","Backflip"],"picked":"Infinite Blades","floor":18.0},{"not_picked":["Bouncing Flask","Dodge and Roll","Catalyst"],"picked":"Caltrops","floor":24.0},{"not_picked":["Prepared","Eviscerate","Backflip","Dagger Spray"],"picked":"SKIP","floor":25.0},{"not_picked":["Distraction","Underhanded Strike","Outmaneuver"],"picked":"Accuracy","floor":28.0},{"not_picked":["Backflip","Dodge and Roll","Cloak And Dagger"],"picked":"Terror","floor":30.0},{"not_picked":["Tools of the Trade","Eviscerate","Leg Sweep"],"picked":"Die Die Die","floor":31.0},{"not_picked":["Burst","Corpse Explosion","Envenom"],"picked":"A Thousand Cuts","floor":33.0},{"not_picked":["Sucker Punch+1","Choke+1","Concentrate+1"],"picked":"Blur+1","floor":35.0},{"not_picked":["Escape Plan","Backstab+1","All Out Attack"],"picked":"Footwork","floor":36.0}],"player_experience":114510,"relics_obtained":[{"floor":7.0,"key":"Pantograph"},{"floor":9.0,"key":"Question Card"},{"floor":14.0,"key":"CeramicFish"},{"floor":24.0,"key":"Boot"},{"floor":26.0,"key":"Centennial Puzzle"},{"floor":31.0,"key":"Bag of Preparation"}],"event_choices":[{"damage_healed":0.0,"max_hp_gain":5.0,"max_hp_loss":0.0,"gold_gain":0.0,"event_name":"Big Fish","player_choice":"Donut","floor":3.0,"gold_loss":0.0,"damage_taken":0.0},{"damage_healed":20.0,"max_hp_gain":0.0,"max_hp_loss":0.0,"gold_gain":0.0,"event_name":"The Cleric","player_choice":"Healed","floor":13.0,"gold_loss":35.0,"damage_taken":0.0},{"damage_healed":0.0,"max_hp_gain":0.0,"max_hp_loss":0.0,"gold_gain":0.0,"event_name":"Upgrade Shrine","player_choice":"Upgraded","floor":19.0,"gold_loss":0.0,"damage_taken":0.0,"cards_upgraded":["Infinite Blades"]},{"damage_healed":0.0,"max_hp_gain":0.0,"max_hp_loss":0.0,"gold_gain":99.0,"event_name":"Nest","player_choice":"Stole From Cult","floor":21.0,"gold_loss":0.0,"damage_taken":0.0},{"damage_healed":0.0,"max_hp_gain":0.0,"max_hp_loss":0.0,"gold_gain":0.0,"event_name":"The Mausoleum","player_choice":"Ignored","floor":22.0,"gold_loss":0.0,"damage_taken":0.0},{"damage_healed":0,"gold_gain":0,"player_choice":"Ignored","damage_taken":0,"max_hp_gain":0,"max_hp_loss":0,"event_name":"Mysterious Sphere","floor":37,"gold_loss":0}],"is_beta":false,"boss_relics":[{"not_picked":["Busted Crown","Ectoplasm"],"picked":"Coffee Dripper"},{"not_picked":["Sozu","SacredBark"],"picked":"SlaversCollar"}],"items_purged_floors":[20,29],"is_endless":false,"potions_floor_spawned":[2,5,7,10,16,24,25,28,31],"killed_by":"2 Orb Walkers","ascension_level":8}}