{"host":"2ixd8xwebcm7gar8","time":1607490728,"event":{"gold_per_floor":[116,116,116,116,130,130,130,130,130,9,41,41,75,109,109,208,208,219,5,18,18,28,28,28,28,79,79,79,114,34,48,48,151,201,215,90,90,90,90,90,90,90,113,113,19,19,19,31,31,133,133,139,139,158,158,66,66,66,66,66,66,66,66,26,32,32,103,103,98,8,8,8,8,8,8,32,32,32,32,32,12,12],"floor_reached":81,"playtime":6252,"items_purged":["Pride","hexamod:HexaLevel"],"score":1223,"play_id":"04845e78-56dd-4e97-8d5b-c644a26583ab","local_time":"20201208211208","daily_mods":["Draft","Heirloom","Time Dilation","Flight","Elite Swarm"],"is_ascension_mode":true,"campfire_choices":[{"floor":6,"key":"REST"},{"data":"hexamod:FlamesFromBeyond","floor":7,"key":"SMITH"},{"data":"hexamod:FlamesFromBeyond","floor":8,"key":"SMITH"},{"data":"hexamod:VolcanoVisage","floor":12,"key":"SMITH"},{"data":"hexamod:WildfireWeapon","floor":15,"key":"SMITH"},{"data":"hexamod:SoulSteal","floor":23,"key":"SMITH"},{"data":"hexamod:ExtraCrispy","floor":24,"key":"SMITH"},{"data":"hexamod:ExtraCrispy","floor":25,"key":"SMITH"},{"data":"hexamod:RainOfEmbers","floor":27,"key":"SMITH"},{"data":"hexamod:RadiantFlame","floor":28,"key":"SMITH"},{"floor":32,"key":"REST"},{"data":"hexamod:RadiantFlame","floor":40,"key":"SMITH"},{"data":"hexamod:RadiantFlame","floor":41,"key":"SMITH"},{"data":"hexamod:SuperheatedStrike","floor":42,"key":"SMITH"},{"data":"hexamod:Firestarter","floor":46,"key":"SMITH"},{"data":"hexamod:Hexaguard","floor":47,"key":"SMITH"},{"floor":49,"key":"REST"},{"data":"hexamod:NightmareGuise","floor":57,"key":"SMITH"},{"data":"hexamod:BurningTouch","floor":58,"key":"SMITH"},{"data":"hexamod:Firestarter","floor":59,"key":"SMITH"},{"data":"hexamod:ShieldOfDarkness","floor":61,"key":"SMITH"},{"data":"hexamod:NightmareStrike","floor":62,"key":"SMITH"},{"floor":66,"key":"REST"},{"data":"hexamod:RadiantFlame","floor":66,"key":"SMITH"},{"floor":74,"key":"REST"},{"data":"hexamod:VolcanoVisage+1","floor":74,"key":"SMITH"},{"floor":75,"key":"REST"},{"data":"hexamod:VolcanoVisage+2","floor":75,"key":"SMITH"},{"data":"hexamod:VolcanoVisage+3","floor":78,"key":"SMITH"},{"data":"hexamod:VolcanoVisage+4","floor":79,"key":"SMITH"},{"data":"hexamod:VolcanoVisage+5","floor":80,"key":"SMITH"}],"neow_cost":"","seed_source_timestamp":0,"circlet_count":0,"master_deck":["hexamod:SpectersWail","hexamod:RadiantFlame+1","hexamod:NightmareStrike+1","hexamod:ExtraCrispy+1","hexamod:ShieldOfDarkness+1","hexamod:RainOfEmbers+1","hexamod:Firestarter+1","hexamod:ExtraCrispy+1","hexamod:FlamesFromBeyond+1","hexamod:SoulSteal+1","hexamod:FlamesFromBeyond+1","hexamod:FlamesFromBeyond+1","hexamod:NightmareGuise+1","hexamod:Hexaguard+1","hexamod:Firestarter+1","hexamod:SuperheatedStrike+1","hexamod:SuperheatedStrike+1","hexamod:VolcanoVisage+6","hexamod:WildfireWeapon+1","hexamod:SearingWound+1","hexamod:PowerFromBeyond+1","hexamod:RadiantFlame+1","hexamod:RadiantFlame+1","hexamod:RadiantFlame+1","hexamod:RecurringNightmare+1","hexamod:RainOfEmbers+1","Hallownest:skillCityofTearsMap+1","hexamod:ChargedBarrage+1","hexamod:FirstSeal","hexamod:BurningTouch+1","hexamod:PowerFromBeyond+1","hexamod:BurningTouch+1","hexamod:WildfireWeapon","Injury","hubris:DuctTapeCard","hexamod:SixthSeal"],"relics":["hexamod:SpiritBrand","Lizard Tail","Hallownest:DreamNailRelic","The Courier","hubris:DeckOfHolding","StoneCalendar","Toxic Egg 2","Replay:Grab Bag","hubris:VirtuousBlindfold","hubris:RunicObelisk","Runic Pyramid","Ring of Chaos","HollowMod:JonisBlessing","Pen Nib","Gambling Chip","Tiny House","Blue Doll","infinitespire:FocusingShard","Hallownest:BeastSealRelic","hexamod:IceCube","Black Star","sneckomod:BlankCard","hubris:64BitClover","HollowMod:StagPassRelic","hubris:FruitBowl","infinitespire:Magic Flask","hubris:SlimyHat","hubris:Backtick","conspire:InfiniteJournal","Hallownest:StagBellRelic1","hubris:DuctTape","Meat on the Bone","Gremlin Horn"],"potions_floor_usage":[50,50,55,65],"damage_taken":[{"damage":7,"enemies":"Hallownest:monsterHuskGuard","floor":1,"turns":3},{"damage":12,"enemies":"Hallownest:2_MossCreeps","floor":5,"turns":4},{"damage":0,"enemies":"Hallownest:eliteCrystalGuardian","floor":11,"turns":3},{"damage":2,"enemies":"Hallownest:eliteVengeflyKing","floor":13,"turns":3},{"damage":6,"enemies":"Hallownest:eliteMossKnight","floor":14,"turns":4},{"damage":26,"enemies":"Hallownest:BossHornet","floor":16,"turns":5},{"damage":0,"enemies":"Hallownest:3_Youths","floor":18,"turns":2},{"damage":0,"enemies":"Hallownest:2_Mistakes","floor":20,"turns":3},{"damage":1,"enemies":"Hallownest:Master_and_Novice","floor":22,"turns":3},{"damage":24,"enemies":"Nightmare","floor":29,"turns":6},{"damage":0,"enemies":"Hallownest:monsterMisterMushroom","floor":31,"turns":3},{"damage":85,"enemies":"Hallownest:BossGrimm","floor":33,"turns":6},{"damage":24,"enemies":"Hallownest:Shield_Heavy","floor":35,"turns":4},{"damage":30,"enemies":"Hallownest:2_Littles","floor":48,"turns":4},{"damage":85,"enemies":"Hallownest:BossHollowKnight","floor":50,"turns":7},{"damage":1,"enemies":"Small Slimes","floor":52,"turns":4},{"damage":0,"enemies":"Cultist","floor":54,"turns":1},{"damage":0,"enemies":"Jaw Worm","floor":65,"turns":2},{"damage":21,"enemies":"Fading Forest","floor":67,"turns":8},{"damage":39,"enemies":"Hallownest:2_Mistakes","floor":69,"turns":4},{"damage":4,"enemies":"Hallownest:eliteSoulWarrior","floor":76,"turns":4},{"damage":81,"enemies":"Hallownest:eliteWatcherKnight","floor":81,"turns":4}],"seed_played":"8618824186298169506","potions_obtained":[{"floor":11,"key":"FairyPotion"},{"floor":13,"key":"Strength Potion"},{"floor":14,"key":"GamblersBrew"},{"floor":33,"key":"Strength Potion"},{"floor":54,"key":"Fruit Juice"},{"floor":64,"key":"Guardian:BlockOnCardUsePotion"},{"floor":64,"key":"Block Potion"}],"is_trial":true,"path_per_floor":["M","?","?","?","M","R","R","R","T","$","E","R","E","E","R","B",null,"M","$","M","?","M","R","R","R","T","R","R","NM","?","M","R","B",null,"M","$","AVR","?","?","R","R","R","T","?","$","R","R","M","R","B",null,"M","AVR","M","?","$","R","R","R","T","R","R","$","?","M","R","B",null,"M","?","?","?","$","R","R","E","T","R","R","R","E"],"character_chosen":"THE_SPIRIT","items_purchased":["hexamod:SuperheatedStrike","hexamod:SuperheatedStrike","hexamod:RadiantFlame","HollowMod:JonisBlessing","hexamod:RadiantFlame","Blue Doll","hexamod:FirstSeal","hexamod:BurningTouch+1","hexamod:PowerFromBeyond+1","hubris:FruitBowl","infinitespire:Magic Flask","hubris:SlimyHat"],"campfire_rested":6,"item_purchase_floors":[10,10,19,19,19,36,45,56,56,63,63,63],"current_hp_per_floor":[63,63,63,63,51,70,70,70,70,70,70,70,68,62,62,36,70,70,70,70,70,69,69,69,69,69,69,69,45,45,45,66,5,75,51,51,51,51,51,51,51,51,51,51,51,51,51,21,43,3,75,74,74,74,61,61,61,61,61,61,61,61,12,12,12,36,15,80,41,41,41,41,41,65,80,76,76,76,76,76,0,0],"gold":12,"neow_bonus":"","is_prod":false,"is_daily":false,"chose_seed":false,"campfire_upgraded":25,"win_rate":0,"timestamp":1607490728,"path_taken":["M","?","?","?","?","R","R","R","T","$","E","R","E","E","R","BOSS","M","$","?","?","M","R","R","R","T","R","R","NM","?","?","R","BOSS","M","$","AVR","?","?","R","R","R","T","?","?","R","R","M","R","BOSS","M","AVR","?","?","$","R","R","R","T","R","R","?","?","?","R","BOSS","M","?","?","?","$","R","R","E","T","R","R","R","E"],"build_version":"2020-11-30","purchased_purges":2,"victory":false,"max_hp_per_floor":[70,70,70,70,70,70,70,70,70,70,70,70,70,70,70,70,70,70,70,70,70,70,70,70,70,70,70,70,70,70,70,70,70,75,75,75,75,75,75,75,75,75,75,75,75,75,75,75,75,75,75,75,75,75,80,80,80,80,80,80,80,80,80,80,80,80,80,80,80,80,80,80,80,80,80,80,80,80,80,80,80,80],"card_choices":[{"not_picked":["hexamod:InspiringFlames","hexamod:FastForward"],"picked":"hexamod:SpectersWail","floor":0},{"not_picked":["hexamod:AdvancingGuard","hexamod:GhostLash"],"picked":"hexamod:RadiantFlame","floor":0},{"not_picked":["hexamod:InspiringFlames","hexamod:ThermalTransfer"],"picked":"hexamod:NightmareStrike","floor":0},{"not_picked":["hexamod:InspiringFlames","hexamod:SkipABeat"],"picked":"hexamod:ExtraCrispy","floor":0},{"not_picked":["hexamod:NightmareStrike","hexamod:InspiringFlames"],"picked":"hexamod:ShieldOfDarkness","floor":0},{"not_picked":["hexamod:HauntingEcho","hexamod:ShieldOfDarkness"],"picked":"hexamod:BurningTouch","floor":0},{"not_picked":["hexamod:FastForward","hexamod:ShieldOfDarkness"],"picked":"hexamod:RainOfEmbers","floor":0},{"not_picked":["hexamod:SpectersWail","hexamod:FirstSeal"],"picked":"hexamod:Firestarter","floor":0},{"not_picked":["hexamod:ShieldOfDarkness","hexamod:FastForward"],"picked":"hexamod:ExtraCrispy","floor":0},{"not_picked":["hexamod:HeatCrush","hexamod:SpectersWail"],"picked":"hexamod:FlamesFromBeyond","floor":0},{"not_picked":["hexamod:BacktrackSmack","hexamod:HauntingEcho"],"picked":"hexamod:BurningTouch","floor":0},{"not_picked":["hexamod:ShieldOfDarkness","hexamod:NightmareStrike"],"picked":"hexamod:SoulSteal","floor":0},{"not_picked":["hexamod:GhostflameBarrier","hexamod:Firestarter"],"picked":"hexamod:FlamesFromBeyond","floor":0},{"not_picked":["hexamod:GhostShield","hexamod:BurningTouch"],"picked":"hexamod:FlamesFromBeyond","floor":0},{"not_picked":["hexamod:HauntingEcho","hexamod:RecurringNightmare"],"picked":"hexamod:NightmareGuise","floor":0},{"not_picked":["hexamod:GhostLash","hexamod:EtherealExpedition"],"picked":"hexamod:Hexaguard","floor":1},{"not_picked":["hexamod:NightmareStrike","hexamod:EtherealExpedition"],"picked":"hexamod:Firestarter","floor":5},{"not_picked":["hexamod:EmpoweringStance","hexamod:ApocalypticArmor"],"picked":"hexamod:VolcanoVisage","floor":11},{"not_picked":["hexamod:VolcanoVisage","hexamod:TimeOfNeed"],"picked":"hexamod:WildfireWeapon","floor":13},{"not_picked":["hexamod:ApocalypseNow+1","hexamod:VolcanoVisage"],"picked":"hexamod:SearingWound+1","floor":14},{"not_picked":["hexamod:AdvancingGuard+1","hexamod:ThermalTransfer+1"],"picked":"hexamod:PowerFromBeyond+1","floor":18},{"not_picked":["hexamod:GhostShield+1","hexamod:AdvancingGuard+1"],"picked":"hexamod:RecurringNightmare+1","floor":20},{"not_picked":["hexamod:GhostflameBarrier+1","hexamod:NightmareGuise+1"],"picked":"hexamod:RainOfEmbers+1","floor":22},{"not_picked":["hexamod:TurnItUp+1","hexamod:ParanormalForm"],"picked":"hexamod:HexaLevel","floor":29},{"not_picked":["hexamod:SpectersWail","hexamod:ShieldOfDarkness+1","hexamod:GhostLash"],"picked":"SKIP","floor":31},{"not_picked":["hexamod:NightmareGuise+1","hexamod:NightmareStrike"],"picked":"hexamod:ChargedBarrage+1","floor":34},{"not_picked":["hexamod:ShieldOfDarkness+1","hexamod:SpectralAdrenaline+1","hexamod:GhostOfSpirePresent+1"],"picked":"SKIP","floor":35},{"not_picked":["hexamod:SwordOfDarkness+1","hexamod:RainOfEmbers+1","hexamod:BacktrackSmack+1"],"picked":"SKIP","floor":48},{"not_picked":["hexamod:BacktrackSmack","hexamod:Haunt+1","hexamod:ShieldOfDarkness+1"],"picked":"SKIP","floor":52},{"not_picked":["hexamod:BacktrackSmack","hexamod:GhostflameBarrier+1","hexamod:HauntingEcho"],"picked":"SKIP","floor":54},{"not_picked":["hexamod:SoulSteal+1","hexamod:Firestarter"],"picked":"hexamod:BurningTouch+1","floor":65},{"not_picked":["hexamod:ApocalypseNow+1","hexamod:SearingWound+1"],"picked":"hexamod:WildfireWeapon","floor":67},{"not_picked":["hexamod:BacktrackSmack+1","hexamod:SwordOfDarkness","hexamod:ThermalTransfer"],"picked":"SKIP","floor":69},{"not_picked":["hexamod:ApocalypseNow+1","hexamod:VolcanoVisage"],"picked":"hexamod:SixthSeal","floor":76}],"player_experience":625424,"relics_obtained":[{"floor":9,"key":"The Courier"},{"floor":11,"key":"hubris:DeckOfHolding"},{"floor":13,"key":"StoneCalendar"},{"floor":14,"key":"Toxic Egg 2"},{"floor":26,"key":"Pen Nib"},{"floor":29,"key":"Gambling Chip"},{"floor":60,"key":"HollowMod:StagPassRelic"},{"floor":76,"key":"Meat on the Bone"},{"floor":77,"key":"Gremlin Horn"}],"event_choices":[{"damage_healed":0,"gold_gain":0,"player_choice":"Success","damage_taken":18,"relics_obtained":["hubris:64BitClover"],"max_hp_gain":0,"max_hp_loss":0,"event_name":"Scrap Ooze","floor":55,"gold_loss":0},{"damage_healed":0,"gold_gain":0,"player_choice":"Bought 3 Potions","damage_taken":0,"max_hp_gain":0,"max_hp_loss":0,"event_name":"The Woman in Blue","floor":64,"gold_loss":0},{"damage_healed":0,"gold_gain":0,"player_choice":"Leave","damage_taken":0,"max_hp_gain":0,"max_hp_loss":0,"event_name":"conspire:Investor","floor":71,"gold_loss":0}],"is_beta":false,"boss_relics":[{"not_picked":["conspire:SpecialSausage","Fusion Hammer"],"picked":"Replay:Grab Bag"},{"not_picked":["Busted Crown","Sozu"],"picked":"hubris:VirtuousBlindfold"},{"not_picked":["conspire:SlowCooker","Velvet Choker"],"picked":"hubris:RunicObelisk"},{"not_picked":["Replay:Drink Me","hubris:ScarierMask"],"picked":"Runic Pyramid"},{"not_picked":["Calling Bell","Snecko Eye"],"picked":"Ring of Chaos"},{"not_picked":["Replay:Ancient Bell","hubris:TerracottaHorce"],"picked":"Tiny House"},{"not_picked":["Philosopher\u0027s Stone","Replay:Wanted Poster"],"picked":"hexamod:IceCube"},{"not_picked":["Fusion Hammer","Sozu"],"picked":"hubris:Backtick"}],"items_purged_floors":[45,53],"is_endless":true,"potions_floor_spawned":[11,13,14,22,31,33,48,54],"killed_by":"Hallownest:eliteWatcherKnight","ascension_level":1}}