{"host":"agela5aetnmltfvm","time":1607531433,"event":{"gold_per_floor":[114,128,128,139,50,81,114,63,109,132,171,204,379,398,398,524,574,614,614],"floor_reached":18,"playtime":919,"items_purged":[],"score":164,"play_id":"d870a1b8-7e7d-4c2c-9ab2-4c17f2e1bb68","local_time":"20201210003033","is_ascension_mode":false,"campfire_choices":[{"floor":15,"key":"REST"}],"neow_cost":"NONE","seed_source_timestamp":7838231774000,"circlet_count":0,"master_deck":["hierophant:Strike_Hierophant","hierophant:Strike_Hierophant","hierophant:Strike_Hierophant","hierophant:Strike_Hierophant","hierophant:Punish","hierophant:Defend_Hierophant","hierophant:Defend_Hierophant","hierophant:Defend_Hierophant","hierophant:Defend_Hierophant","hierophant:ChurchCoffers","hierophant:Determination+1","hierophant:ArchangelShield","hierophant:Chorus","hierophant:FaithHealing","Madness","hierophant:SecretStash","hierophant:Embezzle","hierophant:Zeal","Doubt","hierophant:Doomsaying","hierophant:BulkyChest"],"relics":["hierophant:PropheticMaskRelic","Iron Hammer","Replay:Mystery Machine","Vajra","Tiny House"],"potions_floor_usage":[6,16,16],"damage_taken":[{"damage":0,"enemies":"2 Louse","floor":1,"turns":1},{"damage":6,"enemies":"Cultist","floor":2,"turns":5},{"damage":6,"enemies":"Jaw Worm","floor":4,"turns":4},{"damage":25,"enemies":"3 Sentries","floor":6,"turns":6},{"damage":0,"enemies":"Exordium Wildlife","floor":7,"turns":3},{"damage":21,"enemies":"Blue Slaver","floor":11,"turns":5},{"damage":17,"enemies":"Lots of Slimes","floor":12,"turns":5},{"damage":10,"enemies":"Gremlin Gang","floor":14,"turns":6},{"damage":7,"enemies":"Fading Forest","floor":16,"turns":11},{"damage":93,"enemies":"Chosen","floor":18,"turns":10}],"seed_played":"2988669430447294169","potions_obtained":[{"floor":3,"key":"Fire Potion"},{"floor":3,"key":"EssenceOfSteel"},{"floor":3,"key":"Languid Potion"},{"floor":7,"key":"Toxic Potion"},{"floor":11,"key":"Dexterity Potion"},{"floor":17,"key":"HauntedGourdPotion"}],"is_trial":false,"path_per_floor":["M","M","?","M","$","E","M","$","T","T","M","M","?","M","R","B",null,"M"],"character_chosen":"HIEROPHANT","items_purchased":["Madness","hierophant:Zeal"],"campfire_rested":1,"item_purchase_floors":[5,8],"current_hp_per_floor":[75,69,69,63,63,56,59,59,59,59,38,24,24,17,39,67,80,0,0],"gold":614,"neow_bonus":"ONE_RANDOM_RARE_CARD","is_prod":false,"is_daily":false,"chose_seed":false,"campfire_upgraded":0,"win_rate":0.0,"timestamp":1607531433,"path_taken":["M","M","?","M","$","E","M","?","T","?","M","?","?","M","R","BOSS","M"],"build_version":"2020-11-30","purchased_purges":0,"victory":false,"max_hp_per_floor":[75,75,75,75,75,75,75,75,75,75,75,75,75,75,75,75,80,80,80],"card_choices":[{"not_picked":["hierophant:FieryStrike","hierophant:Mercenaries"],"picked":"hierophant:ArchangelShield","floor":1},{"not_picked":["hierophant:Rebuild","hierophant:HammerAndAnvil"],"picked":"hierophant:Chorus","floor":2},{"not_picked":["hierophant:Encroach","hierophant:CursedGold"],"picked":"hierophant:FaithHealing","floor":4},{"not_picked":["hierophant:Chorus","hierophant:AuricShield"],"picked":"hierophant:SecretStash","floor":6},{"not_picked":["hierophant:Empathy","hierophant:SealAway"],"picked":"hierophant:Embezzle","floor":7},{"not_picked":["hierophant:HolyVerse","hierophant:ThreeLashes","hierophant:Prophecy"],"picked":"SKIP","floor":11},{"not_picked":["hierophant:Dazzle","hierophant:RecallFunds","hierophant:Sermon"],"picked":"SKIP","floor":12},{"not_picked":["hierophant:Remorse","hierophant:HolyVerse"],"picked":"hierophant:Doomsaying","floor":14},{"not_picked":["hierophant:Invocation","hierophant:Anathema"],"picked":"hierophant:BulkyChest","floor":16}],"player_experience":487811,"relics_obtained":[{"floor":6,"key":"Iron Hammer"},{"floor":9,"key":"Replay:Mystery Machine"},{"floor":10,"key":"Vajra"}],"event_choices":[{"damage_healed":0,"gold_gain":0,"player_choice":"Got Potions","damage_taken":0,"max_hp_gain":0,"max_hp_loss":0,"event_name":"Lab","floor":3,"gold_loss":0},{"damage_healed":0,"gold_gain":175,"player_choice":"AGREE","damage_taken":0,"max_hp_gain":0,"max_hp_loss":0,"event_name":"Liars Game","floor":13,"gold_loss":0,"cards_obtained":["Doubt"]}],"is_beta":false,"boss_relics":[{"not_picked":["ReplayTheSpireMod:DimensionalGlitch","Painkiller Herb"],"picked":"Tiny House"}],"items_purged_floors":[],"is_endless":false,"potions_floor_spawned":[4,7,11,14],"killed_by":"Chosen","ascension_level":0}}