{"host":"2pkirg8lp2j2yw4c","time":1607487437,"event":{"gold_per_floor":[109,120,120,220,237,268,326,356,381,381,381],"floor_reached":10,"playtime":320,"items_purged":[],"score":87,"play_id":"d16ce159-a810-47e3-862f-853cf6e24508","local_time":"20201208231717","is_ascension_mode":true,"campfire_choices":[],"neow_cost":"NONE","seed_source_timestamp":162591629599300,"circlet_count":0,"master_deck":["Strike_B","Strike_B","Strike_B","Strike_B","Defend_B","Defend_B","Defend_B","Defend_B","Zap+1","Dualcast","Core Surge","Leap+1","Aggregate","Regret","Defragment","Gash","Double Energy"],"special_seed":0,"relics":["Cracked Core","Pen Nib","Ancient Tea Set","War Paint","Boot"],"potions_floor_usage":[8],"damage_taken":[{"damage":0.0,"enemies":"2 Louse","floor":1.0,"turns":1.0},{"damage":2.0,"enemies":"Jaw Worm","floor":2.0,"turns":3.0},{"damage":7,"enemies":"Cultist","floor":5,"turns":3},{"damage":39,"enemies":"Lagavulin","floor":6,"turns":8},{"damage":54,"enemies":"Gremlin Nob","floor":8,"turns":5},{"damage":0,"enemies":"3 Sentries","floor":10,"turns":1}],"seed_played":"549739502225935134","potions_obtained":[{"floor":5,"key":"FairyPotion"},{"floor":6,"key":"SkillPotion"}],"is_trial":false,"path_per_floor":["M","M","?","?","M","E","?","E","T","E"],"character_chosen":"DEFECT","items_purchased":[],"campfire_rested":0,"item_purchase_floors":[],"current_hp_per_floor":[75,73,73,73,66,27,27,1,1,1,1],"gold":381,"neow_bonus":"ONE_RANDOM_RARE_CARD","is_prod":false,"is_daily":false,"chose_seed":false,"campfire_upgraded":0,"win_rate":0,"timestamp":1607487437,"path_taken":["M","M","?","?","?","E","?","E","T","E"],"build_version":"2020-11-30","purchased_purges":0,"victory":false,"max_hp_per_floor":[75,75,75,75,75,75,75,75,75,75,75],"card_choices":[{"not_picked":["Rebound","Chaos"],"picked":"Leap","floor":1.0},{"not_picked":["Conserve Battery","Sunder"],"picked":"Aggregate","floor":2.0},{"not_picked":["Conserve Battery","Coolheaded"],"picked":"Defragment","floor":5},{"not_picked":["Steam Power","Leap"],"picked":"Gash","floor":6},{"not_picked":["Reinforced Body","Conserve Battery"],"picked":"Double Energy","floor":8}],"player_experience":150274,"relics_obtained":[{"floor":6,"key":"Ancient Tea Set"},{"floor":8,"key":"War Paint"},{"floor":9,"key":"Boot"}],"event_choices":[{"damage_healed":0.0,"max_hp_gain":0.0,"max_hp_loss":0.0,"gold_gain":0.0,"event_name":"Big Fish","player_choice":"Box","floor":3.0,"gold_loss":0.0,"damage_taken":0.0,"relics_obtained":["Pen Nib"],"cards_obtained":["Regret"]},{"damage_healed":0.0,"max_hp_gain":0.0,"max_hp_loss":0.0,"gold_gain":100.0,"event_name":"Golden Shrine","player_choice":"Pray","floor":4.0,"gold_loss":0.0,"damage_taken":0.0},{"damage_healed":0,"gold_gain":58,"player_choice":"Gained Gold","damage_taken":0,"max_hp_gain":0,"max_hp_loss":0,"event_name":"Golden Wing","floor":7,"gold_loss":0}],"is_beta":false,"boss_relics":[],"items_purged_floors":[],"is_endless":false,"potions_floor_spawned":[5,6],"killed_by":"3 Sentries","ascension_level":3}}