{"host":"rpu0b34yn88n8zeb","time":1607553509,"event":{"gold_per_floor":[118,15,35,35,35,74,74,113,113,113,151,2,23,41,41,171,171,195,210,210,210,66,66,66,66],"floor_reached":24,"playtime":865,"items_purged":["Injury"],"score":301,"play_id":"5ca156fa-54fb-4877-875a-8429828b53ed","local_time":"20201209153829","is_ascension_mode":true,"campfire_choices":[{"data":"OrbThrow:ReiMu","floor":7,"key":"SMITH"},{"data":"MikOfLucky:ReiMu","floor":15,"key":"SMITH"},{"floor":23,"key":"DIG"}],"neow_cost":"NONE","seed_source_timestamp":7911106617600,"circlet_count":0,"master_deck":["Strike_Lin:ReiMu","Strike_Lin:ReiMu","Strike_Lin:ReiMu","Strike_Lin:ReiMu","Defend_Lin:ReiMu","Defend_Lin:ReiMu","Defend_Lin:ReiMu","Defend_Lin:ReiMu","NB:ReiMu","Stagnation:ReiMu","OrbThrow:ReiMu+1","PassingAway:ReiMu","AirStrike:ReiMu","RainPray2:ReiMu","FantasyMoon:ReiMu","Crusade:ReiMu","MikOfLucky:ReiMu+1","Shading:ReiMu","AirStrike:ReiMu","SubAcupoint:ReiMu"],"special_seed":0,"relics":["FlyPower:ReiMu","NeowsBlessing","Bloody Idol","PreservedInsect","Shuriken","Shovel","Chemical X","Black Star","MutagenicStrength","RuthlessExorcism:ReiMu","StrikeDummy"],"potions_floor_usage":[18],"damage_taken":[{"damage":0,"enemies":"Cultist","floor":1,"turns":1},{"damage":0,"enemies":"Small Slimes","floor":3,"turns":1},{"damage":0,"enemies":"Lagavulin","floor":6,"turns":1},{"damage":5,"enemies":"Gremlin Nob","floor":8,"turns":3},{"damage":34,"enemies":"3 Sentries","floor":11,"turns":10},{"damage":0,"enemies":"2 Louse","floor":13,"turns":2},{"damage":0,"enemies":"Large Slime","floor":14,"turns":6},{"damage":0,"enemies":"Slime Boss","floor":16,"turns":8},{"damage":15,"enemies":"2 Thieves","floor":18,"turns":5},{"damage":6,"enemies":"3 Byrds","floor":19,"turns":5},{"damage":68,"enemies":"Gremlin Leader","floor":24,"turns":6}],"seed_played":"2884396036108656653","potions_obtained":[{"floor":1,"key":"FairyPotion"},{"floor":11,"key":"SteroidPotion"},{"floor":16,"key":"Strength Potion"},{"floor":18,"key":"EssenceOfSteel"}],"is_trial":false,"path_per_floor":["M","$","M","?","?","E","R","E","T","?","E","$","M","M","R","B",null,"M","M","?","?","$","R","E"],"character_chosen":"REIMU","items_purchased":["PassingAway:ReiMu","AirStrike:ReiMu","Chemical X","RuthlessExorcism:ReiMu"],"campfire_rested":0,"item_purchase_floors":[2,2,12,22],"current_hp_per_floor":[65,65,65,65,65,65,65,60,60,60,26,26,26,26,26,26,65,50,44,44,44,44,44,0,0],"gold":66,"neow_bonus":"THREE_ENEMY_KILL","is_prod":false,"is_daily":false,"chose_seed":false,"campfire_upgraded":2,"win_rate":0,"timestamp":1607553509,"path_taken":["M","?","?","?","?","E","R","E","T","?","E","$","M","M","R","BOSS","M","M","?","?","$","R","E"],"build_version":"2020-11-30","purchased_purges":1,"victory":false,"max_hp_per_floor":[65,65,65,65,65,65,65,65,65,65,65,65,65,65,65,65,65,65,65,65,65,65,65,65,65],"card_choices":[{"not_picked":["NineCharacters:ReiMu","TightArray:ReiMu"],"picked":"OrbThrow:ReiMu","floor":1},{"not_picked":["SpreadBorder2:ReiMu","DoubleButterfly:ReiMu"],"picked":"RainPray2:ReiMu","floor":3},{"not_picked":["FantasyBorder:ReiMu","Intuition:ReiMu"],"picked":"FantasyMoon:ReiMu","floor":6},{"not_picked":["SafetyPray:ReiMu","DoubleButterfly:ReiMu","SubcavityInstant:ReiMu"],"picked":"SKIP","floor":8},{"not_picked":["PhosphorusFlame:ReiMu","WonderfulDomain:ReiMu"],"picked":"Crusade:ReiMu","floor":11},{"not_picked":["FoulBorder2:ReiMu","PayForSelf:ReiMu","KyokaiOfKami:ReiMu"],"picked":"SKIP","floor":13},{"not_picked":["SpreadBorder2:ReiMu","Intuition:ReiMu"],"picked":"MikOfLucky:ReiMu","floor":14},{"not_picked":["Authority:ReiMu","OctopathSalyBorderN:ReiMu"],"picked":"Shading:ReiMu","floor":16},{"not_picked":["Enchanting:ReiMu","AlertArray:ReiMu"],"picked":"AirStrike:ReiMu","floor":18},{"not_picked":["ShadowOfCrow2:ReiMu","Conquer:ReiMu+1"],"picked":"SubAcupoint:ReiMu","floor":19}],"player_experience":511885,"relics_obtained":[{"floor":6,"key":"PreservedInsect"},{"floor":8,"key":"Shuriken"},{"floor":11,"key":"Shovel"},{"floor":23,"key":"StrikeDummy"}],"event_choices":[{"damage_healed":0,"gold_gain":0,"player_choice":"Leave","damage_taken":0,"max_hp_gain":0,"max_hp_loss":0,"event_name":"The Cleric","floor":4,"gold_loss":0},{"damage_healed":0,"gold_gain":0,"player_choice":"Take Wound","damage_taken":0,"relics_obtained":["Golden Idol"],"max_hp_gain":0,"max_hp_loss":0,"event_name":"Golden Idol","floor":5,"gold_loss":0,"cards_obtained":["Injury"]},{"damage_healed":0,"gold_gain":0,"player_choice":"Ignored","damage_taken":0,"max_hp_gain":0,"max_hp_loss":0,"event_name":"Golden Wing","floor":10,"gold_loss":0},{"damage_healed":0,"gold_gain":0,"player_choice":"Inject Mutagens","damage_taken":0,"relics_obtained":["MutagenicStrength"],"max_hp_gain":0,"max_hp_loss":0,"event_name":"Drug Dealer","floor":20,"gold_loss":0},{"damage_healed":0,"gold_gain":0,"player_choice":"Gave Idol","damage_taken":0,"relics_obtained":["Bloody Idol"],"max_hp_gain":0,"max_hp_loss":0,"event_name":"Forgotten Altar","floor":21,"relics_lost":["Golden Idol"],"gold_loss":0}],"is_beta":false,"boss_relics":[{"not_picked":["SacredBark","Velvet Choker"],"picked":"Black Star"}],"items_purged_floors":[12],"is_endless":false,"potions_floor_spawned":[1,11,16,18],"killed_by":"Gremlin Leader","ascension_level":1}}