{"host":"0noypz73zo70wzdx","time":1607523191,"event":{"gold_per_floor":[110,285,235,235,235,235,262,276,276,304,344,366,390,402,414,522,534,534,459,384,384,384,384,384,384,384,384,384,51,51,51,51,51,51,51,51,51,51,51,51,51,51,51,51,51,51,51,51,51,51,51],"floor_reached":52,"playtime":1956,"items_purged":["Decay"],"score":1138,"play_id":"e02a13b7-4001-4412-9508-ac296322eb7b","local_time":"20201209231311","is_ascension_mode":true,"campfire_choices":[{"data":"Neutralize","floor":6,"key":"SMITH"},{"floor":15,"key":"REST"},{"data":"Accuracy","floor":30,"key":"SMITH"},{"floor":32,"key":"REST"},{"floor":41,"key":"REST"},{"floor":45,"key":"REST"},{"floor":49,"key":"REST"}],"neow_cost":"NONE","seed_source_timestamp":27076356840900,"circlet_count":0,"master_deck":["Strike_G","Strike_G","Strike_G","Strike_G","Defend_G","Defend_G","Defend_G","Defend_G+1","Defend_G","Survivor+1","Neutralize+1","Cloak And Dagger","Cloak And Dagger+1","Blade Dance+1","Prepared+1","Cloak And Dagger+1","Envenom","Blade Dance+1","Accuracy+1","Finisher","Venomology+1","Terror+1","Finisher"],"relics":["Ring of the Snake","NeowsBlessing","Toxic Egg 2","MawBank","Replay:Wax Seal","Ectoplasm","PreservedInsect","ReplayTheSpireMod:Ninjato","Torii","Ornamental Fan","Fusion Hammer","Ninja Scroll","Gremlin Horn","Du-Vu Doll","Molten Egg 2"],"potions_floor_usage":[16,28,28,33,37,40,40,42,44,50,50,50],"damage_taken":[{"damage":0,"enemies":"2 Louse","floor":1,"turns":1},{"damage":0,"enemies":"Gremlin Nob","floor":7,"turns":1},{"damage":0,"enemies":"Jaw Worm","floor":8,"turns":1},{"damage":0,"enemies":"Small Slimes","floor":10,"turns":2},{"damage":13,"enemies":"Lagavulin","floor":11,"turns":7},{"damage":0,"enemies":"Blue Slaver","floor":12,"turns":4},{"damage":2,"enemies":"Gremlin Gang","floor":13,"turns":5},{"damage":33,"enemies":"The Guardian","floor":16,"turns":15},{"damage":2,"enemies":"3 Byrds","floor":18,"turns":6},{"damage":12,"enemies":"2 Thieves","floor":20,"turns":4},{"damage":1,"enemies":"Snecko","floor":22,"turns":5},{"damage":11,"enemies":"Book of Stabbing","floor":23,"turns":4},{"damage":3,"enemies":"Snake Plant","floor":24,"turns":3},{"damage":0,"enemies":"Cultist and Chosen","floor":27,"turns":4},{"damage":6,"enemies":"Slavers","floor":28,"turns":3},{"damage":1,"enemies":"Pondfish","floor":33,"turns":8},{"damage":0,"enemies":"3 Shapes","floor":35,"turns":3},{"damage":0,"enemies":"Orb Walker","floor":36,"turns":3},{"damage":0,"enemies":"Spire Growth","floor":37,"turns":2},{"damage":0,"enemies":"Reptomancer","floor":40,"turns":3},{"damage":7,"enemies":"Maw","floor":42,"turns":3},{"damage":0,"enemies":"3 Darklings","floor":44,"turns":2},{"damage":0,"enemies":"Nemesis","floor":46,"turns":3},{"damage":0,"enemies":"Jaw Worm Horde","floor":47,"turns":2},{"damage":8,"enemies":"Donu and Deca","floor":50,"turns":5}],"seed_played":"-7125375005829629030","potions_obtained":[{"floor":7,"key":"SkillPotion"},{"floor":12,"key":"Energy Potion"},{"floor":13,"key":"Block Potion"},{"floor":16,"key":"FearPotion"},{"floor":33,"key":"Fire Potion"},{"floor":35,"key":"Swift Potion"},{"floor":40,"key":"LiquidMemories"},{"floor":42,"key":"Elixir"}],"is_trial":false,"path_per_floor":["M","?","?","$","?","R","E","M","T","M","E","M","M","$","R","B",null,"M","?","M","?","M","E","M","?","T","M","E","$","R","?","R","B",null,"M","M","M","?","?","E","R","M","T","M","R","E","M","T","R","B",null,null],"character_chosen":"THE_SILENT","items_purchased":["Ornamental Fan"],"campfire_rested":5,"item_purchase_floors":[29],"current_hp_per_floor":[70,70,70,70,56,56,56,56,56,56,43,43,41,41,62,29,70,68,68,56,56,55,44,41,41,41,41,35,35,35,29,50,49,70,70,70,70,70,70,70,70,63,63,63,70,70,70,70,70,62,62],"gold":51,"neow_bonus":"THREE_ENEMY_KILL","is_prod":false,"is_daily":false,"chose_seed":false,"campfire_upgraded":2,"win_rate":0,"timestamp":1607523191,"path_taken":["M","?","?","?","?","R","E","M","T","?","E","?","M","$","R","BOSS","M","?","M","?","?","E","M","?","T","?","E","$","R","?","R","BOSS","M","?","M","?","?","E","R","?","T","?","R","E","M","?","R","BOSS"],"build_version":"2020-11-30","purchased_purges":1,"victory":true,"max_hp_per_floor":[70,70,70,70,70,70,70,70,70,70,70,70,70,70,70,70,70,70,70,70,70,70,70,70,70,70,70,70,70,70,70,70,70,70,70,70,70,70,70,70,70,70,70,70,70,70,70,70,70,70,70],"card_choices":[{"not_picked":["Outmaneuver","Slice"],"picked":"Cloak And Dagger","floor":1},{"not_picked":["Outmaneuver+1","Skewer"],"picked":"Cloak And Dagger+1","floor":7},{"not_picked":["Dagger Spray","Catalyst+1"],"picked":"Blade Dance+1","floor":8},{"not_picked":["Outmaneuver+1","Backstab"],"picked":"Acrobatics+1","floor":10},{"not_picked":["Poisoned Stab","PiercingWail+1"],"picked":"Prepared+1","floor":11},{"not_picked":["Toxin Wave+1","Acrobatics+1","Bane"],"picked":"SKIP","floor":12},{"not_picked":["Slice","Sucker Punch"],"picked":"Cloak And Dagger+1","floor":13},{"not_picked":["Poison Darts+1","ReplayTheSpireMod:Necrosis+1"],"picked":"Envenom","floor":16},{"not_picked":["Dash+1","Hidden Blade+1"],"picked":"Blade Dance+1","floor":18},{"not_picked":["Poisoned Stab","Draining Mist+1","Bane"],"picked":"SKIP","floor":20},{"not_picked":["Bane","Phantasmal Killer+1"],"picked":"Accuracy","floor":22},{"not_picked":["Acrobatics+1","Crippling Poison+1","ReplayTheSpireMod:Exploit Weakness+1"],"picked":"SKIP","floor":23},{"not_picked":["Hidden Blade+1","Draining Mist+1","Blade Dance+1"],"picked":"SKIP","floor":24},{"not_picked":["Dodge and Roll+1","Dagger Spray"],"picked":"Finisher","floor":27},{"not_picked":["Underhanded Strike+1","Deadly Poison+1","Skewer"],"picked":"SKIP","floor":28},{"not_picked":["Tools of the Trade","Night Terror+1"],"picked":"Venomology+1","floor":33},{"not_picked":["Hidden Blade+1","Underhanded Strike+1","Eviscerate+1"],"picked":"SKIP","floor":35},{"not_picked":["Blur+1","Poisoned Stab+1"],"picked":"Terror+1","floor":36},{"not_picked":["Dagger Throw+1","Concentrate+1","Calculated Gamble+1"],"picked":"SKIP","floor":37},{"not_picked":["Outmaneuver+1","Underhanded Strike+1","Setup+1"],"picked":"SKIP","floor":40},{"not_picked":["Quick Slash","Skewer+1","Sucker Punch"],"picked":"SKIP","floor":42},{"not_picked":["Unload","Reflex+1"],"picked":"Finisher","floor":44},{"not_picked":["Finisher","Backflip+1","Flying Knee"],"picked":"SKIP","floor":46},{"not_picked":["Hidden Blade+1","Flechettes","Crippling Poison+1"],"picked":"SKIP","floor":47}],"player_experience":216063,"relics_obtained":[{"floor":7,"key":"Toxic Egg 2"},{"floor":9,"key":"MawBank"},{"floor":11,"key":"Replay:Wax Seal"},{"floor":23,"key":"PreservedInsect"},{"floor":26,"key":"ReplayTheSpireMod:Ninjato"},{"floor":28,"key":"Torii"},{"floor":40,"key":"Ninja Scroll"},{"floor":43,"key":"Gremlin Horn"},{"floor":46,"key":"Du-Vu Doll"},{"floor":48,"key":"Molten Egg 2"}],"event_choices":[{"damage_healed":0,"gold_gain":175,"player_choice":"AGREE","damage_taken":0,"max_hp_gain":0,"max_hp_loss":0,"event_name":"Liars Game","floor":2,"gold_loss":0,"cards_obtained":["Doubt"]},{"cards_removed":["Doubt"],"damage_healed":0,"gold_gain":0,"player_choice":"Card Removal","damage_taken":0,"max_hp_gain":0,"max_hp_loss":0,"event_name":"The Cleric","floor":3,"gold_loss":50},{"damage_healed":0,"gold_gain":0,"player_choice":"Entered Light","damage_taken":14,"max_hp_gain":0,"max_hp_loss":0,"event_name":"Shining Light","floor":5,"gold_loss":0,"cards_upgraded":["Defend_G","Survivor"]},{"cards_removed":["Strike_G"],"damage_healed":0,"gold_gain":0,"player_choice":"Gave Gold","damage_taken":0,"max_hp_gain":0,"max_hp_loss":0,"event_name":"Beggar","floor":19,"gold_loss":75},{"damage_healed":0,"gold_gain":0,"player_choice":"0 cards matched","damage_taken":0,"max_hp_gain":0,"max_hp_loss":0,"event_name":"Match and Keep!","floor":21,"gold_loss":0,"cards_obtained":[]},{"damage_healed":0,"gold_gain":0,"player_choice":"Cursed","damage_taken":0,"max_hp_gain":0,"max_hp_loss":0,"event_name":"Wheel of Change","floor":25,"gold_loss":0,"cards_obtained":["Decay"]},{"damage_healed":0,"gold_gain":0,"player_choice":"","damage_taken":6,"max_hp_gain":0,"max_hp_loss":0,"event_name":"Knowing Skull","floor":31,"potions_obtained":[],"gold_loss":0,"cards_obtained":[]},{"cards_removed":["Acrobatics"],"damage_healed":0,"gold_gain":0,"player_choice":"Removed Skill","damage_taken":0,"max_hp_gain":0,"max_hp_loss":0,"event_name":"Falling","floor":38,"gold_loss":0},{"damage_healed":0,"gold_gain":100,"player_choice":"Pray","damage_taken":0,"max_hp_gain":0,"max_hp_loss":0,"event_name":"Golden Shrine","floor":39,"gold_loss":0}],"is_beta":false,"boss_relics":[{"not_picked":["ReplayTheSpireMod:DimensionalGlitch","Runic Pyramid"],"picked":"Ectoplasm"},{"not_picked":["Abe\u0027s Treasure","SlaversCollar"],"picked":"Fusion Hammer"}],"items_purged_floors":[29],"is_endless":false,"potions_floor_spawned":[7,12,13,16,20,23,27,33,35,40,42,47],"ascension_level":1}}