{"host":"9h1qbmp5h1ch7u4r","time":1607537345,"event":{"gold_per_floor":[136,86,98,112,187,187,287,287,287,324,324,350,405,405,405,429,429],"floor_reached":16,"playtime":785,"items_purged":[],"score":130,"play_id":"3d765838-0a06-4c3c-99d1-35f14583f481","local_time":"20201209130905","is_ascension_mode":true,"campfire_choices":[{"data":"animator:Chris","floor":6,"key":"SMITH"},{"data":"animator:Eris","floor":8,"key":"SMITH"},{"data":"animator:MamiTomoe","floor":11,"key":"SMITH"},{"data":"animator:NagisaMomoe","floor":15,"key":"SMITH"}],"neow_cost":"PERCENT_DAMAGE","seed_source_timestamp":94128479727400,"circlet_count":0,"master_deck":["animator:Strike_MadokaMagica","animator:Defend_MadokaMagica","animator:Strike","animator:Defend","animator:Defend","animator:Defend","animator:IrohaTamaki","animator:YuiTsuruno","animator:Eris+1","animator:MamiTomoe+1","animator:NagisaMomoe+1","animator:Chris+1","animator:SayakaMiki","animator:SayakaMiki"],"relics":["animator:LivingPicture","animator:TheMissingPiece","animator:WornHelmet","Juzu Bracelet"],"potions_floor_usage":[10,16],"damage_taken":[{"damage":0,"enemies":"Small Slimes","floor":1,"turns":4},{"damage":0,"enemies":"2 Louse","floor":3,"turns":4},{"damage":2,"enemies":"Cultist","floor":4,"turns":3},{"damage":0,"enemies":"Gremlin Gang","floor":10,"turns":5},{"damage":5,"enemies":"Red Slaver","floor":12,"turns":4},{"damage":22,"enemies":"Lagavulin","floor":13,"turns":7},{"damage":45,"enemies":"Slime Boss","floor":16,"turns":10}],"seed_played":"-1109989092263294440","potions_obtained":[{"floor":3,"key":"Fire Potion"},{"floor":12,"key":"Dexterity Potion"},{"floor":13,"key":"Explosive Potion"}],"is_trial":false,"path_per_floor":["M","?","M","M","?","R","?","R","T","M","R","M","E","?","R","B"],"character_chosen":"THE_ANIMATOR","items_purchased":[],"campfire_rested":0,"item_purchase_floors":[],"current_hp_per_floor":[47,47,51,53,42,42,42,42,42,48,48,49,33,33,33,0,0],"gold":429,"neow_bonus":"THREE_RARE_CARDS","is_prod":false,"is_daily":false,"chose_seed":false,"campfire_upgraded":4,"win_rate":0,"timestamp":1607537345,"path_taken":["M","?","M","M","?","R","?","R","T","M","R","?","E","?","R","BOSS"],"build_version":"2020-11-30","purchased_purges":0,"victory":false,"max_hp_per_floor":[66,66,67,68,68,68,68,68,68,68,68,68,68,68,68,68,68],"card_choices":[{"not_picked":["animator:Father","animator:SwordMaiden"],"picked":"animator:Eris","floor":0},{"not_picked":["animator:KyokoSakura","animator:YuiTsuruno"],"picked":"animator:MamiTomoe","floor":1},{"not_picked":["animator:Viivi","animator:Sloth"],"picked":"animator:NagisaMomoe","floor":3},{"not_picked":["animator:Fredrika","animator:Guy"],"picked":"animator:Chris","floor":4},{"not_picked":["animator:YuiTsuruno","animator:OrikoMikuni"],"picked":"animator:SayakaMiki","floor":10},{"not_picked":["animator:Fredrika","animator:Witch","animator:Gillette"],"picked":"SKIP","floor":12},{"not_picked":["animator:Mitsurugi","animator:ElricAlphonse"],"picked":"animator:SayakaMiki","floor":13}],"player_experience":924904,"relics_obtained":[{"floor":9,"key":"animator:WornHelmet"},{"floor":13,"key":"Juzu Bracelet"}],"event_choices":[{"cards_removed":["animator:Strike"],"damage_healed":0,"gold_gain":0,"player_choice":"Card Removal","damage_taken":0,"max_hp_gain":0,"max_hp_loss":0,"event_name":"The Cleric","floor":2,"gold_loss":50},{"damage_healed":0,"gold_gain":75,"player_choice":"Gather Gold","damage_taken":11,"max_hp_gain":0,"max_hp_loss":0,"event_name":"World of Goop","floor":5,"gold_loss":0},{"damage_healed":0,"gold_gain":100,"player_choice":"Gold","damage_taken":0,"max_hp_gain":0,"max_hp_loss":0,"event_name":"Wheel of Change","floor":7,"gold_loss":0},{"cards_removed":["animator:Strike"],"damage_healed":0,"gold_gain":0,"player_choice":"Purged","damage_taken":0,"max_hp_gain":0,"max_hp_loss":0,"event_name":"Purifier","floor":14,"gold_loss":0}],"is_beta":false,"boss_relics":[],"items_purged_floors":[],"is_endless":false,"potions_floor_spawned":[3,12,13],"killed_by":"Slime Boss","ascension_level":6}}