{"host":"ecaj4hn004xnnrw9","time":1607545757,"event":{"gold_per_floor":[112,126,126,145,95,123,123,140,140,166,177,47,64,87,87,186,186,198,123,123,134,34,34,52,80,133,133,151,151,151,176,176,274,374,392,267,278,291,291,291,306,306,306,339,339,354,354,371,371,371],"floor_reached":51,"playtime":2322,"items_purged":["hermit:Strike_Hermit","hermit:Defend_Hermit","hermit:Roulette"],"score":1102,"play_id":"f9b4b90c-94a5-4583-a060-af847f9365c5","local_time":"20201209202917","is_ascension_mode":true,"campfire_choices":[{"data":"hermit:Headshot","floor":7,"key":"SMITH"},{"data":"hermit:Adapt","floor":15,"key":"SMITH"},{"data":"hermit:Dive","floor":23,"key":"SMITH"},{"data":"hermit:Snapshot","floor":27,"key":"SMITH"},{"floor":32,"key":"REST"},{"data":"hermit:BigShot","floor":40,"key":"SMITH"},{"data":"hermit:BigShot","floor":42,"key":"SMITH"},{"floor":49,"key":"REST"}],"neow_cost":"NONE","seed_source_timestamp":16642560296400,"circlet_count":0,"master_deck":["hermit:Defend_Hermit","hermit:Snapshot+1","hermit:Covet","Amnesia","hermit:Headshot+1","hermit:Dive+1","hermit:Gambit","hermit:Adapt+1","hermit:BigShot+1","hermit:Enervate","hermit:BigShot+1","hermit:BigShot+1","hermit:Quickdraw","hermit:Covet","Bandage Up","Doubt","hermit:GhostlyPresence","hermit:Scavenge"],"relics":["Kintsugi","ReplayTheSpireMod:Ninjato","Replay:Bottled Steam","Mercury Hourglass","Replay:PocketPolymizer","Odd Mushroom","Black Star","StrikeDummy","Boot","Oddly Smooth Stone","Turnip","Question Card","Replay:Wanted Poster","Garlic","Replay:Baseball","Gremlin Horn","Pen Nib"],"potions_floor_usage":[6,31,31,31,44,50,50,50],"damage_taken":[{"damage":1,"enemies":"Cultist","floor":1,"turns":3},{"damage":6,"enemies":"Jaw Worm","floor":2,"turns":2},{"damage":0,"enemies":"Small Slimes","floor":4,"turns":3},{"damage":10,"enemies":"Lagavulin","floor":6,"turns":3},{"damage":0,"enemies":"2 Fungi Beasts","floor":8,"turns":1},{"damage":0,"enemies":"Gremlin Nob","floor":10,"turns":2},{"damage":0,"enemies":"Large Slime","floor":11,"turns":2},{"damage":0,"enemies":"Exordium Thugs","floor":13,"turns":4},{"damage":10,"enemies":"The Mushroom Lair","floor":14,"turns":4},{"damage":0,"enemies":"Fading Forest","floor":16,"turns":11},{"damage":17,"enemies":"2 Thieves","floor":18,"turns":3},{"damage":7,"enemies":"Shell Parasite","floor":21,"turns":2},{"damage":7,"enemies":"Centurion and Healer","floor":24,"turns":3},{"damage":32,"enemies":"Book of Stabbing","floor":25,"turns":5},{"damage":10,"enemies":"3 Cultists","floor":28,"turns":3},{"damage":14,"enemies":"Slavers","floor":31,"turns":4},{"damage":4,"enemies":"Pondfish","floor":33,"turns":6},{"damage":10,"enemies":"Orb Walker","floor":35,"turns":3},{"damage":10,"enemies":"3 Shapes","floor":37,"turns":3},{"damage":25,"enemies":"3 Darklings","floor":38,"turns":4},{"damage":4,"enemies":"Maw","floor":41,"turns":5},{"damage":40,"enemies":"Nemesis","floor":44,"turns":3},{"damage":11,"enemies":"4 Shapes","floor":46,"turns":4},{"damage":39,"enemies":"Spire Growth","floor":48,"turns":4},{"damage":0,"enemies":"Awakened One","floor":50,"turns":4}],"seed_played":"-7123093450374595054","potions_obtained":[{"floor":2,"key":"SkillPotion"},{"floor":10,"key":"Milkshake"},{"floor":16,"key":"Strength Potion"},{"floor":28,"key":"Explosive Potion"},{"floor":33,"key":"Energy Potion"},{"floor":38,"key":"Regen Potion"},{"floor":44,"key":"Fire Potion"},{"floor":46,"key":"Regen Potion"},{"floor":48,"key":"AttackPotion"}],"is_trial":false,"path_per_floor":["M","M","?","M","?","E","R","M","T","E","M","$","M","?","R","B",null,"M","$","?","M","$","R","M","E","T","R","M","?","?","E","R","B",null,"M","$","M","M","?","R","M","R","T","E","?","M","T","M","R","B",null],"character_chosen":"HERMIT","items_purchased":["hermit:BigShot","Strength Potion"],"campfire_rested":2,"item_purchase_floors":[12,12],"current_hp_per_floor":[74,68,61,61,61,51,51,51,51,51,51,51,51,41,41,41,75,58,58,75,68,68,68,61,29,29,29,19,19,19,5,27,23,75,65,65,55,30,30,30,30,30,30,3,75,68,68,33,55,71],"gold":371,"neow_bonus":"BOSS_RELIC","is_prod":false,"is_daily":false,"chose_seed":false,"campfire_upgraded":6,"win_rate":0,"timestamp":1607545757,"path_taken":["M","M","?","M","?","E","R","M","T","E","M","?","M","?","R","BOSS","M","$","?","M","$","R","M","E","T","R","M","?","?","E","R","BOSS","M","$","M","M","?","R","M","R","T","E","?","M","?","M","R","BOSS"],"build_version":"2020-11-30","purchased_purges":3,"victory":true,"max_hp_per_floor":[75,75,75,75,75,75,75,75,75,75,75,75,75,75,75,75,75,75,75,75,75,75,75,75,75,75,75,75,75,75,75,75,75,75,75,75,75,75,75,75,75,75,75,75,75,75,75,75,75,75],"card_choices":[{"not_picked":["hermit:LowProfile","hermit:Vantage"],"picked":"hermit:Headshot","floor":1},{"not_picked":["hermit:Maintenance","hermit:Glare"],"picked":"hermit:Dive","floor":2},{"not_picked":["hermit:LowProfile","hermit:Determination"],"picked":"hermit:Roulette","floor":4},{"not_picked":["hermit:Headshot","hermit:PistolWhip"],"picked":"hermit:Gambit","floor":6},{"not_picked":["hermit:Coalescence","hermit:Desperado","hermit:GhostlyPresence"],"picked":"SKIP","floor":8},{"not_picked":["hermit:FullyLoaded","hermit:Vantage","hermit:Ricochet"],"picked":"SKIP","floor":10},{"not_picked":["hermit:Horror","hermit:Vantage"],"picked":"hermit:Adapt","floor":11},{"not_picked":["hermit:LuckOfTheDraw","hermit:Showdown"],"picked":"hermit:Enervate","floor":13},{"not_picked":["hermit:Feint","hermit:Glare"],"picked":"hermit:BigShot","floor":14},{"not_picked":["hermit:NoHoldsBarred","hermit:Misfire","hermit:Desperado"],"picked":"SKIP","floor":18},{"not_picked":["hermit:Headshot","hermit:Ricochet","hermit:Showdown"],"picked":"SKIP","floor":21},{"not_picked":["hermit:TrackingShot+1","hermit:Desperado"],"picked":"hermit:BigShot+1","floor":24},{"not_picked":["hermit:Maintenance","hermit:Malice"],"picked":"hermit:Quickdraw","floor":25},{"not_picked":["hermit:Coalescence+1","hermit:Manifest","hermit:Dive"],"picked":"SKIP","floor":28},{"not_picked":["hermit:Feint","hermit:FromBeyond","hermit:Glare"],"picked":"SKIP","floor":31},{"not_picked":["hermit:Grudge+1","hermit:TrackingShot+1","hermit:Scavenge","hermit:Snipe+1"],"picked":"SKIP","floor":35},{"not_picked":["hermit:Feint+1","hermit:Coalescence+1","hermit:Headshot","hermit:LuckOfTheDraw"],"picked":"SKIP","floor":37},{"not_picked":["hermit:Vantage+1","hermit:TrackingShot","hermit:Combo","hermit:DeadMansHand+1"],"picked":"SKIP","floor":38},{"not_picked":["Transmutation","Replay:Bootleg Shield Generator","Finesse"],"picked":"Bandage Up","floor":39},{"not_picked":["hermit:Glare+1","hermit:Scavenge","hermit:Dive+1","hermit:GhostlyPresence"],"picked":"SKIP","floor":41},{"not_picked":["hermit:Horror","hermit:BodyArmor","hermit:Combo","hermit:TakeCover"],"picked":"SKIP","floor":44},{"not_picked":["hermit:BodyArmor+1","hermit:Brawl+1","hermit:Grudge+1"],"picked":"hermit:GhostlyPresence","floor":46},{"not_picked":["hermit:CalledShot+1","hermit:HighCaliber+1","hermit:Quickdraw+1"],"picked":"hermit:Scavenge","floor":48}],"player_experience":140744,"relics_obtained":[{"floor":6,"key":"Replay:Bottled Steam"},{"floor":9,"key":"Mercury Hourglass"},{"floor":10,"key":"Replay:PocketPolymizer"},{"floor":14,"key":"Odd Mushroom"},{"floor":25,"key":"StrikeDummy"},{"floor":25,"key":"Boot"},{"floor":26,"key":"Oddly Smooth Stone"},{"floor":31,"key":"Turnip"},{"floor":31,"key":"Question Card"},{"floor":43,"key":"Garlic"},{"floor":44,"key":"Replay:Baseball"},{"floor":44,"key":"Gremlin Horn"},{"floor":47,"key":"Pen Nib"}],"event_choices":[{"damage_healed":0,"gold_gain":0,"player_choice":"Success","damage_taken":7,"relics_obtained":["ReplayTheSpireMod:Ninjato"],"max_hp_gain":0,"max_hp_loss":0,"event_name":"Scrap Ooze","floor":3,"gold_loss":0},{"cards_removed":["Clumsy"],"damage_healed":0,"gold_gain":0,"player_choice":"Card Removal","damage_taken":0,"max_hp_gain":0,"max_hp_loss":0,"event_name":"The Cleric","floor":5,"gold_loss":50},{"damage_healed":0,"gold_gain":0,"player_choice":"Fought Mushrooms","damage_taken":0,"max_hp_gain":0,"max_hp_loss":0,"event_name":"Mushrooms","floor":14,"gold_loss":0},{"damage_healed":25,"gold_gain":0,"player_choice":"Heal","damage_taken":0,"max_hp_gain":0,"max_hp_loss":0,"event_name":"The Library","floor":20,"gold_loss":0},{"damage_healed":0,"gold_gain":0,"player_choice":"Ignored","damage_taken":0,"max_hp_gain":0,"max_hp_loss":0,"event_name":"Ghosts","floor":29,"gold_loss":0},{"damage_healed":0,"gold_gain":0,"player_choice":"Copied","damage_taken":0,"max_hp_gain":0,"max_hp_loss":0,"event_name":"Duplicator","floor":30,"gold_loss":0,"cards_obtained":["hermit:Covet"]},{"damage_healed":0,"gold_gain":0,"player_choice":"Memory 1","damage_taken":0,"max_hp_gain":0,"max_hp_loss":0,"event_name":"SensoryStone","floor":39,"gold_loss":0},{"damage_healed":72,"gold_gain":0,"player_choice":"Heal","damage_taken":0,"max_hp_gain":0,"max_hp_loss":0,"event_name":"MindBloom","floor":45,"gold_loss":0,"cards_obtained":["Doubt"]}],"is_beta":false,"boss_relics":[{"not_picked":["Calling Bell","Honey Jar"],"picked":"Black Star"},{"not_picked":["Runic Dome","Velvet Choker"],"picked":"Replay:Wanted Poster"}],"items_purged_floors":[19,22,36],"is_endless":false,"potions_floor_spawned":[2,10,16,21,25,28,33,38,44,46,48],"ascension_level":1}}