{"host":"j06fkfseroga8i8e","time":1607529826,"event":{"gold_per_floor":[115,128,128,303,322,354,354,389,412,412,412,125,152,96,96,209,209,238,254,263,339,439,439,479,479,479,479,513,532,557,557,557,557,557],"floor_reached":33,"playtime":1230,"items_purged":["Doubt"],"score":273,"play_id":"03fa0704-8d1c-4ad3-9853-6cea67eabe0c","local_time":"20201209110346","is_ascension_mode":false,"campfire_choices":[{"data":"hermit:Misfire","floor":7,"key":"SMITH"},{"floor":10,"key":"REST"},{"data":"hermit:TakeAim","floor":15,"key":"SMITH"},{"floor":23,"key":"REST"},{"floor":25,"key":"REST"},{"floor":27,"key":"REST"},{"floor":32,"key":"REST"}],"neow_cost":"CURSE","seed_source_timestamp":335262528429500,"circlet_count":0,"master_deck":["hermit:Strike_Hermit","hermit:Strike_Hermit","hermit:Strike_Hermit","hermit:Strike_Hermit","hermit:Defend_Hermit","hermit:Defend_Hermit","hermit:Defend_Hermit","hermit:Defend_Hermit","hermit:Snapshot+1","hermit:Covet","Shame","hermit:Malice","hermit:Dive","hermit:Misfire+1","hermit:BlackWind","hermit:TakeAim+1","hermit:BlackWind","hermit:Enervate","hermit:ItchyTrigger","hermit:Vantage","hermit:DeadOrAlive","hermit:Determination","Decay","hermit:CursedWeapon","hermit:Shortfuse","hermit:LowProfile"],"special_seed":0,"relics":["hermit:Momento","WingedGreaves","Tiny Chest","MealTicket","Pocketwatch","DollysMirror","Busted Crown","Blue Candle","Lantern","Letter Opener","Nloth\u0027s Gift"],"potions_floor_usage":[16,24],"damage_taken":[{"damage":1.0,"enemies":"Cultist","floor":1.0,"turns":4.0},{"damage":0,"enemies":"2 Louse","floor":2,"turns":2},{"damage":10,"enemies":"Small Slimes","floor":5,"turns":3},{"damage":31,"enemies":"3 Sentries","floor":6,"turns":11},{"damage":23,"enemies":"Gremlin Nob","floor":8,"turns":4},{"damage":5,"enemies":"Looter","floor":13,"turns":2},{"damage":29,"enemies":"Slime Boss","floor":16,"turns":9},{"damage":33,"enemies":"3 Byrds","floor":18,"turns":7},{"damage":0,"enemies":"Spheric Guardian","floor":19,"turns":3},{"damage":41,"enemies":"Gremlin Leader","floor":24,"turns":7},{"damage":27,"enemies":"Chosen and Byrds","floor":28,"turns":5},{"damage":19,"enemies":"Sentry and Sphere","floor":29,"turns":4},{"damage":0,"enemies":"Snecko","floor":30,"turns":2},{"damage":54,"enemies":"Champ","floor":33,"turns":5}],"seed_played":"3821254645354633886","potions_obtained":[{"floor":6,"key":"PowerPotion"},{"floor":13,"key":"AttackPotion"},{"floor":18,"key":"Energy Potion"},{"floor":30,"key":"BlessingOfTheForge"}],"is_trial":false,"path_per_floor":["M","M","?","?","M","E","R","E","T","R","?","$","M","$","R","B",null,"M","M","?","T","?","R","E","R","T","R","M","M","M","?","R","B"],"character_chosen":"HERMIT","items_purchased":["hermit:TakeAim","DollysMirror","hermit:ItchyTrigger","hermit:Vantage"],"campfire_rested":5,"item_purchase_floors":[12,12,14,14],"current_hp_per_floor":[74,74,74,74,64,33,33,10,10,32,32,47,42,57,57,28,75,42,42,42,42,42,64,23,45,45,67,40,21,21,21,43,0,0],"gold":557,"neow_bonus":"ONE_RARE_RELIC","is_prod":false,"is_daily":false,"chose_seed":false,"campfire_upgraded":2,"win_rate":0.0,"timestamp":1607529826,"path_taken":["M","M","?","?","M","E","R","E","T","R","?","$","M","$","R","BOSS","M","?","?","?","?","R","E","R","T","R","M","M","?","?","R","BOSS"],"build_version":"2020-11-30","purchased_purges":1,"victory":false,"max_hp_per_floor":[75,75,75,75,75,75,75,75,75,75,75,75,75,75,75,75,75,75,75,75,75,75,75,75,75,75,75,75,75,75,75,75,75,75],"relic_stats":{"Busted Crown":14,"counters":[14,68],"Blue Candle":[3],"Tiny Chest":1,"MealTicket":30,"Nloth\u0027s Gift":0,"Letter Opener":[10],"obtain_stats":[{"Lantern":24,"Busted Crown":17,"DollysMirror":12,"CeramicFish":9,"Blue Candle":21,"Tiny Chest":6,"MealTicket":8,"WingedGreaves":0,"Nloth\u0027s Gift":31,"Letter Opener":26,"hermit:Momento":0,"Pocketwatch":11},{"Lantern":10,"Busted Crown":7,"DollysMirror":5,"CeramicFish":5,"Blue Candle":9,"Tiny Chest":4,"MealTicket":5,"WingedGreaves":0,"Nloth\u0027s Gift":13,"Letter Opener":10,"hermit:Momento":0,"Pocketwatch":5},{"Lantern":52,"Busted Crown":35,"DollysMirror":24,"CeramicFish":24,"Blue Candle":45,"Tiny Chest":20,"MealTicket":24,"WingedGreaves":0,"Nloth\u0027s Gift":63,"Letter Opener":52,"hermit:Momento":0,"Pocketwatch":24}],"Pocketwatch":[39]},"card_choices":[{"not_picked":["hermit:Snipe","hermit:Spite"],"picked":"hermit:Malice","floor":1.0},{"not_picked":["hermit:NoHoldsBarred","hermit:Feint"],"picked":"hermit:Dive","floor":2},{"not_picked":["hermit:Gestalt","hermit:LowProfile","hermit:Dissolve"],"picked":"SKIP","floor":5},{"not_picked":["hermit:HighCaliber","hermit:Glare"],"picked":"hermit:Misfire","floor":6},{"not_picked":["hermit:Roulette","hermit:CalledShot"],"picked":"hermit:BlackWind","floor":8},{"not_picked":["hermit:BodyArmor","hermit:WideOpen"],"picked":"hermit:Enervate","floor":13},{"not_picked":["hermit:Gambit","hermit:HighNoon"],"picked":"hermit:DeadOrAlive","floor":16},{"not_picked":[],"picked":"hermit:Determination","floor":18},{"not_picked":["hermit:Dive"],"picked":"SKIP","floor":19},{"not_picked":[],"picked":"hermit:CursedWeapon","floor":24},{"not_picked":[],"picked":"hermit:Shortfuse","floor":28},{"not_picked":["hermit:Dive"],"picked":"SKIP","floor":29},{"not_picked":[],"picked":"hermit:LowProfile","floor":30}],"player_experience":496355,"relics_obtained":[{"floor":6,"key":"Tiny Chest"},{"floor":8,"key":"MealTicket"},{"floor":9,"key":"CeramicFish"},{"floor":21,"key":"Blue Candle"},{"floor":24,"key":"Lantern"},{"floor":26,"key":"Letter Opener"}],"event_choices":[{"damage_healed":0,"gold_gain":0,"player_choice":"Grow","damage_taken":0,"max_hp_gain":0,"max_hp_loss":0,"event_name":"Living Wall","floor":3,"gold_loss":0,"cards_upgraded":["hermit:Snapshot"]},{"damage_healed":0,"gold_gain":175,"player_choice":"AGREE","damage_taken":0,"max_hp_gain":0,"max_hp_loss":0,"event_name":"Liars Game","floor":4,"gold_loss":0,"cards_obtained":["Doubt"]},{"damage_healed":0,"gold_gain":0,"player_choice":"Gave Potion","damage_taken":0,"relics_obtained":["Pocketwatch"],"max_hp_gain":0,"max_hp_loss":0,"event_name":"WeMeetAgain","floor":11,"gold_loss":0},{"damage_healed":0,"gold_gain":0,"player_choice":"Smashed Altar","damage_taken":0,"max_hp_gain":0,"max_hp_loss":0,"event_name":"Forgotten Altar","floor":20,"gold_loss":0,"cards_obtained":["Decay"]},{"damage_healed":0,"gold_gain":100,"player_choice":"Pray","damage_taken":0,"max_hp_gain":0,"max_hp_loss":0,"event_name":"Golden Shrine","floor":22,"gold_loss":0},{"damage_healed":0,"gold_gain":0,"player_choice":"Traded Relic","damage_taken":0,"relics_obtained":["Nloth\u0027s Gift"],"max_hp_gain":0,"max_hp_loss":0,"event_name":"N\u0027loth","floor":31,"relics_lost":["CeramicFish"],"gold_loss":0}],"is_beta":false,"boss_relics":[{"not_picked":["Ectoplasm","Runic Dome"],"picked":"Busted Crown"}],"items_purged_floors":[12],"is_endless":false,"potions_floor_spawned":[6,13,18,30],"killed_by":"Champ","ascension_level":0}}