{"host":"l4zsyynf3knc4g5z","time":1607537412,"event":{"gold_per_floor":[110,110,110,190,190,190,206,14,65,65,65,85,96,109,109,109,109],"floor_reached":16,"playtime":406,"items_purged":[],"score":90,"play_id":"12fb2d8c-80dc-456d-aa4f-c888aa77f795","local_time":"20201209101012","is_ascension_mode":false,"campfire_choices":[{"data":"Bite","floor":6,"key":"SMITH"},{"data":"dioMod:DoubleTime","floor":10,"key":"SMITH"},{"floor":15,"key":"REST"}],"neow_cost":"NONE","seed_source_timestamp":1581907785742700,"circlet_count":0,"master_deck":["dioMod:Strike+1","dioMod:Strike","dioMod:Strike","dioMod:Strike","Bite+1","dioMod:Defend","dioMod:Defend+1","dioMod:Defend","dioMod:FlyAway","dioMod:DaggerToss","dioMod:BloodSuck","dioMod:DoubleTime+1","dioMod:MudaMudaMuda","dioMod:DominatingPresence","dioMod:Regeneration","dioMod:LaserVision"],"relics":["dioMod:VampireBlood","hubris:Towel","ReplayTheSpireMod:TigerMarble","Blue Doll","MealTicket","Matryoshka","Pantograph"],"potions_floor_usage":[12,13],"damage_taken":[{"damage":0,"enemies":"Small Slimes","floor":1,"turns":3},{"damage":9,"enemies":"Jaw Worm","floor":7,"turns":4},{"damage":6,"enemies":"2 Louse","floor":12,"turns":2},{"damage":9,"enemies":"2 Fungi Beasts","floor":13,"turns":5},{"damage":0,"enemies":"Looter","floor":14,"turns":1},{"damage":119,"enemies":"Hexaghost","floor":16,"turns":15}],"seed_played":"-2792557037696538983","potions_obtained":[{"floor":1,"key":"PowerPotion"}],"is_trial":false,"path_per_floor":["M","?","?","?","?","R","M","$","T","R","$","M","M","M","R","B"],"character_chosen":"THE_DEFAULT","items_purchased":["dioMod:DoubleTime","dioMod:MudaMudaMuda","DuplicationPotion","Blue Doll","MealTicket","Matryoshka","Pantograph"],"campfire_rested":1,"item_purchase_floors":[8,8,8,11,11,11,11],"current_hp_per_floor":[75,75,60,60,60,60,57,57,57,57,6,12,24,33,55,5,5],"gold":109,"neow_bonus":"RANDOM_EVENT","is_prod":false,"is_daily":false,"chose_seed":false,"campfire_upgraded":2,"win_rate":0.0,"timestamp":1607537412,"path_taken":["M","?","?","?","?","R","M","$","T","R","?","M","M","M","R","BOSS"],"build_version":"2020-11-30","purchased_purges":0,"victory":false,"max_hp_per_floor":[75,75,75,75,75,75,75,75,75,75,75,75,75,75,75,75,75],"card_choices":[{"not_picked":["dioMod:CoffinBath","dioMod:Hiss"],"picked":"dioMod:FlyAway","floor":1},{"not_picked":["dioMod:DaggerSpree","dioMod:FlyAway"],"picked":"dioMod:BloodSuck","floor":7},{"not_picked":["dioMod:BloodShield","dioMod:Minions"],"picked":"dioMod:DominatingPresence","floor":12},{"not_picked":["dioMod:BloodSplash","dioMod:CutDeep"],"picked":"dioMod:Regeneration","floor":13},{"not_picked":["dioMod:Roundabout","dioMod:SlashThroughTime"],"picked":"dioMod:LaserVision","floor":14}],"player_experience":83292,"relics_obtained":[{"floor":9,"key":"ReplayTheSpireMod:TigerMarble"}],"event_choices":[{"damage_healed":0,"gold_gain":0,"player_choice":"Entered Light","damage_taken":15,"max_hp_gain":0,"max_hp_loss":0,"event_name":"Shining Light","floor":3,"gold_loss":0,"cards_upgraded":["dioMod:Strike","dioMod:Defend"]}],"is_beta":false,"boss_relics":[],"items_purged_floors":[],"is_endless":false,"potions_floor_spawned":[1],"killed_by":"Hexaghost","ascension_level":0}}