{"host":"htpechobqgpaugnv","time":1607492395,"event":{"gold_per_floor":[111,36,1,1,15,15,45,45,96,107,133,146,221,282,282,361,361,371,371,386,386,52,52,52,80,80,130,230,265,265,11,11,11,11],"floor_reached":33,"playtime":689,"items_purged":["Strike_P","Decay","BattleHymn"],"score":724,"play_id":"8a69c45f-0f8c-4f22-8214-4c039526fa93","local_time":"20201208233955","is_ascension_mode":true,"campfire_choices":[{"data":"Tantrum","floor":6.0,"key":"SMITH"},{"data":"SignatureMove","floor":8.0,"key":"SMITH"},{"data":"Eruption","floor":15.0,"key":"SMITH"},{"data":"Establishment","floor":23.0,"key":"SMITH"},{"data":"TalkToTheHand","floor":30,"key":"SMITH"},{"data":"Tantrum","floor":32,"key":"SMITH"}],"neow_cost":"NONE","seed_source_timestamp":71835165180300,"circlet_count":0,"master_deck":["AscendersBane","Strike_P+1","Strike_P+1","Defend_P","Defend_P","Defend_P","Eruption+1","Vigilance","Tantrum+1","SignatureMove+1","FlurryOfBlows","SpiritShield","Establishment+1","Necronomicurse","TalkToTheHand+1","Tantrum+1","Wallop"],"special_seed":0,"relics":["PureWater","NeowsBlessing","Whetstone","Bag of Preparation","Juzu Bracelet","Darkstone Periapt","Empty Cage","Necronomicon","Lantern","Incense Burner","Blue Candle","StoneCalendar","Bottled Lightning","Boot"],"potions_floor_usage":[28,33],"damage_taken":[{"damage":0.0,"enemies":"Jaw Worm","floor":1.0,"turns":1.0},{"damage":0.0,"enemies":"2 Louse","floor":5.0,"turns":1.0},{"damage":0.0,"enemies":"Lagavulin","floor":7.0,"turns":1.0},{"damage":0.0,"enemies":"Cultist","floor":10.0,"turns":2.0},{"damage":0.0,"enemies":"Gremlin Nob","floor":11.0,"turns":2.0},{"damage":7.0,"enemies":"2 Fungi Beasts","floor":12.0,"turns":3.0},{"damage":0.0,"enemies":"Gremlin Nob","floor":14.0,"turns":2.0},{"damage":22.0,"enemies":"Hexaghost","floor":16.0,"turns":6.0},{"damage":20.0,"enemies":"2 Thieves","floor":18.0,"turns":4.0},{"damage":0.0,"enemies":"Spheric Guardian","floor":20.0,"turns":2.0},{"damage":0.0,"enemies":"Gremlin Leader","floor":25.0,"turns":2.0},{"damage":4,"enemies":"Colosseum Slavers","floor":28,"turns":4},{"damage":5,"enemies":"Colosseum Nobs","floor":28,"turns":5},{"damage":15,"enemies":"Book of Stabbing","floor":29,"turns":5},{"damage":10,"enemies":"Champ","floor":33,"turns":2}],"seed_played":"-3278686344140649237","potions_obtained":[{"floor":1.0,"key":"StancePotion"},{"floor":7.0,"key":"LiquidMemories"},{"floor":14.0,"key":"FearPotion"},{"floor":25.0,"key":"Ancient Potion"}],"is_trial":false,"path_per_floor":["M","$","?","?","M","R","E","R","T","M","E","M","?","?","R","B",null,"M","?","M","?","$","R","$","E","T","?","?","E","R","$","R","B"],"character_chosen":"WATCHER","items_purchased":["TalkToTheHand","Lantern","Wallop","Strength Potion"],"campfire_rested":0,"item_purchase_floors":[22,22,31,31],"current_hp_per_floor":[61,61,68,68,68,68,68,68,68,68,68,61,50,50,50,28,58,38,44,44,29,29,29,29,29,29,29,20,5,5,5,5,0,0],"gold":11,"neow_bonus":"THREE_ENEMY_KILL","is_prod":false,"is_daily":false,"chose_seed":false,"campfire_upgraded":6,"win_rate":0,"timestamp":1607492395,"path_taken":["M","$","?","?","?","R","E","R","T","M","E","M","?","?","R","BOSS","M","?","M","?","?","R","$","E","T","?","?","E","R","$","R","BOSS"],"build_version":"2020-11-30","purchased_purges":3,"victory":false,"max_hp_per_floor":[68,68,68,68,68,68,68,68,68,68,68,68,68,68,68,68,68,68,74,74,80,80,80,80,80,80,80,80,80,80,80,80,80,80],"relic_stats":{"Darkstone Periapt":12,"counters":[15,42],"Blue Candle":[0],"StoneCalendar":[0],"Bag of Preparation":[24],"Juzu Bracelet":1,"Necronomicon":[2],"Whetstone":["Strike_P","Strike_P"],"Boot":[0],"obtain_stats":[{"Darkstone Periapt":14,"Lantern":22,"NeowsBlessing":0,"Blue Candle":26,"StoneCalendar":28,"Bag of Preparation":9,"Juzu Bracelet":11,"Incense Burner":25,"Whetstone":7,"Empty Cage":17,"Boot":29,"Necronomicon":21,"Bottled Lightning":28,"PureWater":0},{"Darkstone Periapt":7,"Lantern":10,"NeowsBlessing":0,"Blue Candle":11,"StoneCalendar":13,"Bag of Preparation":3,"Juzu Bracelet":5,"Incense Burner":11,"Whetstone":3,"Empty Cage":8,"Boot":14,"Necronomicon":10,"Bottled Lightning":13,"PureWater":0},{"Darkstone Periapt":12,"Lantern":24,"NeowsBlessing":0,"Blue Candle":26,"StoneCalendar":35,"Bag of Preparation":3,"Juzu Bracelet":7,"Incense Burner":26,"Whetstone":3,"Empty Cage":18,"Boot":40,"Necronomicon":24,"Bottled Lightning":35,"PureWater":0}]},"card_choices":[{"not_picked":["Study","Collect"],"picked":"Tantrum","floor":1.0},{"not_picked":["ThirdEye","Consecrate"],"picked":"EmptyFist","floor":5.0},{"not_picked":["BowlingBash","ClearTheMind"],"picked":"SignatureMove","floor":7.0},{"not_picked":["Prostrate","InnerPeace"],"picked":"FlurryOfBlows","floor":10.0},{"not_picked":["ForeignInfluence","Fasting2"],"picked":"BattleHymn","floor":11.0},{"not_picked":["Crescendo","EmptyFist","LikeWater"],"picked":"SKIP","floor":12.0},{"not_picked":["FlyingSleeves","Indignation"],"picked":"SpiritShield","floor":14.0},{"not_picked":["ConjureBlade","Devotion"],"picked":"Establishment","floor":16.0},{"not_picked":["CarveReality","FlyingSleeves","SashWhip"],"picked":"SKIP","floor":18.0},{"not_picked":["JustLucky","CarveReality","InnerPeace"],"picked":"SKIP","floor":20.0},{"not_picked":["Judgement","ThirdEye","Prostrate"],"picked":"SKIP","floor":25.0},{"not_picked":["Study","CrushJoints"],"picked":"Tantrum","floor":29}],"player_experience":1253168,"relics_obtained":[{"floor":7.0,"key":"Whetstone"},{"floor":9.0,"key":"Bag of Preparation"},{"floor":11.0,"key":"Juzu Bracelet"},{"floor":14.0,"key":"Darkstone Periapt"},{"floor":21.0,"key":"Necronomicon"},{"floor":25.0,"key":"Incense Burner"},{"floor":26.0,"key":"Blue Candle"},{"floor":28,"key":"StoneCalendar"},{"floor":28,"key":"Bottled Lightning"},{"floor":29,"key":"Boot"}],"event_choices":[{"damage_healed":17.0,"max_hp_gain":0.0,"max_hp_loss":0.0,"gold_gain":0.0,"event_name":"The Cleric","player_choice":"Healed","floor":3.0,"gold_loss":35.0,"damage_taken":0.0},{"cards_removed":["Defend_P"],"damage_healed":0.0,"max_hp_gain":0.0,"max_hp_loss":0.0,"gold_gain":0.0,"event_name":"Bonfire Elementals","player_choice":"Offered Basic","floor":4.0,"gold_loss":0.0,"damage_taken":0.0},{"damage_healed":0.0,"max_hp_gain":0.0,"max_hp_loss":0.0,"gold_gain":75.0,"event_name":"World of Goop","player_choice":"Gather Gold","floor":13.0,"gold_loss":0.0,"damage_taken":11.0},{"damage_healed":0.0,"max_hp_gain":0.0,"max_hp_loss":0.0,"gold_gain":0.0,"event_name":"Dead Adventurer","player_choice":"Searched \u00272\u0027 times","floor":14.0,"gold_loss":0.0,"damage_taken":0.0},{"damage_healed":0.0,"max_hp_gain":0.0,"max_hp_loss":0.0,"gold_gain":0.0,"event_name":"Forgotten Altar","player_choice":"Smashed Altar","floor":19.0,"gold_loss":0.0,"damage_taken":0.0,"cards_obtained":["Decay"]},{"damage_healed":0.0,"max_hp_gain":0.0,"max_hp_loss":0.0,"gold_gain":0.0,"event_name":"Cursed Tome","player_choice":"Obtained Book","floor":21.0,"gold_loss":0.0,"damage_taken":21.0},{"damage_healed":0.0,"max_hp_gain":0.0,"max_hp_loss":0.0,"gold_gain":100.0,"event_name":"The Joust","player_choice":"Bet on Murderer","floor":27.0,"gold_loss":50.0,"damage_taken":0.0},{"damage_healed":0,"gold_gain":0,"player_choice":"Fight","damage_taken":0,"max_hp_gain":0,"max_hp_loss":0,"event_name":"Colosseum","floor":28,"gold_loss":0},{"damage_healed":0,"gold_gain":0,"player_choice":"Fought Nobs","damage_taken":0,"max_hp_gain":0,"max_hp_loss":0,"event_name":"Colosseum","floor":28,"gold_loss":0}],"is_beta":false,"boss_relics":[{"not_picked":["SlaversCollar","VioletLotus"],"picked":"Empty Cage"}],"items_purged_floors":[2,22,31],"is_endless":false,"potions_floor_spawned":[1,7,10,14,25,28],"killed_by":"Champ","ascension_level":20}}