{"host":"h8h023bmayim76y3","time":1607547805,"event":{"gold_per_floor":[109,126,15,15,15,31,44,44,44,44,55,80,80,107,107,205,205,223,223,683,683,683],"floor_reached":21,"playtime":1381,"items_purged":[],"score":177,"play_id":"f8c42a42-b296-4567-a689-25df1efc7a65","local_time":"20201209190325","is_ascension_mode":false,"campfire_choices":[{"data":"Eruption","floor":8,"key":"SMITH"},{"data":"Replay:Vibes","floor":10,"key":"SMITH"},{"floor":13,"key":"REST"},{"data":"Collect","floor":15,"key":"SMITH"}],"neow_cost":"CURSE","seed_source_timestamp":18731440531300,"circlet_count":0,"master_deck":["Strike_P","Strike_P","Strike_P","Strike_P","Defend_P","Defend_P","Defend_P","Defend_P","Eruption+1","Vigilance","Guardian:Aged","FlurryOfBlows","Wireheading","Replay:Vibes","Replay:Vibes+1","CutThroughFate","Nirvana","Swivel","MasterReality","Collect+1","Brilliance","Fasting2"],"relics":["PureWater","Hallownest:DreamNailRelic","Bottled Lightning","Happy Flower","hubris:Metronome","Philosopher\u0027s Stone","Toy Ornithopter"],"potions_floor_usage":[7,11,18],"damage_taken":[{"damage":2,"enemies":"Hallownest:monsterHuskGuard","floor":1,"turns":3},{"damage":1,"enemies":"2_ Uuma","floor":2,"turns":4},{"damage":7,"enemies":"Hallownest:2_MossCreeps","floor":6,"turns":5},{"damage":35,"enemies":"Hallownest:Guard_and_Warrior","floor":7,"turns":4},{"damage":16,"enemies":"Hallownest:Wandering_and_Horned","floor":11,"turns":4},{"damage":9,"enemies":"Hallownest:eliteCrystalGuardian","floor":14,"turns":5},{"damage":7,"enemies":"Hallownest:BossBrokenVessel","floor":16,"turns":7},{"damage":31,"enemies":"Hallownest:Guard_and_Sentry","floor":18,"turns":4},{"damage":50,"enemies":"Hallownest:3_Youths","floor":21,"turns":3}],"seed_played":"5668224857068453477","potions_obtained":[{"floor":1,"key":"DistilledChaos"},{"floor":2,"key":"Fruit Juice"},{"floor":7,"key":"SteroidPotion"},{"floor":16,"key":"Weak Potion"},{"floor":18,"key":"Reflective Coating"}],"is_trial":false,"path_per_floor":["M","M","$","?","?","M","M","R","T","R","M","T","R","E","R","B",null,"M","?","?","M"],"character_chosen":"WATCHER","items_purchased":["Replay:Vibes","CutThroughFate"],"campfire_rested":1,"item_purchase_floors":[3,3],"current_hp_per_floor":[70,69,69,69,69,62,27,27,27,27,16,16,39,30,30,23,77,46,46,46,0,0],"gold":683,"neow_bonus":"ONE_RARE_RELIC","is_prod":false,"is_daily":false,"chose_seed":false,"campfire_upgraded":3,"win_rate":0.0,"timestamp":1607547805,"path_taken":["M","M","?","?","?","M","?","R","T","R","M","?","R","E","R","BOSS","M","?","?","M"],"build_version":"2020-11-30","purchased_purges":0,"victory":false,"max_hp_per_floor":[72,72,72,72,72,72,72,72,72,72,77,77,77,77,77,77,77,77,77,77,77,77],"card_choices":[{"not_picked":["Crescendo","PathToVictory"],"picked":"FlurryOfBlows","floor":1},{"not_picked":["ThirdEye","CutThroughFate"],"picked":"Wireheading","floor":2},{"not_picked":["EmptyMind","EmptyBody"],"picked":"Nirvana","floor":6},{"not_picked":["Evaluate","Protect"],"picked":"Swivel","floor":7},{"not_picked":["ReachHeaven","FlurryOfBlows"],"picked":"MasterReality","floor":11},{"not_picked":["Protect","Replay:BluntJabs"],"picked":"Collect","floor":14},{"not_picked":["MasterReality","DeusExMachina"],"picked":"Brilliance","floor":16},{"not_picked":["Prostrate","FlyingSleeves"],"picked":"Fasting2","floor":18}],"player_experience":94245,"relics_obtained":[{"floor":9,"key":"Bottled Lightning"},{"floor":12,"key":"Happy Flower"},{"floor":14,"key":"hubris:Metronome"}],"event_choices":[],"is_beta":false,"boss_relics":[{"not_picked":["Kintsugi","Black Star"],"picked":"Philosopher\u0027s Stone"}],"items_purged_floors":[],"is_endless":false,"potions_floor_spawned":[1,2,7,16,18],"killed_by":"Hallownest:3_Youths","ascension_level":0}}