{"host":"n3cy3kvidykvt4jk","time":1607474243,"event":{"gold_per_floor":[115,115,4,4,20,48,65,94,146,166,166,166,177,24,24,128,128,144,99,99,99,119,119,136,136,136,161,176,80,80,104,116,128,128],"floor_reached":33,"playtime":1792,"items_purged":[],"score":303,"play_id":"82194e9c-dbbd-49f2-a30b-457c59dda861","local_time":"20201209033723","is_ascension_mode":true,"campfire_choices":[{"data":"Inflame","floor":15,"key":"SMITH"},{"data":"Armaments","floor":23,"key":"SMITH"},{"data":"Hemokinesis","floor":25,"key":"SMITH"},{"floor":32,"key":"REST"}],"neow_cost":"NONE","seed_source_timestamp":7135976070100,"circlet_count":0,"master_deck":["Strike_R+1","Strike_R+1","Strike_R+1","Strike_R+1","Strike_R+1","Defend_R+1","Defend_R+1","Defend_R+1","Defend_R+1","Cleave","Twin Strike","Impatience","Iron Wave","Inflame+1","Hemokinesis+1","Pommel Strike","Shrug It Off","Reaper","Sword Boomerang","Armaments+1","Shrug It Off","Inflame+1","Bloodletting+1","Flash of Steel","Shrug It Off+1"],"relics":["Burning Blood","Eternal Feather","Omamori","Potion Belt","Pen Nib","MerchantsRug","Philosopher\u0027s Stone","Toxic Egg 2","Charon\u0027s Ashes","MawBank"],"potions_floor_usage":[6,16,16,16,16,27,31],"damage_taken":[{"damage":19,"enemies":"Small Slimes","floor":1,"turns":4},{"damage":2,"enemies":"Jaw Worm","floor":5,"turns":3},{"damage":30,"enemies":"3 Sentries","floor":6,"turns":8},{"damage":1,"enemies":"Cultist","floor":7,"turns":3},{"damage":46,"enemies":"Lagavulin","floor":8,"turns":7},{"damage":2,"enemies":"Exordium Wildlife","floor":10,"turns":3},{"damage":1,"enemies":"2 Fungi Beasts","floor":13,"turns":3},{"damage":38,"enemies":"Hexaghost","floor":16,"turns":9},{"damage":44,"enemies":"3 Byrds","floor":18,"turns":4},{"damage":2,"enemies":"Spheric Guardian","floor":22,"turns":3},{"damage":16,"enemies":"Snake Plant","floor":24,"turns":4},{"damage":50,"enemies":"Book of Stabbing","floor":27,"turns":6},{"damage":14,"enemies":"Sentry and Sphere","floor":28,"turns":4},{"damage":37,"enemies":"Shelled Parasite and Fungi","floor":31,"turns":4},{"damage":65,"enemies":"Champ","floor":33,"turns":6}],"seed_played":"3068874387560559379","potions_obtained":[{"floor":0,"key":"SmokeBomb"},{"floor":0,"key":"Fruit Juice"},{"floor":0,"key":"Weak Potion"},{"floor":6,"key":"Strength Potion"},{"floor":10,"key":"PowerPotion"},{"floor":13,"key":"AttackPotion"},{"floor":18,"key":"Energy Potion"},{"floor":28,"key":"PowerPotion"},{"floor":31,"key":"SpeedPotion"}],"is_trial":false,"path_per_floor":["M","?","$","?","M","E","M","E","T","M","?","?","M","$","R","B",null,"M","$","?","?","M","R","M","R","T","E","M","$","T","M","R","B"],"character_chosen":"IRONCLAD","items_purchased":["Twin Strike","Impatience","MerchantsRug","Armaments","Flash of Steel"],"campfire_rested":1,"item_purchase_floors":[3,3,14,19,29],"current_hp_per_floor":[67,64,64,64,68,49,54,14,14,18,46,67,72,72,81,49,85,47,47,47,47,51,63,58,70,70,40,36,36,36,19,59,0,0],"gold":128,"neow_bonus":"THREE_SMALL_POTIONS","is_prod":false,"is_daily":false,"chose_seed":false,"campfire_upgraded":3,"win_rate":0,"timestamp":1607474243,"path_taken":["M","?","$","?","?","E","M","E","T","M","?","?","?","$","R","BOSS","M","$","?","?","M","R","?","R","T","E","M","$","?","M","R","BOSS"],"build_version":"2020-11-30","purchased_purges":0,"victory":false,"max_hp_per_floor":[80,80,80,80,80,85,85,85,85,85,85,85,85,85,85,85,85,85,85,85,85,85,85,85,85,85,85,85,85,85,85,85,85,85],"card_choices":[{"not_picked":["Searing Blow","Clothesline"],"picked":"Cleave","floor":1},{"not_picked":["Warcry","Feel No Pain"],"picked":"Iron Wave","floor":5},{"not_picked":["True Grit","Searing Blow","Sentinel"],"picked":"SKIP","floor":6},{"not_picked":["Second Wind","Bloodletting"],"picked":"Inflame","floor":7},{"not_picked":["Brutality","Dark Embrace"],"picked":"Hemokinesis","floor":8},{"not_picked":["Battle Trance","Body Slam"],"picked":"Pommel Strike","floor":10},{"not_picked":["True Grit","Clothesline"],"picked":"Shrug It Off","floor":13},{"not_picked":["Bludgeon","Feed"],"picked":"Reaper","floor":16},{"not_picked":["Sever Soul","Ghostly Armor+1"],"picked":"Sword Boomerang","floor":18},{"not_picked":["Carnage","Heavy Blade"],"picked":"Shrug It Off","floor":22},{"not_picked":["True Grit","Cleave","Perfected Strike"],"picked":"SKIP","floor":24},{"not_picked":["Twin Strike","Body Slam"],"picked":"Inflame+1","floor":27},{"not_picked":["Warcry+1","Havoc+1"],"picked":"Bloodletting+1","floor":28},{"not_picked":["Feel No Pain","Sentinel+1"],"picked":"Shrug It Off+1","floor":31}],"player_experience":462751,"relics_obtained":[{"floor":6,"key":"Omamori"},{"floor":8,"key":"Potion Belt"},{"floor":9,"key":"Pen Nib"},{"floor":26,"key":"Toxic Egg 2"},{"floor":27,"key":"Charon\u0027s Ashes"},{"floor":30,"key":"MawBank"}],"event_choices":[{"damage_healed":0,"gold_gain":0,"player_choice":"Success","damage_taken":3,"relics_obtained":["Eternal Feather"],"max_hp_gain":0,"max_hp_loss":0,"event_name":"Scrap Ooze","floor":2,"gold_loss":0},{"cards_removed":["Bash"],"damage_healed":0,"gold_gain":0,"player_choice":"Offered Basic","damage_taken":0,"max_hp_gain":0,"max_hp_loss":0,"event_name":"Bonfire Elementals","floor":4,"gold_loss":0},{"damage_healed":28,"gold_gain":0,"player_choice":"Banana","damage_taken":0,"max_hp_gain":0,"max_hp_loss":0,"event_name":"Big Fish","floor":11,"gold_loss":0},{"damage_healed":21,"gold_gain":0,"player_choice":"Healed and dodged fight","damage_taken":0,"max_hp_gain":0,"max_hp_loss":0,"event_name":"Mushrooms","floor":12,"gold_loss":0,"cards_obtained":["Parasite"]},{"damage_healed":0,"gold_gain":0,"player_choice":"Ignored","damage_taken":0,"max_hp_gain":0,"max_hp_loss":0,"event_name":"Vampires","floor":20,"gold_loss":0},{"damage_healed":0,"gold_gain":0,"player_choice":"Simplicity","damage_taken":0,"max_hp_gain":0,"max_hp_loss":0,"event_name":"Back to Basics","floor":21,"gold_loss":0,"cards_upgraded":["Strike_R","Strike_R","Strike_R","Strike_R","Strike_R","Defend_R","Defend_R","Defend_R","Defend_R"]}],"is_beta":false,"boss_relics":[{"not_picked":["SlaversCollar","Black Blood"],"picked":"Philosopher\u0027s Stone"}],"items_purged_floors":[],"is_endless":false,"potions_floor_spawned":[6,7,10,13,18,28,31],"killed_by":"Champ","ascension_level":2}}