{"host":"irbs4k8g1zbsytxn","time":1607475229,"event":{"gold_per_floor":[116,129,143,143,14,14,47,47,47,67,89,122,133,151,151,246,246,257,18,33,45,60,86,86,105,105,130,130,130,156,156,156,256,256,275,288,303,323,25,25,38,69,123,141,141,161,173,173,173],"floor_reached":48,"playtime":6843,"items_purged":["Strike_R","hubris:Lust"],"score":669,"play_id":"d187fd9f-26e3-4c57-8e30-647b0e23df21","local_time":"20201209085349","is_ascension_mode":true,"campfire_choices":[{"data":"Armaments","floor":6,"key":"SMITH"},{"data":"Armaments","floor":8,"key":"SMITH"},{"data":"Armaments","floor":15,"key":"SMITH"},{"data":"Armaments","floor":24,"key":"SMITH"},{"data":"Armaments","floor":29,"key":"SMITH"},{"floor":32,"key":"REST"},{"data":"Feed","floor":40,"key":"SMITH"}],"neow_cost":"NONE","seed_source_timestamp":1810306041163100,"circlet_count":0,"master_deck":["Strike_R","Defend_R","Defend_R","Defend_R","Defend_R","Bash","Body Slam","Body Slam","Iron Wave","Armaments+1","Armaments+1","Feed+1","Entrench","Armaments+1","Armaments+1","Rampage","Immolate","Bandage Up+1","Armaments+1","hubris:ReadiedAction+1","Double Tap","Headbutt","Impervious","Massacre+1","Fiend Fire+1","Perfected Strike+1","Combust+1","Rage","Parasite","Demonic Infusion+1","Heavy Blade","Heavy Blade+1","Fire Breathing","Slimebound:Icky","Metallicize+1"],"relics":["Burning Blood","NeowsBlessing","Vajra","hubris:Spice","Odd Mushroom","King of Hearts","Sundial","War Paint","White Beast Statue","Golden Egg","theJungle:WildPear","Astrolabe","Regal Pillow","ReplayTheSpireMod:Ring of Addiction","Toy Ornithopter","Chameleon Ring","ReplayTheSpireMod:Ring of Challenge"],"potions_floor_usage":[12,12,16,27,30,33,37,38,38,42,42,44,46,46,46,47,48],"damage_taken":[{"damage":0,"enemies":"Jaw Worm","floor":1,"turns":1},{"damage":0,"enemies":"Cultist","floor":2,"turns":1},{"damage":0,"enemies":"2 Louse","floor":3,"turns":1},{"damage":14,"enemies":"HollowMod:MossKnight","floor":7,"turns":16},{"damage":10,"enemies":"2 Fungi Beasts","floor":10,"turns":3},{"damage":9,"enemies":"The Mushroom Lair","floor":11,"turns":6},{"damage":0,"enemies":"3 Sentries","floor":12,"turns":9},{"damage":7,"enemies":"Exordium Wildlife","floor":13,"turns":5},{"damage":3,"enemies":"Blue Slaver","floor":14,"turns":3},{"damage":32,"enemies":"The Guardian","floor":16,"turns":13},{"damage":23,"enemies":"Shell Parasite","floor":18,"turns":9},{"damage":1,"enemies":"theJungle:5_Spyders","floor":20,"turns":8},{"damage":22,"enemies":"Snake Plant","floor":21,"turns":6},{"damage":2,"enemies":"theJungle:Lyon","floor":22,"turns":6},{"damage":74,"enemies":"theJungle:MamaSnecko","floor":23,"turns":10},{"damage":12,"enemies":"theJungle:SlimyTreeVines","floor":25,"turns":11},{"damage":20,"enemies":"theJungle:Cassacara","floor":27,"turns":4},{"damage":12,"enemies":"theJungle:2_Phrogs","floor":30,"turns":6},{"damage":15,"enemies":"theJungle:QueenSpyder","floor":33,"turns":13},{"damage":20,"enemies":"3 Shapes","floor":35,"turns":3},{"damage":0,"enemies":"Orb Walker","floor":36,"turns":3},{"damage":15,"enemies":"4 Shapes","floor":37,"turns":3},{"damage":31,"enemies":"Writhing Mass","floor":38,"turns":6},{"damage":45,"enemies":"Sphere and 2 Shapes","floor":41,"turns":7},{"damage":36,"enemies":"Nemesis","floor":42,"turns":11},{"damage":1,"enemies":"3 Darklings","floor":44,"turns":4},{"damage":38,"enemies":"Writhing Mass","floor":46,"turns":7},{"damage":13,"enemies":"Jaw Worm Horde","floor":47,"turns":3},{"damage":53,"enemies":"Maw","floor":48,"turns":7}],"seed_played":"1961875991140279008","potions_obtained":[{"floor":2,"key":"Energy Potion"},{"floor":11,"key":"LiquidMemories"},{"floor":12,"key":"Weak Potion"},{"floor":25,"key":"Reflective Coating"},{"floor":27,"key":"Adrenaline Potion"},{"floor":30,"key":"PowerPotion"},{"floor":33,"key":"Languid Potion"},{"floor":35,"key":"ElixirPotion"},{"floor":36,"key":"SkillPotion"},{"floor":37,"key":"Adrenaline Potion"},{"floor":38,"key":"LifebloodPotion"},{"floor":41,"key":"DuplicationPotion"},{"floor":42,"key":"Block Potion"},{"floor":44,"key":"BlessingOfTheForge"},{"floor":45,"key":"CultistPotion"},{"floor":45,"key":"Regen Potion"},{"floor":46,"key":"LifebloodPotion"},{"floor":47,"key":"DistilledChaos"}],"is_trial":false,"path_per_floor":["M","M","M","?","$","R","E","R","T","M","?","E","M","M","R","B",null,"M","$","M","M","M","E","R","M","T","E","?","R","E","?","R","B",null,"M","M","M","M","$","R","M","E","T","M","?","M","M","M"],"character_chosen":"IRONCLAD","items_purchased":["Armaments","Bandage Up","Armaments","hubris:Spice"],"campfire_rested":1,"item_purchase_floors":[5,19,19,39],"current_hp_per_floor":[80,80,80,80,80,80,72,72,80,76,76,86,88,94,94,68,109,96,96,109,101,115,53,53,59,59,55,55,55,55,65,99,96,107,96,102,99,74,74,74,41,17,17,28,28,36,38,0,0],"gold":173,"neow_bonus":"THREE_ENEMY_KILL","is_prod":false,"is_daily":false,"chose_seed":false,"campfire_upgraded":6,"win_rate":0,"timestamp":1607475229,"path_taken":["M","M","M","?","$","R","E","R","T","?","?","E","M","M","R","BOSS","M","$","M","M","M","E","R","M","T","E","?","R","E","?","R","BOSS","M","M","M","M","$","R","M","E","T","M","?","M","M","M"],"build_version":"2020-11-30","purchased_purges":2,"victory":false,"max_hp_per_floor":[80,80,80,80,80,80,80,80,88,88,91,95,98,101,101,101,109,105,105,109,113,117,117,117,109,109,113,113,113,105,115,115,107,107,110,102,102,102,94,94,94,94,86,86,86,90,86,86,86],"card_choices":[{"not_picked":["Replay:Undeath\u0027s Touch","Inflame"],"picked":"Body Slam","floor":1},{"not_picked":["Cleave","Sword Boomerang"],"picked":"Body Slam","floor":2},{"not_picked":["ReplayTheSpireMod:Strike From Hell","ReplayTheSpireMod:Corrosion Curse"],"picked":"Iron Wave","floor":3},{"not_picked":["hubris:ReadiedAction","Seeing Red"],"picked":"Armaments","floor":7},{"not_picked":["Uppercut","Headbutt"],"picked":"Feed","floor":10},{"not_picked":["hubris:ReadiedAction","Body Slam"],"picked":"Entrench","floor":11},{"not_picked":["Immolate","Twin Strike"],"picked":"Armaments","floor":12},{"not_picked":["Second Wind","Thunderclap"],"picked":"Armaments","floor":13},{"not_picked":["Dropkick","Sever Soul"],"picked":"Rampage","floor":14},{"not_picked":["Bludgeon","Replay:Many Hands"],"picked":"Immolate","floor":16},{"not_picked":["Body Slam+1","Power Through"],"picked":"hubris:SpiceAddiction","floor":18},{"not_picked":["Twin Strike","Burning Pact"],"picked":"hubris:ReadiedAction","floor":20},{"not_picked":["Thunderclap","Rupture+1"],"picked":"Double Tap","floor":21},{"not_picked":["True Grit","Pommel Strike"],"picked":"Headbutt","floor":22},{"not_picked":["Reckless Charge","Clash","Havoc"],"picked":"SKIP","floor":23},{"not_picked":["Inflame","Warcry"],"picked":"hubris:SpiceAddiction","floor":25},{"not_picked":["Run Through","Clothesline"],"picked":"Impervious","floor":27},{"not_picked":["hubris:SpiceAddiction","Disarm"],"picked":"hubris:SpiceAddiction","floor":30},{"not_picked":["Demon Form","Exhume"],"picked":"hubris:SpiceAddiction","floor":33},{"not_picked":["hubris:CleavingFinish","Thunderclap"],"picked":"Combust+1","floor":35},{"not_picked":["hubris:SpiceAddiction","Anger"],"picked":"hubris:SpiceAddiction","floor":36},{"not_picked":["Perfected Strike","Replay:Undeath\u0027s Touch"],"picked":"Rage","floor":37},{"not_picked":["Reckless Charge","Clothesline"],"picked":"Demonic Infusion","floor":38},{"not_picked":["True Grit+1","Replay:Many Hands"],"picked":"Heavy Blade","floor":41},{"not_picked":["hubris:SpiceAddiction","Hemokinesis+1"],"picked":"Heavy Blade+1","floor":42},{"not_picked":["Clothesline+1","Feel No Pain"],"picked":"Fire Breathing","floor":44},{"not_picked":["Run Through+1","Pommel Strike"],"picked":"Metallicize+1","floor":46},{"not_picked":["Pommel Strike+1","Replay:Undeath\u0027s Touch+1"],"picked":"hubris:SpiceAddiction","floor":47}],"player_experience":210670,"relics_obtained":[{"floor":7,"key":"Vajra"},{"floor":9,"key":"hubris:Spice"},{"floor":11,"key":"Odd Mushroom"},{"floor":12,"key":"King of Hearts"},{"floor":23,"key":"Sundial"},{"floor":26,"key":"War Paint"},{"floor":27,"key":"White Beast Statue"},{"floor":30,"key":"Golden Egg"},{"floor":42,"key":"Regal Pillow"},{"floor":43,"key":"hubris:Spice"},{"floor":45,"key":"ReplayTheSpireMod:Ring of Addiction"},{"floor":45,"key":"Toy Ornithopter"},{"floor":45,"key":"Chameleon Ring"},{"floor":45,"key":"ReplayTheSpireMod:Ring of Challenge"}],"event_choices":[{"damage_healed":0,"gold_gain":0,"player_choice":"1 cards matched","damage_taken":0,"max_hp_gain":0,"max_hp_loss":0,"event_name":"Match and Keep!","floor":4,"gold_loss":0,"cards_obtained":["hubris:Lust"]},{"damage_healed":0,"gold_gain":0,"player_choice":"Fought Mushrooms","damage_taken":0,"max_hp_gain":0,"max_hp_loss":0,"event_name":"Mushrooms","floor":11,"gold_loss":0}],"is_beta":false,"boss_relics":[{"not_picked":["Black Star","Coffee Dripper"],"picked":"hubris:Spice"},{"not_picked":["hubris:Spice","hubris:Spice"],"picked":"Astrolabe"}],"items_purged_floors":[5,19],"is_endless":false,"potions_floor_spawned":[2,11,12,25,27,30,33,35,36,37,38,41,42,44,46,47],"killed_by":"Maw","ascension_level":2}}