{"host":"algsmj0d39hb1wv0","time":1607547361,"event":{"gold_per_floor":[1188,1188,1188,1212,393,393,429,449,449,468,105,140,159,180,180,310,310,333,371,392,1994,2010,2048,1475,1510,1510,1524,1524,1568,1592,1717,1717,1846,1846,1860,1598,1598,1598,1931,1962,1562,1579,1579,1609,1624,1624,1846,1846,1846,1846,1846,1846,1529,1559,1559],"floor_reached":56,"playtime":5026,"items_purged":["Injury","Strike_G","Strike_G","Strike_G","Strike_G","Strike_G","Defend_G+1"],"score":1596,"play_id":"6cfcf208-2bb6-4bad-b0dc-251d1f2eeb0f","local_time":"20201209155601","is_ascension_mode":false,"campfire_choices":[{"data":"Accuracy","floor":6.0,"key":"SMITH"},{"data":"Infinite Blades","floor":15.0,"key":"SMITH"},{"floor":28,"key":"RECALL"},{"data":"Dagger Spray","floor":32,"key":"SMITH"},{"floor":49,"key":"REST"},{"floor":52,"key":"REST"}],"neow_cost":"NONE","seed_source_timestamp":2140832858365600,"circlet_count":0,"master_deck":["Defend_G+1","Defend_G+1","Defend_G+1","Defend_G+1","Survivor+1","Jack Of All Trades+1","Setup+1","Dagger Spray+1","Blade Dance+1","Accuracy+1","Dagger Spray+1","Dagger Spray+1","Infinite Blades+1","Footwork+1","Tools of the Trade+1","Phantasmal Killer+1","Dagger Spray+1","Accuracy+1","Blade Dance+1","Doppelganger+1","Infinite Blades+1","Blade Dance+1","Accuracy+1"],"special_seed":0,"relics":["Ring of the Snake","Membership Card","Singing Bowl","Mercury Hourglass","Bag of Preparation","Nunchaku","Incense Burner","Paper Crane","Ninja Scroll","War Paint","TwistedFunnel","Matryoshka","Philosopher\u0027s Stone","Red Mask","Frozen Egg 2","Du-Vu Doll","Dream Catcher","Shuriken","TheAbacus","OrangePellets","Bottled Flame","Frozen Eye","The Specimen","Pear","Chemical X","Boot","White Beast Statue","Juzu Bracelet","Omamori","Question Card","Bronze Scales","Torii","Kunai","Fusion Hammer","Orichalcum","Lee\u0027s Waffle","Pen Nib","Lantern","ClockworkSouvenir","Strawberry","HandDrill","HornCleat","Oddly Smooth Stone","Mark of the Bloom","Medical Kit","Centennial Puzzle"],"potions_floor_usage":[29,29,29,50,50,54,55,55],"damage_taken":[{"damage":0.0,"enemies":"Cultist","floor":1.0,"turns":4.0},{"damage":0.0,"enemies":"Small Slimes","floor":4.0,"turns":3.0},{"damage":10.0,"enemies":"Gremlin Nob","floor":7.0,"turns":5.0},{"damage":1.0,"enemies":"Jaw Worm","floor":8.0,"turns":3.0},{"damage":0.0,"enemies":"3 Louse","floor":10.0,"turns":1.0},{"damage":0.0,"enemies":"Lagavulin","floor":12.0,"turns":3.0},{"damage":0.0,"enemies":"Exordium Wildlife","floor":13.0,"turns":1.0},{"damage":0.0,"enemies":"Lots of Slimes","floor":14.0,"turns":1.0},{"damage":1.0,"enemies":"Hexaghost","floor":16.0,"turns":4.0},{"damage":22.0,"enemies":"2 Thieves","floor":18.0,"turns":2.0},{"damage":0.0,"enemies":"Masked Bandits","floor":19.0,"turns":3.0},{"damage":0.0,"enemies":"Chosen","floor":20.0,"turns":1.0},{"damage":7,"enemies":"3 Cultists","floor":22,"turns":3},{"damage":8,"enemies":"Slavers","floor":23,"turns":2},{"damage":8,"enemies":"Book of Stabbing","floor":25,"turns":2},{"damage":0,"enemies":"Snecko","floor":27,"turns":3},{"damage":0,"enemies":"Gremlin Leader","floor":29,"turns":2},{"damage":0,"enemies":"Colosseum Slavers","floor":31,"turns":1},{"damage":0,"enemies":"Colosseum Nobs","floor":31,"turns":2},{"damage":0,"enemies":"Automaton","floor":33,"turns":4},{"damage":10,"enemies":"3 Shapes","floor":35,"turns":1},{"damage":0,"enemies":"Giant Head","floor":40,"turns":2},{"damage":0,"enemies":"3 Darklings","floor":42,"turns":1},{"damage":0,"enemies":"Reptomancer","floor":44,"turns":2},{"damage":0,"enemies":"Maw","floor":45,"turns":2},{"damage":0,"enemies":"Donu and Deca","floor":50,"turns":2},{"damage":0,"enemies":"Shield and Spear","floor":54,"turns":3},{"damage":11,"enemies":"The Heart","floor":55,"turns":4}],"seed_played":"-7976522712866338851","potions_obtained":[{"floor":1.0,"key":"Weak Potion"},{"floor":10.0,"key":"Dexterity Potion"},{"floor":12.0,"key":"ColorlessPotion"},{"floor":18.0,"key":"Weak Potion"},{"floor":19.0,"key":"Swift Potion"},{"floor":29,"key":"DistilledChaos"},{"floor":31,"key":"Explosive Potion"},{"floor":33,"key":"AttackPotion"},{"floor":40,"key":"CunningPotion"}],"is_trial":false,"path_per_floor":["M","?","?","M","$","R","E","M","T","M","$","E","M","M","R","B",null,"M","?","M","$","M","E","$","E","T","M","R","E","T","?","R","B",null,"M","$","?","?","?","E","$","M","T","E","M","?","?","?","R","B",null,"R","$","E","B",null],"character_chosen":"THE_SILENT","items_purchased":["Membership Card","Blade Dance","Accuracy","Singing Bowl","Mercury Hourglass","Bag of Preparation","Nunchaku","DistilledChaos","CunningPotion","Ninja Scroll","War Paint","Infinite Blades","TwistedFunnel","Frozen Egg 2","Accuracy+1","AttackPotion","Energy Potion","Du-Vu Doll","Dream Catcher","Shuriken","TheAbacus","OrangePellets","Frozen Eye","The Specimen","Pear","Chemical X","Boot","Orichalcum","Lee\u0027s Waffle","Blade Dance","Lantern","ClockworkSouvenir","Strawberry","HandDrill","Accuracy+1","Medical Kit","AttackPotion","Strength Potion"],"campfire_rested":2,"item_purchase_floors":[5,5,5,5,5,5,5,5,5,11,11,11,11,21,21,21,21,21,21,21,21,21,24,24,24,24,24,36,36,36,41,41,41,41,53,53,53,53],"current_hp_per_floor":[70,70,70,70,70,70,60,61,61,61,61,61,63,65,65,64,76,56,56,56,56,49,43,53,47,47,49,49,51,51,53,53,53,98,88,105,105,101,101,103,110,112,112,114,116,116,116,116,116,116,116,116,116,116,105],"gold":1559,"neow_bonus":"RANDOM_COLORLESS","is_prod":false,"is_daily":false,"chose_seed":false,"campfire_upgraded":3,"win_rate":0,"timestamp":1607547361,"path_taken":["M","?","?","M","$","R","E","M","T","?","$","E","M","M","R","BOSS","M","?","M","$","M","E","$","E","T","M","R","E","?","?","R","BOSS","M","$","?","?","?","E","$","M","T","E","M","?","?","?","R","BOSS","R","$","E","BOSS"],"build_version":"2020-11-30","purchased_purges":7,"victory":true,"max_hp_per_floor":[70,70,70,70,70,70,70,72,72,72,72,72,74,76,76,76,76,78,78,78,78,78,80,90,92,92,94,94,96,96,98,98,98,98,98,105,105,111,111,113,120,122,122,124,126,120,120,120,122,122,122,124,124,126,126],"card_choices":[{"not_picked":["Impatience","Blind"],"picked":"Jack Of All Trades","floor":0.0},{"not_picked":["Dodge and Roll","Sucker Punch"],"picked":"Setup","floor":1.0},{"not_picked":["Heel Hook","Underhanded Strike"],"picked":"Dagger Spray","floor":4.0},{"not_picked":["Tactician","Wraith Form v2"],"picked":"Dagger Spray","floor":7.0},{"not_picked":["Flying Knee","Setup","Deflect"],"picked":"Singing Bowl","floor":8.0},{"not_picked":["Dodge and Roll","Crippling Poison"],"picked":"Dagger Spray","floor":10.0},{"not_picked":["Distraction","Dash"],"picked":"Footwork","floor":12.0},{"not_picked":["Quick Slash","Flying Knee","Outmaneuver"],"picked":"Singing Bowl","floor":13.0},{"not_picked":["Flying Knee","Acrobatics","Bane"],"picked":"Singing Bowl","floor":14.0},{"not_picked":["Malaise","Bullet Time"],"picked":"Tools of the Trade","floor":16.0},{"not_picked":["Leg Sweep","Prepared","Slice"],"picked":"Singing Bowl","floor":18.0},{"not_picked":["Acrobatics","Underhanded Strike+1"],"picked":"Phantasmal Killer","floor":19.0},{"not_picked":["Bane","Quick Slash"],"picked":"Dagger Spray","floor":20.0},{"not_picked":["Sucker Punch+1","Prepared"],"picked":"Blade Dance","floor":22},{"not_picked":["Backflip","Tactician","Flying Knee"],"picked":"Singing Bowl","floor":23},{"not_picked":["Endless Agony","Distraction","Eviscerate"],"picked":"Singing Bowl","floor":25},{"not_picked":["Flying Knee+1","Cloak And Dagger","Setup"],"picked":"Singing Bowl","floor":27},{"not_picked":["Choke+1","Cloak And Dagger","Heel Hook+1"],"picked":"Singing Bowl","floor":29},{"not_picked":["Flying Knee","Quick Slash","Catalyst","Phantasmal Killer"],"picked":"Singing Bowl","floor":31},{"not_picked":["After Image+1","Unload","Bullet Time"],"picked":"Doppelganger","floor":33},{"not_picked":["Choke+1","Flying Knee","Finisher"],"picked":"Infinite Blades+1","floor":35},{"not_picked":["Thinking Ahead","Bandage Up","Finesse","Dark Shackles"],"picked":"Singing Bowl","floor":38},{"not_picked":["Enlightenment","Sadistic Nature+1","Dramatic Entrance","Flash of Steel"],"picked":"Singing Bowl","floor":38},{"not_picked":["Madness","Enlightenment","Secret Weapon","PanicButton"],"picked":"Singing Bowl","floor":38},{"not_picked":["Dagger Spray","Expertise+1","Bane","Choke"],"picked":"Singing Bowl","floor":40},{"not_picked":["Cloak And Dagger+1","Prepared","Eviscerate+1","Choke"],"picked":"Singing Bowl","floor":42},{"not_picked":["Heel Hook","Poisoned Stab+1","Catalyst","Dagger Spray"],"picked":"Singing Bowl","floor":44},{"not_picked":["Sucker Punch","Prepared+1","Terror+1","Wraith Form v2+1"],"picked":"Singing Bowl","floor":45},{"not_picked":["Deflect","Slice","Underhanded Strike","Crippling Poison"],"picked":"Singing Bowl","floor":49},{"not_picked":["Backflip","Prepared+1","Endless Agony+1","Deadly Poison"],"picked":"Singing Bowl","floor":52},{"not_picked":["Poisoned Stab","Deadly Poison+1","Flechettes+1","Terror"],"picked":"Singing Bowl","floor":54}],"player_experience":325857,"relics_obtained":[{"floor":7.0,"key":"Incense Burner"},{"floor":9.0,"key":"Paper Crane"},{"floor":12.0,"key":"Matryoshka"},{"floor":19.0,"key":"Red Mask"},{"floor":23,"key":"Bottled Flame"},{"floor":25,"key":"White Beast Statue"},{"floor":26,"key":"Juzu Bracelet"},{"floor":29,"key":"Omamori"},{"floor":30,"key":"Question Card"},{"floor":30,"key":"Bronze Scales"},{"floor":31,"key":"Torii"},{"floor":31,"key":"Kunai"},{"floor":40,"key":"Pen Nib"},{"floor":43,"key":"HornCleat"},{"floor":44,"key":"Oddly Smooth Stone"},{"floor":54,"key":"Centennial Puzzle"}],"event_choices":[{"damage_healed":0.0,"max_hp_gain":0.0,"max_hp_loss":0.0,"gold_gain":0.0,"event_name":"Golden Idol","player_choice":"Take Wound","floor":2.0,"gold_loss":0.0,"damage_taken":0.0,"relics_obtained":["Golden Idol"],"cards_obtained":["Injury"]},{"damage_healed":0.0,"max_hp_gain":0.0,"max_hp_loss":0.0,"gold_gain":0.0,"event_name":"Living Wall","player_choice":"Grow","floor":3.0,"gold_loss":0.0,"damage_taken":0.0,"cards_upgraded":["Jack Of All Trades"]},{"damage_healed":0.0,"max_hp_gain":0.0,"max_hp_loss":0.0,"gold_gain":0.0,"event_name":"Masked Bandits","player_choice":"Fought Bandits","floor":19.0,"gold_loss":0.0,"damage_taken":0.0},{"damage_healed":0,"gold_gain":0,"player_choice":"Fight","damage_taken":0,"max_hp_gain":0,"max_hp_loss":0,"event_name":"Colosseum","floor":31,"gold_loss":0},{"damage_healed":0,"gold_gain":0,"player_choice":"Fought Nobs","damage_taken":0,"max_hp_gain":0,"max_hp_loss":0,"event_name":"Colosseum","floor":31,"gold_loss":0},{"cards_removed":["Neutralize"],"damage_healed":0,"gold_gain":0,"player_choice":"Removed Attack","damage_taken":0,"max_hp_gain":0,"max_hp_loss":0,"event_name":"Falling","floor":37,"gold_loss":0},{"damage_healed":0,"gold_gain":0,"player_choice":"Memory 3","damage_taken":10,"max_hp_gain":0,"max_hp_loss":0,"event_name":"SensoryStone","floor":38,"gold_loss":0},{"damage_healed":0,"gold_gain":333,"player_choice":"Gave Idol","damage_taken":0,"max_hp_gain":0,"max_hp_loss":0,"event_name":"The Moai Head","floor":39,"relics_lost":["Golden Idol"],"gold_loss":0},{"damage_healed":0,"gold_gain":0,"player_choice":"Max HP","damage_taken":0,"max_hp_gain":0,"max_hp_loss":6,"event_name":"Winding Halls","floor":46,"gold_loss":0},{"damage_healed":0,"gold_gain":222,"player_choice":"Wore Mask","damage_taken":0,"max_hp_gain":0,"max_hp_loss":0,"event_name":"Tomb of Lord Red Mask","floor":47,"gold_loss":0},{"damage_healed":0,"gold_gain":0,"player_choice":"Upgrade","damage_taken":0,"relics_obtained":["Mark of the Bloom"],"max_hp_gain":0,"max_hp_loss":0,"event_name":"MindBloom","floor":48,"gold_loss":0,"cards_upgraded":["Defend_G","Defend_G","Defend_G","Defend_G","Survivor","Setup","Dagger Spray","Dagger Spray","Dagger Spray","Footwork","Tools of the Trade","Phantasmal Killer","Blade Dance","Doppelganger","Blade Dance"]}],"is_beta":false,"boss_relics":[{"not_picked":["Ectoplasm","Astrolabe"],"picked":"Philosopher\u0027s Stone"},{"not_picked":["Runic Pyramid","Empty Cage"],"picked":"Fusion Hammer"}],"items_purged_floors":[5,11,21,24,36,41,53],"is_endless":false,"potions_floor_spawned":[1,10,12,14,18,19,23,25,27,29,31,31,33,35,40,42,44,45,54],"ascension_level":0}}