{"host":"w01zow3jg16g8jdh","time":1607513627,"event":{"gold_per_floor":[359,378,391,391,43,73,73,73,144,160,60,60,60],"floor_reached":12,"playtime":208,"items_purged":["Strike_R","Strike_R"],"score":156,"play_id":"f61a9166-0768-4da2-bb02-b12ccd184c07","local_time":"20201209203347","is_ascension_mode":true,"campfire_choices":[],"neow_cost":"PERCENT_DAMAGE","seed_source_timestamp":1412904447236500,"circlet_count":0,"master_deck":["AscendersBane","Strike_R","Strike_R","Strike_R","Defend_R","Defend_R","Defend_R","Defend_R","Bash","Body Slam","Whirlwind","Fire Breathing+1","Pommel Strike"],"special_seed":0,"relics":["Burning Blood","Akabeko","Meat on the Bone","Strawberry","HornCleat"],"potions_floor_usage":[],"damage_taken":[{"damage":6.0,"enemies":"Cultist","floor":1.0,"turns":3.0},{"damage":10.0,"enemies":"Small Slimes","floor":2.0,"turns":3.0},{"damage":15.0,"enemies":"2 Louse","floor":3.0,"turns":4.0},{"damage":10.0,"enemies":"3 Sentries","floor":6.0,"turns":4.0},{"damage":6.0,"enemies":"Exordium Thugs","floor":10.0,"turns":4.0},{"damage":49,"enemies":"Lagavulin","floor":12,"turns":10}],"seed_played":"-1214429231376006059","potions_obtained":[{"floor":1.0,"key":"Swift Potion"},{"floor":3.0,"key":"ElixirPotion"}],"is_trial":false,"path_per_floor":["M","M","M","?","$","E","?","?","T","M","$","E"],"character_chosen":"IRONCLAD","items_purchased":["Meat on the Bone"],"campfire_rested":0,"item_purchase_floors":[5],"current_hp_per_floor":[50,46,37,26,26,41,46,46,46,58,58,9,9],"gold":60,"neow_bonus":"TWO_FIFTY_GOLD","is_prod":false,"is_daily":false,"chose_seed":false,"campfire_upgraded":0,"win_rate":0,"timestamp":1607513627,"path_taken":["M","M","M","?","$","E","?","?","T","?","$","E"],"build_version":"2020-11-30","purchased_purges":2,"victory":false,"max_hp_per_floor":[75,75,75,75,75,82,87,87,87,87,87,87,87],"card_choices":[{"not_picked":["Disarm","Anger","Cleave"],"picked":"SKIP","floor":1.0},{"not_picked":["True Grit","Armaments"],"picked":"Body Slam","floor":2.0},{"not_picked":["Havoc","Inflame"],"picked":"Whirlwind","floor":3.0},{"not_picked":["Clash","Rupture"],"picked":"Fire Breathing","floor":6.0},{"not_picked":["Body Slam","Brutality"],"picked":"Pommel Strike","floor":10.0}],"player_experience":277837,"relics_obtained":[{"floor":6.0,"key":"Strawberry"},{"floor":9.0,"key":"HornCleat"}],"event_choices":[{"damage_healed":0.0,"max_hp_gain":0.0,"max_hp_loss":0.0,"gold_gain":0.0,"event_name":"Scrap Ooze","player_choice":"Success","floor":4.0,"gold_loss":0.0,"damage_taken":11.0,"relics_obtained":["Akabeko"]},{"damage_healed":0.0,"max_hp_gain":5.0,"max_hp_loss":0.0,"gold_gain":0.0,"event_name":"Big Fish","player_choice":"Donut","floor":7.0,"gold_loss":0.0,"damage_taken":0.0},{"damage_healed":0.0,"max_hp_gain":0.0,"max_hp_loss":0.0,"gold_gain":0.0,"event_name":"Accursed Blacksmith","player_choice":"Forge","floor":8.0,"gold_loss":0.0,"damage_taken":0.0,"cards_upgraded":["Fire Breathing"]}],"is_beta":false,"boss_relics":[],"items_purged_floors":[5,11],"is_endless":false,"potions_floor_spawned":[1,3],"killed_by":"Lagavulin","ascension_level":20}}