{"host":"f7i0xv5umhttwhc1","time":1607503257,"event":{"gold_per_floor":[115,76,76,24,24,24,57,69,69,97,97,97,117,72,72,176,176,195,214,313,313,313,313,326,326,326,342,352,372,390,142,142,142,142],"floor_reached":33,"playtime":2886,"items_purged":["Strike_G"],"score":280,"play_id":"f396d53e-9966-43f5-85ac-75d17836a957","local_time":"20201209194057","is_ascension_mode":false,"campfire_choices":[{"data":"Cloak And Dagger","floor":6,"key":"SMITH"},{"floor":12,"key":"REST"},{"data":"Cloak And Dagger","floor":15,"key":"SMITH"},{"floor":23,"key":"REST"},{"floor":32,"key":"REST"}],"neow_cost":"NONE","seed_source_timestamp":212153504285800,"circlet_count":0,"master_deck":["Strike_G","Strike_G+1","Strike_G+1","Defend_G+1","Defend_G","Defend_G","Defend_G","Defend_G","Survivor+1","Neutralize+1","Infinite Blades+1","Cloak And Dagger+1","Cloak And Dagger+1","Finisher","Strike_G","Concentrate+1","Prepared+1","Bullet Time+1","Dagger Throw+1","Accuracy","Storm of Steel+1","Backstab"],"relics":["Ring of the Snake","NeowsBlessing","Meat on the Bone","Toxic Egg 2","Whetstone","HoveringKite","Bottled Tornado","PreservedInsect","War Paint"],"potions_floor_usage":[10,16,27,33,33],"damage_taken":[{"damage":0,"enemies":"Jaw Worm","floor":1,"turns":1},{"damage":0,"enemies":"Gremlin Nob","floor":7,"turns":1},{"damage":0,"enemies":"2 Louse","floor":8,"turns":1},{"damage":17,"enemies":"3 Sentries","floor":10,"turns":10},{"damage":2,"enemies":"Small Slimes","floor":13,"turns":4},{"damage":52,"enemies":"Hexaghost","floor":16,"turns":13},{"damage":17,"enemies":"Chosen","floor":18,"turns":5},{"damage":15,"enemies":"Shell Parasite","floor":19,"turns":6},{"damage":36,"enemies":"Sentry and Sphere","floor":24,"turns":6},{"damage":19,"enemies":"Snecko","floor":27,"turns":6},{"damage":0,"enemies":"Centurion and Healer","floor":28,"turns":8},{"damage":9,"enemies":"Snake Plant","floor":29,"turns":6},{"damage":3,"enemies":"3 Cultists","floor":30,"turns":5},{"damage":55,"enemies":"Collector","floor":33,"turns":6}],"seed_played":"-252771145788802614","potions_obtained":[{"floor":1,"key":"SkillPotion"},{"floor":10,"key":"SkillPotion"},{"floor":18,"key":"Strength Potion"},{"floor":24,"key":"PowerPotion"},{"floor":29,"key":"FearPotion"}],"is_trial":false,"path_per_floor":["M","?","?","$","?","R","E","M","T","E","?","R","M","$","R","B",null,"M","M","?","T","?","R","M","T","T","M","M","M","M","$","R","B"],"character_chosen":"THE_SILENT","items_purchased":["Cloak And Dagger","Prepared+1","Storm of Steel+1","Backstab"],"campfire_rested":3,"item_purchase_floors":[4,14,31,31],"current_hp_per_floor":[70,70,70,70,56,56,56,56,56,39,39,60,58,58,58,18,70,53,38,38,38,38,59,35,35,35,28,40,43,40,40,61,6,6],"gold":142,"neow_bonus":"THREE_ENEMY_KILL","is_prod":false,"is_daily":false,"chose_seed":false,"campfire_upgraded":2,"win_rate":0.0,"timestamp":1607503257,"path_taken":["M","?","?","$","?","R","E","M","T","E","?","R","M","$","R","BOSS","M","M","?","?","?","R","M","?","T","M","M","?","M","$","R","BOSS"],"build_version":"2020-11-30","purchased_purges":1,"victory":false,"max_hp_per_floor":[70,70,70,70,70,70,70,70,70,70,70,70,70,70,70,70,70,70,70,70,70,70,70,70,70,70,70,70,70,70,70,70,70,70],"relic_stats":{"counters":[14,78],"HoveringKite":[22],"PreservedInsect":0,"Whetstone":["Strike_G","Strike_G"],"War Paint":["Survivor","Defend_G"],"obtain_stats":[{"NeowsBlessing":0,"HoveringKite":17,"PreservedInsect":25,"Whetstone":10,"Toxic Egg 2":9,"Bottled Tornado":21,"War Paint":26,"Ring of the Snake":0,"Meat on the Bone":7},{"NeowsBlessing":0,"HoveringKite":6,"PreservedInsect":9,"Whetstone":4,"Toxic Egg 2":3,"Bottled Tornado":8,"War Paint":9,"Ring of the Snake":0,"Meat on the Bone":2},{"NeowsBlessing":0,"HoveringKite":30,"PreservedInsect":47,"Whetstone":13,"Toxic Egg 2":3,"Bottled Tornado":41,"War Paint":47,"Ring of the Snake":0,"Meat on the Bone":2}],"Ring of the Snake":[28],"Meat on the Bone":60},"card_choices":[{"not_picked":["Prepared","Dagger Spray"],"picked":"Infinite Blades","floor":1},{"not_picked":["Bane","Tactician"],"picked":"Cloak And Dagger","floor":7},{"not_picked":["Dodge and Roll","Flying Knee","Crippling Poison"],"picked":"SKIP","floor":8},{"not_picked":["Flechettes","Masterful Stab"],"picked":"Finisher","floor":10},{"not_picked":["Dagger Spray","Bouncing Flask+1"],"picked":"Concentrate+1","floor":13},{"not_picked":["Unload","Malaise+1"],"picked":"Bullet Time+1","floor":16},{"not_picked":["Reflex+1","Deflect+1","Footwork"],"picked":"SKIP","floor":18},{"not_picked":["Well Laid Plans","Deflect+1"],"picked":"Dagger Throw+1","floor":19},{"not_picked":["Deadly Poison+1","Heel Hook","Masterful Stab"],"picked":"SKIP","floor":24},{"not_picked":["Quick Slash","Deflect+1","Masterful Stab+1"],"picked":"SKIP","floor":27},{"not_picked":["Sucker Punch+1","Crippling Poison+1","Bouncing Flask+1"],"picked":"SKIP","floor":28},{"not_picked":["Blur+1","Dodge and Roll+1"],"picked":"Accuracy","floor":29},{"not_picked":["Dodge and Roll+1","Blur+1","Tactician+1"],"picked":"SKIP","floor":30}],"player_experience":152259,"relics_obtained":[{"floor":7,"key":"Meat on the Bone"},{"floor":9,"key":"Toxic Egg 2"},{"floor":10,"key":"Whetstone"},{"floor":21,"key":"Bottled Tornado"},{"floor":25,"key":"PreservedInsect"},{"floor":26,"key":"War Paint"}],"event_choices":[{"damage_healed":0,"gold_gain":0,"player_choice":"Left","damage_taken":0,"max_hp_gain":0,"max_hp_loss":0,"event_name":"betterThird:BetterGoop","floor":2,"gold_loss":39},{"damage_healed":0,"gold_gain":0,"player_choice":"LEAVE","damage_taken":0,"max_hp_gain":0,"max_hp_loss":0,"event_name":"betterThird:BetterScrap","floor":3,"gold_loss":0,"cards_obtained":["Amplify"]},{"damage_healed":70,"gold_gain":0,"player_choice":"Upgrade","damage_taken":14,"max_hp_gain":0,"max_hp_loss":70,"event_name":"betterThird:BetterShining","floor":5,"gold_loss":0,"cards_upgraded":["Neutralize","Infinite Blades"]},{"cards_removed":["Strike_G"],"damage_healed":0,"gold_gain":0,"player_choice":"Took Card","damage_taken":0,"max_hp_gain":0,"max_hp_loss":0,"event_name":"NoteForYourself","floor":11,"gold_loss":0,"cards_obtained":["Strike_G"]},{"damage_healed":0,"gold_gain":99,"player_choice":"Steal","damage_taken":0,"max_hp_gain":0,"max_hp_loss":0,"event_name":"betterThird:BetterNest","floor":20,"gold_loss":0},{"damage_healed":0,"gold_gain":0,"player_choice":"Ignored","damage_taken":0,"max_hp_gain":0,"max_hp_loss":0,"event_name":"The Mausoleum","floor":22,"gold_loss":0}],"is_beta":false,"boss_relics":[{"not_picked":["Busted Crown","Pandora\u0027s Box"],"picked":"HoveringKite"}],"items_purged_floors":[31],"is_endless":false,"potions_floor_spawned":[1,10,18,24,29],"killed_by":"Collector","ascension_level":0}}