{"host":"3h5qf14xt40jhha0","time":1607495596,"event":{"gold_per_floor":[117,130,150,75,93,93,121,121,191,226,226,253,253,269,269,340,340,360,371,127,107,122,122,150,150,150,150,179,198,214,214,214,291,291,301,251,88,104,118,151,170,205,230,230,264,279,310,327,327,327,327,327,327,13,47,47,47],"floor_reached":56,"playtime":4575,"items_purged":["Strike_B","Go for the Eyes"],"score":2254,"play_id":"92496bc2-3d8c-436f-861d-18665450c90c","local_time":"20201209013316","is_ascension_mode":true,"campfire_choices":[{"data":"Sunder","floor":6.0,"key":"SMITH"},{"data":"Beam Cell","floor":8.0,"key":"SMITH"},{"data":"Sweeping Beam","floor":13.0,"key":"SMITH"},{"data":"Ball Lightning","floor":15.0,"key":"SMITH"},{"data":"Loop","floor":23.0,"key":"SMITH"},{"floor":25.0,"key":"REST"},{"floor":27.0,"key":"REST"},{"floor":32.0,"key":"REST"},{"floor":44.0,"key":"REST"},{"floor":49.0,"key":"RECALL"},{"floor":53.0,"key":"REST"}],"neow_cost":"NONE","seed_source_timestamp":1222992970398000,"circlet_count":0,"master_deck":["AscendersBane","Defend_B","Defend_B","Defend_B","Zap+1","Dualcast","Ball Lightning+1","Compile Driver+1","Sunder+1","Beam Cell+1","Cold Snap","Sweeping Beam+1","Glacier","Core Surge+1","Stack+1","Lockon+1","Loop+1","Conserve Battery","Darkness","White Noise+1","Compile Driver+1","Turbo+1","Leap+1","Steam+1","Go for the Eyes+1","Self Repair+1","Leap+1","Hologram+1","Coolheaded+1","Glacier+1"],"special_seed":0,"relics":["Cracked Core","Pocketwatch","Pantograph","Anchor","WingedGreaves","Matryoshka","Astrolabe","Whetstone","Dream Catcher","Kunai","FossilizedHelix","Emotion Chip","Fusion Hammer","Happy Flower","Toy Ornithopter","Blue Candle","Ancient Tea Set","Eternal Feather","Pear","Bronze Scales","Pen Nib"],"potions_floor_usage":[],"damage_taken":[{"damage":0.0,"enemies":"Cultist","floor":1.0,"turns":3.0},{"damage":2.0,"enemies":"Jaw Worm","floor":2.0,"turns":3.0},{"damage":0.0,"enemies":"Small Slimes","floor":3.0,"turns":3.0},{"damage":19.0,"enemies":"Gremlin Gang","floor":5.0,"turns":4.0},{"damage":15.0,"enemies":"Lagavulin","floor":7.0,"turns":7.0},{"damage":8.0,"enemies":"Gremlin Nob","floor":10.0,"turns":3.0},{"damage":10.0,"enemies":"Lagavulin","floor":12.0,"turns":4.0},{"damage":0.0,"enemies":"Blue Slaver","floor":14.0,"turns":1.0},{"damage":13.0,"enemies":"Slime Boss","floor":16.0,"turns":7.0},{"damage":2.0,"enemies":"Shell Parasite","floor":18.0,"turns":4.0},{"damage":0.0,"enemies":"Spheric Guardian","floor":19.0,"turns":5.0},{"damage":13.0,"enemies":"Centurion and Healer","floor":22.0,"turns":5.0},{"damage":38.0,"enemies":"Slavers","floor":24.0,"turns":4.0},{"damage":22.0,"enemies":"Gremlin Leader","floor":28.0,"turns":5.0},{"damage":0.0,"enemies":"Snake Plant","floor":29.0,"turns":3.0},{"damage":21.0,"enemies":"Chosen and Byrds","floor":30.0,"turns":4.0},{"damage":0.0,"enemies":"Champ","floor":33.0,"turns":13.0},{"damage":9.0,"enemies":"3 Darklings","floor":35.0,"turns":7.0},{"damage":0.0,"enemies":"3 Shapes","floor":38.0,"turns":3.0},{"damage":0.0,"enemies":"Spire Growth","floor":39.0,"turns":5.0},{"damage":0.0,"enemies":"Giant Head","floor":40.0,"turns":8.0},{"damage":0.0,"enemies":"Transient","floor":41.0,"turns":6.0},{"damage":43.0,"enemies":"Reptomancer","floor":42.0,"turns":6.0},{"damage":8.0,"enemies":"Nemesis","floor":45.0,"turns":10.0},{"damage":9.0,"enemies":"3 Darklings","floor":46.0,"turns":4.0},{"damage":0.0,"enemies":"Giant Head","floor":47.0,"turns":6.0},{"damage":6.0,"enemies":"Writhing Mass","floor":48.0,"turns":7.0},{"damage":18.0,"enemies":"Awakened One","floor":50.0,"turns":27.0},{"damage":76.0,"enemies":"Time Eater","floor":51.0,"turns":15.0},{"damage":65.0,"enemies":"Shield and Spear","floor":55.0,"turns":11.0},{"damage":82,"enemies":"The Heart","floor":56,"turns":9}],"seed_played":"1053872569748676455","potions_obtained":[{"floor":1.0,"key":"Weak Potion"},{"floor":3.0,"key":"EssenceOfSteel"},{"floor":12.0,"key":"GamblersBrew"},{"floor":16.0,"key":"FearPotion"},{"floor":19.0,"key":"Swift Potion"},{"floor":21.0,"key":"FairyPotion"},{"floor":28.0,"key":"Ancient Potion"},{"floor":30.0,"key":"PowerPotion"},{"floor":39.0,"key":"Fire Potion"},{"floor":41.0,"key":"PowerPotion"},{"floor":47.0,"key":"Dexterity Potion"}],"is_trial":false,"path_per_floor":["M","M","M","?","M","R","E","R","T","E","T","E","R","M","R","B",null,"M","M","$","?","M","R","E","R","T","R","E","M","M","?","R","B",null,"M","?","$","M","M","E","M","E","T","R","E","M","E","M","R","B","B",null,"R","$","E","B"],"character_chosen":"DEFECT","items_purchased":["Whetstone","Happy Flower","Bronze Scales","SkillPotion"],"campfire_rested":5,"item_purchase_floors":[20,37,54,54],"current_hp_per_floor":[64,62,62,62,43,43,28,28,28,20,20,10,10,10,10,22,59,57,57,57,57,44,44,6,27,27,48,26,26,5,5,26,51,66,57,57,57,57,57,57,67,34,34,55,57,48,81,81,81,73,20,66,81,81,31,0,0],"gold":47,"neow_bonus":"UPGRADE_CARD","is_prod":false,"is_daily":false,"chose_seed":false,"campfire_upgraded":5,"win_rate":0,"timestamp":1607495596,"path_taken":["M","?","M","?","M","R","E","R","T","E","?","E","R","M","R","BOSS","M","M","$","?","?","R","E","R","T","R","E","M","?","?","R","BOSS","M","?","$","?","M","E","M","E","T","R","E","M","E","M","R","BOSS","BOSS","R","$","E","BOSS"],"build_version":"2020-11-30","purchased_purges":2,"victory":false,"max_hp_per_floor":[71,71,71,71,71,71,71,71,71,71,71,71,71,71,71,71,71,71,71,71,71,71,71,71,71,71,71,71,71,71,71,71,71,71,71,71,71,71,71,71,71,71,71,71,71,71,81,81,81,81,81,81,81,81,81,81,81],"relic_stats":{"Happy Flower":[39],"counters":[31,201],"Astrolabe":["Storm","Stack","Lockon"],"Blue Candle":[0],"Eternal Feather":15,"Pen Nib":[1],"Whetstone":["Compile Driver","Core Surge"],"Dream Catcher":5,"Emotion Chip":[77,36,29,12,0],"Pantograph":83,"Bronze Scales":[168],"Kunai":[67],"obtain_stats":[{"Pear":47,"Happy Flower":37,"Astrolabe":17,"Blue Candle":42,"Eternal Feather":45,"Pen Nib":55,"Whetstone":20,"Ancient Tea Set":43,"Anchor":10,"Dream Catcher":24,"Emotion Chip":28,"Matryoshka":12,"Pantograph":9,"Bronze Scales":54,"WingedGreaves":11,"Fusion Hammer":34,"Kunai":26,"Cracked Core":0,"FossilizedHelix":26,"Toy Ornithopter":40,"Pocketwatch":7},{"Pear":26,"Happy Flower":18,"Astrolabe":9,"Blue Candle":23,"Eternal Feather":24,"Pen Nib":30,"Whetstone":11,"Ancient Tea Set":23,"Anchor":6,"Dream Catcher":13,"Emotion Chip":14,"Matryoshka":7,"Pantograph":5,"Bronze Scales":29,"WingedGreaves":6,"Fusion Hammer":17,"Kunai":13,"Cracked Core":0,"FossilizedHelix":13,"Toy Ornithopter":21,"Pocketwatch":5},{"Pear":132,"Happy Flower":85,"Astrolabe":35,"Blue Candle":113,"Eternal Feather":122,"Pen Nib":192,"Whetstone":44,"Ancient Tea Set":113,"Anchor":23,"Dream Catcher":53,"Emotion Chip":58,"Matryoshka":27,"Pantograph":20,"Bronze Scales":181,"WingedGreaves":23,"Fusion Hammer":78,"Kunai":53,"Cracked Core":0,"FossilizedHelix":53,"Toy Ornithopter":101,"Pocketwatch":20}],"Toy Ornithopter":15,"Pocketwatch":[165]},"card_choices":[{"not_picked":["Reprogram","Coolheaded"],"picked":"Ball Lightning","floor":1.0},{"not_picked":["Stack","Coolheaded"],"picked":"Compile Driver","floor":2.0},{"not_picked":["Streamline","Scrape","Stack"],"picked":"SKIP","floor":3.0},{"not_picked":["Aggregate","Tempest"],"picked":"Sunder","floor":5.0},{"not_picked":["Double Energy","Rebound"],"picked":"Beam Cell","floor":7.0},{"not_picked":["Stack","Turbo"],"picked":"Cold Snap","floor":10.0},{"not_picked":["Barrage","Defragment"],"picked":"Sweeping Beam","floor":12.0},{"not_picked":["Redo","Leap"],"picked":"Glacier","floor":14.0},{"not_picked":["Fission","Biased Cognition"],"picked":"Core Surge","floor":16.0},{"not_picked":["Ball Lightning","Leap"],"picked":"Loop","floor":18.0},{"not_picked":["Steam","Hologram"],"picked":"Conserve Battery","floor":19.0},{"not_picked":["Redo+1","Consume","Skim"],"picked":"SKIP","floor":22.0},{"not_picked":["Conserve Battery","Consume"],"picked":"Darkness","floor":24.0},{"not_picked":["Steam Power","Sweeping Beam+1"],"picked":"White Noise","floor":25.0},{"not_picked":["Hello World","Steam"],"picked":"Compile Driver+1","floor":27.0},{"not_picked":["Redo","Rebound"],"picked":"Turbo+1","floor":28.0},{"not_picked":["BootSequence","Beam Cell"],"picked":"Leap+1","floor":29.0},{"not_picked":["Redo","Rebound+1","Double Energy"],"picked":"SKIP","floor":30.0},{"not_picked":["Hologram","Streamline"],"picked":"Steam+1","floor":35.0},{"not_picked":["Skim","Steam"],"picked":"Go for the Eyes","floor":38.0},{"not_picked":["Barrage","Cold Snap"],"picked":"Go for the Eyes+1","floor":39.0},{"not_picked":["Auto Shields","Leap"],"picked":"Self Repair+1","floor":40.0},{"not_picked":["Rebound","Reprogram+1"],"picked":"Leap+1","floor":41.0},{"not_picked":["Coolheaded","Conserve Battery","Thunder Strike"],"picked":"SKIP","floor":42.0},{"not_picked":["Hyperbeam","Chill+1"],"picked":"Hologram+1","floor":45.0},{"not_picked":["Chill","Consume"],"picked":"Coolheaded+1","floor":46.0},{"not_picked":["Sweeping Beam","Lockon","Ball Lightning"],"picked":"SKIP","floor":47.0},{"not_picked":["Redo","Double Energy"],"picked":"Glacier+1","floor":48.0},{"not_picked":["Conserve Battery","Storm","Turbo"],"picked":"SKIP","floor":55.0}],"player_experience":1215644,"relics_obtained":[{"floor":7.0,"key":"Pocketwatch"},{"floor":9.0,"key":"Pantograph"},{"floor":10.0,"key":"Anchor"},{"floor":11.0,"key":"WingedGreaves"},{"floor":12.0,"key":"Matryoshka"},{"floor":24.0,"key":"Dream Catcher"},{"floor":26.0,"key":"Kunai"},{"floor":26.0,"key":"FossilizedHelix"},{"floor":28.0,"key":"Emotion Chip"},{"floor":40.0,"key":"Toy Ornithopter"},{"floor":42.0,"key":"Blue Candle"},{"floor":43.0,"key":"Ancient Tea Set"},{"floor":45.0,"key":"Eternal Feather"},{"floor":47.0,"key":"Pear"},{"floor":55.0,"key":"Pen Nib"}],"event_choices":[{"cards_removed":["Defend_B"],"damage_healed":0.0,"max_hp_gain":0.0,"max_hp_loss":0.0,"gold_gain":0.0,"event_name":"The Cleric","player_choice":"Card Removal","floor":4.0,"gold_loss":75.0,"damage_taken":0.0},{"damage_healed":0.0,"max_hp_gain":0.0,"max_hp_loss":0.0,"gold_gain":0.0,"event_name":"The Woman in Blue","player_choice":"Bought 1 Potion","floor":21.0,"gold_loss":0.0,"damage_taken":0.0},{"cards_removed":["Storm"],"damage_healed":0.0,"max_hp_gain":0.0,"max_hp_loss":0.0,"gold_gain":0.0,"event_name":"Purifier","player_choice":"Purged","floor":31.0,"gold_loss":0.0,"damage_taken":0.0},{"damage_healed":0.0,"max_hp_gain":0.0,"max_hp_loss":0.0,"gold_gain":0.0,"event_name":"Designer","player_choice":"Upgrade","floor":36.0,"gold_loss":50.0,"damage_taken":0.0,"cards_upgraded":["White Noise"]}],"is_beta":false,"boss_relics":[{"not_picked":["FrozenCore","SacredBark"],"picked":"Astrolabe"},{"not_picked":["Philosopher\u0027s Stone","SlaversCollar"],"picked":"Fusion Hammer"}],"items_purged_floors":[20,54],"is_endless":false,"potions_floor_spawned":[1,3,12,16,19,22,28,30,39,41,45,47,48],"killed_by":"The Heart","ascension_level":20}}