{"host":"pcbz64t4k17ey4z1","time":1607551452,"event":{"gold_per_floor":[113,113,128,128,147,176,187,221,221,221,235,262,262,279,279,356,356,367,367,381,61,81,81,81],"floor_reached":23,"playtime":1095,"items_purged":[],"score":743,"play_id":"5f14ac49-c077-4913-a981-6234e79e3f5f","local_time":"20201209220412","is_ascension_mode":true,"campfire_choices":[{"data":"JustLucky","floor":10,"key":"SMITH"},{"data":"Alpha","floor":15,"key":"SMITH"}],"neow_cost":"","seed_source_timestamp":2457545386200,"circlet_count":0,"master_deck":["AscendersBane","Defend_P+1","Defend_P+1","Eruption+1","Vigilance+1","Replay:Cycle","JustLucky+1","LikeWater","Consecrate+1","JustLucky","Alpha+1","LikeWater","Fasting2","JustLucky","DevaForm","Vengeance+1"],"relics":["PureWater","Hammer of Thor","Seething Fire","Anvil of the Gods","ReplayTheSpireMod:CursedCoin","infinitespire:EmpoweringShard","Vajra","hubris:Icosahedron","Gremlin Horn","infinitespire:ShieldingShard","StuffTheSpire:Wildfire","Replay:Bottled Steam","Juzu Bracelet","Toxic Egg 2","SlaversCollar","wanderingMiniBosses:Inkheart","TungstenRod"],"potions_floor_usage":[8,8,16,18,23],"damage_taken":[{"damage":0,"enemies":"Small Slimes","floor":1,"turns":3},{"damage":0,"enemies":"Jaw Worm","floor":3,"turns":2},{"damage":0,"enemies":"2 Louse","floor":5,"turns":2},{"damage":0,"enemies":"Lagavulin","floor":6,"turns":5},{"damage":0,"enemies":"2 Fungi Beasts","floor":7,"turns":2},{"damage":13,"enemies":"3 Sentries","floor":8,"turns":5},{"damage":0,"enemies":"Gremlin Gang","floor":11,"turns":3},{"damage":0,"enemies":"Lagavulin","floor":12,"turns":5},{"damage":0,"enemies":"Lots of Slimes","floor":14,"turns":1},{"damage":0,"enemies":"Hexaghost","floor":16,"turns":6},{"damage":12,"enemies":"3 Byrds","floor":18,"turns":5},{"damage":0,"enemies":"2 Thieves","floor":20,"turns":3},{"damage":28,"enemies":"Shelled Parasite and Fungi","floor":22,"turns":5},{"damage":27,"enemies":"Nightmare","floor":23,"turns":2}],"seed_played":"495369986172662269","potions_obtained":[{"floor":1,"key":"Flashbang"},{"floor":6,"key":"potionbrewer:BarricadePotion"},{"floor":8,"key":"ColorlessPotion"},{"floor":16,"key":"BottledMiracle"},{"floor":22,"key":"AttackPotion"}],"is_trial":false,"path_per_floor":["M","?","M","?","M","E","M","E","T","R","M","E","?","M","R","B",null,"M","?","M","$","M","NM"],"character_chosen":"WATCHER","items_purchased":["ReplayTheSpireMod:CursedCoin","infinitespire:EmpoweringShard","Vajra","TungstenRod"],"campfire_rested":0,"item_purchase_floors":[0,0,0,21],"current_hp_per_floor":[61,61,61,61,61,61,61,48,48,48,48,48,48,48,48,48,63,51,51,51,51,23,0,0],"gold":81,"neow_bonus":"","is_prod":false,"is_daily":false,"chose_seed":false,"campfire_upgraded":2,"win_rate":0,"timestamp":1607551452,"path_taken":["M","?","M","?","M","E","M","E","T","R","M","E","?","M","R","BOSS","M","?","M","$","M","NM"],"build_version":"2020-11-30","purchased_purges":0,"victory":false,"max_hp_per_floor":[68,68,68,68,68,68,68,68,68,68,68,68,68,68,68,68,68,68,68,68,68,68,68,68],"card_choices":[{"not_picked":["Wallop","WheelKick"],"picked":"Replay:Cycle","floor":1},{"not_picked":["Replay:Vibes","FlyingSleeves"],"picked":"JustLucky","floor":3},{"not_picked":["TalkToTheHand","Adaptation"],"picked":"LikeWater","floor":5},{"not_picked":["FlyingSleeves","WindmillStrike"],"picked":"Consecrate","floor":6},{"not_picked":["CutThroughFate","FearNoEvil"],"picked":"JustLucky","floor":7},{"not_picked":["SignatureMove","InnerPeace"],"picked":"Alpha","floor":8},{"not_picked":["Replay:AtTheReady","ClearTheMind"],"picked":"LikeWater","floor":11},{"not_picked":["Replay:BluntJabs","EmptyBody"],"picked":"Fasting2","floor":12},{"not_picked":["FollowUp","Worship+1"],"picked":"JustLucky","floor":14},{"not_picked":["Devotion","Establishment"],"picked":"DevaForm","floor":16},{"not_picked":["Meditate+1","Protect+1","Replay:Vibes+1"],"picked":"SKIP","floor":18},{"not_picked":["BowlingBash","FollowUp+1"],"picked":"Vengeance+1","floor":20},{"not_picked":["CrushJoints","LessonLearned","Replay:DivineShield+1"],"picked":"SKIP","floor":22}],"player_experience":3707228,"relics_obtained":[{"floor":6,"key":"infinitespire:ShieldingShard"},{"floor":8,"key":"StuffTheSpire:Wildfire"},{"floor":9,"key":"Replay:Bottled Steam"},{"floor":12,"key":"Juzu Bracelet"},{"floor":18,"key":"wanderingMiniBosses:Inkheart"}],"event_choices":[{"damage_healed":0,"gold_gain":0,"player_choice":"Box","damage_taken":0,"relics_obtained":["Gremlin Horn"],"max_hp_gain":0,"max_hp_loss":0,"event_name":"Big Fish","floor":4,"gold_loss":0,"cards_obtained":["Regret"]}],"is_beta":false,"boss_relics":[{"not_picked":["Cursed Key","conspire:RunicOctahedron"],"picked":"SlaversCollar"}],"items_purged_floors":[],"is_endless":false,"potions_floor_spawned":[1,6,8,16,22],"killed_by":"Nightmare","ascension_level":16}}