{"host":"3a1ypf1irl30q4k8","time":1607516822,"event":{"gold_per_floor":[118,135,36,51,69,103,103,50,104,104,104,104,119,152,152,255,255,245,245,259,270,270,270,290,290,290],"floor_reached":25,"playtime":1252,"items_purged":[],"score":288,"play_id":"4f8d424b-6f82-4a74-8ef0-4759f03f7300","local_time":"20201209122702","is_ascension_mode":true,"campfire_choices":[{"floor":7,"key":"REST"},{"data":"Defragment","floor":10,"key":"SMITH"},{"data":"Defragment","floor":15,"key":"SMITH"},{"data":"Fission","floor":23,"key":"SMITH"}],"neow_cost":"NONE","seed_source_timestamp":2351447528347700,"circlet_count":0,"master_deck":["Strike_B+1","Strike_B+1","Defend_B+1","Defend_B+1","Defend_B+1","Defend_B+1","Zap","Dualcast","Core Surge","Rebound","Chill","Conserve Battery","Doom and Gloom","Defragment+1","Defragment+1","Loop","Steam","Parasite","Undo","Echo Form","Redo","Fission+1","Coolheaded","Cold Snap","Thunder Strike","Ball Lightning"],"relics":["Cracked Core","Bottled Tornado","Regal Pillow","Vajra","Philosopher\u0027s Stone"],"potions_floor_usage":[16,16,21],"damage_taken":[{"damage":1,"enemies":"Cultist","floor":1,"turns":3},{"damage":11,"enemies":"Jaw Worm","floor":2,"turns":4},{"damage":0,"enemies":"2 Louse","floor":4,"turns":2},{"damage":12,"enemies":"Exordium Thugs","floor":5,"turns":4},{"damage":34,"enemies":"Gremlin Nob","floor":6,"turns":5},{"damage":0,"enemies":"2 Fungi Beasts","floor":13,"turns":3},{"damage":5,"enemies":"3 Sentries","floor":14,"turns":6},{"damage":12,"enemies":"Hexaghost","floor":16,"turns":7},{"damage":12,"enemies":"2 Thieves","floor":18,"turns":4},{"damage":13,"enemies":"Shell Parasite","floor":20,"turns":7},{"damage":13,"enemies":"Centurion and Healer","floor":21,"turns":7},{"damage":10,"enemies":"Cultist and Chosen","floor":24,"turns":6},{"damage":19,"enemies":"Gremlin Leader","floor":25,"turns":4}],"seed_played":"5486503684441336745","potions_obtained":[{"floor":1,"key":"SteroidPotion"},{"floor":6,"key":"SkillPotion"},{"floor":14,"key":"SkillPotion"},{"floor":16,"key":"SteroidPotion"},{"floor":20,"key":"SteroidPotion"},{"floor":21,"key":"Dexterity Potion"},{"floor":24,"key":"Swift Potion"}],"is_trial":false,"path_per_floor":["M","M","$","M","M","E","R","$","T","R","?","?","M","E","R","B",null,"M","?","M","M","?","R","M","E"],"character_chosen":"DEFECT","items_purchased":["Conserve Battery","Doom and Gloom","Steam"],"campfire_rested":1,"item_purchase_floors":[3,3,8],"current_hp_per_floor":[67,56,56,56,44,10,32,32,32,32,50,50,50,45,45,33,65,53,53,40,27,27,27,17,0,0],"gold":290,"neow_bonus":"ONE_RANDOM_RARE_CARD","is_prod":false,"is_daily":false,"chose_seed":false,"campfire_upgraded":3,"win_rate":0,"timestamp":1607516822,"path_taken":["M","M","$","M","?","E","R","$","T","R","?","?","?","E","R","BOSS","M","?","M","M","?","R","M","E"],"build_version":"2020-11-30","purchased_purges":0,"victory":false,"max_hp_per_floor":[75,75,75,75,75,75,75,75,75,75,75,75,75,75,75,75,75,75,75,75,75,75,75,75,75,75],"relic_stats":{"Regal Pillow":0,"counters":[13,62],"obtain_stats":[{"Regal Pillow":9,"Vajra":14,"Philosopher\u0027s Stone":17,"Bottled Tornado":6,"Cracked Core":0},{"Regal Pillow":5,"Vajra":7,"Philosopher\u0027s Stone":8,"Bottled Tornado":5,"Cracked Core":0},{"Regal Pillow":18,"Vajra":27,"Philosopher\u0027s Stone":34,"Bottled Tornado":18,"Cracked Core":0}]},"card_choices":[{"not_picked":["Storm","Turbo"],"picked":"Rebound","floor":1},{"not_picked":["Barrage","Steam"],"picked":"Chill","floor":2},{"not_picked":["Redo","Compile Driver"],"picked":"Defragment","floor":4},{"not_picked":["Consume","Force Field"],"picked":"Defragment","floor":5},{"not_picked":["Hologram","Rebound"],"picked":"Loop","floor":6},{"not_picked":["Gash","Stack","Rebound"],"picked":"SKIP","floor":13},{"not_picked":["Stack","Conserve Battery"],"picked":"Undo","floor":14},{"not_picked":["Buffer","Meteor Strike"],"picked":"Echo Form","floor":16},{"not_picked":["Gash","FTL"],"picked":"Redo","floor":18},{"not_picked":["Sweeping Beam","Beam Cell"],"picked":"Fission","floor":20},{"not_picked":["Beam Cell+1","Rip and Tear"],"picked":"Coolheaded","floor":21},{"not_picked":["Reinforced Body+1","Turbo"],"picked":"Ball Lightning","floor":24}],"player_experience":795510,"relics_obtained":[{"floor":6,"key":"Bottled Tornado"},{"floor":9,"key":"Regal Pillow"},{"floor":14,"key":"Vajra"}],"event_choices":[{"damage_healed":18,"gold_gain":0,"player_choice":"Healed and dodged fight","damage_taken":0,"max_hp_gain":0,"max_hp_loss":0,"event_name":"Mushrooms","floor":11,"gold_loss":0,"cards_obtained":["Parasite"]},{"damage_healed":0,"gold_gain":0,"player_choice":"Fled","damage_taken":0,"max_hp_gain":0,"max_hp_loss":0,"event_name":"Scrap Ooze","floor":12,"gold_loss":0},{"damage_healed":0,"gold_gain":0,"player_choice":"Simplicity","damage_taken":0,"max_hp_gain":0,"max_hp_loss":0,"event_name":"Back to Basics","floor":19,"gold_loss":0,"cards_upgraded":["Strike_B","Strike_B","Strike_B","Strike_B","Defend_B","Defend_B","Defend_B","Defend_B"]},{"damage_healed":0,"gold_gain":0,"cards_transformed":["Strike_B","Strike_B"],"player_choice":"Became Test Subject","damage_taken":0,"max_hp_gain":0,"max_hp_loss":0,"event_name":"Drug Dealer","floor":22,"gold_loss":0,"cards_obtained":["Cold Snap","Thunder Strike"]}],"is_beta":false,"boss_relics":[{"not_picked":["Cursed Key","Tiny House"],"picked":"Philosopher\u0027s Stone"}],"items_purged_floors":[],"is_endless":false,"potions_floor_spawned":[1,6,14,16,20,21,24],"killed_by":"Gremlin Leader","ascension_level":7}}