{"host":"5o2n8gt0sn3szjgb","time":1607527918,"event":{"gold_per_floor":[118,118,118,218,218,250,266,294,294,313,333,362,362,387,387,465,465,480,530,542,562,562,562,579,604,604,629,643,663,663,689,689,768,768,784,784,795,807,807,807,841,841,841,869,889,921,666,680,680,680,680,680,680,299,326,326],"floor_reached":57,"playtime":2049,"items_purged":["DegradedFairy"],"score":2565,"play_id":"e61fcf9f-b566-466c-9dba-3b22c9ac86ef","local_time":"20201209233158","is_ascension_mode":true,"campfire_choices":[{"data":"DegradedShockwave","floor":13,"key":"SMITH"},{"data":"DegradedPillar","floor":15,"key":"SMITH"},{"data":"DegradedPillar","floor":23,"key":"SMITH"},{"data":"DegradedChain","floor":32,"key":"SMITH"},{"data":"DegradedChain","floor":40,"key":"SMITH"},{"data":"DegradedFairy","floor":42,"key":"SMITH"},{"floor":49,"key":"RECALL"},{"data":"DegradedFairy","floor":53,"key":"SMITH"}],"neow_cost":"NONE","seed_source_timestamp":1216755804693400,"circlet_count":0,"master_deck":["AscendersBane","DegradedFairy+1","DegradedFairy+1","DegradedChain+1","DegradedChain+1","DegradedLock+1","DegradedPillar+1","DegradedPillar+1","DegradedShockwave+1"],"relics":["PageOfLibrarian","PageOfAlriune","CaptainsWheel","Matryoshka","White Beast Statue","Coffee Dripper","Mummified Hand","Pen Nib","TungstenRod","PageOfTodaysShyLook","Nilry\u0027s Codex","Omamori","Runic Pyramid","Blood Vial","Centennial Puzzle","Question Card","Ornamental Fan","Unceasing Top","PageOfLittleHelper","War Paint","Oddly Smooth Stone","Shuriken"],"potions_floor_usage":[],"damage_taken":[{"damage":0,"enemies":"2 Louse","floor":1,"turns":1},{"damage":0,"enemies":"Lagavulin","floor":6,"turns":3},{"damage":0,"enemies":"Cultist","floor":7,"turns":2},{"damage":4,"enemies":"3 Sentries","floor":8,"turns":2},{"damage":0,"enemies":"Jaw Worm","floor":10,"turns":1},{"damage":0,"enemies":"Blue Slaver","floor":11,"turns":1},{"damage":0,"enemies":"Gremlin Nob","floor":12,"turns":2},{"damage":0,"enemies":"3 Sentries","floor":14,"turns":1},{"damage":4,"enemies":"The Guardian","floor":16,"turns":4},{"damage":0,"enemies":"Chosen","floor":18,"turns":2},{"damage":0,"enemies":"Shell Parasite","floor":20,"turns":2},{"damage":0,"enemies":"Centurion and Healer","floor":21,"turns":2},{"damage":0,"enemies":"Snake Plant","floor":24,"turns":1},{"damage":0,"enemies":"Gremlin Leader","floor":25,"turns":3},{"damage":10,"enemies":"Slavers","floor":27,"turns":3},{"damage":0,"enemies":"Cultist and Chosen","floor":28,"turns":2},{"damage":0,"enemies":"Centurion and Healer","floor":29,"turns":2},{"damage":0,"enemies":"Gremlin Leader","floor":31,"turns":3},{"damage":0,"enemies":"Collector","floor":33,"turns":4},{"damage":0,"enemies":"3 Darklings","floor":35,"turns":2},{"damage":0,"enemies":"3 Shapes","floor":37,"turns":2},{"damage":0,"enemies":"Maw","floor":38,"turns":5},{"damage":14,"enemies":"Nemesis","floor":41,"turns":5},{"damage":11,"enemies":"Giant Head","floor":44,"turns":6},{"damage":0,"enemies":"Jaw Worm Horde","floor":45,"turns":2},{"damage":13,"enemies":"Reptomancer","floor":46,"turns":3},{"damage":9,"enemies":"Sphere and 2 Shapes","floor":48,"turns":2},{"damage":10,"enemies":"Donu and Deca","floor":50,"turns":5},{"damage":0,"enemies":"Donu and Deca","floor":51,"turns":7},{"damage":1,"enemies":"Shield and Spear","floor":55,"turns":5},{"damage":50,"enemies":"The Heart","floor":56,"turns":10}],"seed_played":"2139527947055913843","potions_obtained":[{"floor":10,"key":"GamblersBrew"},{"floor":11,"key":"Ancient Potion"},{"floor":16,"key":"FairyPotion"},{"floor":35,"key":"FairyPotion"}],"is_trial":false,"path_per_floor":["M","?","?","?","$","E","M","E","T","M","M","E","R","E","R","B",null,"M","?","M","M","?","R","M","E","T","E","M","M","?","E","R","B",null,"M","?","M","M","$","R","E","R","T","E","M","E","$","M","R","B",null,null,"R","$","E","B",null],"character_chosen":"Librarian","items_purchased":["PageOfLittleHelper","War Paint","Oddly Smooth Stone"],"campfire_rested":0,"item_purchase_floors":[47,54,54],"current_hp_per_floor":[63,63,68,68,68,68,68,64,64,64,64,64,64,64,64,60,93,93,93,93,93,93,93,93,93,93,83,83,83,66,66,66,66,95,95,95,95,95,95,95,81,81,81,72,74,63,63,56,56,48,50,91,91,91,92,44],"gold":326,"neow_bonus":"TEN_PERCENT_HP_BONUS","is_prod":false,"is_daily":false,"chose_seed":false,"campfire_upgraded":7,"win_rate":0,"timestamp":1607527918,"path_taken":["M","?","?","?","$","E","M","E","T","?","M","E","R","E","R","BOSS","M","?","M","M","?","R","M","E","T","E","M","M","?","E","R","BOSS","M","?","?","M","$","R","E","R","T","E","M","E","?","M","R","BOSS","R","$","E","BOSS"],"build_version":"2020-11-30","purchased_purges":1,"victory":true,"max_hp_per_floor":[99,99,104,104,104,104,104,104,104,104,104,104,104,104,104,104,104,104,104,104,104,104,104,104,104,104,104,104,104,104,104,104,104,104,104,104,104,104,104,104,104,104,104,104,104,104,104,104,104,104,104,104,104,104,104,104],"card_choices":[{"not_picked":["UnavoidableGaze","EndlessBattle","Thrust","DesperateStruggle","FleetEdge","Quickness","EmotionalTurbulence","HandleRequest","Unlock1"],"picked":"SKIP","floor":1},{"not_picked":["SuppressingShot","StructuralAnalysis","Collision","Thrust","FlashingStrike","FleetFootsteps","LeRegole","StrongStrike","UndertakePrescript"],"picked":"SKIP","floor":6},{"not_picked":["FierceOnslaught","GuidanceOfTheGears","Outburst","SharpSwipe","AGoldenOpportunity","WillOfThePrescript","Rewind","Execute_lor","UnavoidableGaze"],"picked":"SKIP","floor":7},{"not_picked":["Diversion","ForTheFamily","StrongStrike","RipSpace","ToOvercomeCrisis","DarkCloud","GatherIntel","FaintMemories","Wallop_lor"],"picked":"SKIP","floor":8},{"not_picked":["Slice_lor","Faith","GuardingStance","SpearedSweep","FrontalAssault","WrathOfTorment","Zzzzzap","SuppressingShot","Diversion"],"picked":"SKIP","floor":10},{"not_picked":["DevastatingThrash","Quickness","SparkingSpear","Standoff","Mutilate","DesperateStruggle","SharpenedBlade","HighKick","GuardingStance"],"picked":"SKIP","floor":11},{"not_picked":["ShockingBlow","AlloutWar","GoinFirst","WaitUp","UndertakePrescript","WildCard","Leap_lor","Diversion","FendThisOffIfYouCan"],"picked":"SKIP","floor":12},{"not_picked":["MultiBlock","Faith","Quickness","FierceOnslaught","DeepDrag","GuardingStance","HighKick","GuidanceOfTheGears","CircusKnives"],"picked":"SKIP","floor":14},{"not_picked":["YoureAHindrance","HiddenBlade","TendonChords","BindingArms","Leap_lor","HighSpeedStabbing","Pound","NightInTheBackstreets","FierceCharge"],"picked":"SKIP","floor":18},{"not_picked":["SunsetBlade","ToWhereThePrescriptPoints","AsThePrescriptOrders","Execute_lor","ClassAndRespect","Eject+1","Ripple+1","CircusKnives","Punishment"],"picked":"SKIP","floor":20},{"not_picked":["Rampage_lor","SharpSwipe","Rewind","Faith+1","FlowOfTheSword","EnergyCycle+1","Marionette","FlyingSword","TrimTheIngredients"],"picked":"SKIP","floor":21},{"not_picked":["DarkCloud","Parry","SummaryJudgment","RipSpace","Endure","InnerArdor","SkitterAway","YourShield","SharpSwipe"],"picked":"SKIP","floor":24},{"not_picked":["FleetEdge","PreemptiveStrike","Rewind","ReadyUp","AbsorbImpact","BiteOff","EndlessBattle","Commandeering","YoureAHindrance+1"],"picked":"SKIP","floor":25},{"not_picked":["WillOfThePrescript","StrongStrike","Thrust","MultiBlock","Pound","Zzzzzap","SpearedSweep","NightInTheBackstreets","FierceCharge"],"picked":"SKIP","floor":27},{"not_picked":["BayonetCombat","ClassAndRespect","BiteOff","GuidanceOfTheGears","DevastatingThrash","CombatPreparation","MultiBlock","Rewind+1","FocusFire"],"picked":"SKIP","floor":28},{"not_picked":["SharpSwipe","HiddenBlade","DimensionalRift","ElectricShock","Multislash","Cruelty","WillOfThePrescript","YouOnlyLiveOnce","StructuralAnalysis"],"picked":"SKIP","floor":29},{"not_picked":["NightInTheBackstreets","ButterflySlash","Punishment","CutIn","Reload","Thrust","StartinOutLightly","Overcharge","MultiBlock"],"picked":"SKIP","floor":31},{"not_picked":["Diversion","Thrust","Faith+1","NightInTheBackstreets","QuickAttack+1","HandlingWork","SturdyDefense","BackAttack+1","Pound+1"],"picked":"SKIP","floor":35},{"not_picked":["LoosenUp","FleetFootsteps","SmokingPipe","DevastatingThrash","ClassAndRespect","CircusKnives","Diversion+1","SunsetBlade","Bvapour"],"picked":"SKIP","floor":37},{"not_picked":["WillOfThePrescript","HighKick","YourShield","DirtyBlow","FierceCharge","HiddenBlade+1","Standoff+1","MultiBlock","Brawl"],"picked":"SKIP","floor":38},{"not_picked":["QuickAttack","HighKick","FleetEdge+1","TheRedNotes","TraceOfFumes","ICanCookAnything","DaringDecision","DarkCloud+1","Reload"],"picked":"SKIP","floor":41},{"not_picked":["FlowOfTheSword","Fence+1","StructuralAnalysis","SuppressingShot+1","SweepTheBackstreets","Wallop_lor","StayCalm","StrongStrike+1","Parry+1","FleetEdge"],"picked":"SKIP","floor":44},{"not_picked":["Wallop_lor","MultiBlock","Ripple","PreemptiveStrike+1","BackAttack+1","ChargeUp","EnergyCycle+1","Thrust","RulesOfTheBackstreets+1","HiddenBlade"],"picked":"SKIP","floor":45},{"not_picked":["OpportunitySpotted","SuppressingShot","BackAttack","Multislash+1","TendonChords","CumulusWall+1","CircusKnives","AbsorbImpact","MultiHit","Wallop_lor+1"],"picked":"SKIP","floor":46},{"not_picked":["Tailoring","SenseQuarry","PreemptiveStrike","IllEndYou+1","SpearedSweep+1","SharpSwipe","SunsetBlade","CircusKnives","TimeForALittleTest","GuidanceOfTheGears"],"picked":"SKIP","floor":48},{"not_picked":["UpbeatPerformance","TraceOfFumes","WrathOfTorment","EnergyCycle","GuidanceOfTheGears","TendonChords","SharpNails+1","ClassAndRespect","Observe","Overcharge"],"picked":"SKIP","floor":55}],"player_experience":339292,"relics_obtained":[{"floor":6,"key":"PageOfAlriune"},{"floor":8,"key":"CaptainsWheel"},{"floor":12,"key":"Matryoshka"},{"floor":14,"key":"White Beast Statue"},{"floor":25,"key":"Mummified Hand"},{"floor":26,"key":"Pen Nib"},{"floor":26,"key":"TungstenRod"},{"floor":27,"key":"PageOfTodaysShyLook"},{"floor":30,"key":"Nilry\u0027s Codex"},{"floor":31,"key":"Omamori"},{"floor":41,"key":"Blood Vial"},{"floor":43,"key":"Centennial Puzzle"},{"floor":43,"key":"Question Card"},{"floor":44,"key":"Ornamental Fan"},{"floor":46,"key":"Unceasing Top"},{"floor":55,"key":"Shuriken"}],"event_choices":[{"damage_healed":0,"gold_gain":0,"player_choice":"Grow","damage_taken":0,"max_hp_gain":0,"max_hp_loss":0,"event_name":"Living Wall","floor":2,"gold_loss":0,"cards_upgraded":["DegradedLock"]},{"damage_healed":0,"gold_gain":0,"player_choice":"Donut","damage_taken":0,"max_hp_gain":5,"max_hp_loss":0,"event_name":"Big Fish","floor":3,"gold_loss":0},{"damage_healed":0,"gold_gain":100,"player_choice":"Gold","damage_taken":0,"max_hp_gain":0,"max_hp_loss":0,"event_name":"Wheel of Change","floor":4,"gold_loss":0},{"damage_healed":0,"gold_gain":50,"player_choice":"Stole From Cult","damage_taken":0,"max_hp_gain":0,"max_hp_loss":0,"event_name":"Nest","floor":19,"gold_loss":0},{"damage_healed":0,"gold_gain":0,"player_choice":"Ignored","damage_taken":0,"max_hp_gain":0,"max_hp_loss":0,"event_name":"Vampires","floor":22,"gold_loss":0},{"damage_healed":0,"gold_gain":0,"player_choice":"Obtained Book","damage_taken":21,"max_hp_gain":0,"max_hp_loss":0,"event_name":"Cursed Tome","floor":30,"gold_loss":0},{"damage_healed":0,"gold_gain":0,"player_choice":"Ignored","damage_taken":0,"max_hp_gain":0,"max_hp_loss":0,"event_name":"Transmorgrifier","floor":36,"gold_loss":0}],"is_beta":false,"boss_relics":[{"not_picked":["Calling Bell","Empty Cage"],"picked":"Coffee Dripper"},{"not_picked":["Astrolabe","SacredBark"],"picked":"Runic Pyramid"}],"items_purged_floors":[54],"is_endless":false,"potions_floor_spawned":[6,10,11,12,14,16,18,20,21,24,25,27,28,29,31,33,35,37,38,41,44,45,46,48,51,55],"ascension_level":15}}