{"host":"htpechobqgpaugnv","time":1607489405,"event":{"gold_per_floor":[118,268,268,268,283,283,283,317,343,378,414,426,457,509,521,533,533],"floor_reached":16,"playtime":346,"items_purged":[],"score":196,"play_id":"915c8e11-9c1f-4dda-ba04-ee9089d8a0b0","local_time":"20201208225005","is_ascension_mode":true,"campfire_choices":[{"data":"Eruption","floor":6,"key":"SMITH"},{"data":"CrushJoints","floor":12,"key":"SMITH"},{"data":"Scrawl","floor":15,"key":"SMITH"}],"neow_cost":"PERCENT_DAMAGE","seed_source_timestamp":69311247289399,"circlet_count":0,"master_deck":["AscendersBane","Strike_P","Strike_P","Defend_P","Defend_P","Defend_P","Eruption+1","Vigilance","EmptyMind","Doubt","Sanctity","Weave","CrushJoints+1","Weave","Scrawl+1"],"special_seed":0,"relics":["PureWater","Golden Idol","Odd Mushroom","MawBank","Boot"],"potions_floor_usage":[5,8,16],"damage_taken":[{"damage":0.0,"enemies":"2 Louse","floor":1.0,"turns":2.0},{"damage":0,"enemies":"Small Slimes","floor":5,"turns":4},{"damage":16,"enemies":"The Mushroom Lair","floor":8,"turns":4},{"damage":0,"enemies":"Cultist","floor":11,"turns":3},{"damage":9,"enemies":"Looter","floor":13,"turns":4},{"damage":3,"enemies":"Gremlin Nob","floor":14,"turns":3},{"damage":27,"enemies":"Slime Boss","floor":16,"turns":4}],"seed_played":"-2874856781398729194","potions_obtained":[{"floor":1.0,"key":"Energy Potion"},{"floor":5,"key":"Ambrosia"},{"floor":11,"key":"Block Potion"}],"is_trial":false,"path_per_floor":["M","?","?","?","M","R","?","?","T","T","M","R","M","E","R","B"],"character_chosen":"WATCHER","items_purchased":[],"campfire_rested":0,"item_purchase_floors":[],"current_hp_per_floor":[43,43,48,48,48,48,48,32,32,32,32,32,23,20,20,0,0],"gold":533,"neow_bonus":"REMOVE_TWO","is_prod":false,"is_daily":false,"chose_seed":false,"campfire_upgraded":3,"win_rate":0,"timestamp":1607489405,"path_taken":["M","?","?","?","?","R","?","?","T","?","M","R","?","E","R","BOSS"],"build_version":"2020-11-30","purchased_purges":0,"victory":false,"max_hp_per_floor":[68,68,73,73,73,73,66,66,66,66,66,66,66,66,66,66,66],"relic_stats":{"counters":[7,24],"Golden Idol":24,"MawBank":84,"Boot":[0],"obtain_stats":[{"Golden Idol":7,"PureWater":0,"Odd Mushroom":8,"MawBank":9,"Boot":14},{"Golden Idol":2,"PureWater":0,"Odd Mushroom":3,"MawBank":3,"Boot":6},{"Golden Idol":6,"PureWater":0,"Odd Mushroom":10,"MawBank":10,"Boot":20}]},"card_choices":[{"not_picked":["ForeignInfluence","Halt"],"picked":"EmptyMind","floor":1.0},{"not_picked":["Indignation","Halt","EmptyFist"],"picked":"SKIP","floor":5},{"not_picked":["Wireheading","ThirdEye"],"picked":"Weave","floor":8},{"not_picked":["CutThroughFate","EmptyMind"],"picked":"CrushJoints","floor":11},{"not_picked":["SashWhip","WaveOfTheHand"],"picked":"Weave","floor":13},{"not_picked":["JustLucky","Consecrate"],"picked":"Scrawl","floor":14}],"player_experience":1250581,"relics_obtained":[{"floor":8,"key":"Odd Mushroom"},{"floor":9,"key":"MawBank"},{"floor":14,"key":"Boot"}],"event_choices":[{"damage_healed":0.0,"max_hp_gain":0.0,"max_hp_loss":0.0,"gold_gain":150.0,"event_name":"Liars Game","player_choice":"AGREE","floor":2.0,"gold_loss":0.0,"damage_taken":0.0,"cards_obtained":["Doubt"]},{"damage_healed":0.0,"max_hp_gain":5.0,"max_hp_loss":0.0,"gold_gain":0.0,"event_name":"Big Fish","player_choice":"Donut","floor":3.0,"gold_loss":0.0,"damage_taken":0.0},{"damage_healed":0.0,"max_hp_gain":0.0,"max_hp_loss":0.0,"gold_gain":0.0,"cards_transformed":["Strike_P"],"event_name":"Transmorgrifier","player_choice":"Transformed","floor":4.0,"gold_loss":0.0,"damage_taken":0.0,"cards_obtained":["Sanctity"]},{"damage_healed":0,"gold_gain":0,"player_choice":"Lose Max HP","damage_taken":0,"relics_obtained":["Golden Idol"],"max_hp_gain":0,"max_hp_loss":7,"event_name":"Golden Idol","floor":7,"gold_loss":0},{"damage_healed":0,"gold_gain":0,"player_choice":"Fought Mushrooms","damage_taken":0,"max_hp_gain":0,"max_hp_loss":0,"event_name":"Mushrooms","floor":8,"gold_loss":0}],"is_beta":false,"boss_relics":[],"items_purged_floors":[],"is_endless":false,"potions_floor_spawned":[1,5,11],"killed_by":"Slime Boss","ascension_level":20}}