{"host":"l4zsyynf3knc4g5z","time":1607546835,"event":{"gold_per_floor":[216,63,63,63,12,12,27,27,51,51,63,96,96,109,109,213,213,225,225,150,169,179,205,68,142,142,142,161,188,188,216,316,417,417,437,437,71,71,85,120,120,152,152,171,188,231,231,231,231,231,231,231,231,256,256,256],"floor_reached":55,"playtime":1226,"items_purged":["dioMod:Strike","dioMod:Defend","dioMod:Defend"],"score":1132,"play_id":"f45ed98c-76bc-44ac-bfeb-4f92c8c4d73a","local_time":"20201209124715","is_ascension_mode":true,"campfire_choices":[{"data":"dioMod:MudaMudaMuda","floor":6,"key":"SMITH"},{"data":"dioMod:Muda","floor":8,"key":"SMITH"},{"data":"dioMod:MudaMudaMuda","floor":10,"key":"SMITH"},{"data":"Bite","floor":15,"key":"SMITH"},{"data":"dioMod:Muda","floor":30,"key":"SMITH"},{"data":"dioMod:DoubleTime","floor":47,"key":"SMITH"},{"floor":49,"key":"REST"},{"data":"dioMod:TheWalk","floor":52,"key":"SMITH"}],"neow_cost":"NONE","seed_source_timestamp":1590505534573000,"circlet_count":0,"master_deck":["dioMod:Muda+1","dioMod:Strike","dioMod:Strike","Bite+1","dioMod:Defend","dioMod:Defend","dioMod:ComboFever+1","dioMod:MudaMudaMuda+1","dioMod:MudaMudaMuda+1","dioMod:Muda+1","dioMod:TheWalk+1","dioMod:Muda+1","dioMod:DoubleTime+1","dioMod:TheWalk+1","dioMod:Muda+1"],"relics":["dioMod:VampireBlood","Bag of Marbles","SnailShell","Counterbalance","Bag of Preparation","SacredBark","GiantMaggot","Pantograph","Replay:Ringing Soul","Nilry\u0027s Codex","Toxic Egg 2","hubris:TenFootPole","Onion Ring","hubris:Backtick","Shuriken","hubris:Towel","Bottled Flame","RetroEgg","Happy Flower","Molten Egg 2","Replay:Bottled Eggs","Ancient Tea Set","Nunchaku"],"potions_floor_usage":[12,16,33,33,33,45,55,55],"damage_taken":[{"damage":15,"enemies":"Cultist","floor":1,"turns":4},{"damage":5,"enemies":"2 Louse","floor":7,"turns":3},{"damage":6,"enemies":"Jaw Worm","floor":11,"turns":3},{"damage":0,"enemies":"Gremlin Nob","floor":12,"turns":2},{"damage":0,"enemies":"Exordium Thugs","floor":14,"turns":1},{"damage":33,"enemies":"Slime Boss","floor":16,"turns":5},{"damage":0,"enemies":"3 Byrds","floor":18,"turns":1},{"damage":0,"enemies":"2 Thieves","floor":21,"turns":1},{"damage":5,"enemies":"Cultist and Chosen","floor":22,"turns":2},{"damage":0,"enemies":"Book of Stabbing","floor":23,"turns":1},{"damage":10,"enemies":"Snake Plant","floor":28,"turns":2},{"damage":0,"enemies":"Gremlin Leader","floor":29,"turns":1},{"damage":0,"enemies":"Slavers","floor":31,"turns":1},{"damage":0,"enemies":"Colosseum Slavers","floor":32,"turns":1},{"damage":2,"enemies":"Colosseum Nobs","floor":32,"turns":2},{"damage":5,"enemies":"hubris:MusketHawk","floor":33,"turns":2},{"damage":4,"enemies":"Orb Walker","floor":35,"turns":2},{"damage":0,"enemies":"3 Darklings","floor":39,"turns":1},{"damage":0,"enemies":"Giant Head","floor":40,"turns":1},{"damage":0,"enemies":"Reptomancer","floor":42,"turns":1},{"damage":0,"enemies":"Sphere and 2 Shapes","floor":44,"turns":1},{"damage":3,"enemies":"Transient","floor":45,"turns":5},{"damage":0,"enemies":"Donu and Deca","floor":50,"turns":1},{"damage":0,"enemies":"Shield and Spear","floor":54,"turns":1},{"damage":114,"enemies":"Kars","floor":55,"turns":7}],"seed_played":"-3827546559212565608","potions_obtained":[{"floor":7,"key":"Explosive Potion"},{"floor":14,"key":"Toxic Potion"},{"floor":21,"key":"BlessingOfTheForge"},{"floor":23,"key":"Venom Potion"},{"floor":31,"key":"Strength Potion"},{"floor":35,"key":"LifebloodPotion"},{"floor":40,"key":"Dexterity Potion"},{"floor":45,"key":"FearPotion"}],"is_trial":false,"path_per_floor":["M","$","?","?","$","R","M","R","T","R","M","E","?","M","R","B",null,"M","?","$","M","M","E","$","T","T","?","M","E","R","E","R_BF","B",null,"M","?","$","?","M","E","$","E","T","M","M","?","R","T","R","B",null,"R","$","E","B"],"character_chosen":"THE_DEFAULT","items_purchased":["Bag of Marbles","dioMod:MudaMudaMuda","dioMod:DoubleTime","Bottled Flame"],"campfire_rested":1,"item_purchase_floors":[2,5,24,37],"current_hp_per_floor":[65,65,65,65,65,65,68,68,68,68,67,70,63,69,69,42,75,75,75,75,75,75,75,75,75,75,59,52,55,55,64,74,78,78,77,77,77,77,81,81,81,81,81,81,81,71,71,71,81,81,81,81,81,81,0,0],"gold":256,"neow_bonus":"HUNDRED_GOLD","is_prod":false,"is_daily":false,"chose_seed":false,"campfire_upgraded":7,"win_rate":0,"timestamp":1607546835,"path_taken":["M","$","?","?","$","R","?","R","T","R","M","E","?","M","R","BOSS","M","?","$","M","M","E","$","?","T","?","M","E","R","E","R_BF","BOSS","M","?","$","?","M","E","$","E","T","?","M","?","R","?","R","BOSS","R","$","E","BOSS"],"build_version":"2020-11-30","purchased_purges":3,"victory":false,"max_hp_per_floor":[75,75,75,75,75,75,75,75,75,75,75,75,75,75,75,75,75,75,75,75,75,75,75,75,75,75,75,75,75,75,75,75,78,78,78,78,78,78,81,81,81,81,81,81,81,81,81,81,81,81,81,81,81,81,81,81],"card_choices":[{"not_picked":["dioMod:FlyAway","dioMod:DaggerToss"],"picked":"dioMod:ComboFever","floor":1},{"not_picked":["dioMod:SecretPlan","dioMod:HeavyLifting"],"picked":"dioMod:Muda","floor":7},{"not_picked":["dioMod:CautiousMuda","dioMod:ComposedMuda","dioMod:SecretPlan"],"picked":"SKIP","floor":11},{"not_picked":["dioMod:DisarmingVoice","dioMod:Minions","dioMod:GoodbyeJojo"],"picked":"SKIP","floor":12},{"not_picked":["dioMod:BloodShield","dioMod:Freeze","dioMod:VengefulMuda"],"picked":"SKIP","floor":14},{"not_picked":["dioMod:KonoDioDa","dioMod:GoldVial"],"picked":"dioMod:TheWalk","floor":16},{"not_picked":["dioMod:TripleThreat","dioMod:CautiousMuda+1"],"picked":"dioMod:Muda","floor":18},{"not_picked":["dioMod:SlashThroughTime","dioMod:StreetSign","dioMod:BloodTransfusion+1"],"picked":"SKIP","floor":21},{"not_picked":["dioMod:FlyAway","dioMod:SevenPageMuda","dioMod:Freeze+1"],"picked":"SKIP","floor":22},{"not_picked":["dioMod:Roundabout+1","dioMod:BloodShield","dioMod:DaggerToss"],"picked":"SKIP","floor":23},{"not_picked":["dioMod:HeavyLifting","dioMod:Roundabout+1","dioMod:WRYYY"],"picked":"SKIP","floor":28},{"not_picked":["dioMod:StreetSign","dioMod:CoffinBath+1","dioMod:BloodSuck"],"picked":"SKIP","floor":29},{"not_picked":["dioMod:MudaMudaMuda","dioMod:ComposedMuda","dioMod:SecretPlan+1"],"picked":"SKIP","floor":31},{"not_picked":["dioMod:GoldVial+1","dioMod:KonoDioDa+1"],"picked":"dioMod:TheWalk+1","floor":33},{"not_picked":["dioMod:DominatingPresence+1","dioMod:DisarmingVoice+1","dioMod:BloodTransfusion+1"],"picked":"SKIP","floor":35},{"not_picked":["dioMod:GoodbyeJojo+1","dioMod:ComposedMuda+1"],"picked":"dioMod:Muda","floor":39},{"not_picked":["dioMod:Freeze+1","dioMod:SecretPlan+1","dioMod:BloodTransfusion"],"picked":"SKIP","floor":40},{"not_picked":["dioMod:DaggerToss+1","dioMod:BloodShield+1","dioMod:SevenPageMuda"],"picked":"SKIP","floor":42},{"not_picked":["dioMod:SlashThroughTime+1","dioMod:ComposedMuda+1","dioMod:CautiousMuda+1"],"picked":"SKIP","floor":44},{"not_picked":["dioMod:DisarmingVoice+1","dioMod:Diversion+1","dioMod:Hiss+1"],"picked":"SKIP","floor":45},{"not_picked":["dioMod:BloodTransfusion","dioMod:BloodShield+1","dioMod:GoldVial+1"],"picked":"SKIP","floor":54}],"player_experience":92143,"relics_obtained":[{"floor":9,"key":"SnailShell"},{"floor":12,"key":"Counterbalance"},{"floor":23,"key":"GiantMaggot"},{"floor":25,"key":"Pantograph"},{"floor":26,"key":"Replay:Ringing Soul"},{"floor":27,"key":"Nilry\u0027s Codex"},{"floor":29,"key":"Toxic Egg 2"},{"floor":31,"key":"hubris:TenFootPole"},{"floor":32,"key":"Onion Ring"},{"floor":40,"key":"RetroEgg"},{"floor":42,"key":"Happy Flower"},{"floor":43,"key":"Molten Egg 2"},{"floor":46,"key":"Replay:Bottled Eggs"},{"floor":48,"key":"Ancient Tea Set"},{"floor":54,"key":"Nunchaku"}],"event_choices":[{"damage_healed":0,"gold_gain":0,"player_choice":"Bought 0 Potions","damage_taken":0,"max_hp_gain":0,"max_hp_loss":0,"event_name":"The Woman in Blue","floor":4,"gold_loss":0},{"damage_healed":0,"gold_gain":0,"player_choice":"Success","damage_taken":7,"relics_obtained":["Bag of Preparation"],"max_hp_gain":0,"max_hp_loss":0,"event_name":"Scrap Ooze","floor":13,"gold_loss":0},{"cards_removed":["dioMod:Strike"],"damage_healed":0,"gold_gain":0,"player_choice":"Purged","damage_taken":0,"max_hp_gain":0,"max_hp_loss":0,"event_name":"Purifier","floor":19,"gold_loss":0},{"damage_healed":0,"gold_gain":0,"player_choice":"Obtained Book","damage_taken":16,"max_hp_gain":0,"max_hp_loss":0,"event_name":"Cursed Tome","floor":27,"gold_loss":0},{"damage_healed":0,"gold_gain":0,"player_choice":"Fight","damage_taken":0,"max_hp_gain":0,"max_hp_loss":0,"event_name":"Colosseum","floor":32,"gold_loss":0},{"damage_healed":0,"gold_gain":0,"player_choice":"Fought Nobs","damage_taken":0,"max_hp_gain":0,"max_hp_loss":0,"event_name":"Colosseum","floor":32,"gold_loss":0},{"damage_healed":0,"gold_gain":0,"player_choice":"0 cards matched","damage_taken":0,"max_hp_gain":0,"max_hp_loss":0,"event_name":"Match and Keep!","floor":38,"gold_loss":0,"cards_obtained":[]}],"is_beta":false,"boss_relics":[{"not_picked":["Pandora\u0027s Box","hubris:VirtuousBlindfold"],"picked":"SacredBark"},{"not_picked":["Sozu","Empty Cage"],"picked":"hubris:Backtick"}],"items_purged_floors":[20,24,37],"is_endless":false,"potions_floor_spawned":[7,14,21,23,31,32,35,40,45],"killed_by":"Kars","ascension_level":1}}