{"host":"ipcfr4ajj2jkxvg7","time":1607500710,"event":{"gold_per_floor":[111,111,130,142,154,186,186,219,219,219,232,247,260,291,291,363,363,374,385,385,217,217,217,241,269,269,269,319,346,361,381,381,455,455,474,474,485,485,496,521,531,548,620,655,655,687,687,424,424,424,424,424,424,110,137,137],"floor_reached":57,"playtime":9362,"items_purged":["Defend_RM","Normality","Strike_RM"],"score":2550,"play_id":"7b1cf5ad-bf57-4ff4-8b6d-739cf295fdc7","local_time":"20201209155830","is_ascension_mode":true,"campfire_choices":[{"data":"VampireClaw","floor":7.0,"key":"SMITH"},{"data":"KillingBlow","floor":10.0,"key":"SMITH"},{"floor":15.0,"key":"DIG"},{"data":"EternalNight","floor":23.0,"key":"SMITH"},{"data":"BloodyMagicSquare","floor":27.0,"key":"SMITH"},{"data":"CurseOfVladTepes","floor":32.0,"key":"SMITH"},{"data":"EquivalentExchange","floor":45.0,"key":"SMITH"},{"data":"TricksterDevil","floor":47,"key":"SMITH"},{"floor":49,"key":"RECALL"},{"data":"CeilingFear","floor":53,"key":"SMITH"}],"neow_cost":"NONE","seed_source_timestamp":781906803699300,"circlet_count":0,"master_deck":["AscendersBane","Strike_RM","Strike_RM","Strike_RM","Defend_RM","Defend_RM","Defend_RM","RedMoon","ScarletShoot","NightLord","LeisurelyOfLord","ChainGang","VampireClaw+1","KillingBlow+1","BloodyMagicSquare+1","EternalNight+1","CurseOfVladTepes+1","FitfulNightmare","VampireKiss","VampireKiss","TwelveNightmare","HunterOfTheNight","BloodHunter","NightDance","CeilingFear+1","NightLord+1","Writhe","BloodHunter","ScarletDevilSign","HunterOfTheNight","EquivalentExchange+1","TricksterDevil+1","DiffusionOfMisfortune","BloodyMagicSquare+1"],"special_seed":0,"relics":["ScarletHat","NeowsBlessing","AddBug","SecretRecord","SecretRecord","SecretRecord","SecretRecord","SecretRecord","SecretRecord"],"potions_floor_usage":[],"damage_taken":[{"damage":0.0,"enemies":"Cultist","floor":1.0,"turns":2.0},{"damage":0.0,"enemies":"Small Slimes","floor":4.0,"turns":1.0},{"damage":0.0,"enemies":"2 Louse","floor":5.0,"turns":1.0},{"damage":0.0,"enemies":"3 Sentries","floor":6.0,"turns":2.0},{"damage":5.0,"enemies":"Lagavulin","floor":8.0,"turns":6.0},{"damage":0.0,"enemies":"Lots of Slimes","floor":11.0,"turns":2.0},{"damage":0.0,"enemies":"Blue Slaver","floor":12.0,"turns":1.0},{"damage":22.0,"enemies":"Large Slime","floor":13.0,"turns":5.0},{"damage":1.0,"enemies":"3 Sentries","floor":14.0,"turns":2.0},{"damage":10.0,"enemies":"Hexaghost","floor":16.0,"turns":5.0},{"damage":15.0,"enemies":"3 Byrds","floor":18.0,"turns":3.0},{"damage":16.0,"enemies":"Spheric Guardian","floor":19.0,"turns":4.0},{"damage":21.0,"enemies":"Slavers","floor":25.0,"turns":5.0},{"damage":11.0,"enemies":"Gremlin Leader","floor":29.0,"turns":7.0},{"damage":15.0,"enemies":"Shelled Parasite and Fungi","floor":30.0,"turns":3.0},{"damage":14.0,"enemies":"Snake Plant","floor":31.0,"turns":3.0},{"damage":11.0,"enemies":"Collector","floor":33.0,"turns":7.0},{"damage":46.0,"enemies":"Orb Walker","floor":35.0,"turns":3.0},{"damage":32.0,"enemies":"3 Darklings","floor":37.0,"turns":4.0},{"damage":29.0,"enemies":"Jaw Worm Horde","floor":39.0,"turns":3.0},{"damage":15.0,"enemies":"Giant Head","floor":40.0,"turns":6.0},{"damage":31.0,"enemies":"Writhing Mass","floor":41.0,"turns":4.0},{"damage":46.0,"enemies":"3 Darklings","floor":42.0,"turns":3.0},{"damage":8.0,"enemies":"Nemesis","floor":44.0,"turns":3.0},{"damage":13,"enemies":"Reptomancer","floor":46,"turns":5},{"damage":21,"enemies":"Awakened One","floor":50,"turns":8},{"damage":33,"enemies":"Replay:Hell Engine","floor":51,"turns":9},{"damage":73,"enemies":"Shield and Spear","floor":55,"turns":2},{"damage":87,"enemies":"The Heart","floor":56,"turns":6}],"seed_played":"787274611181270735","potions_obtained":[{"floor":1.0,"key":"SteroidPotion"},{"floor":5.0,"key":"SteroidPotion"},{"floor":11.0,"key":"FairyPotion"},{"floor":25.0,"key":"SteroidPotion"},{"floor":31.0,"key":"Block Potion"},{"floor":35.0,"key":"Strength Potion"}],"is_trial":false,"path_per_floor":["M","?","?","M","M","E","R","E","T","R","M","M","M","E","R","B",null,"M","M","?","$","?","R","T","E","T","R","?","E","M","M","R","B",null,"M","?","M","?","M","E","M","M","T","E","R","E","R","$","R","B","B",null,"R","$","E","B",null],"character_chosen":"REMILIA","items_purchased":["VampireKiss","TwelveNightmare","Dream Catcher","DiffusionOfMisfortune","War Paint"],"campfire_rested":0,"item_purchase_floors":[21,21,48,54,54],"current_hp_per_floor":[63,63,40,40,40,40,40,39,39,39,39,39,21,20,20,18,57,42,26,26,26,6,6,6,21,21,21,21,30,27,13,13,35,91,57,57,33,57,28,62,52,15,15,26,26,25,25,25,25,66,81,137,137,137,74,77],"gold":137,"neow_bonus":"THREE_ENEMY_KILL","is_prod":false,"is_daily":false,"chose_seed":false,"campfire_upgraded":8,"win_rate":0,"timestamp":1607500710,"path_taken":["M","?","?","M","M","E","R","E","T","R","M","M","M","E","R","BOSS","M","?","?","$","?","R","?","E","T","R","?","E","M","?","R","BOSS","M","?","M","?","M","E","M","M","T","E","R","E","R","$","R","BOSS","BOSS","R","$","E","BOSS"],"build_version":"2020-11-30","purchased_purges":3,"victory":true,"max_hp_per_floor":[70,70,70,70,70,70,70,70,70,70,70,70,70,70,70,70,70,70,70,70,70,75,75,75,83,83,83,83,91,100,100,100,109,109,118,118,118,118,118,127,136,136,136,136,136,136,136,136,136,146,156,156,156,156,156,156],"card_choices":[{"not_picked":["FavorOfDestiny","BadLadyScramble"],"picked":"NightLord","floor":1.0},{"not_picked":["UnstableMagic","ForbiddenFruit"],"picked":"LeisurelyOfLord","floor":3.0},{"not_picked":["Stigmanizer","RedRainbow"],"picked":"ChainGang","floor":4.0},{"not_picked":["StarOfDavid","CharismaGuard","UnstableMagic"],"picked":"SKIP","floor":5.0},{"not_picked":["UnstableMagic","NightDance"],"picked":"VampireClaw","floor":6.0},{"not_picked":["LeisurelyOfLord","FavorOfDestiny"],"picked":"KillingBlow","floor":8.0},{"not_picked":["GlobalNightmare","DiffusionOfMisfortune"],"picked":"BloodyMagicSquare","floor":11.0},{"not_picked":["FavorOfDestiny","ScarletCoffin","EmergencyRegeneration"],"picked":"SKIP","floor":12.0},{"not_picked":["BombardNight","ScarletDream","FavorOfDestiny"],"picked":"SKIP","floor":13.0},{"not_picked":["HunterOfTheNight","Stigmanizer"],"picked":"EternalNight","floor":14.0},{"not_picked":["CeilingFear","TransientEternity"],"picked":"CurseOfVladTepes","floor":16.0},{"not_picked":["RedMagic+1","MiserableFate","UltimateOffering"],"picked":"SKIP","floor":18.0},{"not_picked":["ScarletSymphony","ScarletImprint"],"picked":"FitfulNightmare","floor":19.0},{"not_picked":["ScarletGensokyo","BloodAndWine"],"picked":"HunterOfTheNight","floor":25.0},{"not_picked":["ScarletNetherworld+1","VampireFantasy"],"picked":"BloodHunter","floor":29.0},{"not_picked":["GlobalNightmare+1","Maim","EmergencyRegeneration+1"],"picked":"SKIP","floor":30.0},{"not_picked":["CharismaGuard","FavorOfDestiny"],"picked":"NightDance","floor":31.0},{"not_picked":["BloodyHallows","BloodyCatastrophe"],"picked":"CeilingFear","floor":33.0},{"not_picked":["ScarletGensokyo+1","MastersStateliness+1","CharismaGuard"],"picked":"SKIP","floor":35.0},{"not_picked":["FavorOfDestiny","DiffusionOfMisfortune"],"picked":"NightLord+1","floor":37.0},{"not_picked":["BadLadyScramble","UltimateOffering"],"picked":"BloodHunter","floor":39.0},{"not_picked":["UnderTheZenith","ChainGang+1"],"picked":"ScarletDevilSign","floor":40.0},{"not_picked":["BombardNight","MillenniumVampire"],"picked":"HunterOfTheNight","floor":41.0},{"not_picked":["ScarletDevil","Ultimatum","FavorOfDestiny"],"picked":"SKIP","floor":42.0},{"not_picked":["NightDance","UnstableMagic"],"picked":"EquivalentExchange","floor":44.0},{"not_picked":["EndlessAdversity","CharismaGuard"],"picked":"TricksterDevil","floor":46},{"not_picked":["ScarletImprint","VampireKiss+1"],"picked":"BloodyMagicSquare+1","floor":55}],"player_experience":335460,"relics_obtained":[{"floor":1.0,"key":"AddBug"},{"floor":2.0,"key":"Ring of Panic"},{"floor":2.0,"key":"Ring of Fangs"},{"floor":3.0,"key":"Peace Pipe"},{"floor":6.0,"key":"MealTicket"},{"floor":8.0,"key":"ChaoDraw"},{"floor":11.0,"key":"SecretRecord"},{"floor":14.0,"key":"Blood Vial"},{"floor":15.0,"key":"ReplayFunnel"},{"floor":16.0,"key":"SecretRecord"},{"floor":18.0,"key":"SecretRecord"},{"floor":24.0,"key":"Replay:Mystery Machine"},{"floor":25.0,"key":"Pantograph"},{"floor":26.0,"key":"Eternal Feather"},{"floor":29.0,"key":"SecretRecord"},{"floor":29.0,"key":"ReplayTheSpireMod:TigerMarble"},{"floor":40.0,"key":"Boot"},{"floor":41.0,"key":"SecretRecord"},{"floor":43.0,"key":"Molten Egg 2"},{"floor":44.0,"key":"Girya"},{"floor":46,"key":"ReplayTheSpireMod:Lightbulb"},{"floor":55,"key":"Grinning Jar"}],"event_choices":[{"damage_healed":0.0,"max_hp_gain":0.0,"max_hp_loss":0.0,"gold_gain":0.0,"event_name":"The Library","player_choice":"Read","floor":20.0,"gold_loss":0.0,"damage_taken":0.0,"cards_obtained":["VampireKiss"]},{"damage_healed":0.0,"max_hp_gain":5.0,"max_hp_loss":0.0,"gold_gain":0.0,"event_name":"Forgotten Altar","player_choice":"Shed Blood","floor":22.0,"gold_loss":0.0,"damage_taken":25.0},{"damage_healed":0.0,"max_hp_gain":0.0,"max_hp_loss":0.0,"gold_gain":100.0,"event_name":"The Joust","player_choice":"Bet on Murderer","floor":28.0,"gold_loss":50.0,"damage_taken":0.0},{"damage_healed":0.0,"max_hp_gain":0.0,"max_hp_loss":0.0,"gold_gain":0.0,"event_name":"SensoryStone","player_choice":"Memory 1","floor":36.0,"gold_loss":0.0,"damage_taken":0.0},{"damage_healed":24.0,"max_hp_gain":0.0,"max_hp_loss":0.0,"gold_gain":0.0,"event_name":"Winding Halls","player_choice":"Writhe","floor":38.0,"gold_loss":0.0,"damage_taken":0.0,"cards_obtained":["Writhe"]}],"is_beta":false,"boss_relics":[{"not_picked":["Black Star","Busted Crown"],"picked":"Snecko Eye"},{"not_picked":["Calling Bell","SlaversCollar"],"picked":"Philosopher\u0027s Stone"}],"items_purged_floors":[21,48,54],"is_endless":false,"potions_floor_spawned":[1,5,8,11,12,14,25,31,33,35,39,42,46,55],"ascension_level":20}}