{"host":"ormi09wwzv7sq47a","time":1607536289,"event":{"gold_per_floor":[114,114,130,55,230,263,263,109,109,109,109,109,109,137,137,242,242,254,265,275,225,237,237,249,249,275,292,53,63,63,79,79,79,79],"floor_reached":33,"playtime":1194,"items_purged":["Strike_G","Strike_G"],"score":434,"play_id":"80efdda6-74d9-457a-bb5b-675787946674","local_time":"20201209145129","is_ascension_mode":true,"campfire_choices":[{"data":"Choke","floor":7.0,"key":"SMITH"},{"data":"Neutralize","floor":10.0,"key":"SMITH"},{"data":"Noxious Fumes","floor":13.0,"key":"SMITH"},{"data":"PiercingWail","floor":15.0,"key":"SMITH"},{"data":"Corpse Explosion","floor":23.0,"key":"SMITH"},{"data":"Blur","floor":25.0,"key":"SMITH"},{"data":"Crippling Poison","floor":32,"key":"SMITH"}],"neow_cost":"NONE","seed_source_timestamp":2146520789683800,"circlet_count":0,"master_deck":["AscendersBane","Defend_G","Defend_G","Defend_G","Defend_G","Defend_G","Survivor","Neutralize+1","Dagger Spray+1","Choke+1","Backflip","Noxious Fumes+1","PiercingWail+1","Corpse Explosion+1","Acrobatics","Riddle With Holes","Blade Dance","Cloak And Dagger","Well Laid Plans","Blur+1","Crippling Poison+1","Backflip","Terror"],"special_seed":0,"relics":["Ring of the Snake","NeowsBlessing","Bag of Marbles","Lizard Tail","Ninja Scroll","Empty Cage","Regal Pillow","Bottled Tornado"],"potions_floor_usage":[33],"damage_taken":[{"damage":0.0,"enemies":"Small Slimes","floor":1.0,"turns":1.0},{"damage":0.0,"enemies":"Cultist","floor":3.0,"turns":1.0},{"damage":0.0,"enemies":"Gremlin Nob","floor":6.0,"turns":1.0},{"damage":12.0,"enemies":"3 Sentries","floor":14.0,"turns":5.0},{"damage":11.0,"enemies":"Hexaghost","floor":16.0,"turns":11.0},{"damage":4.0,"enemies":"Chosen","floor":18.0,"turns":4.0},{"damage":0.0,"enemies":"3 Byrds","floor":19.0,"turns":3.0},{"damage":3.0,"enemies":"Snecko","floor":20.0,"turns":4.0},{"damage":2.0,"enemies":"Centurion and Healer","floor":22.0,"turns":6.0},{"damage":31.0,"enemies":"Snake Plant","floor":24.0,"turns":4.0},{"damage":0.0,"enemies":"3 Cultists","floor":27.0,"turns":2.0},{"damage":14.0,"enemies":"Centurion and Healer","floor":29.0,"turns":5.0},{"damage":17,"enemies":"Snake Plant","floor":31,"turns":5},{"damage":21,"enemies":"Champ","floor":33,"turns":9}],"seed_played":"869047765759990178","potions_obtained":[{"floor":1.0,"key":"AttackPotion"},{"floor":20.0,"key":"PowerPotion"},{"floor":24.0,"key":"EntropicBrew"},{"floor":27.0,"key":"SmokeBomb"},{"floor":29.0,"key":"hexamod:EctoCoolerPotion"},{"floor":31,"key":"Energy Potion"}],"is_trial":false,"path_per_floor":["M","?","M","$","?","E","R","$","T","R","?","?","R","E","R","B",null,"M","M","M","$","M","R","M","R","T","M","$","M","?","M","R","B"],"character_chosen":"THE_SILENT","items_purchased":["Backflip","Cloak And Dagger","Bottled Tornado"],"campfire_rested":0,"item_purchase_floors":[8,21,28],"current_hp_per_floor":[63,63,63,63,63,63,63,63,63,63,56,56,56,44,44,33,61,57,57,54,54,52,52,21,21,21,21,21,7,7,29,29,8,8],"gold":79,"neow_bonus":"THREE_ENEMY_KILL","is_prod":false,"is_daily":false,"chose_seed":false,"campfire_upgraded":7,"win_rate":0,"timestamp":1607536289,"path_taken":["M","?","?","$","?","E","R","$","T","R","?","?","R","E","R","BOSS","M","M","?","$","M","R","M","R","T","M","$","M","?","M","R","BOSS"],"build_version":"2020-11-30","purchased_purges":2,"victory":false,"max_hp_per_floor":[70,70,70,70,70,70,70,70,70,70,70,70,70,70,70,70,70,70,70,70,70,70,70,70,70,70,70,70,70,70,70,70,70,70],"relic_stats":{"Lizard Tail":35,"Regal Pillow":0,"counters":[14,61],"obtain_stats":[{"Lizard Tail":9,"Regal Pillow":26,"NeowsBlessing":0,"Ninja Scroll":14,"Bag of Marbles":6,"Bottled Tornado":28,"Empty Cage":17,"Ring of the Snake":0},{"Lizard Tail":3,"Regal Pillow":10,"NeowsBlessing":0,"Ninja Scroll":4,"Bag of Marbles":3,"Bottled Tornado":11,"Empty Cage":5,"Ring of the Snake":0},{"Lizard Tail":3,"Regal Pillow":40,"NeowsBlessing":0,"Ninja Scroll":8,"Bag of Marbles":3,"Bottled Tornado":42,"Empty Cage":19,"Ring of the Snake":0}],"Ring of the Snake":[28]},"card_choices":[{"not_picked":["Underhanded Strike","Prepared"],"picked":"Dagger Spray","floor":1.0},{"not_picked":["Deadly Poison","Bane"],"picked":"Choke","floor":3.0},{"not_picked":["Prepared","Expertise","Bane"],"picked":"SKIP","floor":6.0},{"not_picked":["Escape Plan","Dagger Throw"],"picked":"PiercingWail","floor":14.0},{"not_picked":["Wraith Form v2","Grand Finale"],"picked":"Corpse Explosion","floor":16.0},{"not_picked":["Prepared","Backflip"],"picked":"Acrobatics","floor":18.0},{"not_picked":["All Out Attack","Acrobatics"],"picked":"Riddle With Holes","floor":19.0},{"not_picked":["Endless Agony","Bullet Time"],"picked":"Blade Dance","floor":20.0},{"not_picked":["Heel Hook","Dodge and Roll"],"picked":"Well Laid Plans","floor":22.0},{"not_picked":["All Out Attack","Sucker Punch+1"],"picked":"Blur","floor":24.0},{"not_picked":["Outmaneuver","Dagger Throw"],"picked":"Crippling Poison","floor":27.0},{"not_picked":["Masterful Stab","Dagger Throw"],"picked":"Backflip","floor":29.0},{"not_picked":["Heel Hook","Dagger Throw"],"picked":"Terror","floor":31}],"player_experience":723732,"relics_obtained":[{"floor":6.0,"key":"Bag of Marbles"},{"floor":9.0,"key":"Lizard Tail"},{"floor":14.0,"key":"Ninja Scroll"},{"floor":26.0,"key":"Regal Pillow"}],"event_choices":[{"damage_healed":0.0,"max_hp_gain":0.0,"max_hp_loss":0.0,"gold_gain":0.0,"event_name":"Accursed Blacksmith","player_choice":"Forge","floor":2.0,"gold_loss":0.0,"damage_taken":0.0,"cards_upgraded":["Dagger Spray"]},{"damage_healed":0.0,"max_hp_gain":0.0,"max_hp_loss":0.0,"gold_gain":175.0,"event_name":"Liars Game","player_choice":"AGREE","floor":5.0,"gold_loss":0.0,"damage_taken":0.0,"cards_obtained":["Doubt"]},{"cards_removed":["Doubt"],"damage_healed":0.0,"max_hp_gain":0.0,"max_hp_loss":0.0,"gold_gain":0.0,"event_name":"Golden Wing","player_choice":"Card Removal","floor":11.0,"gold_loss":0.0,"damage_taken":7.0},{"damage_healed":0.0,"max_hp_gain":0.0,"max_hp_loss":0.0,"gold_gain":0.0,"cards_transformed":["Strike_G"],"event_name":"Transmorgrifier","player_choice":"Transformed","floor":12.0,"gold_loss":0.0,"damage_taken":0.0,"cards_obtained":["Noxious Fumes"]}],"is_beta":false,"boss_relics":[{"not_picked":["Snecko Eye","Calling Bell"],"picked":"Empty Cage"}],"items_purged_floors":[4,8],"is_endless":false,"potions_floor_spawned":[1,20,24,27,29,31],"killed_by":"Champ","ascension_level":11}}