{"host":"n4fty02wqqi95laq","time":1607508904,"event":{"gold_per_floor":[119,119,119,2,13,38,38,38,112,126,145,145,145,161,161,233,233,251,265,265,625,625,625],"floor_reached":22,"playtime":463,"items_purged":["Strike_R"],"score":418,"play_id":"1f3b878f-c7d8-439a-9ffa-6f5809460aca","local_time":"20201209181504","is_ascension_mode":true,"campfire_choices":[{"data":"Searing Blow","floor":8.0,"key":"SMITH"},{"data":"Searing Blow+1","floor":13.0,"key":"SMITH"},{"data":"Searing Blow+2","floor":15.0,"key":"SMITH"}],"neow_cost":"NONE","seed_source_timestamp":359321941332900,"circlet_count":0,"master_deck":["AscendersBane","Bash","Spot Weakness","Searing Blow+3","Pommel Strike","Shrug It Off","Disarm","Barricade","Feel No Pain","Evolve","Shrug It Off","Brutality","Double Tap","Clash","Body Slam"],"special_seed":0,"relics":["Burning Blood","NeowsBlessing","Bronze Scales","Darkstone Periapt","Pandora\u0027s Box"],"potions_floor_usage":[22,22],"damage_taken":[{"damage":0.0,"enemies":"2 Louse","floor":1.0,"turns":1.0},{"damage":0.0,"enemies":"Cultist","floor":5.0,"turns":1.0},{"damage":0.0,"enemies":"Lagavulin","floor":6.0,"turns":1.0},{"damage":7.0,"enemies":"Jaw Worm","floor":10.0,"turns":3.0},{"damage":11.0,"enemies":"Blue Slaver","floor":11.0,"turns":4.0},{"damage":8.0,"enemies":"3 Louse","floor":14.0,"turns":3.0},{"damage":58.0,"enemies":"The Guardian","floor":16.0,"turns":11.0},{"damage":8.0,"enemies":"3 Byrds","floor":18.0,"turns":4.0},{"damage":21.0,"enemies":"Shell Parasite","floor":19.0,"turns":1.0},{"damage":31,"enemies":"Cultist and Chosen","floor":22,"turns":5}],"seed_played":"6683415916120959275","potions_obtained":[{"floor":1.0,"key":"BloodPotion"},{"floor":10.0,"key":"SpeedPotion"},{"floor":16.0,"key":"DuplicationPotion"},{"floor":19.0,"key":"Explosive Potion"}],"is_trial":false,"path_per_floor":["M","?","?","$","M","E","?","R","T","M","M","T","R","M","R","B",null,"M","M","?","?","M"],"character_chosen":"IRONCLAD","items_purchased":["Searing Blow"],"campfire_rested":0,"item_purchase_floors":[4],"current_hp_per_floor":[74,67,72,72,78,80,80,80,80,79,74,74,74,72,72,20,65,63,48,48,12,0,0],"gold":625,"neow_bonus":"THREE_ENEMY_KILL","is_prod":false,"is_daily":false,"chose_seed":false,"campfire_upgraded":3,"win_rate":0,"timestamp":1607508904,"path_taken":["M","?","?","$","M","E","?","R","T","M","?","?","R","M","R","BOSS","M","M","?","?","?"],"build_version":"2020-11-30","purchased_purges":1,"victory":false,"max_hp_per_floor":[75,75,80,80,80,80,80,80,80,80,80,80,80,80,80,80,80,80,80,80,80,80,80],"card_choices":[{"not_picked":["Flex","Heavy Blade"],"picked":"Spot Weakness","floor":1.0},{"not_picked":["Thunderclap","Perfected Strike","Iron Wave"],"picked":"SKIP","floor":5.0},{"not_picked":["Spot Weakness","Sever Soul"],"picked":"Pommel Strike","floor":6.0},{"not_picked":["Reckless Charge","Headbutt"],"picked":"Shrug It Off","floor":10.0},{"not_picked":["Bludgeon","Shockwave","Twin Strike"],"picked":"SKIP","floor":11.0},{"not_picked":["Inflame","Dropkick"],"picked":"Disarm","floor":14.0},{"not_picked":["Impervious","Bludgeon"],"picked":"Barricade","floor":16.0},{"not_picked":["Shrug It Off","Iron Wave","Dropkick"],"picked":"SKIP","floor":18.0},{"not_picked":["Clothesline","Heavy Blade"],"picked":"Body Slam","floor":19.0}],"player_experience":606186,"relics_obtained":[{"floor":6.0,"key":"Bronze Scales"},{"floor":12.0,"key":"Darkstone Periapt"}],"event_choices":[{"cards_removed":["Strike_R"],"damage_healed":0.0,"max_hp_gain":0.0,"max_hp_loss":0.0,"gold_gain":0.0,"event_name":"Golden Wing","player_choice":"Card Removal","floor":2.0,"gold_loss":0.0,"damage_taken":7.0},{"damage_healed":0.0,"max_hp_gain":5.0,"max_hp_loss":0.0,"gold_gain":0.0,"event_name":"Big Fish","player_choice":"Donut","floor":3.0,"gold_loss":0.0,"damage_taken":0.0},{"cards_removed":["Strike_R"],"damage_healed":0.0,"max_hp_gain":0.0,"max_hp_loss":0.0,"gold_gain":0.0,"event_name":"Bonfire Elementals","player_choice":"Offered Basic","floor":7.0,"gold_loss":0.0,"damage_taken":0.0},{"damage_healed":0.0,"max_hp_gain":0.0,"max_hp_loss":0.0,"gold_gain":0.0,"event_name":"The Mausoleum","player_choice":"Ignored","floor":20.0,"gold_loss":0.0,"damage_taken":0.0},{"damage_healed":0.0,"max_hp_gain":0.0,"max_hp_loss":0.0,"gold_gain":360.0,"event_name":"Knowing Skull","player_choice":"GOLD GOLD GOLD GOLD ","floor":21.0,"potions_obtained":[],"gold_loss":0.0,"damage_taken":36.0,"cards_obtained":[]}],"is_beta":false,"boss_relics":[{"not_picked":["Black Star","Mark of Pain"],"picked":"Pandora\u0027s Box"}],"items_purged_floors":[4],"is_endless":false,"potions_floor_spawned":[1,10,16,19],"killed_by":"Cultist and Chosen","ascension_level":20}}