{"host":"y9jgkjnf95sujozk","time":1607536409,"event":{"gold_per_floor":[117,117,132,151,167,167,186,200,227,238,257,271,271,290,290,387,437,426,426,445,455,455,455,470,470,470,496,496,590,603,171,171,267,267,277,287,509,509,509],"floor_reached":38,"playtime":1143,"items_purged":["ReplayTheSpireMod:Splinters"],"score":424,"play_id":"087f85cf-907a-4723-9d4d-67b0ea202718","local_time":"20201209185329","is_ascension_mode":false,"campfire_choices":[{"data":"Slimebound:SplitMire","floor":6.0,"key":"SMITH"},{"floor":15.0,"key":"REST"},{"floor":23,"key":"REST"},{"floor":25,"key":"REST"},{"floor":32,"key":"REST"}],"neow_cost":"NONE","seed_source_timestamp":2479391390767700,"circlet_count":0,"master_deck":["Slimebound:Strike_Slimebound","Slimebound:Strike_Slimebound","Slimebound:Strike_Slimebound","Slimebound:Tackle","Slimebound:Defend_Slimebound","Slimebound:Defend_Slimebound","Slimebound:Defend_Slimebound","Slimebound:Defend_Slimebound","Slimebound:Split+1","Slimebound:CorrosiveSpit","Slimebound:FinishingTackle","Slimebound:Schlurp","Slimebound:LeechEnergy","Slimebound:SplitMire+1","Slimebound:ViciousTackle","Slimebound:FinishingTackle","Slimebound:PressTheAttack","Slimebound:LivingWall","Slimebound:PressTheAttack","Slimebound:ViciousTackle","Slimebound:SlimeSlap","Slimebound:PressTheAttack","Slimebound:GoopSpray+1","Necronomicurse","Slimebound:LivingWall","Slimebound:LeechEnergy","Slimebound:FinishingTackle","Slimebound:SpikyOuterGoop","Slimebound:CheckThePlaybook","Slimebound:Icky","Slimebound:LeechEnergy","Slimebound:SamplingLick+1","Slimebound:LeechingTouch","Slimebound:SplitMire+1","expansioncontent:Collect","Slimebound:DouseInSlime+1","Slimebound:LeechEnergy","Slimebound:SplitMire+1"],"special_seed":0,"relics":["Slimebound:AbsorbEndCombat","GremlinMask","Orichalcum","Slimebound:ScrapOozeRelic","Tiny House","Necronomicon","HornCleat","Red Mask","Membership Card","Golden Egg","PreservedInsect","Black Star"],"potions_floor_usage":[24,24,27,33,38],"damage_taken":[{"damage":4.0,"enemies":"Small Slimes","floor":1.0,"turns":4.0},{"damage":7.0,"enemies":"Cultist","floor":3.0,"turns":4.0},{"damage":7.0,"enemies":"2 Louse","floor":4.0,"turns":2.0},{"damage":7.0,"enemies":"Large Slime","floor":5.0,"turns":5.0},{"damage":7.0,"enemies":"3 Louse","floor":7.0,"turns":3.0},{"damage":21.0,"enemies":"Looter","floor":8.0,"turns":3.0},{"damage":10.0,"enemies":"2 Fungi Beasts","floor":10.0,"turns":2.0},{"damage":12.0,"enemies":"Blue Slaver","floor":11.0,"turns":2.0},{"damage":22.0,"enemies":"Large Slime","floor":12.0,"turns":5.0},{"damage":17.0,"enemies":"Lots of Slimes","floor":14.0,"turns":3.0},{"damage":32.0,"enemies":"The Guardian","floor":16.0,"turns":10.0},{"damage":25.0,"enemies":"2 Thieves","floor":18.0,"turns":4.0},{"damage":14.0,"enemies":"Shell Parasite","floor":20.0,"turns":4.0},{"damage":28.0,"enemies":"Snake Plant","floor":21.0,"turns":3.0},{"damage":44,"enemies":"Shelled Parasite and Fungi","floor":24,"turns":5},{"damage":48,"enemies":"Masked Bandits","floor":27,"turns":5},{"damage":14,"enemies":"3 Cultists","floor":30,"turns":5},{"damage":90,"enemies":"Champ","floor":33,"turns":13},{"damage":69,"enemies":"3 Darklings","floor":35,"turns":8},{"damage":26,"enemies":"3 Shapes","floor":36,"turns":6},{"damage":73,"enemies":"Maw","floor":38,"turns":7}],"seed_played":"8343282923551918307","potions_obtained":[{"floor":1.0,"key":"sneckomod:MuddlingPotion"},{"floor":5.0,"key":"Elixir"},{"floor":7.0,"key":"SkillPotion"},{"floor":16.0,"key":"SpeedPotion"},{"floor":17.0,"key":"BlessingOfTheForge"},{"floor":24,"key":"Swift Potion"},{"floor":30,"key":"LiquidBronze"},{"floor":36,"key":"sneckomod:MuddlingPotion"}],"is_trial":false,"path_per_floor":["M","?","M","M","M","R","M","M","T","M","M","M","?","M","R","B",null,"M","?","M","M","?","R","M","R","T","?","?","?","M","$","R","B",null,"M","M","?","M"],"character_chosen":"SLIMEBOUND","items_purchased":["Membership Card","expansioncontent:Collect","Golden Egg","PreservedInsect"],"campfire_rested":4,"item_purchase_floors":[31,31,31,31],"current_hp_per_floor":[60,60,60,60,60,60,60,51,51,53,53,55,55,54,60,56,65,60,44,42,18,18,37,25,44,44,24,24,24,34,34,53,19,65,36,38,38,0,0],"gold":509,"neow_bonus":"RANDOM_COMMON_RELIC","is_prod":false,"is_daily":false,"chose_seed":false,"campfire_upgraded":1,"win_rate":0.0,"timestamp":1607536409,"path_taken":["M","?","M","M","?","R","M","M","T","?","M","M","?","M","R","BOSS","M","?","M","M","?","R","M","R","T","?","?","?","M","$","R","BOSS","M","M","?","M"],"build_version":"2020-11-30","purchased_purges":1,"victory":false,"max_hp_per_floor":[60,60,60,60,60,60,60,60,60,60,60,60,60,60,60,60,65,65,65,65,65,65,65,65,65,65,65,65,65,65,65,65,65,65,65,65,65,65,65],"card_choices":[{"not_picked":["Slimebound:ComboTackle","Slimebound:ViciousTackle"],"picked":"Slimebound:FinishingTackle","floor":1.0},{"not_picked":["Slimebound:SplitAcid","Slimebound:RollThrough"],"picked":"Slimebound:Schlurp","floor":3.0},{"not_picked":["Slimebound:MegaLick","Slimebound:FinishingTackle"],"picked":"Slimebound:LeechEnergy","floor":4.0},{"not_picked":["Slimebound:Chomp","Slimebound:DivideAndConquer"],"picked":"Slimebound:SplitMire","floor":5.0},{"not_picked":["Slimebound:TagTeam","Slimebound:RollThrough"],"picked":"Slimebound:ViciousTackle","floor":7.0},{"not_picked":["Slimebound:LeechingTouch","Slimebound:SplitMire"],"picked":"Slimebound:FinishingTackle","floor":8.0},{"not_picked":["Slimebound:Recollect","Slimebound:ServeAndProtect"],"picked":"Slimebound:PressTheAttack","floor":10.0},{"not_picked":["Slimebound:RollThrough","Slimebound:SamplingLick"],"picked":"Slimebound:LivingWall","floor":11.0},{"not_picked":["Slimebound:SamplingLick","Slimebound:LeadByExample"],"picked":"Slimebound:PressTheAttack","floor":12.0},{"not_picked":["Slimebound:SlimeSpikes","Slimebound:SamplingLick"],"picked":"Slimebound:ViciousTackle","floor":14.0},{"not_picked":["Slimebound:MassRepurpose","Slimebound:OneTwoCombo"],"picked":"Slimebound:SlimeSlap","floor":16.0},{"not_picked":["Slimebound:RollThrough","Slimebound:ComboTackle"],"picked":"Slimebound:PressTheAttack","floor":17.0},{"not_picked":["Slimebound:LevelUp","Slimebound:HungryTackle"],"picked":"Slimebound:GoopSpray+1","floor":18.0},{"not_picked":["Slimebound:ItLooksTasty","Slimebound:SplitLeeching"],"picked":"Slimebound:LivingWall","floor":20.0},{"not_picked":["Slimebound:LivingWall","Slimebound:PressTheAttack"],"picked":"Slimebound:LeechEnergy","floor":21.0},{"not_picked":["Slimebound:SlimeSpikes","Slimebound:Schlurp"],"picked":"Slimebound:FinishingTackle","floor":24},{"not_picked":["Slimebound:SlimeSpikes+1","Slimebound:ComboTackle"],"picked":"Slimebound:SpikyOuterGoop","floor":27},{"not_picked":["Slimebound:LevelUp","Slimebound:SplitLeeching"],"picked":"Slimebound:LeechEnergy","floor":29},{"not_picked":["Slimebound:SlimeBarrage","Slimebound:RallyTheTroops"],"picked":"Slimebound:SamplingLick+1","floor":29},{"not_picked":["Slimebound:ServeAndProtect","Slimebound:SplitAcid"],"picked":"Slimebound:LeechingTouch","floor":29},{"not_picked":["Slimebound:ComboTackle","Slimebound:Replication+1"],"picked":"Slimebound:SplitMire+1","floor":30},{"not_picked":["Slimebound:MassFeed","Slimebound:MassRepurpose"],"picked":"Slimebound:DouseInSlime","floor":33},{"not_picked":["Slimebound:SplitBruiser+1","Slimebound:Nibble+1"],"picked":"Slimebound:LeechEnergy","floor":35},{"not_picked":["Slimebound:Recollect+1","Slimebound:ComboTackle"],"picked":"Slimebound:SplitMire+1","floor":36}],"player_experience":81845,"relics_obtained":[{"floor":9.0,"key":"Orichalcum"},{"floor":19.0,"key":"Necronomicon"},{"floor":26,"key":"HornCleat"},{"floor":27,"key":"Red Mask"}],"event_choices":[{"damage_healed":0.0,"max_hp_gain":0.0,"max_hp_loss":0.0,"gold_gain":0.0,"event_name":"FaceTrader","player_choice":"Trade","floor":2.0,"gold_loss":0.0,"damage_taken":0.0,"relics_obtained":["GremlinMask"]},{"damage_healed":0.0,"max_hp_gain":0.0,"max_hp_loss":0.0,"gold_gain":0.0,"event_name":"Cursed Tome","player_choice":"Obtained Book","floor":19.0,"gold_loss":0.0,"damage_taken":16.0},{"damage_healed":0,"gold_gain":0,"player_choice":"Ignored","damage_taken":0,"max_hp_gain":0,"max_hp_loss":0,"event_name":"Beggar","floor":22,"gold_loss":0},{"damage_healed":0,"gold_gain":0,"player_choice":"Fought Bandits","damage_taken":0,"max_hp_gain":0,"max_hp_loss":0,"event_name":"Masked Bandits","floor":27,"gold_loss":0},{"damage_healed":0,"gold_gain":222,"player_choice":"Wore Mask","damage_taken":0,"max_hp_gain":0,"max_hp_loss":0,"event_name":"Tomb of Lord Red Mask","floor":37,"gold_loss":0}],"is_beta":false,"boss_relics":[{"not_picked":["Snecko Heart","SacredBark"],"picked":"Tiny House"},{"not_picked":["Replay:Wanted Poster","Sozu"],"picked":"Black Star"}],"items_purged_floors":[31],"is_endless":false,"potions_floor_spawned":[1,5,7,10,16,24,30,36],"killed_by":"Maw","ascension_level":0}}