{"host":"yg3qajcexfod8zsu","time":1607482597,"event":{"gold_per_floor":[109,120,48,48,66,66,66,96,120,130,130,130],"floor_reached":11,"playtime":797,"items_purged":[],"score":88,"play_id":"a97a9c95-662b-4d25-8203-3b31e5efc652","local_time":"20201209035637","is_ascension_mode":true,"campfire_choices":[{"data":"Study","floor":6,"key":"SMITH"}],"neow_cost":"NONE","seed_source_timestamp":301007524846600,"circlet_count":0,"master_deck":["Strike_P","Strike_P","Strike_P","Strike_P","Defend_P","Defend_P","Defend_P","Eruption","Vigilance","Worship","Pray","FlyingSleeves","Prostrate","Study+1","Regret","Prostrate"],"relics":["PureWater","NeowsBlessing","Boot","MealTicket","Orichalcum"],"potions_floor_usage":[11],"damage_taken":[{"damage":0,"enemies":"Cultist","floor":1,"turns":1},{"damage":0,"enemies":"2 Louse","floor":2,"turns":1},{"damage":0,"enemies":"Jaw Worm","floor":5,"turns":1},{"damage":17,"enemies":"Lagavulin","floor":8,"turns":5},{"damage":22,"enemies":"Lots of Slimes","floor":10,"turns":6},{"damage":43,"enemies":"3 Sentries","floor":11,"turns":6}],"seed_played":"-1710516547140470777","potions_obtained":[{"floor":1,"key":"Weak Potion"}],"is_trial":false,"path_per_floor":["M","M","$","?","M","R","?","E","T","M","E"],"character_chosen":"WATCHER","items_purchased":["FlyingSleeves","Prostrate"],"campfire_rested":0,"item_purchase_floors":[3,3],"current_hp_per_floor":[72,72,72,72,72,72,72,55,55,33,0,0],"gold":130,"neow_bonus":"THREE_ENEMY_KILL","is_prod":false,"is_daily":false,"chose_seed":false,"campfire_upgraded":1,"win_rate":0,"timestamp":1607482597,"path_taken":["M","?","$","?","M","R","?","E","T","M","E"],"build_version":"2020-11-30","purchased_purges":0,"victory":false,"max_hp_per_floor":[72,72,72,72,72,72,72,72,72,72,72,72],"card_choices":[{"not_picked":["Swivel","SandsOfTime"],"picked":"Worship","floor":1},{"not_picked":["DeceiveReality","SashWhip"],"picked":"Pray","floor":2},{"not_picked":["SandsOfTime","ForeignInfluence"],"picked":"Study","floor":5},{"not_picked":["Perseverance","Consecrate","BowlingBash"],"picked":"SKIP","floor":8},{"not_picked":["FollowUp","CutThroughFate"],"picked":"Prostrate","floor":10}],"player_experience":444346,"relics_obtained":[{"floor":8,"key":"MealTicket"},{"floor":9,"key":"Orichalcum"}],"event_choices":[{"cards_removed":["Defend_P"],"damage_healed":0,"gold_gain":0,"player_choice":"Forget","damage_taken":0,"max_hp_gain":0,"max_hp_loss":0,"event_name":"Living Wall","floor":4,"gold_loss":0},{"damage_healed":0,"gold_gain":0,"player_choice":"Box","damage_taken":0,"relics_obtained":["Boot"],"max_hp_gain":0,"max_hp_loss":0,"event_name":"Big Fish","floor":7,"gold_loss":0,"cards_obtained":["Regret"]}],"is_beta":false,"boss_relics":[],"items_purged_floors":[],"is_endless":false,"potions_floor_spawned":[1],"killed_by":"3 Sentries","ascension_level":4}}