{"host":"9h8npza6ronlejsv","time":1607482623,"event":{"gold_per_floor":[110,110,110,130,130,130,130,158,158,158,158],"floor_reached":10,"playtime":145,"items_purged":[],"score":151,"play_id":"39941fc6-1dc4-44c2-adf8-4308ccf3ce9d","local_time":"20201208215703","is_ascension_mode":true,"campfire_choices":[{"data":"Dagger Spray","floor":6,"key":"SMITH"}],"neow_cost":"NONE","seed_source_timestamp":187953363399500,"circlet_count":0,"master_deck":["AscendersBane","Strike_G","Strike_G","Strike_G","Strike_G","Defend_G","Defend_G","Defend_G+1","Defend_G+1","Defend_G","Survivor","Neutralize","Dagger Spray+1","Phantasmal Killer"],"relics":["Ring of the Snake","NeowsBlessing","Gremlin Horn","Question Card"],"potions_floor_usage":[10],"damage_taken":[{"damage":0,"enemies":"Jaw Worm","floor":1,"turns":1},{"damage":0,"enemies":"2 Louse","floor":4,"turns":1},{"damage":0,"enemies":"Lagavulin","floor":8,"turns":1},{"damage":34,"enemies":"Gremlin Nob","floor":10,"turns":5}],"seed_played":"-6921099172573114042","potions_obtained":[{"floor":1,"key":"Block Potion"}],"is_trial":false,"path_per_floor":["M","?","?","M","?","R","?","E","T","E"],"character_chosen":"THE_SILENT","items_purchased":[],"campfire_rested":0,"item_purchase_floors":[],"current_hp_per_floor":[59,59,46,46,46,46,34,34,34,0,0],"gold":158,"neow_bonus":"THREE_ENEMY_KILL","is_prod":false,"is_daily":false,"chose_seed":false,"campfire_upgraded":1,"win_rate":0,"timestamp":1607482623,"path_taken":["M","?","?","M","?","R","?","E","T","E"],"build_version":"2020-11-30","purchased_purges":0,"victory":false,"max_hp_per_floor":[66,66,66,66,66,66,66,66,66,66,66],"card_choices":[{"not_picked":["Eviscerate","Heel Hook","Bane"],"picked":"SKIP","floor":1},{"not_picked":["Poisoned Stab","Slice"],"picked":"Dagger Spray","floor":4},{"not_picked":["Deflect","Deadly Poison"],"picked":"Phantasmal Killer","floor":8}],"player_experience":227131,"relics_obtained":[{"floor":8,"key":"Question Card"}],"event_choices":[{"cards_removed":["Strike_G"],"damage_healed":0,"gold_gain":0,"player_choice":"Forget","damage_taken":0,"max_hp_gain":0,"max_hp_loss":0,"event_name":"Living Wall","floor":2,"gold_loss":0},{"damage_healed":0,"gold_gain":0,"player_choice":"Entered Light","damage_taken":13,"max_hp_gain":0,"max_hp_loss":0,"event_name":"Shining Light","floor":3,"gold_loss":0,"cards_upgraded":["Defend_G","Defend_G"]},{"damage_healed":0,"gold_gain":0,"player_choice":"Ignored","damage_taken":0,"max_hp_gain":0,"max_hp_loss":0,"event_name":"Liars Game","floor":5,"gold_loss":0},{"damage_healed":0,"gold_gain":0,"player_choice":"Success","damage_taken":12,"relics_obtained":["Gremlin Horn"],"max_hp_gain":0,"max_hp_loss":0,"event_name":"Scrap Ooze","floor":7,"gold_loss":0}],"is_beta":false,"boss_relics":[],"items_purged_floors":[],"is_endless":false,"potions_floor_spawned":[1],"killed_by":"Gremlin Nob","ascension_level":14}}