{"host":"c78wly9r9u34kc2l","time":1607514489,"event":{"gold_per_floor":[113,113,124,142,67,94,111,140,172,172,172],"floor_reached":10,"playtime":548,"items_purged":[],"score":156,"play_id":"3c159c80-66fb-45ff-ab1e-7c2283d8a71c","local_time":"20201209124809","is_ascension_mode":true,"campfire_choices":[],"neow_cost":"","seed_source_timestamp":659371272905800,"circlet_count":0,"master_deck":["AscendersBane","Strike_R+1","Strike_R+1","Strike_R+1","Strike_R+1","Strike_R+1","Defend_R+1","Defend_R+1","Defend_R+1","Defend_R+1","Bash+1","Evolve+1","Cleave+1","Replay:Parry+1","Armaments+1","Thunderclap+1","Spot Weakness+1","Shockwave+1","Flex+1","Iron Wave+1","Pommel Strike+1","hubris:StunningStrike+1"],"relics":["Burning Blood","Hammer of Thor","Seething Fire","Anvil of the Gods","MerchantsRug","Strange Spoon","Charon\u0027s Ashes","hubris:SlimyHat","ClockworkSouvenir","Art of War","infinitespire:WardingShard","Juzu Bracelet"],"potions_floor_usage":[],"damage_taken":[{"damage":3,"enemies":"Small Slimes","floor":1,"turns":2},{"damage":0,"enemies":"Cultist","floor":3,"turns":2},{"damage":12,"enemies":"Jaw Worm","floor":4,"turns":2},{"damage":24,"enemies":"Gremlin Nob","floor":6,"turns":5},{"damage":13,"enemies":"Blue Slaver","floor":7,"turns":3},{"damage":11,"enemies":"Replay:BlueRogue","floor":8,"turns":3},{"damage":26,"enemies":"Looter","floor":9,"turns":10},{"damage":30,"enemies":"Lagavulin","floor":10,"turns":5}],"seed_played":"-7548517537656784342","potions_obtained":[{"floor":8,"key":"BlessingOfTheForge"}],"is_trial":false,"path_per_floor":["M","?","M","M","$","E","M","E","MIM","E"],"character_chosen":"IRONCLAD","items_purchased":["MerchantsRug","Strange Spoon","Charon\u0027s Ashes","hubris:SlimyHat","Evolve","ClockworkSouvenir","Cleave","Replay:Parry","Armaments","Art of War","Shockwave"],"campfire_rested":0,"item_purchase_floors":[0,0,0,0,0,0,0,0,0,0,5],"current_hp_per_floor":[71,71,75,69,69,51,44,39,19,0,0],"gold":172,"neow_bonus":"","is_prod":false,"is_daily":false,"chose_seed":false,"campfire_upgraded":0,"win_rate":0,"timestamp":1607514489,"path_taken":["M","?","M","?","$","E","?","E","MIM","E"],"build_version":"2020-11-30","purchased_purges":0,"victory":false,"max_hp_per_floor":[75,75,75,75,75,75,75,75,75,75,75],"card_choices":[{"not_picked":["Massacre","Defy Death"],"picked":"Thunderclap","floor":1},{"not_picked":["hubris:SharpeningStone","Sever Soul","Flex"],"picked":"SKIP","floor":3},{"not_picked":["Body Slam","Second Wind"],"picked":"Spot Weakness","floor":4},{"not_picked":["Evolve","Thunderclap"],"picked":"Flex","floor":6},{"not_picked":["Body Slam","Havoc"],"picked":"Iron Wave","floor":7},{"not_picked":["Dropkick","Wild Strike"],"picked":"Pommel Strike","floor":8},{"not_picked":["Headbutt","Warcry"],"picked":"hubris:StunningStrike","floor":9}],"player_experience":761735,"relics_obtained":[{"floor":6,"key":"infinitespire:WardingShard"},{"floor":8,"key":"Juzu Bracelet"}],"event_choices":[{"damage_healed":0,"gold_gain":0,"player_choice":"0 cards matched","damage_taken":0,"max_hp_gain":0,"max_hp_loss":0,"event_name":"Match and Keep!","floor":2,"gold_loss":0,"cards_obtained":[]}],"is_beta":false,"boss_relics":[],"items_purged_floors":[],"is_endless":false,"potions_floor_spawned":[8],"killed_by":"Lagavulin","ascension_level":20}}