{"host":"jc4h38xtrb09g8pb","time":1607500195,"event":{"gold_per_floor":[122,150,174,186,273,285,307,319,331,10,10,10,27,46,46,148,148,166,181,191,191,210,210,46,46,69,98,98,117,117,117,117,227,227,247,94,107,107,30,55,55,91,91,91,0,0,0,36,36,36],"floor_reached":51,"playtime":3478,"items_purged":["Strike_B","Strike_B"],"score":987,"play_id":"3500ee65-c336-43c4-a564-e38c471cb7c7","local_time":"20201209164955","is_ascension_mode":true,"campfire_choices":[{"data":"Zap","floor":6.0,"key":"SMITH"},{"data":"Dualcast","floor":8.0,"key":"SMITH"},{"data":"Apotheosis","floor":15.0,"key":"SMITH"},{"floor":23.0,"key":"REST"},{"floor":25.0,"key":"REST"},{"data":"Sunder","floor":28.0,"key":"SMITH"},{"data":"Creative AI","floor":30.0,"key":"SMITH"},{"data":"Fusion","floor":32.0,"key":"SMITH"},{"data":"Recycle","floor":41.0,"key":"SMITH"},{"data":"Steam Power","floor":47,"key":"SMITH"},{"data":"Barrage","floor":49,"key":"SMITH"}],"neow_cost":"NONE","seed_source_timestamp":411745390410400,"circlet_count":0,"master_deck":["Strike_B","Defend_B","Defend_B","Defend_B","Zap+1","Dualcast+1","CurseOfTheBell","Ball Lightning","Compile Driver","FTL","Storm","Creative AI+1","Apotheosis+1","Sunder+1","Heatsinks","Genetic Algorithm","Turbo","Amplify","Glacier","Recycle+1","Fusion+1","Electrodynamics","Steam Power+1","Barrage+1","Parasite","Sweeping Beam"],"special_seed":0,"relics":["Calling Bell","MawBank","Question Card","Bird Faced Urn","Pocketwatch","Membership Card","Philosopher\u0027s Stone","Gremlin Horn","CeramicFish","FossilizedHelix","Sozu","ClockworkSouvenir","Bag of Preparation","Sundial","Happy Flower","Pear","Red Mask"],"potions_floor_usage":[48],"damage_taken":[{"damage":2.0,"enemies":"2 Louse","floor":1.0,"turns":5.0},{"damage":1.0,"enemies":"Cultist","floor":2.0,"turns":4.0},{"damage":7.0,"enemies":"Jaw Worm","floor":3.0,"turns":3.0},{"damage":25.0,"enemies":"Large Slime","floor":7.0,"turns":7.0},{"damage":2.0,"enemies":"Looter","floor":13.0,"turns":3.0},{"damage":10.0,"enemies":"3 Louse","floor":14.0,"turns":3.0},{"damage":4.0,"enemies":"The Guardian","floor":16.0,"turns":7.0},{"damage":17.0,"enemies":"3 Byrds","floor":18.0,"turns":3.0},{"damage":18.0,"enemies":"2 Thieves","floor":19.0,"turns":3.0},{"damage":18.0,"enemies":"Snake Plant","floor":20.0,"turns":4.0},{"damage":25.0,"enemies":"Snecko","floor":22.0,"turns":5.0},{"damage":48.0,"enemies":"Slavers","floor":27.0,"turns":6.0},{"damage":0.0,"enemies":"Centurion and Healer","floor":29.0,"turns":4.0},{"damage":41.0,"enemies":"Collector","floor":33.0,"turns":9.0},{"damage":26.0,"enemies":"3 Shapes","floor":35.0,"turns":3.0},{"damage":16.0,"enemies":"3 Darklings","floor":37.0,"turns":4.0},{"damage":10.0,"enemies":"Reptomancer","floor":40.0,"turns":6.0},{"damage":47,"enemies":"Nemesis","floor":42,"turns":9},{"damage":0,"enemies":"Writhing Mass","floor":48,"turns":5},{"damage":128,"enemies":"Awakened One","floor":50,"turns":15}],"seed_played":"-3859350481942425673","potions_obtained":[{"floor":2.0,"key":"FearPotion"},{"floor":14.0,"key":"FearPotion"},{"floor":16.0,"key":"Ancient Potion"},{"floor":20.0,"key":"Regen Potion"},{"floor":22.0,"key":"FairyPotion"},{"floor":29.0,"key":"SteroidPotion"}],"is_trial":false,"path_per_floor":["M","M","M","?","?","R","M","R","T","$","?","?","M","M","R","B",null,"M","M","M","?","M","R","$","R","T","E","R","M","R","?","R","B",null,"M","$","M","?","$","E","R","E","T","?","?","$","R","M","R","B",null],"character_chosen":"DEFECT","items_purchased":["Membership Card","Creative AI","Apotheosis","Sunder","Gremlin Horn","Steam Power","ClockworkSouvenir","Bag of Preparation"],"campfire_rested":2,"item_purchase_floors":[10,10,10,10,24,36,36,39],"current_hp_per_floor":[66,65,58,58,47,47,22,22,22,22,22,22,22,12,12,24,62,55,45,37,23,4,28,28,52,52,33,33,47,47,47,47,28,67,47,47,45,45,45,63,63,37,47,47,47,47,47,67,67,27],"gold":36,"neow_bonus":"BOSS_RELIC","is_prod":false,"is_daily":false,"chose_seed":false,"campfire_upgraded":9,"win_rate":0,"timestamp":1607500195,"path_taken":["M","M","M","?","?","R","M","R","T","$","?","?","M","?","R","BOSS","M","M","M","?","M","R","$","R","T","E","R","M","R","?","R","BOSS","M","$","M","?","$","E","R","E","T","?","?","?","R","M","R","BOSS"],"build_version":"2020-11-30","purchased_purges":2,"victory":true,"max_hp_per_floor":[75,75,75,75,75,75,75,75,75,75,75,75,75,75,75,75,75,75,75,75,80,80,80,80,80,80,80,80,80,80,80,80,80,80,80,80,80,76,76,76,76,76,86,86,86,86,86,86,86,86],"card_choices":[{"not_picked":["Compile Driver","Rebound","Static Discharge"],"picked":"Ball Lightning","floor":1.0},{"not_picked":["Beam Cell","Coolheaded","Blizzard"],"picked":"Compile Driver","floor":2.0},{"not_picked":["Ball Lightning","BootSequence","Steam Power"],"picked":"FTL","floor":3.0},{"not_picked":["Compile Driver","Melter","Hologram"],"picked":"Storm","floor":7.0},{"not_picked":["Redo","Compile Driver","Leap"],"picked":"Genetic Algorithm","floor":13.0},{"not_picked":["Steam","Redo","Hologram"],"picked":"Turbo","floor":14.0},{"not_picked":["Echo Form","Buffer","Biased Cognition"],"picked":"Amplify","floor":16.0},{"not_picked":["Conserve Battery+1","Storm","Redo"],"picked":"Glacier","floor":18.0},{"not_picked":["Doom and Gloom+1","Redo","Conserve Battery+1"],"picked":"Recycle","floor":19.0},{"not_picked":["Barrage","Coolheaded","Compile Driver","Recycle"],"picked":"SKIP","floor":20.0},{"not_picked":["Compile Driver","Thunder Strike","Coolheaded"],"picked":"Fusion","floor":22.0},{"not_picked":["Leap","Reprogram","Cold Snap","Go for the Eyes"],"picked":"SKIP","floor":27.0},{"not_picked":["Rebound","Darkness","Conserve Battery","Ball Lightning"],"picked":"SKIP","floor":29.0},{"not_picked":["All For One","Rainbow","Amplify"],"picked":"Electrodynamics","floor":33.0},{"not_picked":["Cold Snap+1","Doom and Gloom","Go for the Eyes+1","Hologram+1"],"picked":"SKIP","floor":35.0},{"not_picked":["Sweeping Beam","Compile Driver","Auto Shields","Steam"],"picked":"SKIP","floor":37.0},{"not_picked":["Sunder+1","Streamline","Leap+1","Fission"],"picked":"SKIP","floor":40.0},{"not_picked":["Stack+1","All For One","Rip and Tear+1"],"picked":"Barrage","floor":42},{"not_picked":["Rebound","Redo+1","Gash"],"picked":"Sweeping Beam","floor":48}],"player_experience":688051,"relics_obtained":[{"floor":0.0,"key":"MawBank"},{"floor":0.0,"key":"Question Card"},{"floor":0.0,"key":"Bird Faced Urn"},{"floor":9.0,"key":"Pocketwatch"},{"floor":26.0,"key":"CeramicFish"},{"floor":27.0,"key":"FossilizedHelix"},{"floor":40.0,"key":"Sundial"},{"floor":42,"key":"Happy Flower"},{"floor":43,"key":"Pear"}],"event_choices":[{"damage_healed":0.0,"max_hp_gain":0.0,"max_hp_loss":0.0,"gold_gain":0.0,"event_name":"Liars Game","player_choice":"Ignored","floor":4.0,"gold_loss":0.0,"damage_taken":0.0},{"damage_healed":0.0,"max_hp_gain":0.0,"max_hp_loss":0.0,"gold_gain":75.0,"event_name":"World of Goop","player_choice":"Gather Gold","floor":5.0,"gold_loss":0.0,"damage_taken":11.0},{"damage_healed":0.0,"max_hp_gain":0.0,"max_hp_loss":0.0,"gold_gain":0.0,"event_name":"Shining Light","player_choice":"Ignored","floor":11.0,"gold_loss":0.0,"damage_taken":0.0},{"damage_healed":0.0,"max_hp_gain":0.0,"max_hp_loss":0.0,"gold_gain":0.0,"cards_transformed":["Strike_B"],"event_name":"Transmorgrifier","player_choice":"Transformed","floor":12.0,"gold_loss":0.0,"damage_taken":0.0,"cards_obtained":["Heatsinks"]},{"damage_healed":0.0,"max_hp_gain":5.0,"max_hp_loss":0.0,"gold_gain":0.0,"event_name":"Forgotten Altar","player_choice":"Shed Blood","floor":21.0,"gold_loss":0.0,"damage_taken":19.0},{"damage_healed":0.0,"max_hp_gain":0.0,"max_hp_loss":0.0,"gold_gain":0.0,"event_name":"Vampires","player_choice":"Ignored","floor":31.0,"gold_loss":0.0,"damage_taken":0.0},{"damage_healed":0.0,"max_hp_gain":0.0,"max_hp_loss":4.0,"gold_gain":0.0,"event_name":"Winding Halls","player_choice":"Max HP","floor":38.0,"gold_loss":0.0,"damage_taken":0.0},{"cards_removed":["Defend_B"],"damage_healed":0,"gold_gain":0,"player_choice":"Removed Skill","damage_taken":0,"max_hp_gain":0,"max_hp_loss":0,"event_name":"Falling","floor":44,"gold_loss":0},{"damage_healed":0,"gold_gain":0,"player_choice":"Paid","damage_taken":0,"relics_obtained":["Red Mask"],"max_hp_gain":0,"max_hp_loss":0,"event_name":"Tomb of Lord Red Mask","floor":45,"gold_loss":91}],"is_beta":false,"boss_relics":[{"not_picked":["SacredBark","Velvet Choker"],"picked":"Philosopher\u0027s Stone"},{"not_picked":["Coffee Dripper","Cursed Key"],"picked":"Sozu"}],"items_purged_floors":[24,36],"is_endless":false,"potions_floor_spawned":[2,14,16,20,22,29,35,40],"ascension_level":6}}