{"host":"6gzy6nvr8uokwcne","time":1607490314,"event":{"gold_per_floor":[216,22,34,50,75,95,95,95,95,116,78,116,137,157,157,261,261,261,261,180,140,80,80,80],"floor_reached":23,"playtime":2811,"items_purged":[],"score":220,"play_id":"8f6ea53f-801c-4c87-ada5-6c9a88396756","local_time":"20201208220514","is_ascension_mode":false,"campfire_choices":[{"floor":8,"key":"RECALL"},{"floor":15,"key":"REST"}],"neow_cost":"NONE","seed_source_timestamp":1903250120378100,"circlet_count":0,"master_deck":["alterego_mod:Strike","alterego_mod:Strike","alterego_mod:Strike","alterego_mod:Strike","alterego_mod:Defend","alterego_mod:Defend","alterego_mod:Defend","alterego_mod:Defend","alterego_mod:Impale","alterego_mod:BigMeatyClaws","alterego_mod:BrynhildrsRune","alterego_mod:Bounce","alterego_mod:Bunnysuit","alterego_mod:ChallengeComplete","alterego_mod:SakuraPetals","alterego_mod:Bounce","alterego_mod:RocketPunch","alterego_mod:Support","alterego_mod:BusterCard","alterego_mod:Mirror+1","alterego_mod:Schoolgirl","alterego_mod:RocketPunch+1"],"relics":["alterego_mod:MasochisticConstitution","CeramicFish","StrikeDummy","Ectoplasm"],"potions_floor_usage":[3,5,13,16,22,22,22,23],"damage_taken":[{"damage":7,"enemies":"2 Louse","floor":1,"turns":4},{"damage":0,"enemies":"Jaw Worm","floor":3,"turns":4},{"damage":3,"enemies":"Cultist","floor":4,"turns":6},{"damage":8,"enemies":"2 Fungi Beasts","floor":5,"turns":5},{"damage":20,"enemies":"Large Slime","floor":6,"turns":12},{"damage":4,"enemies":"Blue Slaver","floor":10,"turns":8},{"damage":77,"enemies":"Gremlin Nob","floor":12,"turns":8},{"damage":5,"enemies":"Lots of Slimes","floor":13,"turns":6},{"damage":8,"enemies":"Large Slime","floor":14,"turns":10},{"damage":71,"enemies":"Slime Boss","floor":16,"turns":20},{"damage":13,"enemies":"Shell Parasite","floor":18,"turns":7},{"damage":16,"enemies":"2 Thieves","floor":22,"turns":4},{"damage":69,"enemies":"Gremlin Leader","floor":23,"turns":6}],"seed_played":"-8245100244476348204","potions_obtained":[{"floor":1,"key":"SkillPotion"},{"floor":4,"key":"Block Potion"},{"floor":12,"key":"SkillPotion"},{"floor":14,"key":"EssenceOfSteel"},{"floor":21,"key":"DistilledChaos"},{"floor":21,"key":"EssenceOfSteel"},{"floor":21,"key":"SkillPotion"},{"floor":22,"key":"Explosive Potion"}],"is_trial":false,"path_per_floor":["M","$","M","M","M","M","?","R","T","M","$","E","M","M","R","B",null,"M","?","$","?","M","E"],"character_chosen":"The_Alterego","items_purchased":["alterego_mod:Bounce","CeramicFish","alterego_mod:Bounce","alterego_mod:Schoolgirl"],"campfire_rested":1,"item_purchase_floors":[2,2,11,20],"current_hp_per_floor":[71,71,71,69,69,71,76,76,76,80,80,4,35,49,73,52,84,72,56,56,56,48,0,0],"gold":80,"neow_bonus":"HUNDRED_GOLD","is_prod":false,"is_daily":false,"chose_seed":false,"campfire_upgraded":0,"win_rate":0.0,"timestamp":1607490314,"path_taken":["M","$","M","M","M","M","?","R","T","M","$","E","M","M","R","BOSS","M","?","$","?","M","E"],"build_version":"2020-11-30","purchased_purges":0,"victory":false,"max_hp_per_floor":[71,71,71,72,73,74,79,79,79,80,80,81,82,83,83,84,84,85,90,90,90,91,91,91],"relic_stats":{"counters":[13,100],"CeramicFish":63,"Ectoplasm":91,"obtain_stats":[{"alterego_mod:MasochisticConstitution":0,"CeramicFish":2,"Ectoplasm":17,"StrikeDummy":12},{"alterego_mod:MasochisticConstitution":0,"CeramicFish":1,"Ectoplasm":10,"StrikeDummy":7},{"alterego_mod:MasochisticConstitution":0,"CeramicFish":4,"Ectoplasm":83,"StrikeDummy":47}]},"card_choices":[{"not_picked":["alterego_mod:Exercise","alterego_mod:DiscoLights","alterego_mod:TrashNCrash"],"picked":"SKIP","floor":1},{"not_picked":["alterego_mod:DeftHands","alterego_mod:Skirt","alterego_mod:HighServant"],"picked":"SKIP","floor":3},{"not_picked":["alterego_mod:Lingerie","alterego_mod:Punishment","alterego_mod:DiscoLights"],"picked":"SKIP","floor":4},{"not_picked":["alterego_mod:HighServant","alterego_mod:InsideBaseball"],"picked":"alterego_mod:Bunnysuit","floor":5},{"not_picked":["alterego_mod:Birthday","alterego_mod:Bunnysuit"],"picked":"alterego_mod:ChallengeComplete","floor":6},{"not_picked":["alterego_mod:HighServant","alterego_mod:Clap"],"picked":"alterego_mod:SakuraPetals","floor":10},{"not_picked":["alterego_mod:GoddessCore","alterego_mod:ClassAdvantage"],"picked":"alterego_mod:RocketPunch","floor":12},{"not_picked":["alterego_mod:DeftHands","alterego_mod:Cycle"],"picked":"alterego_mod:Support","floor":13},{"not_picked":["alterego_mod:Table","alterego_mod:PerceptionDisorder"],"picked":"alterego_mod:BusterCard","floor":14},{"not_picked":["alterego_mod:Undulate+1","alterego_mod:RocketPunch"],"picked":"alterego_mod:Mirror+1","floor":18},{"not_picked":["alterego_mod:Stockings","alterego_mod:Undulate"],"picked":"alterego_mod:RocketPunch+1","floor":22}],"player_experience":370046,"relics_obtained":[{"floor":12,"key":"StrikeDummy"}],"event_choices":[{"damage_healed":0,"gold_gain":0,"player_choice":"Donut","damage_taken":0,"max_hp_gain":5,"max_hp_loss":0,"event_name":"Big Fish","floor":7,"gold_loss":0},{"damage_healed":0,"gold_gain":0,"player_choice":"Shed Blood","damage_taken":21,"max_hp_gain":5,"max_hp_loss":0,"event_name":"Forgotten Altar","floor":19,"gold_loss":0},{"damage_healed":0,"gold_gain":0,"player_choice":"Bought 3 Potions","damage_taken":0,"max_hp_gain":0,"max_hp_loss":0,"event_name":"The Woman in Blue","floor":21,"gold_loss":0}],"is_beta":false,"boss_relics":[{"not_picked":["Velvet Choker","Black Star"],"picked":"Ectoplasm"}],"items_purged_floors":[],"is_endless":false,"potions_floor_spawned":[1,4,12,14,22],"killed_by":"Gremlin Leader","ascension_level":0}}