{"host":"h0xw20cia6ppa69g","time":1607504581,"event":{"gold_per_floor":[18,33,33,33,33,33,66,66,66,80,100,125,166,128,140,276,351,388,79,117,117,117,117,155,1,1,24,62,80,80,94,94,219,219,242,267,4,17,44,87,87,127,177,246,262,117,161,189,189,189,189,189,46,88,88],"floor_reached":56,"playtime":3579,"items_purged":["Strike_R","Strike_R+1"],"score":1436,"play_id":"0f40c04d-677b-4b8b-ba73-17b6663f7124","local_time":"20201209030301","is_ascension_mode":true,"campfire_choices":[{"data":"Rampage","floor":6.0,"key":"SMITH"},{"data":"Demon Form","floor":15.0,"key":"SMITH"},{"data":"Armaments","floor":23.0,"key":"SMITH"},{"data":"Berserk","floor":32.0,"key":"SMITH"},{"floor":41.0,"key":"RECALL"},{"data":"Entrench","floor":49,"key":"SMITH"},{"data":"Barricade","floor":52,"key":"SMITH"}],"neow_cost":"NO_GOLD","seed_source_timestamp":31781869952000,"circlet_count":0,"master_deck":["Defend_R+1","Defend_R+1","Defend_R+1","Bash","Havoc","Rampage","Cleave","Rampage+1","Demon Form+1","Shrug It Off","Berserk+1","Offering","Armaments+1","Headbutt","Shrug It Off","Inflame","Reaper","Pommel Strike+1","True Grit","Barricade+1","Uppercut+1","Entrench+1","Power Through","PanicButton","Thunderclap","Metallicize+1","Body Slam+1","Dark Embrace+1","True Grit","Disarm","Clothesline+1"],"special_seed":0,"relics":["Burning Blood","Golden Idol","Omamori","Vajra","Lizard Tail","MawBank","Tiny House","Frozen Eye","Red Mask","Magic Flower","Lee\u0027s Waffle","Meat on the Bone","Incense Burner","Calling Bell","CeramicFish","Mercury Hourglass","Du-Vu Doll","ClockworkSouvenir","Mummified Hand","MealTicket","Red Skull","Charon\u0027s Ashes","Self Forming Clay","Medical Kit","Paper Frog"],"potions_floor_usage":[55,55,55],"damage_taken":[{"damage":1.0,"enemies":"Cultist","floor":1.0,"turns":3.0},{"damage":7.0,"enemies":"Jaw Worm","floor":2.0,"turns":3.0},{"damage":31.0,"enemies":"3 Sentries","floor":7.0,"turns":7.0},{"damage":5.0,"enemies":"Small Slimes","floor":10.0,"turns":3.0},{"damage":12.0,"enemies":"2 Fungi Beasts","floor":11.0,"turns":2.0},{"damage":0.0,"enemies":"Large Slime","floor":12.0,"turns":4.0},{"damage":15.0,"enemies":"Gremlin Nob","floor":13.0,"turns":4.0},{"damage":19.0,"enemies":"The Guardian","floor":16.0,"turns":9.0},{"damage":13.0,"enemies":"Spheric Guardian","floor":18.0,"turns":5.0},{"damage":25.0,"enemies":"Masked Bandits","floor":20.0,"turns":3.0},{"damage":71.0,"enemies":"Slavers","floor":24.0,"turns":6.0},{"damage":22.0,"enemies":"2 Thieves","floor":27.0,"turns":4.0},{"damage":32.0,"enemies":"Book of Stabbing","floor":28.0,"turns":6.0},{"damage":46.0,"enemies":"Snake Plant","floor":29.0,"turns":15.0},{"damage":9.0,"enemies":"Snecko","floor":31.0,"turns":6.0},{"damage":2.0,"enemies":"Champ","floor":33.0,"turns":8.0},{"damage":1.0,"enemies":"3 Shapes","floor":35.0,"turns":6.0},{"damage":16.0,"enemies":"3 Darklings","floor":36.0,"turns":6.0},{"damage":7.0,"enemies":"Spire Growth","floor":38.0,"turns":11.0},{"damage":32.0,"enemies":"Jaw Worm Horde","floor":39.0,"turns":6.0},{"damage":5.0,"enemies":"Nemesis","floor":40.0,"turns":17.0},{"damage":24.0,"enemies":"Giant Head","floor":42.0,"turns":13.0},{"damage":6,"enemies":"2 Orb Walkers","floor":44,"turns":5},{"damage":14,"enemies":"Maw","floor":45,"turns":7},{"damage":1,"enemies":"Reptomancer","floor":47,"turns":5},{"damage":4,"enemies":"Spire Growth","floor":48,"turns":4},{"damage":23,"enemies":"Donu and Deca","floor":50,"turns":14},{"damage":19,"enemies":"Shield and Spear","floor":54,"turns":11},{"damage":49,"enemies":"The Heart","floor":55,"turns":13}],"seed_played":"7193473752280042692","potions_obtained":[{"floor":1.0,"key":"EssenceOfSteel"},{"floor":10.0,"key":"Weak Potion"},{"floor":12.0,"key":"Regen Potion"},{"floor":16.0,"key":"Ancient Potion"},{"floor":17.0,"key":"Energy Potion"},{"floor":18.0,"key":"GamblersBrew"},{"floor":27.0,"key":"Dexterity Potion"},{"floor":29.0,"key":"SpeedPotion"},{"floor":35.0,"key":"CultistPotion"}],"is_trial":false,"path_per_floor":["M","M","?","?","?","R","E","?","T","M","M","M","E","?","R","B",null,"M","$","?","?","?","R","E","$","T","M","E","M","T","M","R","B",null,"M","M","$","M","M","E","R","E","T","?","M","$","E","M","R","B",null,"R","$","E","B",null],"character_chosen":"IRONCLAD","items_purchased":["Frozen Eye","Shrug It Off","Inflame","Lee\u0027s Waffle","Power Through","PanicButton","ClockworkSouvenir","True Grit","Medical Kit"],"campfire_rested":0,"item_purchase_floors":[19,19,19,25,37,37,37,46,53],"current_hp_per_floor":[80,79,79,84,63,63,38,38,38,39,33,39,30,30,30,17,90,83,83,64,64,64,64,14,97,97,84,61,74,74,95,95,97,97,97,97,97,97,97,97,97,97,97,97,97,97,97,97,97,97,97,97,97,97,97],"gold":88,"neow_bonus":"TRANSFORM_TWO_CARDS","is_prod":false,"is_daily":false,"chose_seed":false,"campfire_upgraded":6,"win_rate":0,"timestamp":1607504581,"path_taken":["M","M","?","?","?","R","E","?","T","M","?","M","E","?","R","BOSS","M","$","?","?","?","R","E","?","T","M","E","M","?","M","R","BOSS","M","M","$","M","M","E","R","E","T","?","M","$","E","M","R","BOSS","R","$","E","BOSS"],"build_version":"2020-11-30","purchased_purges":2,"victory":true,"max_hp_per_floor":[80,80,80,85,85,85,85,85,85,85,85,85,85,85,85,85,90,90,90,90,90,90,90,90,97,97,97,97,97,97,97,97,97,97,97,97,97,97,97,97,97,97,97,97,97,97,97,97,97,97,97,97,97,97,97],"relic_stats":{"Lee\u0027s Waffle":83,"counters":[29,206],"Golden Idol":249,"Self Forming Clay":[75],"CeramicFish":99,"Magic Flower":[60],"Charon\u0027s Ashes":[242],"MawBank":72,"Medical Kit":[21],"Burning Blood":124,"Mercury Hourglass":[396],"Lizard Tail":0,"Mummified Hand":[54],"MealTicket":0,"obtain_stats":[{"Tiny House":17,"CeramicFish":34,"Vajra":8,"Magic Flower":24,"Incense Burner":28,"Burning Blood":0,"ClockworkSouvenir":37,"Frozen Eye":19,"Lizard Tail":9,"Mummified Hand":40,"MealTicket":42,"Red Mask":20,"Red Skull":43,"Paper Frog":54,"Lee\u0027s Waffle":25,"Golden Idol":5,"Self Forming Clay":47,"Charon\u0027s Ashes":44,"Omamori":7,"MawBank":13,"Medical Kit":53,"Mercury Hourglass":34,"Calling Bell":34,"Du-Vu Doll":34,"Meat on the Bone":26},{"Tiny House":8,"CeramicFish":16,"Vajra":3,"Magic Flower":11,"Incense Burner":13,"Burning Blood":0,"ClockworkSouvenir":18,"Frozen Eye":9,"Lizard Tail":3,"Mummified Hand":21,"MealTicket":22,"Red Mask":10,"Red Skull":22,"Paper Frog":28,"Lee\u0027s Waffle":11,"Golden Idol":2,"Self Forming Clay":25,"Charon\u0027s Ashes":23,"Omamori":3,"MawBank":7,"Medical Kit":27,"Mercury Hourglass":16,"Calling Bell":16,"Du-Vu Doll":16,"Meat on the Bone":11},{"Tiny House":35,"CeramicFish":88,"Vajra":13,"Magic Flower":49,"Incense Burner":59,"Burning Blood":0,"ClockworkSouvenir":100,"Frozen Eye":40,"Lizard Tail":13,"Mummified Hand":134,"MealTicket":147,"Red Mask":43,"Red Skull":147,"Paper Frog":193,"Lee\u0027s Waffle":49,"Golden Idol":6,"Self Forming Clay":164,"Charon\u0027s Ashes":152,"Omamori":13,"MawBank":26,"Medical Kit":182,"Mercury Hourglass":88,"Calling Bell":88,"Du-Vu Doll":88,"Meat on the Bone":49}],"Meat on the Bone":0},"card_choices":[{"not_picked":["Iron Wave","Havoc"],"picked":"Rampage","floor":1.0},{"not_picked":["Intimidate","Iron Wave"],"picked":"Cleave","floor":2.0},{"not_picked":["Cleave","Seeing Red"],"picked":"Demon Form","floor":7.0},{"not_picked":["Uppercut","Clash"],"picked":"Shrug It Off","floor":10.0},{"not_picked":["Clothesline","Pommel Strike","Blood for Blood"],"picked":"SKIP","floor":11.0},{"not_picked":["Rage","Searing Blow","Clothesline"],"picked":"SKIP","floor":12.0},{"not_picked":["Bloodletting","Armaments"],"picked":"Berserk","floor":13.0},{"not_picked":["Impervious","Fiend Fire"],"picked":"Offering","floor":16.0},{"not_picked":["Flex","Blood for Blood"],"picked":"Armaments","floor":17.0},{"not_picked":["Twin Strike","Dark Embrace"],"picked":"Headbutt","floor":18.0},{"not_picked":["Anger+1","Sword Boomerang+1"],"picked":"Reaper","floor":24.0},{"not_picked":["Second Wind","Uppercut"],"picked":"Pommel Strike+1","floor":27.0},{"not_picked":["Twin Strike","Fiend Fire","Entrench"],"picked":"SKIP","floor":28.0},{"not_picked":["Sever Soul","Pommel Strike"],"picked":"True Grit","floor":29.0},{"not_picked":["Heavy Blade","Twin Strike","Dark Embrace"],"picked":"SKIP","floor":31.0},{"not_picked":["Fiend Fire","Exhume"],"picked":"Barricade","floor":33.0},{"not_picked":["Shrug It Off","Headbutt"],"picked":"Uppercut+1","floor":35.0},{"not_picked":["Perfected Strike+1","Inflame+1"],"picked":"Entrench","floor":36.0},{"not_picked":["Warcry+1","Reckless Charge+1","Anger+1"],"picked":"SKIP","floor":38.0},{"not_picked":["Twin Strike","Iron Wave+1"],"picked":"Thunderclap","floor":39.0},{"not_picked":["Reaper","Clothesline+1"],"picked":"Metallicize+1","floor":40.0},{"not_picked":["Searing Blow+1","True Grit"],"picked":"Body Slam+1","floor":42},{"not_picked":["Thunderclap","Infernal Blade+1"],"picked":"Dark Embrace+1","floor":44},{"not_picked":["Iron Wave","Cleave+1","Headbutt+1"],"picked":"SKIP","floor":45},{"not_picked":["Uppercut","Fire Breathing","Infernal Blade"],"picked":"SKIP","floor":47},{"not_picked":["Cleave+1","Havoc"],"picked":"Disarm","floor":48},{"not_picked":["Flex+1","Seeing Red+1"],"picked":"Clothesline+1","floor":54}],"player_experience":3466326,"relics_obtained":[{"floor":7.0,"key":"Omamori"},{"floor":9.0,"key":"Lizard Tail"},{"floor":13.0,"key":"MawBank"},{"floor":20.0,"key":"Red Mask"},{"floor":24.0,"key":"Magic Flower"},{"floor":26.0,"key":"Meat on the Bone"},{"floor":28.0,"key":"Incense Burner"},{"floor":34.0,"key":"CeramicFish"},{"floor":34.0,"key":"Mercury Hourglass"},{"floor":34.0,"key":"Du-Vu Doll"},{"floor":40.0,"key":"Mummified Hand"},{"floor":42,"key":"MealTicket"},{"floor":43,"key":"Red Skull"},{"floor":44,"key":"Charon\u0027s Ashes"},{"floor":47,"key":"Self Forming Clay"},{"floor":54,"key":"Paper Frog"}],"event_choices":[{"damage_healed":0.0,"max_hp_gain":0.0,"max_hp_loss":0.0,"gold_gain":0.0,"cards_transformed":["Strike_R"],"event_name":"Living Wall","player_choice":"Change","floor":3.0,"gold_loss":0.0,"damage_taken":0.0,"cards_obtained":["Rampage"]},{"damage_healed":0.0,"max_hp_gain":5.0,"max_hp_loss":0.0,"gold_gain":0.0,"event_name":"Big Fish","player_choice":"Donut","floor":4.0,"gold_loss":0.0,"damage_taken":0.0},{"damage_healed":0.0,"max_hp_gain":0.0,"max_hp_loss":0.0,"gold_gain":0.0,"event_name":"Golden Idol","player_choice":"Take Damage","floor":5.0,"gold_loss":0.0,"damage_taken":21.0,"relics_obtained":["Golden Idol"]},{"cards_removed":["Second Wind"],"damage_healed":0.0,"max_hp_gain":0.0,"max_hp_loss":0.0,"gold_gain":0.0,"event_name":"WeMeetAgain","player_choice":"Gave Card","floor":8.0,"gold_loss":0.0,"damage_taken":0.0,"relics_obtained":["Vajra"]},{"cards_removed":["Strike_R"],"damage_healed":0.0,"max_hp_gain":0.0,"max_hp_loss":0.0,"gold_gain":0.0,"event_name":"The Cleric","player_choice":"Card Removal","floor":14.0,"gold_loss":50.0,"damage_taken":0.0},{"damage_healed":0.0,"max_hp_gain":0.0,"max_hp_loss":0.0,"gold_gain":0.0,"event_name":"Masked Bandits","player_choice":"Fought Bandits","floor":20.0,"gold_loss":0.0,"damage_taken":0.0},{"damage_healed":0.0,"max_hp_gain":0.0,"max_hp_loss":0.0,"gold_gain":0.0,"event_name":"Vampires","player_choice":"Ignored","floor":21.0,"gold_loss":0.0,"damage_taken":0.0},{"damage_healed":0.0,"max_hp_gain":0.0,"max_hp_loss":0.0,"gold_gain":0.0,"event_name":"Back to Basics","player_choice":"Simplicity","floor":22.0,"gold_loss":0.0,"damage_taken":0.0,"cards_upgraded":["Strike_R","Defend_R","Defend_R"]},{"damage_healed":0,"gold_gain":0,"player_choice":"Fight","damage_taken":0,"max_hp_gain":0,"max_hp_loss":0,"event_name":"Mysterious Sphere","floor":44,"gold_loss":0}],"is_beta":false,"boss_relics":[{"not_picked":["Runic Dome","Fusion Hammer"],"picked":"Tiny House"},{"not_picked":["Busted Crown","SacredBark"],"picked":"Calling Bell"}],"items_purged_floors":[19,46],"is_endless":false,"potions_floor_spawned":[1,10,12,16,18,27,29,35,38,39,45,54],"ascension_level":1}}