{"host":"7krnriczr1b2ou5r","time":1607528765,"event":{"gold_per_floor":[118,33,50,125,29,57,57,83,151,185,347,375,419,431,443,529,541,572,584,596,608,631,671,698,738,750,792,804,834,846,35,35,113,113,123,0,18,29,81,108,141,475,499,50,83,83,83,16,16,16,16,16,16,16,44,44],"floor_reached":57,"playtime":1975,"items_purged":["Strike_B","Doubt"],"score":3525,"play_id":"6e49ac00-0498-449a-abc6-fc27a934b1d9","local_time":"20201210004605","is_ascension_mode":true,"campfire_choices":[{"data":"Recycle","floor":7,"key":"SMITH"},{"data":"Electrodynamics","floor":15,"key":"SMITH"},{"data":"Reinforced Body","floor":28,"key":"SMITH"},{"data":"Thunder Strike","floor":32,"key":"SMITH"},{"data":"Defragment","floor":46,"key":"SMITH"},{"floor":49,"key":"RECALL"},{"data":"1","floor":53,"key":"LIFT"}],"neow_cost":"NONE","seed_source_timestamp":1596755359659700,"circlet_count":0,"master_deck":["AscendersBane","Strike_B+1","Defend_B+1","Defend_B+1","Zap","Dualcast","Core Surge+1","Tempest+1","Glacier","Recycle+1","Reinforced Body+1","Consume+1","Conserve Battery+1","Electrodynamics+1","Thunder Strike+1","Necronomicurse","Coolheaded+1","Seek+1","Fission+1","Defragment+1","Turbo+1","Coolheaded+1","Turbo+1","Seek+1","Double Energy+1"],"special_seed":0,"relics":["Cracked Core","Chemical X","Black Star","Membership Card","Ice Cream","PreservedInsect","Toxic Egg 2","Bag of Preparation","Darkstone Periapt","MawBank","Pen Nib","Juzu Bracelet","Bottled Lightning","Inserter","Necronomicon","Question Card","Girya","Potion Belt","Pocketwatch","HornCleat","Akabeko","Blue Candle","DataDisk","The Courier","TheAbacus","Mango","Ancient Tea Set","Strawberry","Centennial Puzzle","Pantograph","Singing Bowl","War Paint","Busted Crown","Red Mask","WingedGreaves","Art of War","Shuriken","Symbiotic Virus","Gremlin Horn","Old Coin","Lantern","Bag of Marbles","ClockworkSouvenir","Omamori","Molten Egg 2","Pear","Dream Catcher","Whetstone","Frozen Egg 2","Anchor","White Beast Statue","StoneCalendar"],"potions_floor_usage":[6,25,29,56,56,56,56],"damage_taken":[{"damage":0,"enemies":"Small Slimes","floor":1,"turns":2},{"damage":0,"enemies":"Jaw Worm","floor":3,"turns":3},{"damage":0,"enemies":"Lagavulin","floor":6,"turns":5},{"damage":4,"enemies":"3 Sentries","floor":8,"turns":5},{"damage":0,"enemies":"Lagavulin","floor":10,"turns":3},{"damage":0,"enemies":"2 Louse","floor":12,"turns":1},{"damage":4,"enemies":"3 Sentries","floor":13,"turns":3},{"damage":10,"enemies":"Slime Boss","floor":16,"turns":5},{"damage":0,"enemies":"Chosen","floor":18,"turns":2},{"damage":8,"enemies":"2 Thieves","floor":22,"turns":3},{"damage":12,"enemies":"Gremlin Leader","floor":23,"turns":3},{"damage":14,"enemies":"Snake Plant","floor":24,"turns":4},{"damage":19,"enemies":"Book of Stabbing","floor":25,"turns":5},{"damage":18,"enemies":"Gremlin Leader","floor":27,"turns":2},{"damage":26,"enemies":"Shelled Parasite and Fungi","floor":29,"turns":4},{"damage":21,"enemies":"Champ","floor":33,"turns":4},{"damage":0,"enemies":"3 Darklings","floor":35,"turns":2},{"damage":0,"enemies":"Orb Walker","floor":37,"turns":2},{"damage":0,"enemies":"Jaw Worm Horde","floor":38,"turns":3},{"damage":9,"enemies":"2 Orb Walkers","floor":39,"turns":3},{"damage":0,"enemies":"Reptomancer","floor":40,"turns":3},{"damage":0,"enemies":"Giant Head","floor":41,"turns":3},{"damage":0,"enemies":"Nemesis","floor":42,"turns":3},{"damage":0,"enemies":"Reptomancer","floor":45,"turns":2},{"damage":0,"enemies":"Awakened One","floor":50,"turns":5},{"damage":0,"enemies":"Donu and Deca","floor":51,"turns":3},{"damage":0,"enemies":"Shield and Spear","floor":55,"turns":1},{"damage":68,"enemies":"The Heart","floor":56,"turns":8}],"seed_played":"-2215721823756449133","potions_obtained":[{"floor":1,"key":"DistilledChaos"},{"floor":12,"key":"Regen Potion"},{"floor":13,"key":"Strength Potion"},{"floor":24,"key":"Block Potion"},{"floor":27,"key":"PotionOfCapacity"},{"floor":38,"key":"Ancient Potion"},{"floor":39,"key":"LiquidBronze"},{"floor":40,"key":"EssenceOfSteel"}],"is_trial":false,"path_per_floor":["M","$","M","?","$","E","R","E","T","E","?","M","E","?","R","B",null,"M","?","?","?","M","E","M","E","T","E","R","M","?","$","R","B",null,"M","?","M","M","?","E","E","E","T","$","E","R","T","$","R","B","B",null,"R","$","E","B",null],"character_chosen":"DEFECT","items_purchased":["Recycle","Membership Card","DataDisk","Seek+1","TheAbacus","Mango","Ancient Tea Set","Strawberry","Centennial Puzzle","Pantograph","Singing Bowl","War Paint","ClockworkSouvenir","Omamori","Molten Egg 2","Pear","Turbo+1","Coolheaded+1","Turbo+1","Seek+1","Anchor"],"campfire_rested":0,"item_purchase_floors":[2,5,31,31,31,31,31,31,31,31,31,31,44,44,44,44,44,44,44,44,48],"current_hp_per_floor":[64,64,64,53,53,53,53,49,49,49,55,55,51,56,56,46,73,73,58,64,64,56,44,30,11,11,23,23,39,39,60,60,64,102,104,104,106,108,101,101,103,105,105,115,117,117,117,117,117,139,139,139,139,139,139,71],"gold":44,"neow_bonus":"ONE_RANDOM_RARE_CARD","is_prod":false,"is_daily":false,"chose_seed":false,"campfire_upgraded":5,"win_rate":0,"timestamp":1607528765,"path_taken":["M","$","M","?","$","E","R","E","T","E","?","M","E","?","R","BOSS","M","?","?","?","M","E","M","E","T","E","R","M","?","$","R","BOSS","M","?","M","M","?","E","E","E","T","$","E","R","?","$","R","BOSS","BOSS","R","$","E","BOSS"],"build_version":"2020-11-30","purchased_purges":2,"victory":true,"max_hp_per_floor":[71,71,71,71,71,71,71,71,71,71,77,77,77,82,82,82,82,82,88,94,94,94,94,94,94,94,94,94,94,94,115,115,115,115,117,117,119,121,123,123,125,127,127,137,139,139,139,139,139,139,139,139,139,139,139,139],"relic_stats":{"Darkstone Periapt":18,"Singing Bowl":14,"Gremlin Horn":[3,3],"StoneCalendar":[52],"Bag of Preparation":[48],"Juzu Bracelet":1,"Whetstone":["Core Surge","Strike_B"],"Centennial Puzzle":[9],"Dream Catcher":0,"TheAbacus":[72],"Pantograph":47,"Necronomicon":[16],"Chemical X":[35],"Inserter":[32],"counters":[28,92],"Blue Candle":[0],"PreservedInsect":614,"Pen Nib":[3],"War Paint":["Defend_B","Defend_B"],"MawBank":252,"Question Card":16,"Busted Crown":18,"Shuriken":[1],"Black Star":12,"Art of War":[13],"obtain_stats":[{"Ice Cream":6,"Gremlin Horn":41,"Whetstone":45,"Old Coin":42,"Centennial Puzzle":31,"HornCleat":25,"Strawberry":31,"Necronomicon":19,"Toxic Egg 2":8,"Girya":23,"Pear":44,"Blue Candle":27,"Pen Nib":10,"War Paint":31,"Question Card":20,"Akabeko":27,"Shuriken":40,"Molten Egg 2":44,"Black Star":0,"Symbiotic Virus":41,"Pocketwatch":25,"Darkstone Periapt":9,"Lantern":42,"Singing Bowl":31,"Mango":31,"StoneCalendar":55,"Bag of Preparation":8,"Juzu Bracelet":13,"Ancient Tea Set":31,"ClockworkSouvenir":44,"Dream Catcher":45,"TheAbacus":31,"Pantograph":31,"WingedGreaves":39,"Red Mask":36,"Chemical X":0,"Cracked Core":0,"Potion Belt":23,"Inserter":17,"PreservedInsect":6,"The Courier":31,"Omamori":44,"Frozen Egg 2":47,"MawBank":10,"White Beast Statue":55,"DataDisk":31,"Anchor":48,"Busted Crown":34,"Art of War":40,"Bag of Marbles":43,"Membership Card":5,"Bottled Lightning":13},{"Ice Cream":3,"Gremlin Horn":22,"Whetstone":24,"Old Coin":23,"Centennial Puzzle":15,"HornCleat":13,"Strawberry":15,"Necronomicon":9,"Toxic Egg 2":4,"Girya":11,"Pear":23,"Blue Candle":14,"Pen Nib":5,"War Paint":15,"Question Card":9,"Akabeko":14,"Shuriken":21,"Molten Egg 2":23,"Black Star":0,"Symbiotic Virus":22,"Pocketwatch":13,"Darkstone Periapt":4,"Lantern":23,"Singing Bowl":15,"Mango":15,"StoneCalendar":27,"Bag of Preparation":4,"Juzu Bracelet":7,"Ancient Tea Set":15,"ClockworkSouvenir":23,"Dream Catcher":24,"TheAbacus":15,"Pantograph":15,"WingedGreaves":20,"Red Mask":17,"Chemical X":0,"Cracked Core":0,"Potion Belt":11,"Inserter":8,"PreservedInsect":3,"The Courier":15,"Omamori":23,"Frozen Egg 2":24,"MawBank":5,"White Beast Statue":27,"DataDisk":15,"Anchor":24,"Busted Crown":16,"Art of War":21,"Bag of Marbles":23,"Membership Card":2,"Bottled Lightning":7},{"Ice Cream":6,"Gremlin Horn":70,"Whetstone":75,"Old Coin":73,"Centennial Puzzle":50,"HornCleat":44,"Strawberry":50,"Necronomicon":29,"Toxic Egg 2":15,"Girya":35,"Pear":73,"Blue Candle":46,"Pen Nib":18,"War Paint":50,"Question Card":29,"Akabeko":46,"Shuriken":67,"Molten Egg 2":73,"Black Star":0,"Symbiotic Virus":70,"Pocketwatch":44,"Darkstone Periapt":15,"Lantern":73,"Singing Bowl":50,"Mango":50,"StoneCalendar":84,"Bag of Preparation":15,"Juzu Bracelet":22,"Ancient Tea Set":50,"ClockworkSouvenir":73,"Dream Catcher":75,"TheAbacus":50,"Pantograph":50,"WingedGreaves":64,"Red Mask":56,"Chemical X":0,"Cracked Core":0,"Potion Belt":35,"Inserter":27,"PreservedInsect":10,"The Courier":50,"Omamori":73,"Frozen Egg 2":75,"MawBank":18,"White Beast Statue":84,"DataDisk":50,"Anchor":75,"Busted Crown":54,"Art of War":67,"Bag of Marbles":73,"Membership Card":5,"Bottled Lightning":22}],"Pocketwatch":[40]},"card_choices":[{"not_picked":["Compile Driver","Ball Lightning"],"picked":"Glacier","floor":1},{"not_picked":["Sweeping Beam","Leap"],"picked":"Reinforced Body","floor":3},{"not_picked":["Heatsinks","Storm","Go for the Eyes"],"picked":"SKIP","floor":6},{"not_picked":["Scrape","Force Field+1","Consume+1"],"picked":"SKIP","floor":8},{"not_picked":["Scrape","Force Field+1"],"picked":"Consume+1","floor":8},{"not_picked":["Steam+1","Go for the Eyes"],"picked":"Conserve Battery+1","floor":10},{"not_picked":["Loop","Tempest+1"],"picked":"Electrodynamics","floor":12},{"not_picked":["Steam Power+1","Cold Snap","Steam+1"],"picked":"SKIP","floor":13},{"not_picked":["Machine Learning","Amplify+1"],"picked":"Thunder Strike","floor":16},{"not_picked":["Ball Lightning","Melter","BootSequence+1"],"picked":"SKIP","floor":18},{"not_picked":["Gash","Sweeping Beam","Streamline","Chill+1"],"picked":"SKIP","floor":22},{"not_picked":["Compile Driver","Turbo+1","Aggregate+1","Recycle+1"],"picked":"SKIP","floor":23},{"not_picked":["Steam+1","Glacier+1","Gash","Chaos+1"],"picked":"SKIP","floor":24},{"not_picked":["Aggregate+1","Rebound","Fusion+1","Redo+1"],"picked":"SKIP","floor":25},{"not_picked":["Go for the Eyes","Compile Driver","Storm"],"picked":"Coolheaded+1","floor":27},{"not_picked":["Ball Lightning","Capacitor+1","Scrape+1","Leap+1"],"picked":"SKIP","floor":29},{"not_picked":["Buffer","Thunder Strike","Reboot+1"],"picked":"Fission+1","floor":33},{"not_picked":["Darkness+1","Rebound"],"picked":"Singing Bowl","floor":35},{"not_picked":["Steam+1","Redo+1"],"picked":"Singing Bowl","floor":37},{"not_picked":["Hello World","Auto Shields+1"],"picked":"Singing Bowl","floor":38},{"not_picked":["Cold Snap+1","Hello World"],"picked":"Singing Bowl","floor":39},{"not_picked":["Rebound"],"picked":"Defragment","floor":40},{"not_picked":["Reboot+1","Loop"],"picked":"Singing Bowl","floor":41},{"not_picked":["Redo+1","Cold Snap"],"picked":"Singing Bowl","floor":42},{"not_picked":["Stack+1","Gash+1"],"picked":"Singing Bowl","floor":45},{"not_picked":["Glacier+1"],"picked":"Double Energy+1","floor":55}],"player_experience":1083452,"relics_obtained":[{"floor":6,"key":"PreservedInsect"},{"floor":6,"key":"Ice Cream"},{"floor":8,"key":"Toxic Egg 2"},{"floor":8,"key":"Bag of Preparation"},{"floor":9,"key":"Darkstone Periapt"},{"floor":10,"key":"MawBank"},{"floor":10,"key":"Pen Nib"},{"floor":13,"key":"Juzu Bracelet"},{"floor":13,"key":"Bottled Lightning"},{"floor":19,"key":"Necronomicon"},{"floor":23,"key":"Girya"},{"floor":23,"key":"Potion Belt"},{"floor":25,"key":"Pocketwatch"},{"floor":25,"key":"HornCleat"},{"floor":27,"key":"Akabeko"},{"floor":27,"key":"Blue Candle"},{"floor":39,"key":"WingedGreaves"},{"floor":40,"key":"Art of War"},{"floor":40,"key":"Shuriken"},{"floor":41,"key":"Symbiotic Virus"},{"floor":41,"key":"Gremlin Horn"},{"floor":42,"key":"Old Coin"},{"floor":42,"key":"Lantern"},{"floor":43,"key":"Bag of Marbles"},{"floor":45,"key":"Dream Catcher"},{"floor":45,"key":"Whetstone"},{"floor":47,"key":"Frozen Egg 2"},{"floor":55,"key":"White Beast Statue"},{"floor":55,"key":"StoneCalendar"}],"event_choices":[{"damage_healed":0,"gold_gain":75,"player_choice":"Gather Gold","damage_taken":11,"max_hp_gain":0,"max_hp_loss":0,"event_name":"World of Goop","floor":4,"gold_loss":0},{"damage_healed":0,"gold_gain":150,"player_choice":"AGREE","damage_taken":0,"max_hp_gain":0,"max_hp_loss":0,"event_name":"Liars Game","floor":11,"gold_loss":0,"cards_obtained":["Doubt"]},{"damage_healed":0,"gold_gain":0,"player_choice":"Donut","damage_taken":0,"max_hp_gain":5,"max_hp_loss":0,"event_name":"Big Fish","floor":14,"gold_loss":0},{"damage_healed":0,"gold_gain":0,"player_choice":"Obtained Book","damage_taken":21,"max_hp_gain":0,"max_hp_loss":0,"event_name":"Cursed Tome","floor":19,"gold_loss":0},{"damage_healed":0,"gold_gain":0,"player_choice":"Opened","damage_taken":0,"relics_obtained":["Question Card"],"max_hp_gain":0,"max_hp_loss":0,"event_name":"The Mausoleum","floor":20,"gold_loss":0,"cards_obtained":["Writhe"]},{"cards_removed":["Writhe"],"damage_healed":0,"gold_gain":0,"player_choice":"Purged","damage_taken":0,"max_hp_gain":0,"max_hp_loss":0,"event_name":"Purifier","floor":21,"gold_loss":0},{"damage_healed":0,"gold_gain":0,"player_choice":"Ignored","damage_taken":0,"max_hp_gain":0,"max_hp_loss":0,"event_name":"Ghosts","floor":30,"gold_loss":0},{"damage_healed":0,"gold_gain":0,"player_choice":"Paid","damage_taken":0,"relics_obtained":["Red Mask"],"max_hp_gain":0,"max_hp_loss":0,"event_name":"Tomb of Lord Red Mask","floor":36,"gold_loss":123},{"damage_healed":0,"gold_gain":0,"player_choice":"Fight","damage_taken":0,"max_hp_gain":0,"max_hp_loss":0,"event_name":"Mysterious Sphere","floor":39,"gold_loss":0}],"is_beta":false,"boss_relics":[{"not_picked":["Astrolabe","Runic Pyramid"],"picked":"Inserter"},{"not_picked":["Philosopher\u0027s Stone","Snecko Eye"],"picked":"Busted Crown"}],"items_purged_floors":[5,31],"is_endless":false,"potions_floor_spawned":[1,12,13,16,22,24,27,38,39,40],"ascension_level":20}}