{"host":"a484oiac96svwyi6","time":1607498488,"event":{"gold_per_floor":[510,707,707,707,725,725,750,760,760,702,718,753,753,772,772,871,871,884,735,735,735,735,735,761,773,773,793,793,793,803,577,577,577,577],"floor_reached":33,"playtime":1474,"items_purged":[],"score":338,"play_id":"c1a37d56-97b8-4a9d-8e2c-2a1f40e7c3dc","local_time":"20201209022128","is_ascension_mode":false,"campfire_choices":[{"data":"luka_mod:Edging","floor":6,"key":"SMITH"},{"data":"luka_mod:Meditation","floor":13,"key":"SMITH"},{"data":"luka_mod:SmallBody","floor":15,"key":"SMITH"},{"data":"luka_mod:Granberia","floor":23,"key":"SMITH"},{"floor":28,"key":"REST"},{"floor":32,"key":"DIG"}],"neow_cost":"NONE","seed_source_timestamp":782582011132500,"circlet_count":0,"master_deck":["luka_mod:StrikeLukaOne","luka_mod:StrikeLukaTwo","luka_mod:StrikeLukaThree","luka_mod:StrikeLukaFour","luka_mod:StrikeLukaFive","luka_mod:StrikeLukaSix","luka_mod:Salt","luka_mod:Guard","luka_mod:Wait","luka_mod:Edging+1","luka_mod:Meditation+1","luka_mod:HeavenlyDemonRevival","luka_mod:EarthRumblingDecapitation","luka_mod:DeathSwordChaosStar","luka_mod:SmallBody+1","luka_mod:SmallBody","luka_mod:SmallBody","luka_mod:StrikeLuka","luka_mod:AlmaElma","luka_mod:Granberia+1","luka_mod:Daystar+1","luka_mod:EndlessGuard+1","luka_mod:EarthSlash+1","luka_mod:LightningSwordFlash+1","luka_mod:PeacePreach","luka_mod:PeacePreach","StuffTheSpire:PlasmaPunch","Insight","luka_mod:AlicesGuard","luka_mod:RestrictedStrike","luka_mod:Intense","luka_mod:Tamamo+1","luka_mod:Optimistic+1"],"relics":["luka_mod:KeepsakeRing","HowToJump","hubris:Towel","SnailShell","Vajra","hubris:CuriousFeather","Astrolabe","Replay:Bottled Snecko","Bottled Flame","Golden Egg","StuffTheSpire:DarkSteelAnvil","Black Star","OrangePellets","hubris:CrystalStatue"],"potions_floor_usage":[16,24,27,33],"damage_taken":[{"damage":14,"enemies":"Cultist","floor":1,"turns":5},{"damage":3,"enemies":"2 Louse","floor":5,"turns":2},{"damage":6,"enemies":"Gremlin Nob","floor":7,"turns":3},{"damage":6,"enemies":"Small Slimes","floor":8,"turns":7},{"damage":21,"enemies":"Gremlin Gang","floor":11,"turns":4},{"damage":15,"enemies":"conspire:MimicChest","floor":12,"turns":6},{"damage":11,"enemies":"Large Slime","floor":14,"turns":4},{"damage":0,"enemies":"Slime Boss","floor":16,"turns":3},{"damage":0,"enemies":"Shell Parasite","floor":18,"turns":2},{"damage":15,"enemies":"Slavers","floor":24,"turns":4},{"damage":7,"enemies":"Spheric Guardian","floor":25,"turns":4},{"damage":0,"enemies":"Snake Plant","floor":27,"turns":2},{"damage":5,"enemies":"Shelled Parasite and Fungi","floor":30,"turns":2},{"damage":20,"enemies":"hubris:MusketHawk","floor":33,"turns":4}],"seed_played":"-2496615559948956289","potions_obtained":[{"floor":5,"key":"SneckoOil"},{"floor":7,"key":"SteroidPotion"},{"floor":16,"key":"infinitespire:BlackPotion"},{"floor":24,"key":"SteroidPotion"},{"floor":25,"key":"Adrenaline Potion"}],"is_trial":false,"path_per_floor":["M","?","?","?","M","R","E","M","T","$","M","?","R","M","R","B",null,"M","$","?","?","?","R","E","M","T","M","R","AVR","M","$","R_BF","B"],"character_chosen":"LUKA_CLASS","items_purchased":["luka_mod:SmallBody","luka_mod:PeacePreach","StuffTheSpire:PlasmaPunch","luka_mod:Optimistic","OrangePellets"],"campfire_rested":1,"item_purchase_floors":[10,19,19,31,31],"current_hp_per_floor":[44,27,27,27,44,44,38,25,25,25,26,36,36,52,52,3,54,54,54,54,54,54,54,3,3,3,3,20,20,15,15,15,0,0],"gold":577,"neow_bonus":"TEN_PERCENT_HP_BONUS","is_prod":false,"is_daily":false,"chose_seed":false,"campfire_upgraded":4,"win_rate":0.0,"timestamp":1607498488,"path_taken":["M","?","?","?","M","R","E","M","T","?","?","?","R","M","R","BOSS","M","$","?","?","?","R","E","M","T","?","R","AVR","M","$","R_BF","BOSS"],"build_version":"2020-11-30","purchased_purges":0,"victory":false,"max_hp_per_floor":[44,44,44,44,44,44,44,46,46,46,48,50,50,52,52,54,54,54,54,54,54,54,54,56,58,58,58,58,58,58,58,58,58,58],"relic_stats":{"OrangePellets":[0],"counters":[14,52],"Astrolabe":["luka_mod:Daystar","luka_mod:EndlessGuard","luka_mod:EarthSlash"],"Black Star":0,"obtain_stats":[{"Golden Egg":26,"SnailShell":7,"luka_mod:KeepsakeRing":0,"hubris:CrystalStatue":32,"HowToJump":0,"Astrolabe":17,"Vajra":9,"hubris:Towel":3,"OrangePellets":31,"Bottled Flame":24,"StuffTheSpire:DarkSteelAnvil":29,"hubris:CuriousFeather":12,"Black Star":29,"Replay:Bottled Snecko":20},{"Golden Egg":11,"SnailShell":3,"luka_mod:KeepsakeRing":0,"hubris:CrystalStatue":13,"HowToJump":0,"Astrolabe":8,"Vajra":4,"hubris:Towel":1,"OrangePellets":13,"Bottled Flame":10,"StuffTheSpire:DarkSteelAnvil":12,"hubris:CuriousFeather":6,"Black Star":12,"Replay:Bottled Snecko":9},{"Golden Egg":44,"SnailShell":10,"luka_mod:KeepsakeRing":0,"hubris:CrystalStatue":48,"HowToJump":0,"Astrolabe":34,"Vajra":17,"hubris:Towel":5,"OrangePellets":48,"Bottled Flame":40,"StuffTheSpire:DarkSteelAnvil":46,"hubris:CuriousFeather":27,"Black Star":46,"Replay:Bottled Snecko":36}]},"card_choices":[{"not_picked":["luka_mod:Overexert","luka_mod:NotVerySharp"],"picked":"luka_mod:WaterSlash","floor":1},{"not_picked":["luka_mod:HeroicStrike","luka_mod:ThunderThrust"],"picked":"luka_mod:HeavenlyDemonRevival","floor":2},{"not_picked":["luka_mod:NoDebuffs","luka_mod:IliasesJudgement"],"picked":"luka_mod:EarthRumblingDecapitation","floor":5},{"not_picked":["luka_mod:Struggle","luka_mod:HeroicStrike"],"picked":"luka_mod:DeathSwordChaosStar","floor":7},{"not_picked":["luka_mod:DemonDecapitation","luka_mod:GuardTraining"],"picked":"luka_mod:SmallBody","floor":8},{"not_picked":["luka_mod:DemonDecapitation","luka_mod:WaterSlash"],"picked":"luka_mod:StrikeLuka","floor":11},{"not_picked":["luka_mod:EndlessGuard","luka_mod:StrikeLuka"],"picked":"luka_mod:AlmaElma","floor":12},{"not_picked":["luka_mod:WaterSlash","luka_mod:HeroicStrike"],"picked":"luka_mod:DemonSkullBeheading","floor":14},{"not_picked":["luka_mod:Erubetie","luka_mod:Sensitive"],"picked":"luka_mod:Granberia","floor":16},{"not_picked":["luka_mod:GuardedStrike+1","luka_mod:OiAlice"],"picked":"luka_mod:LightningSwordFlash+1","floor":18},{"not_picked":["luka_mod:EarthRumblingDecapitation","luka_mod:GuardedStrike+1"],"picked":"luka_mod:AlicesGuard","floor":24},{"not_picked":["luka_mod:Calm","luka_mod:Struggle"],"picked":"luka_mod:RestrictedStrike","floor":25},{"not_picked":["luka_mod:Struggle","luka_mod:EarthSlash"],"picked":"luka_mod:Intense","floor":27},{"not_picked":["luka_mod:Salamander","luka_mod:RestrictedStrike"],"picked":"luka_mod:Tamamo","floor":30}],"player_experience":263585,"relics_obtained":[{"floor":7,"key":"SnailShell"},{"floor":9,"key":"Vajra"},{"floor":12,"key":"hubris:CuriousFeather"},{"floor":24,"key":"Bottled Flame"},{"floor":26,"key":"Golden Egg"},{"floor":32,"key":"hubris:CrystalStatue"}],"event_choices":[{"damage_healed":0,"gold_gain":0,"player_choice":"Insight","damage_taken":0,"max_hp_gain":0,"max_hp_loss":0,"event_name":"betterThird:BetterWriting","floor":21,"gold_loss":0,"cards_obtained":["Insight"]},{"damage_healed":0,"gold_gain":0,"player_choice":"Ignored","damage_taken":0,"max_hp_gain":0,"max_hp_loss":0,"event_name":"Ghosts","floor":22,"gold_loss":0}],"is_beta":false,"boss_relics":[{"not_picked":["Replay:Ancient Bell","Ring of Chaos"],"picked":"Astrolabe"}],"items_purged_floors":[],"is_endless":false,"potions_floor_spawned":[5,7,16,24,25],"killed_by":"hubris:MusketHawk","ascension_level":0}}