{"host":"640uue19m79c7wbt","time":1607482558,"event":{"gold_per_floor":[112,187,10,10,30,30,55,8,34,66,16,16,47,47,47,152,152,170,92,106,205,218,248,248,275,275,305,305,322,422,432,432,528,528,539,539,539,85,103,137,137,156,156,186,206,166,216,62,62,62,62,62,12,40,40],"floor_reached":56,"playtime":2155,"items_purged":[],"score":1428,"play_id":"3abeafde-5b25-4596-9b51-0f2d7c913cad","local_time":"20201208215558","is_ascension_mode":true,"campfire_choices":[{"data":"Cloak And Dagger","floor":6.0,"key":"SMITH"},{"data":"Panache","floor":12.0,"key":"SMITH"},{"floor":15.0,"key":"REST"},{"floor":28.0,"key":"RECALL"},{"floor":32.0,"key":"REST"},{"floor":41,"key":"REST"},{"floor":49,"key":"REST"},{"data":"Night Terror","floor":52,"key":"SMITH"}],"neow_cost":"NONE","seed_source_timestamp":175247790676500,"circlet_count":0,"master_deck":["Strike_G","Strike_G","Strike_G","Strike_G","Strike_G","Defend_G","Defend_G","Defend_G","Defend_G","Defend_G+1","Survivor","Neutralize","Dagger Spray","Panache+1","Cloak And Dagger+1","Dash","Blade Dance","Corpse Explosion+1","Blade Dance","Slice","Night Terror+1","Blur","Choke","Blade Dance","Heel Hook+1","Backstab","Accuracy","Setup+1","Leg Sweep","Blur","Storm of Steel","Slice+1","Mayhem","Accuracy","Accuracy+1","Crippling Poison","Adrenaline","Panache+1","Wraith Form v2"],"special_seed":0,"relics":["Ring of the Serpent","NeowsBlessing","CultistMask","Girya","Orichalcum","Potion Belt","Happy Flower","Toy Ornithopter","WristBlade","Ice Cream","InkBottle","PreservedInsect","Prayer Wheel","Singing Bowl","Gremlin Horn","War Paint","Juzu Bracelet","Question Card","MealTicket","TungstenRod","DollysMirror","Ninja Scroll"],"potions_floor_usage":[47,50,50,54,55,55,55,55],"damage_taken":[{"damage":0.0,"enemies":"Small Slimes","floor":1.0,"turns":1.0},{"damage":0.0,"enemies":"Jaw Worm","floor":5.0,"turns":1.0},{"damage":0.0,"enemies":"Gremlin Nob","floor":7.0,"turns":1.0},{"damage":6.0,"enemies":"3 Sentries","floor":10.0,"turns":3.0},{"damage":12.0,"enemies":"Gremlin Nob","floor":13.0,"turns":4.0},{"damage":15.0,"enemies":"Hexaghost","floor":16.0,"turns":7.0},{"damage":0.0,"enemies":"3 Byrds","floor":18.0,"turns":2.0},{"damage":3.0,"enemies":"Shell Parasite","floor":20.0,"turns":3.0},{"damage":4.0,"enemies":"Cultist and Chosen","floor":22.0,"turns":3.0},{"damage":13.0,"enemies":"Slavers","floor":23.0,"turns":3.0},{"damage":24.0,"enemies":"Book of Stabbing","floor":25.0,"turns":4.0},{"damage":0.0,"enemies":"Gremlin Leader","floor":27.0,"turns":2.0},{"damage":0.0,"enemies":"Chosen and Byrds","floor":29.0,"turns":2.0},{"damage":1.0,"enemies":"Colosseum Slavers","floor":30.0,"turns":3.0},{"damage":0.0,"enemies":"Colosseum Nobs","floor":30.0,"turns":2.0},{"damage":0.0,"enemies":"Sentry and Sphere","floor":31.0,"turns":1.0},{"damage":22.0,"enemies":"Collector","floor":33.0,"turns":6.0},{"damage":4.0,"enemies":"Orb Walker","floor":35.0,"turns":2.0},{"damage":18.0,"enemies":"3 Shapes","floor":39.0,"turns":2.0},{"damage":31,"enemies":"Reptomancer","floor":40,"turns":4},{"damage":2,"enemies":"3 Darklings","floor":42,"turns":2},{"damage":7,"enemies":"Giant Head","floor":44,"turns":4},{"damage":12,"enemies":"Spire Growth","floor":45,"turns":3},{"damage":1,"enemies":"Mind Bloom Boss Battle","floor":47,"turns":6},{"damage":40,"enemies":"Time Eater","floor":50,"turns":7},{"damage":24,"enemies":"Shield and Spear","floor":54,"turns":3},{"damage":59,"enemies":"The Heart","floor":55,"turns":8}],"seed_played":"-7315117921078188930","potions_obtained":[{"floor":13.0,"key":"ColorlessPotion"},{"floor":16.0,"key":"DuplicationPotion"},{"floor":18.0,"key":"AttackPotion"},{"floor":23.0,"key":"Fruit Juice"},{"floor":29.0,"key":"SneckoOil"},{"floor":30.0,"key":"ColorlessPotion"},{"floor":33.0,"key":"Swift Potion"},{"floor":40,"key":"Poison Potion"},{"floor":42,"key":"Fire Potion"},{"floor":46,"key":"BlessingOfTheForge"},{"floor":46,"key":"PowerPotion"},{"floor":46,"key":"Regen Potion"},{"floor":47,"key":"Block Potion"},{"floor":54,"key":"Strength Potion"}],"is_trial":false,"path_per_floor":["M","?","$","?","M","R","E","$","T","E","$","R","E","?","R","B",null,"M","$","M","?","M","E","?","E","T","E","R","M","?","M","R","B",null,"M","?","?","$","M","E","R","M","T","E","M","?","?","$","R","B",null,"R","$","E","B",null],"character_chosen":"THE_SILENT","items_purchased":["Panache","Blade Dance","Blade Dance","Choke","Accuracy","Gremlin Horn","War Paint","DollysMirror","SkillPotion"],"campfire_rested":4,"item_purchase_floors":[3,8,11,19,38,38,38,48,53],"current_hp_per_floor":[70,59,59,59,59,59,59,59,59,53,53,53,41,38,59,49,70,70,70,67,67,63,55,55,41,41,41,41,41,47,54,77,55,79,77,77,77,77,66,37,62,62,62,57,47,47,53,68,93,63,93,93,93,72,33],"gold":40,"neow_bonus":"THREE_ENEMY_KILL","is_prod":false,"is_daily":false,"chose_seed":false,"campfire_upgraded":3,"win_rate":0,"timestamp":1607482558,"path_taken":["M","?","?","?","?","R","E","$","T","E","$","R","E","?","R","BOSS","M","$","M","?","M","E","?","E","T","E","R","?","?","M","R","BOSS","M","?","?","$","M","E","R","M","T","E","M","?","?","$","R","BOSS","R","$","E","BOSS"],"build_version":"2020-11-30","purchased_purges":0,"victory":true,"max_hp_per_floor":[70,70,70,70,70,70,70,70,70,70,70,70,70,70,70,70,70,70,70,70,70,70,70,70,75,75,75,75,75,77,79,79,79,79,81,81,81,81,83,85,85,87,87,89,91,91,93,93,93,93,93,93,93,93,93],"card_choices":[{"not_picked":["Noxious Fumes","Masterful Stab"],"picked":"Dagger Spray","floor":1.0},{"not_picked":["Noxious Fumes","Slice"],"picked":"Cloak And Dagger","floor":5.0},{"not_picked":["Leg Sweep","Backstab"],"picked":"Dash","floor":7.0},{"not_picked":["Bouncing Flask","Dodge and Roll"],"picked":"Corpse Explosion","floor":10.0},{"not_picked":["Acrobatics","Blade Dance"],"picked":"Slice","floor":13.0},{"not_picked":["Corpse Explosion","Storm of Steel"],"picked":"Night Terror","floor":16.0},{"not_picked":["Leg Sweep+1","Dagger Spray"],"picked":"Blur","floor":18.0},{"not_picked":["Outmaneuver","Poisoned Stab"],"picked":"Blade Dance","floor":20.0},{"not_picked":["Dodge and Roll","Eviscerate"],"picked":"Heel Hook+1","floor":22.0},{"not_picked":["Unload","Underhanded Strike"],"picked":"Backstab","floor":23.0},{"not_picked":["Grand Finale","Underhanded Strike","Dodge and Roll"],"picked":"SKIP","floor":25.0},{"not_picked":["PiercingWail","Masterful Stab"],"picked":"Setup+1","floor":27.0},{"not_picked":["Skewer","Setup"],"picked":"Leg Sweep","floor":29.0},{"not_picked":["Flying Knee","Poisoned Stab+1","Deflect"],"picked":"Singing Bowl","floor":30.0},{"not_picked":["Deadly Poison+1","Reflex"],"picked":"Blur","floor":31.0},{"not_picked":["Flying Knee","Dagger Throw+1","Tactician"],"picked":"Singing Bowl","floor":31.0},{"not_picked":["Night Terror","Adrenaline"],"picked":"Storm of Steel","floor":33.0},{"not_picked":["Bouncing Flask","Skewer+1"],"picked":"Slice+1","floor":35.0},{"not_picked":["Backflip","Choke+1","Underhanded Strike"],"picked":"Singing Bowl","floor":35.0},{"not_picked":["Mind Blast","Forethought"],"picked":"Mayhem","floor":37.0},{"not_picked":["Flechettes+1","Concentrate+1"],"picked":"Accuracy+1","floor":39.0},{"not_picked":["Acrobatics","Backflip","Sucker Punch"],"picked":"Singing Bowl","floor":39.0},{"not_picked":["Reflex+1","Distraction+1","Outmaneuver+1"],"picked":"Singing Bowl","floor":40},{"not_picked":["Calculated Gamble","Riddle With Holes+1"],"picked":"Crippling Poison","floor":42},{"not_picked":["Heel Hook","Prepared+1","Bane+1"],"picked":"Singing Bowl","floor":42},{"not_picked":["Blade Dance+1","Dagger Spray+1","Backflip+1","Deflect"],"picked":"Singing Bowl","floor":44},{"not_picked":["Acrobatics+1","Dagger Throw+1","Blade Dance","Outmaneuver"],"picked":"Singing Bowl","floor":45},{"not_picked":["Dagger Throw","Deflect+1","Masterful Stab+1"],"picked":"Adrenaline","floor":45},{"not_picked":["Bane+1","Dodge and Roll","Slice+1","PiercingWail"],"picked":"Singing Bowl","floor":47},{"not_picked":["Backflip+1","Blade Dance","Slice+1"],"picked":"Wraith Form v2","floor":54}],"player_experience":1203345,"relics_obtained":[{"floor":7.0,"key":"Girya"},{"floor":9.0,"key":"Orichalcum"},{"floor":10.0,"key":"Potion Belt"},{"floor":13.0,"key":"Happy Flower"},{"floor":23.0,"key":"Ice Cream"},{"floor":25.0,"key":"InkBottle"},{"floor":27.0,"key":"PreservedInsect"},{"floor":30.0,"key":"Prayer Wheel"},{"floor":30.0,"key":"Singing Bowl"},{"floor":40,"key":"Juzu Bracelet"},{"floor":43,"key":"Question Card"},{"floor":44,"key":"MealTicket"},{"floor":47,"key":"TungstenRod"},{"floor":54,"key":"Ninja Scroll"}],"event_choices":[{"damage_healed":0.0,"max_hp_gain":0.0,"max_hp_loss":0.0,"gold_gain":75.0,"event_name":"World of Goop","player_choice":"Gather Gold","floor":2.0,"gold_loss":0.0,"damage_taken":11.0},{"damage_healed":0.0,"max_hp_gain":0.0,"max_hp_loss":0.0,"gold_gain":0.0,"event_name":"FaceTrader","player_choice":"Trade","floor":4.0,"gold_loss":0.0,"damage_taken":0.0,"relics_obtained":["CultistMask"]},{"damage_healed":0.0,"max_hp_gain":0.0,"max_hp_loss":0.0,"gold_gain":0.0,"event_name":"Scrap Ooze","player_choice":"Success","floor":14.0,"gold_loss":0.0,"damage_taken":3.0,"relics_obtained":["Toy Ornithopter"]},{"damage_healed":0.0,"max_hp_gain":0.0,"max_hp_loss":0.0,"gold_gain":99.0,"event_name":"Nest","player_choice":"Stole From Cult","floor":21.0,"gold_loss":0.0,"damage_taken":0.0},{"damage_healed":0.0,"max_hp_gain":0.0,"max_hp_loss":0.0,"gold_gain":0.0,"event_name":"The Library","player_choice":"Read","floor":24.0,"gold_loss":0.0,"damage_taken":0.0,"cards_obtained":["Accuracy"]},{"damage_healed":0.0,"max_hp_gain":0.0,"max_hp_loss":0.0,"gold_gain":0.0,"event_name":"Colosseum","player_choice":"Fight","floor":30.0,"gold_loss":0.0,"damage_taken":0.0},{"damage_healed":0.0,"max_hp_gain":0.0,"max_hp_loss":0.0,"gold_gain":0.0,"event_name":"Colosseum","player_choice":"Fought Nobs","floor":30.0,"gold_loss":0.0,"damage_taken":0.0},{"damage_healed":0.0,"max_hp_gain":0.0,"max_hp_loss":0.0,"gold_gain":0.0,"event_name":"Tomb of Lord Red Mask","player_choice":"Ignored","floor":36.0,"gold_loss":0.0,"damage_taken":0.0},{"damage_healed":0.0,"max_hp_gain":0.0,"max_hp_loss":0.0,"gold_gain":0.0,"event_name":"SensoryStone","player_choice":"Memory 1","floor":37.0,"gold_loss":0.0,"damage_taken":0.0},{"damage_healed":0,"gold_gain":0,"player_choice":"Bought 3 Potions","damage_taken":0,"max_hp_gain":0,"max_hp_loss":0,"event_name":"The Woman in Blue","floor":46,"gold_loss":0},{"damage_healed":0,"gold_gain":0,"player_choice":"Fight","damage_taken":0,"max_hp_gain":0,"max_hp_loss":0,"event_name":"MindBloom","floor":47,"gold_loss":0}],"is_beta":false,"boss_relics":[{"not_picked":["HoveringKite","Sozu"],"picked":"WristBlade"},{"not_picked":["Coffee Dripper","Fusion Hammer"],"picked":"Ring of the Serpent"}],"items_purged_floors":[],"is_endless":false,"potions_floor_spawned":[13,16,18,23,29,30,30,33,40,42,47,54],"ascension_level":1}}