{"host":"9d9dhukr2jywmy0f","time":1607547066,"event":{"gold_per_floor":[119,119,194,119,130,130,165,165,165,165,176,194,194,209,209,305,305,317,317,328,328,328,328,361,361,384,417,429,468,66,76,76,172,222,240,240,250,250,269,304,314,314,366,48,48,98,98,98,98,98,98,98,23,32,12],"floor_reached":56,"playtime":5201,"items_purged":["Koishi:BasicStrike","Koishi:BasicDefend","Koishi:BasicDefend+1"],"score":1772,"play_id":"c2feb085-5840-46b5-9845-06417c9e6bd0","local_time":"20201210045106","is_ascension_mode":true,"campfire_choices":[{"data":"Koishi:HauntingSlash","floor":6.0,"key":"SMITH"},{"data":"Koishi:Provoke","floor":10.0,"key":"SMITH"},{"data":"Koishi:GhostParty","floor":15.0,"key":"SMITH"},{"data":"Koishi:GrowingPain","floor":23.0,"key":"SMITH"},{"data":"Koishi:UnansweredLove","floor":25.0,"key":"SMITH"},{"floor":28.0,"key":"REST"},{"floor":32.0,"key":"DIG"},{"floor":42.0,"key":"DIG"},{"data":"Koishi:RollingInRichesHeart","floor":47.0,"key":"SMITH"},{"floor":49.0,"key":"RECALL"},{"data":"Koishi:UnansweredLove","floor":52,"key":"SMITH"}],"neow_cost":"NONE","seed_source_timestamp":0,"circlet_count":0,"master_deck":["Koishi:BasicDefend+1","Koishi:Provoke+1","Koishi:TremblingHands+1","Koishi:GhostParty+1","Koishi:GrowingPain+1","Koishi:UnansweredLove+1","Koishi:Heartbroken+1","Koishi:Untouchable+1","Koishi:Untouchable+1","Koishi:RollingInRichesHeart+1","Koishi:UnansweredLove+1","Koishi:Possession"],"special_seed":0,"relics":["Koishi:ImaginaryFriend","InkBottle","Tiny Chest","Runic Dome","Frozen Egg 2","Matryoshka","Kunai","MawBank","Red Mask","Shovel","Du-Vu Doll","Tiny House","Gambling Chip","Juzu Bracelet","Nunchaku","White Beast Statue","Peace Pipe","HornCleat"],"potions_floor_usage":[55,55,55,55,55],"damage_taken":[{"damage":1.0,"enemies":"2 Louse","floor":1.0,"turns":3.0},{"damage":2.0,"enemies":"Cultist","floor":5.0,"turns":4.0},{"damage":34.0,"enemies":"3 Sentries","floor":7.0,"turns":11.0},{"damage":0.0,"enemies":"Small Slimes","floor":11.0,"turns":4.0},{"damage":0.0,"enemies":"Blue Slaver","floor":12.0,"turns":7.0},{"damage":6.0,"enemies":"Lots of Slimes","floor":14.0,"turns":7.0},{"damage":0.0,"enemies":"The Guardian","floor":16.0,"turns":44.0},{"damage":0.0,"enemies":"3 Byrds","floor":18.0,"turns":10.0},{"damage":2.0,"enemies":"Chosen","floor":20.0,"turns":8.0},{"damage":14.0,"enemies":"Gremlin Leader","floor":24.0,"turns":13.0},{"damage":58.0,"enemies":"Slavers","floor":27.0,"turns":9.0},{"damage":4.0,"enemies":"Masked Bandits","floor":29.0,"turns":6.0},{"damage":0.0,"enemies":"Snake Plant","floor":31.0,"turns":15.0},{"damage":8.0,"enemies":"Champ","floor":33.0,"turns":12.0},{"damage":4.0,"enemies":"Orb Walker","floor":35.0,"turns":4.0},{"damage":9.0,"enemies":"3 Shapes","floor":37.0,"turns":16.0},{"damage":0.0,"enemies":"Transient","floor":39.0,"turns":5.0},{"damage":13.0,"enemies":"Reptomancer","floor":40.0,"turns":19.0},{"damage":0.0,"enemies":"Maw","floor":41.0,"turns":10.0},{"damage":0.0,"enemies":"Mind Bloom Boss Battle","floor":46.0,"turns":8.0},{"damage":14.0,"enemies":"Time Eater","floor":50.0,"turns":10.0},{"damage":0,"enemies":"Shield and Spear","floor":54,"turns":10},{"damage":0,"enemies":"The Heart","floor":55,"turns":12}],"seed_played":"7010674439989187090","potions_obtained":[{"floor":5.0,"key":"Energy Potion"},{"floor":14.0,"key":"Fruit Juice"},{"floor":19.0,"key":"EntropicBrew"},{"floor":19.0,"key":"CultistPotion"},{"floor":19.0,"key":"LiquidBronze"},{"floor":24.0,"key":"Energy Potion"},{"floor":31.0,"key":"Strength Potion"},{"floor":34.0,"key":"Fruit Juice"},{"floor":39.0,"key":"BlessingOfTheForge"},{"floor":46.0,"key":"EntropicBrew"}],"is_trial":false,"path_per_floor":["M","?","?","$","M","R","E","?","T","R","M","M","?","M","R","B",null,"M","?","M","?","T","R","E","R","T","E","R","?","$","M","R","B",null,"M","?","M","?","M","E","M","R","T","$","T","?","R","?","R","B",null,"R","$","E","B",null],"character_chosen":"KOISHI","items_purchased":["Shovel","Koishi:Untouchable+1","Koishi:RollingInRichesHeart","Koishi:UnansweredLove","DuplicationPotion"],"campfire_rested":1,"item_purchase_floors":[30,44,44,44,53],"current_hp_per_floor":[55,55,44,44,46,46,14,7,7,7,11,19,7,16,16,65,65,65,65,65,65,65,65,59,59,59,7,26,28,28,50,50,58,73,73,73,75,75,75,75,75,75,75,75,75,75,75,75,75,61,72,72,72,72,72],"gold":12,"neow_bonus":"REMOVE_CARD","is_prod":false,"is_daily":false,"chose_seed":false,"campfire_upgraded":7,"win_rate":0,"timestamp":1607547066,"path_taken":["M","?","?","$","M","R","E","?","T","R","M","M","?","M","R","BOSS","BOSS","M","?","M","?","?","R","E","R","T","E","R","?","$","M","R","BOSS","M","?","M","?","M","E","M","R","T","$","?","?","R","?","R","BOSS","R","$","E","BOSS"],"build_version":"2020-11-30","purchased_purges":3,"victory":true,"max_hp_per_floor":[60,60,60,60,60,60,60,60,60,60,60,60,60,65,65,65,65,65,65,65,65,65,65,65,65,65,65,65,65,65,65,65,65,75,75,75,75,75,75,75,75,75,75,75,75,75,75,75,75,75,75,75,75,75,75],"relic_stats":{"Peace Pipe":0,"Nunchaku":[4],"Shovel":2,"counters":[74,565],"Gambling Chip":[5],"Tiny Chest":2,"Juzu Bracelet":2,"Kunai":[11],"MawBank":36,"obtain_stats":[{"Tiny House":34,"Juzu Bracelet":42,"Frozen Egg 2":22,"MawBank":27,"White Beast Statue":45,"keyreminder:keyreminder":26,"Du-Vu Doll":32,"Peace Pipe":46,"Runic Dome":17,"Nunchaku":43,"Matryoshka":24,"Shovel":30,"HornCleat":54,"Gambling Chip":40,"Tiny Chest":9,"Red Mask":29,"Kunai":26,"InkBottle":7,"Koishi:ImaginaryFriend":0},{"Tiny House":65,"Juzu Bracelet":70,"Frozen Egg 2":60,"MawBank":62,"White Beast Statue":70,"keyreminder:keyreminder":61,"Du-Vu Doll":64,"Peace Pipe":71,"Runic Dome":58,"Nunchaku":70,"Matryoshka":61,"Shovel":63,"HornCleat":73,"Gambling Chip":69,"Tiny Chest":54,"Red Mask":63,"Kunai":61,"InkBottle":54,"Koishi:ImaginaryFriend":0},{"Tiny House":471,"Juzu Bracelet":525,"Frozen Egg 2":416,"MawBank":438,"White Beast Statue":525,"keyreminder:keyreminder":429,"Du-Vu Doll":459,"Peace Pipe":533,"Runic Dome":398,"Nunchaku":525,"Matryoshka":429,"Shovel":444,"HornCleat":553,"Gambling Chip":515,"Tiny Chest":336,"Red Mask":444,"Kunai":429,"InkBottle":336,"Koishi:ImaginaryFriend":0}],"InkBottle":[75]},"card_choices":[{"not_picked":["Koishi:SubterraneanRose","Koishi:BloodcurdlingScream","Koishi:StingingMind"],"picked":"SKIP","floor":1.0},{"not_picked":["Koishi:Catatonia","Koishi:UnconsciousUprising"],"picked":"Koishi:TremblingHands","floor":5.0},{"not_picked":["Koishi:VengefulSpirit","Koishi:BloodcurdlingScream","Koishi:Untouchable"],"picked":"SKIP","floor":7.0},{"not_picked":["Koishi:ReleaseOfTheId","Koishi:SpiritedAway","Koishi:VengefulSpirit"],"picked":"SKIP","floor":11.0},{"not_picked":["Koishi:EmbryosDream","Koishi:UnansweredLove","Koishi:GrowingPain"],"picked":"SKIP","floor":12.0},{"not_picked":["Koishi:FreudianInstinct","Koishi:Catatonia"],"picked":"Koishi:GhostParty","floor":14.0},{"not_picked":["Koishi:SuperEgo","Koishi:RoseHell"],"picked":"Koishi:GrowingPain","floor":16.0},{"not_picked":["Koishi:EmbryosDream","Koishi:JumpScare","Koishi:SubconsciousSweep"],"picked":"SKIP","floor":18.0},{"not_picked":["Koishi:UnconsciousUprising","Koishi:StingingMind","Koishi:ParalyzingFear"],"picked":"SKIP","floor":20.0},{"not_picked":["Koishi:SubterraneanRose+1","Koishi:FleetingPhantom"],"picked":"Koishi:UnansweredLove","floor":24.0},{"not_picked":["Koishi:SilentAndRestless","Koishi:PhantomBarrier","Koishi:SubconsciousSweep"],"picked":"SKIP","floor":27.0},{"not_picked":["Koishi:RorschachInDanmaku","Koishi:HeartfeltFancy","Koishi:ParalyzingFear"],"picked":"SKIP","floor":31.0},{"not_picked":["Koishi:FadingMemory","Koishi:SuperEgo"],"picked":"Koishi:Heartbroken+1","floor":33.0},{"not_picked":["Koishi:PhantomStrike","Koishi:FadingMemory"],"picked":"Koishi:Untouchable+1","floor":35.0},{"not_picked":["Koishi:HeartAttack+1","Koishi:UnconsciousUrges+1","Koishi:RacingHeart+1"],"picked":"SKIP","floor":37.0},{"not_picked":["Koishi:PhantomStrike","Koishi:BloodcurdlingScream+1","Koishi:HeartfeltFancy"],"picked":"SKIP","floor":39.0},{"not_picked":["Koishi:DreadfulBlow+1","Koishi:DanmakuParanoia+1","Koishi:HeartAttack+1"],"picked":"SKIP","floor":40.0},{"not_picked":["Koishi:PhantomBarrier+1","Koishi:SubterraneanRose","Koishi:Catatonia"],"picked":"SKIP","floor":41.0},{"not_picked":["Koishi:StingingMind","Koishi:DreadfulBlow+1"],"picked":"Koishi:Possession","floor":54}],"player_experience":742350,"relics_obtained":[{"floor":7.0,"key":"InkBottle"},{"floor":9.0,"key":"Tiny Chest"},{"floor":22.0,"key":"Frozen Egg 2"},{"floor":24.0,"key":"Matryoshka"},{"floor":26.0,"key":"Kunai"},{"floor":27.0,"key":"MawBank"},{"floor":29.0,"key":"Red Mask"},{"floor":32.0,"key":"Du-Vu Doll"},{"floor":40.0,"key":"Gambling Chip"},{"floor":42.0,"key":"Juzu Bracelet"},{"floor":43.0,"key":"Nunchaku"},{"floor":45.0,"key":"White Beast Statue"},{"floor":46.0,"key":"Peace Pipe"},{"floor":54,"key":"HornCleat"}],"event_choices":[{"cards_removed":["Koishi:BasicDefend"],"damage_healed":0.0,"max_hp_gain":0.0,"max_hp_loss":0.0,"gold_gain":0.0,"event_name":"Living Wall","player_choice":"Forget","floor":2.0,"gold_loss":0.0,"damage_taken":0.0},{"damage_healed":0.0,"max_hp_gain":0.0,"max_hp_loss":0.0,"gold_gain":75.0,"event_name":"World of Goop","player_choice":"Gather Gold","floor":3.0,"gold_loss":0.0,"damage_taken":11.0},{"cards_removed":["Koishi:BasicStrike"],"damage_healed":0.0,"max_hp_gain":0.0,"max_hp_loss":0.0,"gold_gain":0.0,"event_name":"Golden Wing","player_choice":"Card Removal","floor":8.0,"gold_loss":0.0,"damage_taken":7.0},{"damage_healed":0.0,"max_hp_gain":0.0,"max_hp_loss":0.0,"gold_gain":0.0,"event_name":"Shining Light","player_choice":"Entered Light","floor":13.0,"gold_loss":0.0,"damage_taken":12.0,"cards_upgraded":["Koishi:BasicDefend","Koishi:BasicStrike"]},{"damage_healed":0.0,"max_hp_gain":0.0,"max_hp_loss":0.0,"gold_gain":0.0,"event_name":"Lab","player_choice":"Got Potions","floor":19.0,"gold_loss":0.0,"damage_taken":0.0},{"cards_removed":["Koishi:BasicStrike"],"damage_healed":0.0,"max_hp_gain":0.0,"max_hp_loss":0.0,"gold_gain":0.0,"event_name":"Back to Basics","player_choice":"Elegance","floor":21.0,"gold_loss":0.0,"damage_taken":0.0},{"damage_healed":0.0,"max_hp_gain":0.0,"max_hp_loss":0.0,"gold_gain":0.0,"event_name":"Masked Bandits","player_choice":"Fought Bandits","floor":29.0,"gold_loss":0.0,"damage_taken":0.0},{"damage_healed":0.0,"max_hp_gain":0.0,"max_hp_loss":0.0,"gold_gain":0.0,"event_name":"Accursed Blacksmith","player_choice":"Forge","floor":36.0,"gold_loss":0.0,"damage_taken":0.0,"cards_upgraded":["Koishi:BasicDefend"]},{"damage_healed":0.0,"max_hp_gain":0.0,"max_hp_loss":0.0,"gold_gain":0.0,"event_name":"Mysterious Sphere","player_choice":"Ignored","floor":38.0,"gold_loss":0.0,"damage_taken":0.0},{"damage_healed":0.0,"max_hp_gain":0.0,"max_hp_loss":0.0,"gold_gain":0.0,"event_name":"MindBloom","player_choice":"Fight","floor":46.0,"gold_loss":0.0,"damage_taken":0.0},{"cards_removed":["Koishi:HauntingSlash"],"damage_healed":0.0,"max_hp_gain":0.0,"max_hp_loss":0.0,"gold_gain":0.0,"event_name":"Falling","player_choice":"Removed Attack","floor":48.0,"gold_loss":0.0,"damage_taken":0.0}],"is_beta":false,"boss_relics":[{"not_picked":["SacredBark","Cursed Key"],"picked":"Runic Dome"},{"not_picked":["Empty Cage","Calling Bell"],"picked":"Tiny House"}],"items_purged_floors":[4,30,44],"is_endless":false,"potions_floor_spawned":[5,14,24,31,39,46,54],"ascension_level":7}}