{"host":"c10fjmjt4zmpjqlg","time":1607494921,"event":{"gold_per_floor":[113,188,205,19750,19750,19784,19784,19799,19799,19817,19855,19886,19929,19950,19950,20075,20075,20096,20127,20145,20145,19501,19540,19540,18990,18990,18990,18624,18657,18376,18391,18391,18512,18512,18532,18552,18283,18297,18315,18334,18374,18105,18105,18105,18126,18162,18176,18217,18217,18217],"floor_reached":51,"playtime":1878,"items_purged":[],"score":1086,"play_id":"16317109-9624-4f02-bb40-41adf713fde6","local_time":"20201209172201","is_ascension_mode":true,"campfire_choices":[{"floor":7,"key":"REST"},{"data":"Havoc","floor":15,"key":"SMITH"},{"data":"Limit Break","floor":24,"key":"SMITH"},{"data":"Limit Break","floor":32,"key":"SMITH"},{"data":"1","floor":44,"key":"LIFT"},{"data":"2","floor":49,"key":"LIFT"}],"neow_cost":"TEN_PERCENT_HP_LOSS","seed_source_timestamp":611811016835100,"circlet_count":0,"master_deck":["Strike_R+1","Strike_R","Strike_R","Strike_R","Strike_R","Defend_R","Defend_R","Defend_R","Defend_R","Bash","Dropkick","Sword Boomerang","Anger","Perfected Strike","Reaper+1","Flame Barrier","Fire Breathing","Pummel","Havoc+1","Headbutt","Uppercut","Sever Soul","Havoc","Thunderclap","Spot Weakness","Limit Break+1","Inflame","Twin Strike+1","Heavy Blade","Twin Strike","Dropkick+1","Infernal Blade+1","Burning Pact","Limit Break+1","Reaper","Clash+1","Shockwave","Limit Break","Clothesline","Sword Boomerang+1","Second Wind","Twin Strike+1","Clothesline+1","Clothesline+1","Infernal Blade+1","Carnage","Clash","Heavy Blade+1","Infernal Blade+1","Uppercut+1","Barricade","Rampage+1","Flex","Anger","Thunderclap+1"],"special_seed":0,"relics":["Black Blood","Prayer Wheel","Dream Catcher","Orichalcum","ClockworkSouvenir","Golden Idol","StoneCalendar","Bottled Flame","Happy Flower","Odd Mushroom","Toy Ornithopter","Red Mask","MutagenicStrength","Pocketwatch","Art of War","Frozen Eye","Bronze Scales","Blood Vial","Pantograph","Membership Card","Girya","Anchor","CaptainsWheel","Medical Kit","Juzu Bracelet","Paper Frog","Boot","Sling","Mark of Pain","Omamori","Darkstone Periapt","TheAbacus","Red Skull","Gremlin Horn","PreservedInsect","Cauldron","Blue Candle","Whetstone","Strawberry"],"potions_floor_usage":[16,50,50,50],"damage_taken":[{"damage":0,"enemies":"Small Slimes","floor":1,"turns":3},{"damage":7,"enemies":"2 Louse","floor":3,"turns":2},{"damage":24,"enemies":"Lagavulin","floor":6,"turns":5},{"damage":5,"enemies":"Jaw Worm","floor":8,"turns":3},{"damage":0,"enemies":"Large Slime","floor":10,"turns":3},{"damage":21,"enemies":"3 Sentries","floor":11,"turns":7},{"damage":20,"enemies":"The Mushroom Lair","floor":12,"turns":5},{"damage":18,"enemies":"Lagavulin","floor":13,"turns":5},{"damage":30,"enemies":"Gremlin Gang","floor":14,"turns":5},{"damage":38,"enemies":"The Guardian","floor":16,"turns":7},{"damage":4,"enemies":"Chosen","floor":18,"turns":4},{"damage":40,"enemies":"Masked Bandits","floor":19,"turns":5},{"damage":0,"enemies":"3 Byrds","floor":20,"turns":5},{"damage":28,"enemies":"Slavers","floor":23,"turns":3},{"damage":0,"enemies":"Gremlin Leader","floor":29,"turns":4},{"damage":0,"enemies":"Snecko","floor":31,"turns":2},{"damage":14,"enemies":"Champ","floor":33,"turns":5},{"damage":21,"enemies":"3 Darklings","floor":35,"turns":4},{"damage":0,"enemies":"Orb Walker","floor":36,"turns":2},{"damage":12,"enemies":"Spire Growth","floor":38,"turns":3},{"damage":10,"enemies":"3 Darklings","floor":39,"turns":3},{"damage":3,"enemies":"Transient","floor":40,"turns":5},{"damage":6,"enemies":"Giant Head","floor":41,"turns":5},{"damage":0,"enemies":"Writhing Mass","floor":45,"turns":2},{"damage":0,"enemies":"Nemesis","floor":46,"turns":3},{"damage":4,"enemies":"Jaw Worm Horde","floor":47,"turns":3},{"damage":3,"enemies":"Giant Head","floor":48,"turns":4},{"damage":38,"enemies":"Awakened One","floor":50,"turns":6}],"seed_played":"-483084588855025859","potions_obtained":[{"floor":1,"key":"SkillPotion"},{"floor":6,"key":"HeartOfIron"},{"floor":8,"key":"EssenceOfSteel"},{"floor":11,"key":"AttackPotion"},{"floor":14,"key":"BloodPotion"},{"floor":18,"key":"ColorlessPotion"},{"floor":40,"key":"CultistPotion"}],"is_trial":false,"path_per_floor":["M","?","M","$","?","E","R","M","T","M","E","?","E","M","R","B",null,"M","?","M","?","$","E","R","$","T","?","$","E","$","M","R","B",null,"M","M","$","M","M","M","E","$","T","R","M","E","M","E","R","B",null],"character_chosen":"IRONCLAD","items_purchased":["Dream Catcher","Orichalcum","ClockworkSouvenir","Pocketwatch","Art of War","Frozen Eye","Infernal Blade","Blood Vial","Pantograph","Membership Card","Anchor","CaptainsWheel","Medical Kit","Limit Break","Paper Frog","Boot","Sling","Omamori","Darkstone Periapt","TheAbacus","Gremlin Horn","PreservedInsect","Cauldron"],"campfire_rested":1,"item_purchase_floors":[4,4,4,22,22,22,22,25,25,25,28,28,28,28,30,30,30,37,37,37,42,42,42],"current_hp_per_floor":[72,61,60,60,42,24,45,50,50,64,60,50,41,23,23,17,72,72,48,63,63,63,63,63,63,63,63,63,72,72,72,72,72,72,72,72,72,72,72,72,72,72,72,72,72,72,72,79,79,53],"gold":18217,"neow_bonus":"ONE_RARE_RELIC","is_prod":false,"is_daily":false,"chose_seed":false,"campfire_upgraded":3,"win_rate":0,"timestamp":1607494921,"path_taken":["M","?","M","$","?","E","R","M","T","M","E","?","E","M","R","BOSS","M","?","M","?","?","E","R","$","T","?","$","E","$","M","R","BOSS","M","M","$","M","M","M","E","$","T","R","M","E","M","E","R","BOSS"],"build_version":"2020-11-30","purchased_purges":0,"victory":true,"max_hp_per_floor":[72,72,72,72,72,72,72,72,72,72,72,72,72,72,72,72,72,72,72,72,72,72,72,72,72,72,72,72,72,72,72,72,72,72,72,72,72,72,72,72,72,72,72,72,72,72,72,79,79,79],"relic_stats":{"Darkstone Periapt":0,"Happy Flower":[30],"Gremlin Horn":[5,5],"counters":[28,113],"Golden Idol":197,"Blue Candle":[0],"Black Blood":138,"StoneCalendar":[17],"PreservedInsect":172,"Juzu Bracelet":0,"Whetstone":["Reaper","Strike_R"],"Orichalcum":[294],"Medical Kit":[4],"Boot":[20],"Blood Vial":2,"Dream Catcher":1,"TheAbacus":[0],"Bronze Scales":[123],"Pantograph":0,"Prayer Wheel":15,"Art of War":[2],"obtain_stats":[{"Darkstone Periapt":37,"Gremlin Horn":42,"Black Blood":17,"StoneCalendar":6,"Juzu Bracelet":29,"Whetstone":46,"Boot":30,"Sling":30,"Burning Blood":0,"ClockworkSouvenir":4,"Blood Vial":25,"Frozen Eye":22,"Dream Catcher":4,"TheAbacus":37,"Pantograph":25,"Strawberry":48,"Prayer Wheel":0,"Red Mask":19,"Red Skull":41,"Paper Frog":30,"Girya":26,"Happy Flower":11,"Golden Idol":5,"Blue Candle":43,"PreservedInsect":42,"Omamori":37,"Orichalcum":4,"Odd Mushroom":12,"Medical Kit":28,"Cauldron":42,"Bottled Flame":9,"Anchor":28,"CaptainsWheel":28,"MutagenicStrength":21,"Bronze Scales":23,"Mark of Pain":34,"Art of War":22,"Membership Card":25,"Toy Ornithopter":13,"Pocketwatch":22},{"Darkstone Periapt":19,"Gremlin Horn":23,"Black Blood":10,"StoneCalendar":3,"Juzu Bracelet":15,"Whetstone":25,"Boot":15,"Sling":15,"Burning Blood":0,"ClockworkSouvenir":2,"Blood Vial":14,"Frozen Eye":13,"Dream Catcher":2,"TheAbacus":19,"Pantograph":14,"Strawberry":27,"Prayer Wheel":0,"Red Mask":12,"Red Skull":23,"Paper Frog":15,"Girya":14,"Happy Flower":6,"Golden Idol":2,"Blue Candle":23,"PreservedInsect":23,"Omamori":19,"Orichalcum":2,"Odd Mushroom":7,"Medical Kit":14,"Cauldron":23,"Bottled Flame":4,"Anchor":14,"CaptainsWheel":14,"MutagenicStrength":13,"Bronze Scales":14,"Mark of Pain":17,"Art of War":13,"Membership Card":14,"Toy Ornithopter":8,"Pocketwatch":13},{"Darkstone Periapt":79,"Gremlin Horn":95,"Black Blood":45,"StoneCalendar":10,"Juzu Bracelet":66,"Whetstone":100,"Boot":66,"Sling":66,"Burning Blood":0,"ClockworkSouvenir":5,"Blood Vial":62,"Frozen Eye":59,"Dream Catcher":5,"TheAbacus":79,"Pantograph":62,"Strawberry":107,"Prayer Wheel":0,"Red Mask":54,"Red Skull":95,"Paper Frog":66,"Girya":62,"Happy Flower":23,"Golden Idol":5,"Blue Candle":95,"PreservedInsect":95,"Omamori":79,"Orichalcum":5,"Odd Mushroom":28,"Medical Kit":62,"Cauldron":95,"Bottled Flame":13,"Anchor":62,"CaptainsWheel":62,"MutagenicStrength":59,"Bronze Scales":62,"Mark of Pain":73,"Art of War":59,"Membership Card":62,"Toy Ornithopter":33,"Pocketwatch":59}],"Toy Ornithopter":5,"Pocketwatch":[39]},"card_choices":[{"not_picked":["Searing Blow","Warcry"],"picked":"Dropkick","floor":1},{"not_picked":["Bloodletting","Blood for Blood"],"picked":"Sword Boomerang","floor":1},{"not_picked":["Iron Wave","Disarm"],"picked":"Anger","floor":3},{"not_picked":["Heavy Blade","Dark Embrace"],"picked":"Perfected Strike","floor":3},{"not_picked":["Disarm","Reckless Charge"],"picked":"Reaper","floor":6},{"not_picked":["Sword Boomerang","Disarm"],"picked":"Flame Barrier","floor":7},{"not_picked":["Twin Strike","True Grit"],"picked":"Fire Breathing","floor":8},{"not_picked":["Clothesline","Anger"],"picked":"Pummel","floor":8},{"not_picked":["Dual Wield","Reckless Charge"],"picked":"Havoc","floor":10},{"not_picked":["Dual Wield","Shrug It Off"],"picked":"Headbutt","floor":10},{"not_picked":["Entrench","Searing Blow"],"picked":"Uppercut","floor":11},{"not_picked":["True Grit","Evolve"],"picked":"Sever Soul","floor":12},{"not_picked":["Disarm","Heavy Blade"],"picked":"Havoc","floor":13},{"not_picked":["Headbutt","Iron Wave"],"picked":"Thunderclap","floor":14},{"not_picked":["Reckless Charge","Clothesline"],"picked":"Spot Weakness","floor":14},{"not_picked":["Brutality","Double Tap"],"picked":"Limit Break","floor":16},{"not_picked":["Shrug It Off+1","Fire Breathing"],"picked":"Inflame","floor":18},{"not_picked":["Disarm","Burning Pact"],"picked":"Twin Strike+1","floor":18},{"not_picked":["Iron Wave","Evolve+1"],"picked":"Heavy Blade","floor":19},{"not_picked":["Battle Trance","Body Slam"],"picked":"Twin Strike","floor":20},{"not_picked":["Second Wind","Ghostly Armor"],"picked":"Dropkick+1","floor":20},{"not_picked":["Bloodletting","Impervious"],"picked":"Burning Pact","floor":23},{"not_picked":["Rupture+1","Shrug It Off+1"],"picked":"Reaper","floor":29},{"not_picked":["Pommel Strike+1","Evolve"],"picked":"Clash+1","floor":31},{"not_picked":["Sword Boomerang","True Grit"],"picked":"Shockwave","floor":31},{"not_picked":["Berserk","Demon Form"],"picked":"Limit Break","floor":33},{"not_picked":["Seeing Red","Wild Strike+1"],"picked":"Clothesline","floor":35},{"not_picked":["Iron Wave","Wild Strike"],"picked":"Sword Boomerang+1","floor":35},{"not_picked":["Shrug It Off","Headbutt"],"picked":"Second Wind","floor":36},{"not_picked":["Wild Strike+1","Cleave"],"picked":"Twin Strike+1","floor":36},{"not_picked":["Wild Strike+1","Burning Pact"],"picked":"Clothesline+1","floor":38},{"not_picked":["Wild Strike","Pommel Strike+1"],"picked":"Clothesline+1","floor":38},{"not_picked":["Clash+1","Twin Strike+1"],"picked":"Infernal Blade+1","floor":39},{"not_picked":["Dual Wield+1","Iron Wave+1"],"picked":"Carnage","floor":39},{"not_picked":["Flex+1","Iron Wave+1"],"picked":"Clash","floor":40},{"not_picked":["Exhume","Disarm"],"picked":"Heavy Blade+1","floor":40},{"not_picked":["Twin Strike+1","Rupture+1"],"picked":"Infernal Blade+1","floor":41},{"not_picked":["Fire Breathing+1","Warcry"],"picked":"Uppercut+1","floor":45},{"not_picked":["Bloodletting","Flex"],"picked":"Barricade","floor":45},{"not_picked":["Impervious","Infernal Blade"],"picked":"Rampage+1","floor":46},{"not_picked":["Warcry+1","Perfected Strike+1"],"picked":"Flex","floor":47},{"not_picked":["Clothesline+1","Cleave+1"],"picked":"Anger","floor":47},{"not_picked":["Ghostly Armor","Exhume"],"picked":"Thunderclap+1","floor":48}],"player_experience":289351,"relics_obtained":[{"floor":6,"key":"StoneCalendar"},{"floor":9,"key":"Bottled Flame"},{"floor":11,"key":"Happy Flower"},{"floor":12,"key":"Odd Mushroom"},{"floor":13,"key":"Toy Ornithopter"},{"floor":19,"key":"Red Mask"},{"floor":23,"key":"Bronze Scales"},{"floor":26,"key":"Girya"},{"floor":29,"key":"Juzu Bracelet"},{"floor":41,"key":"Red Skull"},{"floor":43,"key":"Blue Candle"},{"floor":46,"key":"Whetstone"},{"floor":48,"key":"Strawberry"}],"event_choices":[{"damage_healed":0,"gold_gain":75,"player_choice":"Gather Gold","damage_taken":11,"max_hp_gain":0,"max_hp_loss":0,"event_name":"World of Goop","floor":2,"gold_loss":0},{"damage_healed":0,"gold_gain":0,"player_choice":"Take Damage","damage_taken":18,"relics_obtained":["Golden Idol"],"max_hp_gain":0,"max_hp_loss":0,"event_name":"Golden Idol","floor":5,"gold_loss":0},{"damage_healed":0,"gold_gain":0,"player_choice":"Fought Mushrooms","damage_taken":0,"max_hp_gain":0,"max_hp_loss":0,"event_name":"Mushrooms","floor":12,"gold_loss":0},{"damage_healed":0,"gold_gain":0,"player_choice":"Fought Bandits","damage_taken":0,"max_hp_gain":0,"max_hp_loss":0,"event_name":"Masked Bandits","floor":19,"gold_loss":0},{"damage_healed":0,"gold_gain":0,"player_choice":"Inject Mutagens","damage_taken":0,"relics_obtained":["MutagenicStrength"],"max_hp_gain":0,"max_hp_loss":0,"event_name":"Drug Dealer","floor":21,"gold_loss":0},{"damage_healed":0,"gold_gain":0,"player_choice":"Upgraded","damage_taken":0,"max_hp_gain":0,"max_hp_loss":0,"event_name":"Upgrade Shrine","floor":27,"gold_loss":0,"cards_upgraded":["Infernal Blade"]}],"is_beta":false,"boss_relics":[{"not_picked":["Busted Crown","Runic Dome"],"picked":"Black Blood"},{"not_picked":["SacredBark","Cursed Key"],"picked":"Mark of Pain"}],"items_purged_floors":[],"is_endless":false,"potions_floor_spawned":[1,6,8,11,14,18,19,35,40,45,46],"ascension_level":1}}