{"host":"fhq3k2nq5elnbks3","time":1607480791,"event":{"gold_per_floor":[110,124,199,209,127,127,161,172,196,222,222,234,234,268,268,268,268],"floor_reached":16,"playtime":984,"items_purged":[],"score":145,"play_id":"935eef49-1185-4f81-a5cd-e457e98fbeb1","local_time":"20201208202631","is_ascension_mode":false,"campfire_choices":[{"data":"Glutton:Feed","floor":6,"key":"SMITH"},{"data":"Glutton:GuardStance","floor":11,"key":"SMITH"},{"data":"Glutton:Misery","floor":13,"key":"SMITH"},{"data":"Glutton:Defend","floor":15,"key":"SMITH"}],"neow_cost":"NONE","seed_source_timestamp":56204089269500,"circlet_count":0,"master_deck":["Glutton:Strike","Glutton:Strike","Glutton:Strike","Glutton:Strike","Glutton:Strike","Glutton:Strike","Glutton:Defend","Glutton:Defend","Glutton:Defend+1","Glutton:Flail","Glutton:Feed+1","Glutton:Misery+1","Glutton:GuardStance+1"],"relics":["Glutton:EternalHunger","theCatGirl:TrainedRelic","MerchantsRug","Oddly Smooth Stone","Vajra","aspiration:Lifesprig","RuthlessExorcism:ReiMu"],"potions_floor_usage":[10,14],"damage_taken":[{"damage":6,"enemies":"Small Slimes","floor":1,"turns":3},{"damage":3,"enemies":"Jaw Worm","floor":2,"turns":3},{"damage":5,"enemies":"2 Louse","floor":4,"turns":3},{"damage":34,"enemies":"3 Sentries","floor":7,"turns":8},{"damage":25,"enemies":"Gremlin Gang","floor":8,"turns":9},{"damage":42,"enemies":"Lagavulin","floor":10,"turns":6},{"damage":13,"enemies":"3 Louse","floor":12,"turns":3},{"damage":18,"enemies":"Gremlin Nob","floor":14,"turns":5},{"damage":67,"enemies":"The Guardian","floor":16,"turns":8}],"seed_played":"5150065029658948953","potions_obtained":[{"floor":4,"key":"Ancient Potion"},{"floor":7,"key":"EssenceOfSteel"},{"floor":8,"key":"AttackPotion"},{"floor":14,"key":"FairyPotion"}],"is_trial":false,"path_per_floor":["M","M","?","M","$","R","E","M","T","E","R","M","R","E","R","B"],"character_chosen":"GLUTTON","items_purchased":["MerchantsRug"],"campfire_rested":0,"item_purchase_floors":[5],"current_hp_per_floor":[114,114,103,101,101,101,71,50,50,29,29,32,32,30,30,19,19],"gold":268,"neow_bonus":"NOSTALGIA","is_prod":false,"is_daily":false,"chose_seed":false,"campfire_upgraded":4,"win_rate":0.0,"timestamp":1607480791,"path_taken":["M","M","?","M","$","R","E","M","T","E","R","M","R","E","R","BOSS"],"build_version":"2020-11-30","purchased_purges":0,"victory":false,"max_hp_per_floor":[120,123,123,126,126,126,130,134,134,138,138,142,142,146,146,146,146],"card_choices":[{"not_picked":["Glutton:BellySlam","Glutton:Devour"],"picked":"Glutton:Feed","floor":1},{"not_picked":["Glutton:GoldenArmor","Glutton:SelfFlagellate","Glutton:Loot"],"picked":"SKIP","floor":2},{"not_picked":["Glutton:Toxicity","Glutton:Devour"],"picked":"Glutton:Misery","floor":4},{"not_picked":["Glutton:Throb","Glutton:Loot","Glutton:GoldenArmor"],"picked":"SKIP","floor":7},{"not_picked":["Glutton:Brace","Glutton:Autotomy","Glutton:Demolish"],"picked":"SKIP","floor":8},{"not_picked":["Glutton:Fever","Glutton:Rest"],"picked":"Glutton:GuardStance","floor":10},{"not_picked":["Glutton:Slam","Glutton:Borborygmi","Glutton:Salivate"],"picked":"SKIP","floor":12},{"not_picked":["Glutton:Feast","Glutton:Autotomy","Glutton:Hoard"],"picked":"SKIP","floor":14}],"player_experience":481427,"relics_obtained":[{"floor":7,"key":"Oddly Smooth Stone"},{"floor":9,"key":"Vajra"},{"floor":10,"key":"aspiration:Lifesprig"},{"floor":14,"key":"RuthlessExorcism:ReiMu"}],"event_choices":[{"damage_healed":0,"gold_gain":75,"player_choice":"Gather Gold","damage_taken":11,"max_hp_gain":0,"max_hp_loss":0,"event_name":"World of Goop","floor":3,"gold_loss":0}],"is_beta":false,"boss_relics":[],"items_purged_floors":[],"is_endless":false,"potions_floor_spawned":[4,7,8,14],"killed_by":"The Guardian","ascension_level":0}}