{"host":"f0gpob8hq9vgebej","time":1607498407,"event":{"gold_per_floor":[114,114,128,145,164,164,196,196,220,220,220],"floor_reached":10,"playtime":308,"items_purged":[],"score":126,"play_id":"7b3227bb-0372-4490-90d5-1b456ec7a496","local_time":"20201209162007","is_ascension_mode":true,"campfire_choices":[{"data":"Sadistic Nature","floor":6,"key":"SMITH"},{"data":"Phantasmal Killer","floor":8,"key":"SMITH"}],"neow_cost":"PERCENT_DAMAGE","seed_source_timestamp":598902135827400,"circlet_count":0,"master_deck":["AscendersBane","Strike_G","Strike_G","Strike_G","Strike_G","Defend_G","Defend_G","Defend_G","Defend_G","Defend_G","Survivor","Neutralize","Sadistic Nature+1","Footwork","Poisoned Stab","Wraith Form v2","Phantasmal Killer+1"],"special_seed":0,"relics":["Ring of the Snake","Boot","PreservedInsect"],"potions_floor_usage":[5,7],"damage_taken":[{"damage":0,"enemies":"Cultist","floor":1,"turns":4},{"damage":0,"enemies":"2 Louse","floor":3,"turns":4},{"damage":4,"enemies":"Jaw Worm","floor":4,"turns":5},{"damage":14,"enemies":"Large Slime","floor":5,"turns":9},{"damage":20,"enemies":"Lagavulin","floor":7,"turns":11},{"damage":0,"enemies":"2 Fungi Beasts","floor":10,"turns":2}],"seed_played":"6967055904373352083","potions_obtained":[{"floor":4,"key":"AttackPotion"},{"floor":5,"key":"LiquidBronze"}],"is_trial":false,"path_per_floor":["M","?","M","M","M","R","E","R","T","M"],"character_chosen":"THE_SILENT","items_purchased":[],"campfire_rested":0,"item_purchase_floors":[],"current_hp_per_floor":[44,44,44,40,26,26,6,6,6,6,6],"gold":220,"neow_bonus":"RANDOM_COLORLESS_2","is_prod":false,"is_daily":false,"chose_seed":false,"campfire_upgraded":2,"win_rate":0,"timestamp":1607498407,"path_taken":["M","?","?","M","M","R","E","R","T","M"],"build_version":"2020-11-30","purchased_purges":0,"victory":false,"max_hp_per_floor":[66,66,66,66,66,66,66,66,66,66,66],"card_choices":[{"not_picked":["Transmutation","Chrysalis"],"picked":"Sadistic Nature","floor":0},{"not_picked":["Prepared","Heel Hook"],"picked":"Footwork","floor":1},{"not_picked":["Blade Dance","Dodge and Roll"],"picked":"Poisoned Stab","floor":3},{"not_picked":["Acrobatics","Outmaneuver"],"picked":"Wraith Form v2","floor":4},{"not_picked":["Quick Slash","Underhanded Strike","Accuracy"],"picked":"SKIP","floor":5},{"not_picked":["PiercingWail","Sucker Punch"],"picked":"Phantasmal Killer","floor":7}],"player_experience":269160,"relics_obtained":[{"floor":7,"key":"Boot"},{"floor":9,"key":"PreservedInsect"}],"event_choices":[{"cards_removed":["Strike_G"],"damage_healed":0,"gold_gain":0,"player_choice":"Offered Basic","damage_taken":0,"max_hp_gain":0,"max_hp_loss":0,"event_name":"Bonfire Elementals","floor":2,"gold_loss":0}],"is_beta":false,"boss_relics":[],"items_purged_floors":[],"is_endless":false,"potions_floor_spawned":[4,5],"killed_by":"2 Fungi Beasts","ascension_level":17}}