{"host":"wbohk4batowjmcix","time":1607548555,"event":{"gold_per_floor":[3116,3131,3146,3165,3165,3192,3192,3225,3248,2606,2468,2496,2510,2522,2522,2622,2622,2638,1886,1801,1811,1109,1138,1152,1171,1171,1171,1190,1222,1222,1238,1238,1336,1336,1349,1309,1326,880,893,893,921,921,921,465,498,522,522,536,536,536,536,536,144,177,177],"floor_reached":56,"playtime":3170,"items_purged":["Thunderclap","Headbutt"],"score":2022,"play_id":"a2739f77-a998-48b0-83c4-0f15876fef47","local_time":"20201209151555","is_ascension_mode":true,"campfire_choices":[{"floor":7,"key":"RECALL"},{"data":"Seeing Red","floor":15,"key":"SMITH"},{"data":"Inflame","floor":32,"key":"SMITH"},{"data":"Dropkick","floor":40,"key":"SMITH"},{"data":"Thunderclap","floor":42,"key":"SMITH"},{"floor":47,"key":"REST"},{"data":"Skim","floor":49,"key":"SMITH"},{"data":"Skim","floor":52,"key":"SMITH"}],"neow_cost":"NONE","seed_source_timestamp":525372320737300,"circlet_count":0,"master_deck":["Seeing Red+1","Inflame+1","Limit Break+1","Seeing Red+1","Shrug It Off+1","Dropkick+1","Thunderclap+1","Dropkick+1","Skim+1","Skim+1"],"relics":["Black Blood","Hammer of Thor","Seething Fire","Anvil of the Gods","NeowsBlessing","Ice Cream","Singing Bowl","Art of War","Tiny Chest","MerchantsRug","Matryoshka","TheAbacus","Dream Catcher","InkBottle","Paper Frog","Letter Opener","HandDrill","Red Skull","Du-Vu Doll","Mummified Hand","OrangePellets","CaptainsWheel","Blood Vial","Shuriken","Oddly Smooth Stone","Ornamental Fan","Pocketwatch","Runic Cube","Omamori","Strange Spoon","Centennial Puzzle","Eternal Feather","Lizard Tail","Regal Pillow","Lee\u0027s Waffle","Potion Belt","Strawberry","Pen Nib","Sundial","Nunchaku","HornCleat"],"potions_floor_usage":[16,16],"damage_taken":[{"damage":0,"enemies":"Small Slimes","floor":1,"turns":1},{"damage":0,"enemies":"Jaw Worm","floor":2,"turns":1},{"damage":0,"enemies":"Cultist","floor":3,"turns":1},{"damage":0,"enemies":"3 Louse","floor":4,"turns":2},{"damage":0,"enemies":"Lagavulin","floor":6,"turns":5},{"damage":0,"enemies":"Gremlin Nob","floor":8,"turns":2},{"damage":0,"enemies":"Lagavulin","floor":12,"turns":3},{"damage":0,"enemies":"Exordium Wildlife","floor":13,"turns":3},{"damage":0,"enemies":"Gremlin Gang","floor":14,"turns":3},{"damage":0,"enemies":"The Guardian","floor":16,"turns":4},{"damage":14,"enemies":"2 Thieves","floor":18,"turns":3},{"damage":0,"enemies":"Chosen","floor":21,"turns":2},{"damage":0,"enemies":"Slavers","floor":23,"turns":2},{"damage":6,"enemies":"Shelled Parasite and Fungi","floor":24,"turns":2},{"damage":0,"enemies":"3 Cultists","floor":25,"turns":2},{"damage":1,"enemies":"Centurion and Healer","floor":28,"turns":3},{"damage":0,"enemies":"Gremlin Leader","floor":29,"turns":2},{"damage":0,"enemies":"Shelled Parasite and Fungi","floor":31,"turns":2},{"damage":0,"enemies":"Automaton","floor":33,"turns":3},{"damage":4,"enemies":"3 Shapes","floor":35,"turns":1},{"damage":0,"enemies":"3 Darklings","floor":37,"turns":2},{"damage":6,"enemies":"4 Shapes","floor":39,"turns":2},{"damage":1,"enemies":"Nemesis","floor":41,"turns":3},{"damage":0,"enemies":"Giant Head","floor":45,"turns":2},{"damage":4,"enemies":"Sphere and 2 Shapes","floor":48,"turns":1},{"damage":0,"enemies":"Donu and Deca","floor":50,"turns":3},{"damage":0,"enemies":"Shield and Spear","floor":54,"turns":2},{"damage":1,"enemies":"The Heart","floor":55,"turns":3}],"seed_played":"4805017950634121566","potions_obtained":[{"floor":2,"key":"AttackPotion"},{"floor":4,"key":"HeartOfIron"},{"floor":12,"key":"Regen Potion"},{"floor":13,"key":"Strength Potion"},{"floor":21,"key":"LiquidMemories"},{"floor":24,"key":"DistilledChaos"},{"floor":25,"key":"Swift Potion"}],"is_trial":false,"path_per_floor":["M","M","M","M","?","E","R","E","T","$","?","E","M","M","R","B",null,"M","$","?","M","$","E","M","M","T","T","M","E","?","M","R","B",null,"M","?","M","$","M","R","E","R","T","$","E","T","R","M","R","B",null,"R","$","E","B",null],"character_chosen":"IRONCLAD","items_purchased":["MerchantsRug","Matryoshka","TheAbacus","Sword Boomerang","Paper Frog","Letter Opener","HandDrill","Du-Vu Doll","Mummified Hand","OrangePellets","Omamori","Strange Spoon","Centennial Puzzle","Regal Pillow","Lee\u0027s Waffle","Potion Belt","Sundial","Nunchaku"],"campfire_rested":1,"item_purchase_floors":[10,10,10,10,19,19,19,22,22,22,38,38,38,44,44,44,53,53],"current_hp_per_floor":[80,80,80,82,82,84,84,86,86,86,86,88,90,90,90,92,92,92,92,92,96,96,98,100,100,100,100,102,104,104,106,106,108,108,110,110,112,112,114,114,116,116,116,123,132,132,134,136,136,136,136,136,136,138,138],"gold":177,"neow_bonus":"THREE_ENEMY_KILL","is_prod":false,"is_daily":false,"chose_seed":false,"campfire_upgraded":6,"win_rate":0,"timestamp":1607548555,"path_taken":["M","M","M","M","?","E","R","E","T","$","?","E","?","M","R","BOSS","M","$","?","M","$","E","M","M","T","?","?","E","?","M","R","BOSS","M","?","M","$","M","R","E","R","T","$","E","?","R","M","R","BOSS","R","$","E","BOSS"],"build_version":"2020-11-30","purchased_purges":2,"victory":true,"max_hp_per_floor":[80,80,80,82,82,84,84,86,86,86,86,88,90,90,90,92,92,94,94,94,96,96,98,100,100,100,100,102,104,104,106,106,108,108,110,110,112,112,114,114,116,116,116,123,132,132,134,136,136,136,136,136,136,138,138],"card_choices":[{"not_picked":["True Grit","Feel No Pain","Anger"],"picked":"SKIP","floor":1},{"not_picked":["Power Through","Thunderclap","Twin Strike"],"picked":"SKIP","floor":2},{"not_picked":["Headbutt","Clash","Warcry"],"picked":"SKIP","floor":3},{"not_picked":["Feel No Pain","Shrug It Off","Juggernaut"],"picked":"Singing Bowl","floor":4},{"not_picked":["Perfected Strike","Pommel Strike","Feel No Pain"],"picked":"Singing Bowl","floor":6},{"not_picked":["Cleave","Pummel","Blood for Blood"],"picked":"SKIP","floor":8},{"not_picked":["Cleave","Pummel","Blood for Blood"],"picked":"Singing Bowl","floor":8},{"not_picked":["Dark Embrace","Bloodletting","Pommel Strike"],"picked":"Singing Bowl","floor":12},{"not_picked":["Disarm","Clash","Infernal Blade"],"picked":"Singing Bowl","floor":13},{"not_picked":["Dark Embrace","Armaments","Burning Pact"],"picked":"SKIP","floor":14},{"not_picked":["Fiend Fire","Immolate","Double Tap"],"picked":"Singing Bowl","floor":16},{"not_picked":["Body Slam","Sword Boomerang","Clothesline"],"picked":"Singing Bowl","floor":18},{"not_picked":["Disarm","Ghostly Armor","Headbutt+1"],"picked":"Singing Bowl","floor":21},{"not_picked":["Anger+1","Shrug It Off","Wild Strike"],"picked":"Singing Bowl","floor":23},{"not_picked":["Armaments","Spot Weakness","Feel No Pain+1"],"picked":"SKIP","floor":24},{"not_picked":["Armaments","Spot Weakness","Feel No Pain+1"],"picked":"Singing Bowl","floor":24},{"not_picked":["Rupture","Burning Pact"],"picked":"Heavy Blade+1","floor":25},{"not_picked":["Feel No Pain","Pommel Strike","True Grit"],"picked":"Singing Bowl","floor":28},{"not_picked":["Inflame","Shrug It Off","Sentinel"],"picked":"Singing Bowl","floor":29},{"not_picked":["Disarm","Burning Pact","Dual Wield"],"picked":"Singing Bowl","floor":31},{"not_picked":["Bludgeon","Demon Form","Berserk"],"picked":"Singing Bowl","floor":33},{"not_picked":["Heavy Blade","Shrug It Off","Perfected Strike"],"picked":"Singing Bowl","floor":35},{"not_picked":["Entrench","Spot Weakness","True Grit"],"picked":"Singing Bowl","floor":37},{"not_picked":["Rampage","Evolve+1","Flex+1"],"picked":"Singing Bowl","floor":39},{"not_picked":["Fire Breathing","Disarm+1","Bludgeon"],"picked":"Singing Bowl","floor":41},{"not_picked":["Clash+1","Power Through+1","Rupture"],"picked":"Singing Bowl","floor":45},{"not_picked":["Sword Boomerang+1","True Grit+1","Thunderclap"],"picked":"Singing Bowl","floor":47},{"not_picked":["Feed","Metallicize","Power Through+1"],"picked":"Singing Bowl","floor":48},{"not_picked":["Spot Weakness+1","Dropkick","Rupture"],"picked":"Singing Bowl","floor":54}],"player_experience":376684,"relics_obtained":[{"floor":6,"key":"Art of War"},{"floor":8,"key":"Tiny Chest"},{"floor":12,"key":"InkBottle"},{"floor":23,"key":"CaptainsWheel"},{"floor":26,"key":"Blood Vial"},{"floor":26,"key":"Shuriken"},{"floor":27,"key":"Oddly Smooth Stone"},{"floor":27,"key":"Ornamental Fan"},{"floor":29,"key":"Pocketwatch"},{"floor":41,"key":"Eternal Feather"},{"floor":43,"key":"Lizard Tail"},{"floor":45,"key":"Strawberry"},{"floor":46,"key":"Pen Nib"},{"floor":54,"key":"HornCleat"}],"event_choices":[{"damage_healed":0,"gold_gain":0,"player_choice":"Ignored","damage_taken":0,"max_hp_gain":0,"max_hp_loss":0,"event_name":"Golden Idol","floor":5,"gold_loss":0},{"damage_healed":0,"gold_gain":0,"player_choice":"Paid Gold","damage_taken":0,"relics_obtained":["Dream Catcher"],"max_hp_gain":0,"max_hp_loss":0,"event_name":"WeMeetAgain","floor":11,"gold_loss":138},{"damage_healed":0,"gold_gain":0,"player_choice":"Obtained Relic","damage_taken":0,"relics_obtained":["Red Skull"],"max_hp_gain":0,"max_hp_loss":0,"event_name":"Addict","floor":20,"gold_loss":85},{"damage_healed":0,"gold_gain":0,"player_choice":"Ignored","damage_taken":0,"max_hp_gain":0,"max_hp_loss":0,"event_name":"Beggar","floor":30,"gold_loss":0},{"damage_healed":0,"gold_gain":0,"player_choice":"Upgraded Two","damage_taken":0,"max_hp_gain":0,"max_hp_loss":0,"event_name":"Designer","floor":36,"gold_loss":40,"cards_upgraded":["Shrug It Off","Dropkick"]}],"is_beta":false,"boss_relics":[{"not_picked":["Runic Dome","Busted Crown"],"picked":"Black Blood"},{"not_picked":["Mark of Pain","Velvet Choker"],"picked":"Runic Cube"}],"items_purged_floors":[10,19],"is_endless":false,"potions_floor_spawned":[2,4,12,13,14,21,24,25,33,35,37,39],"ascension_level":3}}