{"host":"jm9833yuloeli2yd","time":1607544999,"event":{"gold_per_floor":[117,127,127,146,146,185,204,247,296,296,296,330,350,366,366,465,465,488,488,149,175,115,115,153,176,176,176,205,222,222,248,248,248,248],"floor_reached":33,"playtime":1079,"items_purged":["Strike_B"],"score":696,"play_id":"0bb66c44-2fa3-4d00-b1da-92e6150e7149","local_time":"20201209151639","is_ascension_mode":true,"campfire_choices":[{"floor":11.0,"key":"REST"},{"floor":15.0,"key":"REST"},{"data":"Zap","floor":23.0,"key":"SMITH"},{"floor":32.0,"key":"REST"}],"neow_cost":"NONE","seed_source_timestamp":770193466725500,"circlet_count":0,"master_deck":["AscendersBane","Strike_B","Strike_B","Strike_B","Defend_B","Defend_B","Defend_B","Zap+1","Dualcast+1","Lockon","Auto Shields","Cold Snap","Chill","Turbo","Go for the Eyes","Turbo","Glacier","Reboot","Ball Lightning","Core Surge","Go for the Eyes","Ghostly+1","Ghostly","Ghostly","Beam Cell","Caltrops","Dodge and Roll","PiercingWail"],"special_seed":0,"relics":["Cracked Core","PreservedInsect","Bloody Idol","Kunai","The Courier","Tiny Chest","Dream Catcher","SlaversCollar","PrismaticShard","Bronze Scales","Pen Nib","Matryoshka","Bag of Preparation","Letter Opener","Blood Vial","Omamori","War Paint","Question Card","Juzu Bracelet"],"potions_floor_usage":[33],"damage_taken":[{"damage":8.0,"enemies":"2 Louse","floor":1.0,"turns":3.0},{"damage":2.0,"enemies":"Jaw Worm","floor":2.0,"turns":4.0},{"damage":0.0,"enemies":"Small Slimes","floor":4.0,"turns":3.0},{"damage":10.0,"enemies":"Lagavulin","floor":6.0,"turns":7.0},{"damage":7.0,"enemies":"Red Slaver","floor":7.0,"turns":2.0},{"damage":18.0,"enemies":"3 Sentries","floor":8.0,"turns":6.0},{"damage":9.0,"enemies":"Lagavulin","floor":12.0,"turns":8.0},{"damage":8.0,"enemies":"Exordium Thugs","floor":13.0,"turns":5.0},{"damage":5.0,"enemies":"Large Slime","floor":14.0,"turns":9.0},{"damage":20.0,"enemies":"Slime Boss","floor":16.0,"turns":10.0},{"damage":22.0,"enemies":"Spheric Guardian","floor":18.0,"turns":8.0},{"damage":0.0,"enemies":"Gremlin Leader","floor":24.0,"turns":6.0},{"damage":0.0,"enemies":"2 Thieves","floor":25.0,"turns":4.0},{"damage":3.0,"enemies":"Slavers","floor":28.0,"turns":4.0},{"damage":7.0,"enemies":"Centurion and Healer","floor":29.0,"turns":10.0},{"damage":16.0,"enemies":"Gremlin Leader","floor":31.0,"turns":6.0},{"damage":23,"enemies":"Champ","floor":33,"turns":10}],"seed_played":"4973674551022819920","potions_obtained":[{"floor":1.0,"key":"FearPotion"},{"floor":7.0,"key":"Ancient Potion"},{"floor":10.0,"key":"Strength Potion"},{"floor":13.0,"key":"AttackPotion"},{"floor":24.0,"key":"Energy Potion"},{"floor":29.0,"key":"SkillPotion"}],"is_trial":false,"path_per_floor":["M","M","?","M","?","E","M","E","T","?","R","E","M","M","R","B",null,"M","?","$","T","$","R","E","M","T","?","E","M","T","E","R","B"],"character_chosen":"DEFECT","items_purchased":["PrismaticShard","Bronze Scales","Block Potion","AttackPotion"],"campfire_rested":3,"item_purchase_floors":[20,20,20,20],"current_hp_per_floor":[56,54,47,47,47,37,30,12,12,12,31,22,14,9,28,8,50,28,28,28,28,28,28,28,28,28,17,21,21,21,12,21,0,0],"gold":248,"neow_bonus":"RANDOM_COMMON_RELIC","is_prod":false,"is_daily":false,"chose_seed":false,"campfire_upgraded":1,"win_rate":0,"timestamp":1607544999,"path_taken":["M","M","?","M","?","E","M","E","T","?","R","E","M","?","R","BOSS","M","?","$","?","$","R","E","?","T","?","E","M","?","E","R","BOSS"],"build_version":"2020-11-30","purchased_purges":1,"victory":false,"max_hp_per_floor":[71,71,71,71,64,64,64,64,64,64,64,64,64,64,64,64,64,64,32,32,32,32,32,32,32,32,32,32,32,32,32,32,32,32],"card_choices":[{"not_picked":["Melter","Barrage"],"picked":"Lockon","floor":1.0},{"not_picked":["Tempest","Fusion"],"picked":"Auto Shields","floor":2.0},{"not_picked":["Beam Cell","Melter"],"picked":"Cold Snap","floor":4.0},{"not_picked":["Redo","Skim"],"picked":"Chill","floor":6.0},{"not_picked":["Redo","Coolheaded"],"picked":"Turbo","floor":7.0},{"not_picked":["Loop","Compile Driver"],"picked":"Go for the Eyes","floor":8.0},{"not_picked":["Coolheaded","Darkness"],"picked":"Turbo","floor":12.0},{"not_picked":["Compile Driver","Barrage"],"picked":"Glacier","floor":13.0},{"not_picked":["Beam Cell","Heatsinks"],"picked":"Reboot","floor":14.0},{"not_picked":["Sunder","Heatsinks"],"picked":"Ball Lightning","floor":15.0},{"not_picked":["Buffer","Rainbow"],"picked":"Core Surge","floor":16.0},{"not_picked":["Reinforced Body","Rebound"],"picked":"Go for the Eyes","floor":18.0},{"not_picked":["FlyingSleeves+1","Good Instincts+1"],"picked":"Beam Cell","floor":24.0},{"not_picked":["Clothesline","Genetic Algorithm"],"picked":"Caltrops","floor":25.0},{"not_picked":["Armaments","Havoc","WindmillStrike"],"picked":"SKIP","floor":28.0},{"not_picked":["ClearTheMind","Seeing Red","Enlightenment"],"picked":"SKIP","floor":29.0},{"not_picked":["Wild Strike","LikeWater+1","Conclude"],"picked":"Dodge and Roll","floor":31.0},{"not_picked":["Skim+1","Rebound","Blizzard"],"picked":"PiercingWail","floor":32.0}],"player_experience":982883,"relics_obtained":[{"floor":6.0,"key":"Kunai"},{"floor":8.0,"key":"The Courier"},{"floor":9.0,"key":"Tiny Chest"},{"floor":12.0,"key":"Dream Catcher"},{"floor":21.0,"key":"Pen Nib"},{"floor":24.0,"key":"Matryoshka"},{"floor":26.0,"key":"Bag of Preparation"},{"floor":26.0,"key":"Letter Opener"},{"floor":28.0,"key":"Omamori"},{"floor":30.0,"key":"War Paint"},{"floor":30.0,"key":"Question Card"},{"floor":31.0,"key":"Juzu Bracelet"}],"event_choices":[{"cards_removed":["Defend_B"],"damage_healed":0.0,"max_hp_gain":0.0,"max_hp_loss":0.0,"gold_gain":0.0,"event_name":"Golden Wing","player_choice":"Card Removal","floor":3.0,"gold_loss":0.0,"damage_taken":7.0},{"damage_healed":0.0,"max_hp_gain":0.0,"max_hp_loss":7.0,"gold_gain":0.0,"event_name":"Golden Idol","player_choice":"Lose Max HP","floor":5.0,"gold_loss":0.0,"damage_taken":0.0,"relics_obtained":["Golden Idol"]},{"damage_healed":0.0,"max_hp_gain":0.0,"max_hp_loss":0.0,"gold_gain":0.0,"event_name":"Lab","player_choice":"Got Potions","floor":10.0,"gold_loss":0.0,"damage_taken":0.0},{"damage_healed":0.0,"max_hp_gain":0.0,"max_hp_loss":32.0,"gold_gain":0.0,"event_name":"Ghosts","player_choice":"Became a Ghost","floor":19.0,"gold_loss":0.0,"damage_taken":0.0,"cards_obtained":["Ghostly","Ghostly","Ghostly"]},{"damage_healed":0.0,"max_hp_gain":28.0,"max_hp_loss":17.0,"gold_gain":0.0,"event_name":"betterAltar:BetterAltar","player_choice":" GoldIdol Vial ","floor":27.0,"potions_obtained":[],"relics_lost":["Golden Idol"],"gold_loss":0.0,"damage_taken":11.0,"relics_obtained":["Bloody Idol","Blood Vial"]}],"is_beta":false,"boss_relics":[{"not_picked":["Runic Pyramid","Calling Bell"],"picked":"SlaversCollar"}],"items_purged_floors":[22],"is_endless":false,"potions_floor_spawned":[1,7,8,13,14,24,29],"killed_by":"Champ","ascension_level":20}}