{"host":"mfnmuqrd82gyb59l","time":1607526203,"event":{"gold_per_floor":[110,56,56,68,84,110,122,122,122],"floor_reached":8,"playtime":1203,"items_purged":[],"score":64,"play_id":"a8aa9333-ea9e-42b1-9db0-e564909215de","local_time":"20201210020323","is_ascension_mode":true,"campfire_choices":[],"neow_cost":"CURSE","seed_source_timestamp":32106496539900,"circlet_count":0,"master_deck":["Strike_G","Strike_G","Strike_G","Strike_G","Strike_G","Defend_G","Defend_G","Defend_G","Defend_G","Defend_G","Survivor","Neutralize","Doubt","Quick Slash","Dodge and Roll","Deadly Poison","Concentrate","Heel Hook"],"relics":["Ring of the Snake","Ice Cream","Pear"],"potions_floor_usage":[8],"damage_taken":[{"damage":7,"enemies":"Small Slimes","floor":1,"turns":4},{"damage":8,"enemies":"Cultist","floor":4,"turns":4},{"damage":6,"enemies":"Jaw Worm","floor":5,"turns":6},{"damage":30,"enemies":"Lagavulin","floor":6,"turns":9},{"damage":11,"enemies":"2 Fungi Beasts","floor":7,"turns":4},{"damage":58,"enemies":"Gremlin Nob","floor":8,"turns":5}],"seed_played":"-5086253773710488217","potions_obtained":[{"floor":6,"key":"EssenceOfSteel"},{"floor":7,"key":"EssenceOfSteel"}],"is_trial":false,"path_per_floor":["M","$","?","M","M","E","M","E"],"character_chosen":"THE_SILENT","items_purchased":["Quick Slash"],"campfire_rested":0,"item_purchase_floors":[2],"current_hp_per_floor":[63,63,70,62,56,36,25,0,0],"gold":122,"neow_bonus":"ONE_RARE_RELIC","is_prod":false,"is_daily":false,"chose_seed":false,"campfire_upgraded":0,"win_rate":0,"timestamp":1607526203,"path_taken":["M","$","?","M","M","E","M","E"],"build_version":"2020-11-30","purchased_purges":0,"victory":false,"max_hp_per_floor":[70,70,70,70,70,80,80,80,80],"card_choices":[{"not_picked":["All Out Attack","Deflect"],"picked":"Infinite Blades","floor":1},{"not_picked":["Flying Knee","Dagger Throw"],"picked":"Dodge and Roll","floor":4},{"not_picked":["Predator","Poisoned Stab"],"picked":"Deadly Poison","floor":5},{"not_picked":["Underhanded Strike","Calculated Gamble"],"picked":"Concentrate","floor":6},{"not_picked":["Eviscerate","Setup"],"picked":"Heel Hook","floor":7}],"player_experience":1994772,"relics_obtained":[{"floor":6,"key":"Pear"}],"event_choices":[{"cards_removed":["Infinite Blades"],"damage_healed":7,"gold_gain":0,"player_choice":"Offered Uncommon","damage_taken":0,"max_hp_gain":0,"max_hp_loss":0,"event_name":"Bonfire Elementals","floor":3,"gold_loss":0}],"is_beta":false,"boss_relics":[],"items_purged_floors":[],"is_endless":false,"potions_floor_spawned":[6,7],"killed_by":"Gremlin Nob","ascension_level":2}}