{"host":"chv1qanoipyt46jc","time":1607494449,"event":{"gold_per_floor":[839,858,872,872,889,920,920,918,918,839,854,854,854,864,864,967,1017,1035,1048,898,909,909,909,942,958,958,958,977,1006,1006,1026,1026,1126,1126,1142,1157,1207,1201,1201,1201,1216,1216,1293,1293,1293,1313,1327,1317,1317,1317,1317,1317,1317,1350,1350],"floor_reached":56,"playtime":2691,"items_purged":["Strike_B","Strike_B","Strike_B","Strike_B","Defend_B","Defend_B","Defend_B","Defend_B","Dualcast","Coolheaded","Gash","Conserve Battery","Creative AI","Flash of Steel","conspire:Rain","Gash","Coolheaded","Parasite","Madness","Madness"],"score":1514,"play_id":"564c3da5-15af-42e7-8ba1-2be5d5f29a49","local_time":"20201209001409","is_ascension_mode":false,"campfire_choices":[{"data":"Redo","floor":7,"key":"SMITH"},{"data":"Zap","floor":15,"key":"SMITH"},{"data":"Echo Form","floor":23,"key":"SMITH"},{"data":"Defragment","floor":27,"key":"SMITH"},{"data":"Defragment","floor":30,"key":"SMITH"},{"data":"Defragment","floor":32,"key":"SMITH"},{"data":"Heatsinks","floor":40,"key":"SMITH"},{"data":"Capacitor","floor":42,"key":"SMITH"},{"floor":44,"key":"RECALL"}],"neow_cost":"","seed_source_timestamp":46831470453900,"circlet_count":0,"master_deck":["Zap+1","Defragment+1","Defragment+1","Capacitor+1","Coolheaded+1","Redo+1","Heatsinks+1","Echo Form+1","Defragment+1","Gash+1","Loop+1","Coolheaded+1","Gash+1"],"relics":["Cracked Core","conspire:Dentures","conspire:IceCreamScoop","Centennial Puzzle","Oddly Smooth Stone","Tiny House","Medical Kit","DataDisk","Bird Faced Urn","Turnip","Coffee Dripper","Unceasing Top","Gremlin Horn","HornCleat"],"potions_floor_usage":[55],"damage_taken":[{"damage":4,"enemies":"conspire:RoseBush","floor":1,"turns":3},{"damage":4,"enemies":"Jaw Worm","floor":2,"turns":4},{"damage":0,"enemies":"Cultist","floor":3,"turns":5},{"damage":19,"enemies":"Exordium Wildlife","floor":5,"turns":4},{"damage":19,"enemies":"Gremlin Nob","floor":6,"turns":6},{"damage":10,"enemies":"Looter","floor":11,"turns":2},{"damage":11,"enemies":"Large Slime","floor":14,"turns":4},{"damage":0,"enemies":"Slime Boss","floor":16,"turns":6},{"damage":10,"enemies":"conspire:FuzzyDice","floor":18,"turns":5},{"damage":6,"enemies":"Spheric Guardian","floor":19,"turns":3},{"damage":3,"enemies":"3 Cultists","floor":21,"turns":4},{"damage":41,"enemies":"Book of Stabbing","floor":24,"turns":5},{"damage":25,"enemies":"conspire:HollyBat","floor":25,"turns":5},{"damage":40,"enemies":"Cultist and Chosen","floor":28,"turns":5},{"damage":24,"enemies":"Gremlin Leader","floor":29,"turns":5},{"damage":36,"enemies":"3 Cultists","floor":31,"turns":4},{"damage":18,"enemies":"Collector","floor":33,"turns":6},{"damage":33,"enemies":"3 Shapes","floor":35,"turns":3},{"damage":16,"enemies":"Orb Walker","floor":36,"turns":4},{"damage":202,"enemies":"Mind Bloom Boss Battle","floor":37,"turns":5},{"damage":11,"enemies":"Maw","floor":41,"turns":5},{"damage":10,"enemies":"Writhing Mass","floor":46,"turns":3},{"damage":25,"enemies":"Sphere and 2 Shapes","floor":47,"turns":4},{"damage":93,"enemies":"conspire:OrnateMirror","floor":50,"turns":5},{"damage":69,"enemies":"Shield and Spear","floor":54,"turns":6},{"damage":134,"enemies":"The Heart","floor":55,"turns":6}],"seed_played":"-6213020146996820836","potions_obtained":[{"floor":5,"key":"SneckoOil"},{"floor":6,"key":"FairyPotion"},{"floor":16,"key":"ColorlessPotion"},{"floor":17,"key":"LiquidMemories"},{"floor":28,"key":"Swift Potion"},{"floor":35,"key":"EssenceOfDarkness"}],"is_trial":false,"path_per_floor":["M","M","M","?","M","E","R","$","T","$","M","?","$","M","R","B",null,"M","M","$","M","?","R","E","M","T","R","M","E","R","M","R","B",null,"M","M","?","$","?","R","M","R","T","R","?","M","M","$","R","B",null,"$","R","E","B",null],"character_chosen":"DEFECT","items_purchased":["Coolheaded","Defragment","Flash of Steel","Defragment","conspire:Dentures","conspire:IceCreamScoop","Capacitor","Coolheaded","Gash","Coolheaded","Conserve Battery","FocusPotion","Heatsinks","Medical Kit"],"campfire_rested":0,"item_purchase_floors":[0,0,0,0,0,0,0,0,0,0,0,0,10,20],"current_hp_per_floor":[43,49,59,69,60,51,61,71,81,91,91,101,111,110,120,130,260,260,264,274,281,291,301,270,255,265,275,261,267,277,273,283,303,430,417,425,257,267,277,287,314,324,334,344,288,304,313,323,333,284,597,607,617,584,498],"gold":1350,"neow_bonus":"","is_prod":false,"is_daily":false,"chose_seed":false,"campfire_upgraded":8,"win_rate":0,"timestamp":1607494449,"path_taken":["M","M","M","?","M","E","R","?","T","$","?","?","?","M","R","BOSS","M","M","$","M","?","R","E","M","T","R","M","E","R","M","R","BOSS","M","M","?","$","?","R","M","R","T","R","?","M","M","?","R","BOSS","$","R","E","BOSS"],"build_version":"2020-11-30","purchased_purges":20,"victory":true,"max_hp_per_floor":[95,105,115,125,135,145,155,165,175,185,195,205,215,225,235,245,260,270,280,290,300,310,320,330,340,350,360,370,380,390,400,410,420,430,440,450,460,470,480,490,500,510,520,530,540,550,560,567,577,587,597,607,617,627,637],"card_choices":[{"not_picked":["Turbo","Leap"],"picked":"Redo","floor":1},{"not_picked":["conspire:Rain","BootSequence","Seek"],"picked":"SKIP","floor":2},{"not_picked":["Sweeping Beam","Turbo","Leap"],"picked":"SKIP","floor":3},{"not_picked":["Sweeping Beam","Meteor Strike"],"picked":"conspire:Rain","floor":5},{"not_picked":["Creative AI","Sweeping Beam"],"picked":"Gash","floor":6},{"not_picked":["Sweeping Beam","Compile Driver","Chill"],"picked":"SKIP","floor":11},{"not_picked":["Consume","Barrage","Gash"],"picked":"SKIP","floor":14},{"not_picked":["Seek","Buffer"],"picked":"Echo Form","floor":16},{"not_picked":["Go for the Eyes","Force Field"],"picked":"Defragment","floor":17},{"not_picked":["Reprogram","Sweeping Beam"],"picked":"Gash+1","floor":18},{"not_picked":["Barrage","Coolheaded","Conserve Battery"],"picked":"SKIP","floor":19},{"not_picked":["Leap","Compile Driver","Chill"],"picked":"SKIP","floor":21},{"not_picked":["Barrage+1","Recycle","Undo"],"picked":"SKIP","floor":24},{"not_picked":["Barrage","Go for the Eyes","Heatsinks"],"picked":"SKIP","floor":25},{"not_picked":["Buffer","Streamline","Go for the Eyes+1"],"picked":"SKIP","floor":28},{"not_picked":["Barrage+1","White Noise+1","Recycle"],"picked":"SKIP","floor":29},{"not_picked":["Ball Lightning+1","Capacitor+1"],"picked":"Loop+1","floor":31},{"not_picked":["Echo Form","Reboot"],"picked":"Creative AI","floor":33},{"not_picked":["Redo","Go for the Eyes+1"],"picked":"Coolheaded+1","floor":35},{"not_picked":["Go for the Eyes","Melter+1","Loop"],"picked":"SKIP","floor":36},{"not_picked":["BootSequence","Barrage+1","Conserve Battery+1"],"picked":"SKIP","floor":41},{"not_picked":["Rebound","Barrage+1","Heatsinks"],"picked":"SKIP","floor":46},{"not_picked":["Leap+1","Turbo+1"],"picked":"Gash+1","floor":47},{"not_picked":["Coolheaded","Sweeping Beam","Undo+1"],"picked":"SKIP","floor":54}],"player_experience":266238,"relics_obtained":[{"floor":6,"key":"Oddly Smooth Stone"},{"floor":24,"key":"DataDisk"},{"floor":26,"key":"Bird Faced Urn"},{"floor":29,"key":"Turnip"},{"floor":37,"key":"Unceasing Top"},{"floor":43,"key":"Gremlin Horn"},{"floor":54,"key":"HornCleat"}],"event_choices":[{"damage_healed":0,"gold_gain":0,"player_choice":"Gave Potion","damage_taken":0,"relics_obtained":["Centennial Puzzle"],"max_hp_gain":0,"max_hp_loss":0,"event_name":"WeMeetAgain","floor":4,"gold_loss":0},{"damage_healed":0,"gold_gain":0,"player_choice":"Ignored","damage_taken":0,"max_hp_gain":0,"max_hp_loss":0,"event_name":"Purifier","floor":12,"gold_loss":0},{"damage_healed":0,"gold_gain":0,"player_choice":"Fight","damage_taken":0,"max_hp_gain":0,"max_hp_loss":0,"event_name":"MindBloom","floor":37,"gold_loss":0},{"damage_healed":0,"gold_gain":0,"player_choice":"Ignored","damage_taken":0,"max_hp_gain":0,"max_hp_loss":0,"event_name":"Tomb of Lord Red Mask","floor":39,"gold_loss":0},{"damage_healed":0,"gold_gain":0,"player_choice":"Embrace Madness","damage_taken":66,"max_hp_gain":0,"max_hp_loss":0,"event_name":"Winding Halls","floor":45,"gold_loss":0,"cards_obtained":["Madness","Madness"]}],"is_beta":false,"boss_relics":[{"not_picked":["Astrolabe","conspire:RunicOctahedron"],"picked":"Tiny House"},{"not_picked":["Cursed Key","conspire:SeveredTorchhead"],"picked":"Coffee Dripper"}],"items_purged_floors":[0,0,0,0,0,0,0,0,0,8,20,20,38,38,38,48,48,48,48,48],"is_endless":false,"potions_floor_spawned":[5,6,16,18,24,28,31,35,37,47],"ascension_level":0}}