{"host":"5jyeqch4fosnsiz2","time":1607485432,"event":{"gold_per_floor":[110,110,130,130,130,158,158,177,177,127,127,127,143,157,157,260,260,271,283,35,50,1,1,19,19,92,92,41,75,75,92,92,92,92],"floor_reached":33,"playtime":1933,"items_purged":["Strike_G"],"score":265,"play_id":"8c166530-fdaa-448c-8125-4f96ec4a6e63","local_time":"20201208224352","is_ascension_mode":false,"campfire_choices":[{"data":"Survivor","floor":7,"key":"SMITH"},{"data":"Acrobatics","floor":11,"key":"SMITH"},{"data":"Neutralize","floor":15,"key":"SMITH"},{"data":"1","floor":23,"key":"LIFT"},{"data":"2","floor":30,"key":"LIFT"},{"data":"Phantasmal Killer","floor":32,"key":"SMITH"}],"neow_cost":"CURSE","seed_source_timestamp":5719000018039953478,"circlet_count":0,"master_deck":["Strike_G","Strike_G","Strike_G","Defend_G+1","Defend_G","Defend_G","Defend_G","Survivor+1","Neutralize+1","Underhanded Strike","Acrobatics+1","Burst","PiercingWail","Underhanded Strike","Predator","Flying Knee","Phantasmal Killer+1","CurseOfTheBell","Dagger Spray","Acrobatics","Dash"],"relics":["Ring of the Snake","Calipers","FossilizedHelix","Matryoshka","MealTicket","Ninja Scroll","Calling Bell","Pen Nib","Eternal Feather","Girya","Toolbox","Juzu Bracelet","White Beast Statue","Singing Bowl"],"potions_floor_usage":[16,21,21,29,29,29,33,33],"damage_taken":[{"damage":5,"enemies":"Jaw Worm","floor":1,"turns":4},{"damage":0,"enemies":"2 Louse","floor":3,"turns":2},{"damage":15,"enemies":"3 Sentries","floor":6,"turns":14},{"damage":0,"enemies":"Cultist","floor":8,"turns":4},{"damage":0,"enemies":"Blue Slaver","floor":13,"turns":4},{"damage":0,"enemies":"Looter","floor":14,"turns":3},{"damage":16,"enemies":"The Guardian","floor":16,"turns":17},{"damage":0,"enemies":"3 Byrds","floor":18,"turns":6},{"damage":0,"enemies":"Spheric Guardian","floor":19,"turns":3},{"damage":18,"enemies":"Centurion and Healer","floor":21,"turns":8},{"damage":0,"enemies":"Cultist and Chosen","floor":24,"turns":4},{"damage":7,"enemies":"Slavers","floor":29,"turns":3},{"damage":0,"enemies":"Sentry and Sphere","floor":31,"turns":4},{"damage":88,"enemies":"Champ","floor":33,"turns":10}],"seed_played":"5286976447585508903","potions_obtained":[{"floor":3,"key":"Weak Potion"},{"floor":13,"key":"Strength Potion"},{"floor":16,"key":"Fire Potion"},{"floor":19,"key":"AttackPotion"},{"floor":21,"key":"AttackPotion"},{"floor":29,"key":"Weak Potion"},{"floor":31,"key":"BlessingOfTheForge"}],"is_trial":false,"path_per_floor":["M","?","M","?","?","E","R","M","T","?","R","?","M","M","R","B",null,"M","M","$","M","$","R","M","$","T","?","$","E","R","M","R","B"],"character_chosen":"THE_SILENT","items_purchased":["Acrobatics","Toolbox","Strength Potion","Swift Potion"],"campfire_rested":0,"item_purchase_floors":[20,20,22,28],"current_hp_per_floor":[65,65,65,52,52,37,37,37,37,37,37,37,37,37,37,21,67,67,67,67,49,64,67,67,67,67,67,67,62,69,71,71,0,0],"gold":92,"neow_bonus":"ONE_RARE_RELIC","is_prod":false,"is_daily":false,"chose_seed":false,"campfire_upgraded":4,"win_rate":0.0,"timestamp":1607485432,"path_taken":["M","?","M","?","?","E","R","?","T","?","R","?","?","M","R","BOSS","M","M","$","M","$","R","M","?","T","?","$","E","R","M","R","BOSS"],"build_version":"2020-11-30","purchased_purges":1,"victory":false,"max_hp_per_floor":[70,67,67,67,67,67,67,67,67,67,67,67,67,67,67,67,67,67,67,67,67,67,67,67,67,67,67,67,69,69,71,71,71,71],"relic_stats":{"Singing Bowl":4,"counters":[14,86],"MealTicket":15,"Eternal Feather":10,"Pen Nib":[9],"Juzu Bracelet":0,"obtain_stats":[{"Girya":17,"Calipers":0,"Singing Bowl":29,"Eternal Feather":17,"Pen Nib":17,"Juzu Bracelet":26,"White Beast Statue":26,"Calling Bell":17,"Matryoshka":6,"Ninja Scroll":9,"Toolbox":20,"MealTicket":9,"FossilizedHelix":5,"Ring of the Snake":0},{"Girya":7,"Calipers":0,"Singing Bowl":12,"Eternal Feather":7,"Pen Nib":7,"Juzu Bracelet":11,"White Beast Statue":11,"Calling Bell":7,"Matryoshka":3,"Ninja Scroll":4,"Toolbox":9,"MealTicket":4,"FossilizedHelix":2,"Ring of the Snake":0},{"Girya":48,"Calipers":0,"Singing Bowl":72,"Eternal Feather":48,"Pen Nib":48,"Juzu Bracelet":69,"White Beast Statue":69,"Calling Bell":48,"Matryoshka":20,"Ninja Scroll":24,"Toolbox":57,"MealTicket":24,"FossilizedHelix":6,"Ring of the Snake":0}],"Ring of the Snake":[23]},"card_choices":[{"not_picked":["Tactician","Deflect"],"picked":"Underhanded Strike","floor":1},{"not_picked":["Blade Dance","Reflex"],"picked":"Acrobatics","floor":3},{"not_picked":["Eviscerate","Blade Dance"],"picked":"Burst","floor":6},{"not_picked":["Slice","Finisher"],"picked":"PiercingWail","floor":8},{"not_picked":["Blade Dance","All Out Attack"],"picked":"Predator","floor":13},{"not_picked":["Burst","Infinite Blades"],"picked":"Flying Knee","floor":14},{"not_picked":["Glass Knife","Bullet Time"],"picked":"Phantasmal Killer","floor":16},{"not_picked":["PiercingWail","Finisher"],"picked":"Dagger Spray","floor":18},{"not_picked":["PiercingWail","Deflect"],"picked":"Deadly Poison","floor":19},{"not_picked":["Phantasmal Killer","Noxious Fumes"],"picked":"Dash","floor":21},{"not_picked":["PiercingWail","Choke+1","Dagger Throw"],"picked":"SKIP","floor":24},{"not_picked":["Expertise","PiercingWail","Catalyst"],"picked":"Singing Bowl","floor":29},{"not_picked":["Poisoned Stab+1","Slice","Endless Agony"],"picked":"Singing Bowl","floor":31}],"player_experience":267994,"relics_obtained":[{"floor":6,"key":"Matryoshka"},{"floor":9,"key":"MealTicket"},{"floor":9,"key":"Ninja Scroll"},{"floor":17,"key":"Pen Nib"},{"floor":17,"key":"Eternal Feather"},{"floor":17,"key":"Girya"},{"floor":26,"key":"Juzu Bracelet"},{"floor":26,"key":"White Beast Statue"},{"floor":29,"key":"Singing Bowl"}],"event_choices":[{"cards_removed":["Parasite"],"damage_healed":0,"gold_gain":0,"player_choice":"Forget","damage_taken":0,"max_hp_gain":0,"max_hp_loss":0,"event_name":"Living Wall","floor":2,"gold_loss":0},{"damage_healed":0,"gold_gain":0,"player_choice":"Entered Light","damage_taken":13,"max_hp_gain":0,"max_hp_loss":0,"event_name":"Shining Light","floor":4,"gold_loss":0,"cards_upgraded":["Defend_G","Defend_G"]},{"damage_healed":0,"gold_gain":0,"player_choice":"Gave Potion","damage_taken":0,"relics_obtained":["FossilizedHelix"],"max_hp_gain":0,"max_hp_loss":0,"event_name":"WeMeetAgain","floor":5,"gold_loss":0},{"cards_removed":["Defend_G"],"damage_healed":0,"gold_gain":0,"player_choice":"Card Removal","damage_taken":0,"max_hp_gain":0,"max_hp_loss":0,"event_name":"The Cleric","floor":10,"gold_loss":50},{"damage_healed":0,"gold_gain":0,"cards_transformed":["Strike_G"],"player_choice":"Transformed","damage_taken":0,"max_hp_gain":0,"max_hp_loss":0,"event_name":"Transmorgrifier","floor":12,"gold_loss":0,"cards_obtained":["Underhanded Strike"]},{"cards_removed":["Deadly Poison"],"damage_healed":0,"gold_gain":0,"player_choice":"Purged","damage_taken":0,"max_hp_gain":0,"max_hp_loss":0,"event_name":"Purifier","floor":27,"gold_loss":0}],"is_beta":false,"boss_relics":[{"not_picked":["Velvet Choker","Empty Cage"],"picked":"Calling Bell"}],"items_purged_floors":[20],"is_endless":false,"potions_floor_spawned":[3,13,16,19,21,29,31],"killed_by":"Champ","ascension_level":0}}