{"host":"agela5aetnmltfvm","time":1607540682,"event":{"gold_per_floor":[115,115,6,30,30,70,70,2,29,47,47,71,91,110,110,110,110],"floor_reached":16,"playtime":459,"items_purged":["hierophant:Punish"],"score":127,"play_id":"82d8bfea-fce7-43b2-a88d-81544905086f","local_time":"20201210030442","is_ascension_mode":false,"campfire_choices":[{"data":"hierophant:Community","floor":11,"key":"SMITH"},{"data":"hierophant:Upheaval","floor":15,"key":"SMITH"}],"neow_cost":"NONE","seed_source_timestamp":17546685388200,"circlet_count":0,"master_deck":["hierophant:Strike_Hierophant","hierophant:Strike_Hierophant","hierophant:Strike_Hierophant","hierophant:Strike_Hierophant","hierophant:Defend_Hierophant","hierophant:Defend_Hierophant","hierophant:Defend_Hierophant","hierophant:Defend_Hierophant","hierophant:ChurchCoffers","hierophant:Smite","Injury","hierophant:Community+1","hierophant:Upheaval+1","hierophant:SealAway+1","hierophant:Racketeering"],"relics":["hierophant:PropheticMaskRelic","NeowsBlessing","Golden Idol","Boot","Calipers","PreservedInsect"],"potions_floor_usage":[16],"damage_taken":[{"damage":0,"enemies":"2 Louse","floor":1,"turns":1},{"damage":0,"enemies":"Jaw Worm","floor":4,"turns":1},{"damage":0,"enemies":"3 Sentries","floor":6,"turns":2},{"damage":1,"enemies":"Cultist","floor":10,"turns":3},{"damage":8,"enemies":"Red Slaver","floor":12,"turns":5},{"damage":1,"enemies":"2 Fungi Beasts","floor":13,"turns":3},{"damage":0,"enemies":"Exordium Wildlife","floor":14,"turns":4},{"damage":66,"enemies":"The Guardian","floor":16,"turns":13}],"seed_played":"-3353196396343261693","potions_obtained":[{"floor":4,"key":"Milkshake"},{"floor":10,"key":"ColorlessPotion"},{"floor":13,"key":"SkillPotion"}],"is_trial":false,"path_per_floor":["M","?","$","M","$","E","?","?","T","M","R","M","M","M","R","B"],"character_chosen":"HIEROPHANT","items_purchased":["hierophant:Community"],"campfire_rested":0,"item_purchase_floors":[3],"current_hp_per_floor":[75,75,75,75,75,75,75,75,75,74,74,66,65,65,65,0,0],"gold":110,"neow_bonus":"THREE_ENEMY_KILL","is_prod":false,"is_daily":false,"chose_seed":false,"campfire_upgraded":2,"win_rate":0.0,"timestamp":1607540682,"path_taken":["M","?","$","M","$","E","?","?","T","?","R","M","M","M","R","BOSS"],"build_version":"2020-11-30","purchased_purges":1,"victory":false,"max_hp_per_floor":[75,75,75,75,75,75,75,75,75,75,75,75,75,75,75,75,75],"card_choices":[{"not_picked":["hierophant:PassingBell","hierophant:Flagellation"],"picked":"hierophant:Smite","floor":1},{"not_picked":["hierophant:RustyCrate","hierophant:Doubloon"],"picked":"hierophant:Upheaval","floor":4},{"not_picked":["hierophant:Endure","hierophant:Racketeering"],"picked":"hierophant:Encroach","floor":6},{"not_picked":["hierophant:Alms","hierophant:FieryStrike"],"picked":"hierophant:Racketeering","floor":10},{"not_picked":["hierophant:SecretStash","hierophant:AuricBeam","hierophant:RecallFunds"],"picked":"SKIP","floor":12},{"not_picked":["hierophant:DisplayOfPower","hierophant:Chorus","hierophant:Purify"],"picked":"SKIP","floor":13},{"not_picked":["hierophant:Blessing","hierophant:Doubloon","hierophant:Invocation"],"picked":"SKIP","floor":14}],"player_experience":497370,"relics_obtained":[{"floor":6,"key":"Boot"},{"floor":9,"key":"PreservedInsect"}],"event_choices":[{"damage_healed":0,"gold_gain":0,"player_choice":"Take Wound","damage_taken":0,"relics_obtained":["Golden Idol"],"max_hp_gain":0,"max_hp_loss":0,"event_name":"Golden Idol","floor":2,"gold_loss":0,"cards_obtained":["Injury"]},{"damage_healed":0,"gold_gain":0,"player_choice":"Paid Gold","damage_taken":0,"relics_obtained":["Calipers"],"max_hp_gain":0,"max_hp_loss":0,"event_name":"WeMeetAgain","floor":8,"gold_loss":68}],"is_beta":false,"boss_relics":[],"items_purged_floors":[3],"is_endless":false,"potions_floor_spawned":[4,10,13],"killed_by":"The Guardian","ascension_level":0}}