{"host":"2pgz2fctomabfk86","time":1607486811,"event":{"gold_per_floor":[114,129,129,142,142,167,167,197,221,221,221,232,232,232,232,309,309,329,254,254,266,277,277,55,105,105,140,151,164,16,29,29,104,104,121,21,21,46,56,56,56,89,137,171,171,0,12,12,12,12],"floor_reached":51,"playtime":3120,"items_purged":["Defend_G+1","Strike_G+1"],"score":1286,"play_id":"fad2473e-9ead-4ca6-9d9a-79fb3961245b","local_time":"20201209130651","is_ascension_mode":true,"campfire_choices":[{"data":"Neutralize","floor":7.0,"key":"SMITH"},{"floor":13.0,"key":"REST"},{"data":"Cloak And Dagger","floor":15.0,"key":"SMITH"},{"data":"Phantasmal Killer","floor":23.0,"key":"SMITH"},{"data":"Choke","floor":32.0,"key":"SMITH"},{"data":"Calculated Gamble","floor":40.0,"key":"SMITH"},{"data":"Footwork","floor":45,"key":"SMITH"},{"data":"Noxious Fumes","floor":49,"key":"SMITH"}],"neow_cost":"NONE","seed_source_timestamp":444783611654400,"circlet_count":0,"master_deck":["AscendersBane","Strike_G+1","Strike_G+1","Strike_G+1","Defend_G+1","Defend_G+1","Defend_G+1","Defend_G+1","Survivor","Neutralize+1","Dash+1","Deadly Poison+1","Acrobatics+1","Phantasmal Killer+1","Cloak And Dagger+1","After Image","PiercingWail","Well Laid Plans+1","Footwork+1","Terror","Caltrops","Noxious Fumes+1","Choke+1","Bullet Time","Reflex+1","Calculated Gamble+1","Acrobatics+1","Backflip"],"special_seed":0,"relics":["Ring of the Snake","NeowsBlessing","Toy Ornithopter","Oddly Smooth Stone","Lantern","Sundial","Coffee Dripper","Pen Nib","Juzu Bracelet","Bag of Marbles","Busted Crown","Tingsha","Vajra","Snake Skull","Paper Crane","Red Mask","Bottled Lightning"],"potions_floor_usage":[50,50],"damage_taken":[{"damage":0.0,"enemies":"Small Slimes","floor":1.0,"turns":1.0},{"damage":0.0,"enemies":"Cultist","floor":2.0,"turns":1.0},{"damage":0.0,"enemies":"Jaw Worm","floor":4.0,"turns":1.0},{"damage":17.0,"enemies":"3 Sentries","floor":6.0,"turns":11.0},{"damage":15.0,"enemies":"Lagavulin","floor":8.0,"turns":7.0},{"damage":0.0,"enemies":"Exordium Wildlife","floor":12.0,"turns":6.0},{"damage":38.0,"enemies":"Hexaghost","floor":16.0,"turns":10.0},{"damage":0.0,"enemies":"Spheric Guardian","floor":18.0,"turns":5.0},{"damage":0.0,"enemies":"Chosen","floor":21.0,"turns":4.0},{"damage":0.0,"enemies":"Sentry and Sphere","floor":22.0,"turns":5.0},{"damage":2.0,"enemies":"Slavers","floor":27.0,"turns":10.0},{"damage":0.0,"enemies":"Shelled Parasite and Fungi","floor":28.0,"turns":5.0},{"damage":0.0,"enemies":"Snake Plant","floor":29.0,"turns":1.0},{"damage":15.0,"enemies":"3 Cultists","floor":31.0,"turns":4.0},{"damage":11.0,"enemies":"Champ","floor":33.0,"turns":8.0},{"damage":27.0,"enemies":"3 Darklings","floor":35.0,"turns":5.0},{"damage":0.0,"enemies":"Mind Bloom Boss Battle","floor":38.0,"turns":6.0},{"damage":0.0,"enemies":"Orb Walker","floor":39.0,"turns":3.0},{"damage":0.0,"enemies":"Giant Head","floor":42.0,"turns":6.0},{"damage":9,"enemies":"Nemesis","floor":44,"turns":9},{"damage":0,"enemies":"Maw","floor":47,"turns":5},{"damage":1,"enemies":"Donu and Deca","floor":50,"turns":7}],"seed_played":"-2997025529459542991","potions_obtained":[{"floor":1.0,"key":"GamblersBrew"},{"floor":6.0,"key":"Block Potion"},{"floor":11.0,"key":"Weak Potion"},{"floor":18.0,"key":"DistilledChaos"},{"floor":21.0,"key":"GhostInAJar"},{"floor":27.0,"key":"ColorlessPotion"},{"floor":29.0,"key":"CultistPotion"},{"floor":31.0,"key":"BlessingOfTheForge"},{"floor":35.0,"key":"GamblersBrew"},{"floor":42.0,"key":"Dexterity Potion"},{"floor":44,"key":"PowerPotion"}],"is_trial":false,"path_per_floor":["M","M","?","M","?","E","R","E","T","T","?","M","R","?","R","B",null,"M","?","?","M","M","R","$","?","T","E","M","M","$","M","R","B",null,"M","$","?","?","M","R","?","E","T","E","R","?","M","T","R","B",null],"character_chosen":"THE_SILENT","items_purchased":["Footwork","Pen Nib","Noxious Fumes"],"campfire_rested":1,"item_purchase_floors":[24,24,30],"current_hp_per_floor":[59,59,59,59,39,22,22,12,12,12,12,12,31,31,31,3,50,50,50,50,50,55,55,55,55,55,58,58,63,63,48,48,42,60,33,33,33,33,33,33,33,33,33,24,24,24,24,24,24,33],"gold":12,"neow_bonus":"THREE_ENEMY_KILL","is_prod":false,"is_daily":false,"chose_seed":false,"campfire_upgraded":7,"win_rate":0,"timestamp":1607486811,"path_taken":["M","M","?","?","?","E","R","E","T","?","?","?","R","?","R","BOSS","M","?","?","?","M","R","$","?","T","E","M","M","?","M","R","BOSS","M","$","?","?","M","R","?","E","T","E","R","?","M","?","R","BOSS"],"build_version":"2020-11-30","purchased_purges":2,"victory":true,"max_hp_per_floor":[66,66,66,66,66,66,66,66,66,66,66,66,66,66,66,66,66,66,66,66,66,66,66,66,66,66,66,66,66,66,66,66,66,66,66,66,66,66,66,66,66,66,66,66,66,66,66,66,66,66],"card_choices":[{"not_picked":["Terror","PiercingWail"],"picked":"Dash","floor":1.0},{"not_picked":["Flying Knee","Prepared"],"picked":"Deadly Poison","floor":2.0},{"not_picked":["Concentrate","Skewer","Dagger Throw"],"picked":"SKIP","floor":4.0},{"not_picked":["Outmaneuver","Prepared"],"picked":"Acrobatics","floor":6.0},{"not_picked":["Masterful Stab","Accuracy"],"picked":"Phantasmal Killer","floor":8.0},{"not_picked":["Backstab","Quick Slash"],"picked":"Cloak And Dagger","floor":12.0},{"not_picked":["Corpse Explosion","Wraith Form v2"],"picked":"After Image","floor":16.0},{"not_picked":["Outmaneuver","Poisoned Stab"],"picked":"PiercingWail","floor":18.0},{"not_picked":["Leg Sweep","Dagger Spray"],"picked":"Well Laid Plans+1","floor":21.0},{"not_picked":["Cloak And Dagger+1","Eviscerate+1","Quick Slash+1"],"picked":"SKIP","floor":22.0},{"not_picked":["Underhanded Strike+1","Crippling Poison"],"picked":"Terror","floor":27.0},{"not_picked":["Dagger Throw","PiercingWail"],"picked":"Caltrops","floor":28.0},{"not_picked":["Slice","Leg Sweep+1","Outmaneuver"],"picked":"SKIP","floor":29.0},{"not_picked":["Slice","Leg Sweep+1","Outmaneuver"],"picked":"SKIP","floor":29.0},{"not_picked":["Caltrops","Distraction"],"picked":"Choke","floor":31.0},{"not_picked":["Storm of Steel","Adrenaline"],"picked":"Bullet Time","floor":33.0},{"not_picked":[],"picked":"Reflex+1","floor":35.0},{"not_picked":[],"picked":"Calculated Gamble","floor":38.0},{"not_picked":["Quick Slash"],"picked":"SKIP","floor":39.0},{"not_picked":[],"picked":"Backflip","floor":42.0},{"not_picked":["Slice+1"],"picked":"SKIP","floor":44},{"not_picked":["Sucker Punch+1"],"picked":"SKIP","floor":47}],"player_experience":846650,"relics_obtained":[{"floor":6.0,"key":"Toy Ornithopter"},{"floor":8.0,"key":"Oddly Smooth Stone"},{"floor":9.0,"key":"Lantern"},{"floor":10.0,"key":"Sundial"},{"floor":26.0,"key":"Juzu Bracelet"},{"floor":27.0,"key":"Bag of Marbles"},{"floor":38.0,"key":"Tingsha"},{"floor":42.0,"key":"Vajra"},{"floor":43.0,"key":"Snake Skull"},{"floor":44,"key":"Paper Crane"},{"floor":48,"key":"Bottled Lightning"}],"event_choices":[{"damage_healed":0.0,"max_hp_gain":0.0,"max_hp_loss":0.0,"gold_gain":0.0,"event_name":"Accursed Blacksmith","player_choice":"Forge","floor":3.0,"gold_loss":0.0,"damage_taken":0.0,"cards_upgraded":["Deadly Poison"]},{"damage_healed":0.0,"max_hp_gain":0.0,"max_hp_loss":0.0,"gold_gain":0.0,"event_name":"Shining Light","player_choice":"Entered Light","floor":5.0,"gold_loss":0.0,"damage_taken":20.0,"cards_upgraded":["Dash","Defend_G"]},{"damage_healed":0.0,"max_hp_gain":0.0,"max_hp_loss":0.0,"gold_gain":0.0,"event_name":"Lab","player_choice":"Got Potions","floor":11.0,"gold_loss":0.0,"damage_taken":0.0},{"damage_healed":0.0,"max_hp_gain":0.0,"max_hp_loss":0.0,"gold_gain":0.0,"event_name":"Scrap Ooze","player_choice":"Fled","floor":14.0,"gold_loss":0.0,"damage_taken":0.0},{"cards_removed":["Strike_G"],"damage_healed":0.0,"max_hp_gain":0.0,"max_hp_loss":0.0,"gold_gain":0.0,"event_name":"Beggar","player_choice":"Gave Gold","floor":19.0,"gold_loss":75.0,"damage_taken":0.0},{"damage_healed":0.0,"max_hp_gain":0.0,"max_hp_loss":0.0,"gold_gain":0.0,"event_name":"Back to Basics","player_choice":"Simplicity","floor":20.0,"gold_loss":0.0,"damage_taken":0.0,"cards_upgraded":["Strike_G","Strike_G","Strike_G","Strike_G","Defend_G","Defend_G","Defend_G","Defend_G"]},{"damage_healed":0.0,"max_hp_gain":0.0,"max_hp_loss":0.0,"gold_gain":50.0,"event_name":"Golden Shrine","player_choice":"Pray","floor":25.0,"gold_loss":0.0,"damage_taken":0.0},{"damage_healed":0.0,"max_hp_gain":0.0,"max_hp_loss":0.0,"gold_gain":0.0,"event_name":"Upgrade Shrine","player_choice":"Upgraded","floor":37.0,"gold_loss":0.0,"damage_taken":0.0,"cards_upgraded":["Acrobatics"]},{"damage_healed":0.0,"max_hp_gain":0.0,"max_hp_loss":0.0,"gold_gain":0.0,"event_name":"MindBloom","player_choice":"Fight","floor":38.0,"gold_loss":0.0,"damage_taken":0.0},{"damage_healed":0.0,"max_hp_gain":0.0,"max_hp_loss":0.0,"gold_gain":0.0,"event_name":"Duplicator","player_choice":"Copied","floor":41.0,"gold_loss":0.0,"damage_taken":0.0,"cards_obtained":["Acrobatics"]},{"damage_healed":0,"gold_gain":0,"player_choice":"Paid","damage_taken":0,"relics_obtained":["Red Mask"],"max_hp_gain":0,"max_hp_loss":0,"event_name":"Tomb of Lord Red Mask","floor":46,"gold_loss":171}],"is_beta":false,"boss_relics":[{"not_picked":["Runic Pyramid","SlaversCollar"],"picked":"Coffee Dripper"},{"not_picked":["Astrolabe","Runic Dome"],"picked":"Busted Crown"}],"items_purged_floors":[30,36],"is_endless":false,"potions_floor_spawned":[1,6,12,18,21,27,29,31,35,42,44,47],"ascension_level":15}}