{"host":"agela5aetnmltfvm","time":1607536102,"event":{"gold_per_floor":[119,67,94,149,185,185,201,201,201,233,268,268,299,325,325,449,449,513,303,308,367,404,404,344,344],"floor_reached":24,"playtime":1077,"items_purged":["hierophant:SealAway"],"score":219,"play_id":"4c653db3-588c-4b5e-9432-dc2580a9e208","local_time":"20201210014822","is_ascension_mode":false,"campfire_choices":[{"data":"hierophant:ChurchCoffers","floor":6,"key":"SMITH"},{"data":"hierophant:EyeForCoin","floor":23,"key":"SMITH"}],"neow_cost":"NONE","seed_source_timestamp":12349280731800,"circlet_count":0,"master_deck":["hierophant:Strike_Hierophant","hierophant:Strike_Hierophant","hierophant:Defend_Hierophant","hierophant:Defend_Hierophant","hierophant:Defend_Hierophant","hierophant:Defend_Hierophant","hierophant:ChurchCoffers+1","hierophant:CoinFling","hierophant:Doubloon","hierophant:Shelter","hierophant:Doubloon+1","hierophant:CursedGold","hierophant:EyeForCoin+1","hierophant:Doubloon","hierophant:Doubloon","hierophant:MintersHammer","hierophant:Doubloon","hierophant:Doubloon+1","hierophant:RecallFunds+1","hierophant:Charity+1","hierophant:WrathOfGod+1","hierophant:Generosity","hierophant:Doubloon","ReplayTheSpireMod:Doomed","hierophant:Doubloon","hierophant:Doubloon+1"],"relics":["hierophant:PropheticMaskRelic","Bottled Lightning","Mummified Hand","Astrolabe","ReplayTheSpireMod:CursedCoin","Tiny Chest"],"potions_floor_usage":[16,16,21,21],"damage_taken":[{"damage":6,"enemies":"Cultist","floor":1,"turns":3},{"damage":0,"enemies":"Small Slimes","floor":3,"turns":3},{"damage":4,"enemies":"Jaw Worm","floor":5,"turns":4},{"damage":5,"enemies":"Lots of Slimes","floor":7,"turns":3},{"damage":3,"enemies":"Gremlin Gang","floor":10,"turns":4},{"damage":0,"enemies":"Large Slime","floor":11,"turns":5},{"damage":8,"enemies":"Lots of Slimes","floor":13,"turns":4},{"damage":0,"enemies":"3 Louse","floor":14,"turns":3},{"damage":56,"enemies":"The Guardian","floor":16,"turns":18},{"damage":30,"enemies":"2 Thieves","floor":18,"turns":2},{"damage":10,"enemies":"Shell Parasite","floor":20,"turns":3},{"damage":16,"enemies":"Cultist and Chosen","floor":21,"turns":3},{"damage":15,"enemies":"Sentry and Sphere","floor":22,"turns":1},{"damage":5,"enemies":"Shelled Parasite and Fungi","floor":24,"turns":1}],"seed_played":"-816895125057377523","potions_obtained":[{"floor":3,"key":"SpeedPotion"},{"floor":4,"key":"Block Potion"},{"floor":7,"key":"Milkshake"},{"floor":13,"key":"Adrenaline Potion"},{"floor":16,"key":"Weak Potion"},{"floor":18,"key":"PowerPotion"}],"is_trial":false,"path_per_floor":["M","$","M","?","M","R","M","?","T","M","M","?","M","M","R_BF","B",null,"M","$","M","M","M","R","M"],"character_chosen":"HIEROPHANT","items_purchased":["hierophant:Shelter","hierophant:Generosity","ReplayTheSpireMod:CursedCoin","Tiny Chest"],"campfire_rested":0,"item_purchase_floors":[2,19,19,19],"current_hp_per_floor":[69,69,69,39,35,35,30,75,75,72,72,72,64,64,64,8,75,45,45,35,19,4,4,0,0],"gold":344,"neow_bonus":"TRANSFORM_CARD","is_prod":false,"is_daily":false,"chose_seed":false,"campfire_upgraded":2,"win_rate":0.0,"timestamp":1607536102,"path_taken":["M","$","M","?","M","R","M","?","T","?","M","?","M","?","R_BF","BOSS","M","$","M","?","?","R","M"],"build_version":"2020-11-30","purchased_purges":1,"victory":false,"max_hp_per_floor":[75,75,75,75,75,75,75,75,75,75,75,75,75,75,75,75,75,75,75,75,75,75,75,75,75],"card_choices":[{"not_picked":["hierophant:FlamingChariot","hierophant:FaithHealing"],"picked":"hierophant:Community","floor":1},{"not_picked":["hierophant:SolarFlare","hierophant:MorningPrayer"],"picked":"hierophant:HammerAndAnvil","floor":3},{"not_picked":["hierophant:HolyVerse","hierophant:SecretStash"],"picked":"hierophant:CursedGold","floor":4},{"not_picked":["hierophant:Empathy","hierophant:ThreeLashes"],"picked":"hierophant:SealAway","floor":5},{"not_picked":["hierophant:ThreeLashes","hierophant:Zeal","hierophant:FlamingChariot"],"picked":"SKIP","floor":7},{"not_picked":["hierophant:Alms","hierophant:Endure","hierophant:RepressedViolence"],"picked":"SKIP","floor":10},{"not_picked":["hierophant:SolarFlare","hierophant:Sermon","hierophant:PassingBell"],"picked":"SKIP","floor":11},{"not_picked":["hierophant:Endure","hierophant:SealAway"],"picked":"hierophant:EyeForCoin","floor":13},{"not_picked":["hierophant:Zeal","hierophant:Endure","hierophant:PassingBell"],"picked":"SKIP","floor":14},{"not_picked":["hierophant:WrathOfGod","hierophant:AuricForm"],"picked":"hierophant:MintersHammer","floor":16},{"not_picked":["hierophant:Endure","hierophant:HolyVerse","hierophant:RecallFunds"],"picked":"SKIP","floor":18},{"not_picked":["hierophant:RepressedViolence","hierophant:SolarFlare","hierophant:AuricBeam"],"picked":"SKIP","floor":20},{"not_picked":["hierophant:RepressedViolence","hierophant:Repentance","hierophant:Bribe"],"picked":"SKIP","floor":21},{"not_picked":["hierophant:FlamingChariot+1","hierophant:Exaltation+1","hierophant:RecallFunds+1"],"picked":"SKIP","floor":22}],"player_experience":492256,"relics_obtained":[{"floor":4,"key":"Bottled Lightning"},{"floor":9,"key":"Mummified Hand"}],"event_choices":[{"cards_removed":["hierophant:Community"],"damage_healed":45,"gold_gain":0,"player_choice":"Offered Uncommon","damage_taken":0,"max_hp_gain":0,"max_hp_loss":0,"event_name":"Bonfire Elementals","floor":8,"gold_loss":0},{"damage_healed":0,"gold_gain":0,"player_choice":"Bought 0 Potions","damage_taken":0,"max_hp_gain":0,"max_hp_loss":0,"event_name":"The Woman in Blue","floor":12,"gold_loss":0}],"is_beta":false,"boss_relics":[{"not_picked":["Busted Crown","Philosopher\u0027s Stone"],"picked":"Astrolabe"}],"items_purged_floors":[19],"is_endless":false,"potions_floor_spawned":[3,7,13,14,16,18,20],"killed_by":"Shelled Parasite and Fungi","ascension_level":0}}