{"host":"2b1ftnid64e0074p","time":1607521652,"event":{"gold_per_floor":[99,99,114,129,144,54,54,54,84,84,414,429,444,444,459,559,559,559,574,0,30,45,60,85,120,120,120],"floor_reached":26,"playtime":3481,"items_purged":["Koishi:BasicStrike"],"score":290,"play_id":"43931106-f4bf-4dd2-b415-c658d52d08e8","local_time":"20201209214732","daily_mods":["Cursed Run","Colorless Cards","DeadlyEvents"],"is_ascension_mode":false,"campfire_choices":[{"data":"Koishi:HauntingSlash","floor":1.0,"key":"SMITH"},{"data":"Chrysalis","floor":8.0,"key":"SMITH"},{"data":"Koishi:GeneticsOfTheUnconscious","floor":10.0,"key":"SMITH"},{"data":"Koishi:TerrifyingSpectre","floor":18.0,"key":"SMITH"}],"neow_cost":"","seed_source_timestamp":0,"circlet_count":0,"master_deck":["Koishi:BasicStrike","Koishi:BasicStrike+1","Koishi:BasicStrike","Koishi:BasicDefend+1","Koishi:BasicDefend","Koishi:BasicDefend+1","Koishi:BasicDefend","Koishi:Provoke","Koishi:HauntingSlash+1","Koishi:SubconsciousSweep+1","Swift Strike","Koishi:GeneticsOfTheUnconscious+1","Chrysalis+1","Shame","Koishi:IdleWhim","Dark Shackles+1","Trip","Dramatic Entrance+1","Deep Breath","Clumsy","Koishi:TerrifyingSpectre+1","Koishi:UnansweredLove+1","Koishi:JumpScare","Koishi:StingingMind","Gensokyo:ImpossibleRequest","Koishi:HeartStoppingHorror"],"special_seed":18585,"relics":["Cursed Key","Darkstone Periapt","Du-Vu Doll","Calipers","Ccalipers","Old Coin","Gensokyo:CelestialsFlawlessClothing","expansioncontent:StudyCardRelic","Matryoshka","Oddly Smooth Stone","MealTicket"],"potions_floor_usage":[],"damage_taken":[{"damage":2.0,"enemies":"Gensokyo:2_Kodama","floor":3.0,"turns":3.0},{"damage":0.0,"enemies":"Gensokyo:Python","floor":4.0,"turns":3.0},{"damage":0.0,"enemies":"Gensokyo:3_Fairies","floor":5.0,"turns":3.0},{"damage":6.0,"enemies":"downfall:FleeingMerchant","floor":6.0,"turns":4.0},{"damage":21.0,"enemies":"Gensokyo:Aya","floor":9.0,"turns":6.0},{"damage":0.0,"enemies":"Gensokyo:Mamizou","floor":11.0,"turns":6.0},{"damage":12.0,"enemies":"Gensokyo:CorruptedTreant","floor":12.0,"turns":4.0},{"damage":10.0,"enemies":"Gensokyo:Kitsune","floor":13.0,"turns":3.0},{"damage":7.0,"enemies":"Gensokyo:VengefulSpirit","floor":15.0,"turns":5.0},{"damage":19.0,"enemies":"downfall:CharBossWatcher","floor":16.0,"turns":14.0},{"damage":6.0,"enemies":"Gensokyo:Chomper","floor":19.0,"turns":3.0},{"damage":44.0,"enemies":"Gensokyo:Tenshi","floor":21.0,"turns":8.0},{"damage":23.0,"enemies":"Gensokyo:CosmicMonolith","floor":22.0,"turns":4.0},{"damage":8.0,"enemies":"Gensokyo:Slime_Group","floor":23.0,"turns":3.0},{"damage":34.0,"enemies":"Gensokyo:3_Gloops","floor":25.0,"turns":4.0},{"damage":0,"enemies":"Gensokyo:Reisen","floor":26,"turns":1}],"seed_played":"-2446777649181839629","potions_obtained":[{"floor":5.0,"key":"PowerPotion"},{"floor":9.0,"key":"CultistPotion"},{"floor":11.0,"key":"EntropicBrew"},{"floor":16.0,"key":"SkillPotion"},{"floor":19.0,"key":"Regen Potion"}],"is_trial":false,"path_per_floor":["R","?","M","M","M","$","T","R","E","R","E","M","M","?","M","B",null,"R","M","?","E","M","M","T","M","E"],"character_chosen":"KOISHI","items_purchased":[],"campfire_rested":0,"item_purchase_floors":[],"current_hp_per_floor":[60,60,58,58,58,52,58,58,45,45,47,37,29,13,6,72,72,72,66,66,44,21,15,21,10,10,10],"gold":120,"neow_bonus":"","is_prod":false,"is_daily":true,"chose_seed":false,"campfire_upgraded":4,"win_rate":0,"timestamp":1607521652,"path_taken":["R","?","M","?","M","$","T","R","E","R","?","M","M","?","M","BOSS","R","M","?","?","M","?","T","M","?"],"build_version":"2020-11-30","purchased_purges":1,"victory":false,"max_hp_per_floor":[60,60,60,60,60,60,66,66,66,66,66,66,66,66,66,72,72,72,72,72,72,72,72,78,78,78,78],"card_choices":[{"not_picked":["Koishi:RacingHeart","Koishi:UnconsciousUprising"],"picked":"Koishi:SubconsciousSweep","floor":2.0},{"not_picked":["expansioncontent:DecasProtection","Koishi:ParalyzingFear"],"picked":"Swift Strike","floor":2.0},{"not_picked":["Koishi:FleetingPhantom","expansioncontent:Chronoboost"],"picked":"Koishi:GeneticsOfTheUnconscious","floor":3.0},{"not_picked":["Koishi:BloodcurdlingScream","Koishi:RacingHeart","Koishi:Vanish"],"picked":"SKIP","floor":4.0},{"not_picked":["Koishi:GhostParty","Dark Shackles"],"picked":"Chrysalis","floor":5.0},{"not_picked":["Koishi:BloodcurdlingScream","Koishi:UnconsciousUprising"],"picked":"Koishi:IdleWhim","floor":9.0},{"not_picked":["Koishi:ApparitionsStalkTheNight","Koishi:ReflexRadar"],"picked":"Dark Shackles","floor":11.0},{"not_picked":["Koishi:BloodcurdlingScream","Koishi:Untouchable"],"picked":"Trip","floor":12.0},{"not_picked":["Koishi:HeartfeltFancy","Koishi:Jaunt"],"picked":"Dramatic Entrance","floor":13.0},{"not_picked":["Koishi:StingingMind","expansioncontent:BronzeBeam"],"picked":"Deep Breath","floor":15.0},{"not_picked":["Magnetism","Metamorphosis"],"picked":"Koishi:TerrifyingSpectre","floor":16.0},{"not_picked":["Mind Blast","Koishi:DreadfulBlow","Koishi:EmbryosDream"],"picked":"SKIP","floor":19.0},{"not_picked":["Koishi:UnconsciousUprising","Koishi:EmbryosDream+1"],"picked":"Koishi:UnansweredLove+1","floor":21.0},{"not_picked":["expansioncontent:Torchfire+1","Koishi:ParalyzingFear"],"picked":"Koishi:JumpScare","floor":22.0},{"not_picked":["Koishi:PhantomStrike","Koishi:HeartfeltFancy"],"picked":"Koishi:StingingMind","floor":23.0},{"not_picked":["Mind Blast","Flash of Steel"],"picked":"Koishi:HeartStoppingHorror","floor":25.0}],"player_experience":135849,"relics_obtained":[{"floor":7.0,"key":"Calipers"},{"floor":9.0,"key":"Ccalipers"},{"floor":11.0,"key":"Old Coin"},{"floor":21.0,"key":"Matryoshka"},{"floor":24.0,"key":"Oddly Smooth Stone"},{"floor":24.0,"key":"MealTicket"}],"event_choices":[],"is_beta":false,"boss_relics":[{"not_picked":["SoulBox","Runic Dome"],"picked":"expansioncontent:StudyCardRelic"}],"items_purged_floors":[6],"is_endless":false,"potions_floor_spawned":[5,9,11,12,16,19],"killed_by":"Gensokyo:Reisen","ascension_level":0}}