{"host":"d0y5v5lostuas3k8","time":1607493938,"event":{"gold_per_floor":[368,379,390,400,411,411,423,438,438,438,438,438],"floor_reached":11,"playtime":2768,"items_purged":[],"score":69,"play_id":"85aea17a-0189-4fca-b0b9-fdc4f3e22b8c","local_time":"20201209150538","is_ascension_mode":false,"campfire_choices":[{"floor":6,"key":"RECALL"},{"data":"Quick Slash","floor":10,"key":"SMITH"}],"neow_cost":"CURSE","seed_source_timestamp":5874324822800,"circlet_count":0,"master_deck":["Strike_G","Strike_G","Strike_G","Strike_G","Strike_G","Defend_G","Defend_G","Defend_G","Defend_G","Defend_G","Survivor","Neutralize","Guardian:Aged","Backflip","Quick Slash+1","Backflip"],"relics":["Ring of the Snake","Pear"],"potions_floor_usage":[5],"damage_taken":[{"damage":0,"enemies":"Jaw Worm","floor":1,"turns":6},{"damage":0,"enemies":"Small Slimes","floor":2,"turns":6},{"damage":0,"enemies":"Cultist","floor":3,"turns":5},{"damage":0,"enemies":"Large Slime","floor":4,"turns":9},{"damage":1,"enemies":"2 Fungi Beasts","floor":5,"turns":4},{"damage":5,"enemies":"Exordium Wildlife","floor":7,"turns":7},{"damage":14,"enemies":"3 Louse","floor":8,"turns":7},{"damage":25,"enemies":"Lagavulin","floor":11,"turns":9}],"seed_played":"-1202150806191242890","potions_obtained":[{"floor":1,"key":"Fire Potion"},{"floor":4,"key":"LiquidMemories"}],"is_trial":false,"path_per_floor":["M","M","M","M","M","R","M","M","T","R","E"],"character_chosen":"THE_SILENT","items_purchased":[],"campfire_rested":0,"item_purchase_floors":[],"current_hp_per_floor":[70,70,70,70,69,69,64,50,60,60,35,35],"gold":438,"neow_bonus":"TWO_FIFTY_GOLD","is_prod":false,"is_daily":false,"chose_seed":false,"campfire_upgraded":1,"win_rate":0,"timestamp":1607493938,"path_taken":["M","M","M","M","M","R","M","M","T","R","E"],"build_version":"2020-11-30","purchased_purges":0,"victory":false,"max_hp_per_floor":[70,70,70,70,70,70,70,70,80,80,80,80],"card_choices":[{"not_picked":["Predator","Terror"],"picked":"Backflip","floor":1},{"not_picked":["Tactician","Catalyst"],"picked":"Quick Slash","floor":2},{"not_picked":["Well Laid Plans","Deadly Poison","Crippling Poison"],"picked":"SKIP","floor":3},{"not_picked":["Dodge and Roll","Deadly Poison","Noxious Fumes"],"picked":"SKIP","floor":4},{"not_picked":["Sucker Punch","Leg Sweep","Outmaneuver"],"picked":"SKIP","floor":5},{"not_picked":["Expertise","Bouncing Flask","Dagger Throw"],"picked":"SKIP","floor":7},{"not_picked":["Bane","Calculated Gamble"],"picked":"Backflip","floor":8}],"player_experience":386561,"relics_obtained":[{"floor":9,"key":"Pear"}],"event_choices":[],"is_beta":false,"boss_relics":[],"items_purged_floors":[],"is_endless":false,"potions_floor_spawned":[1,4],"killed_by":"Lagavulin","ascension_level":0}}