{"host":"ur0n4z0x1lffzzdd","time":1607556403,"event":{"gold_per_floor":[114,64,64,14,14,49,67,92,92,92,108,108,141,39,39,167,167,183,183,183,60,80,423,423,104,185,201,245,245,264,287,287,287,287],"floor_reached":33,"playtime":4374,"items_purged":["Shame"],"score":343,"play_id":"266f3e5c-c85f-42cf-b0ed-5b3b2db2d2c0","local_time":"20201209172643","is_ascension_mode":false,"campfire_choices":[{"data":"Runesmith:BackupBattery","floor":12.0,"key":"SMITH"},{"floor":15,"key":"REST"},{"floor":24,"key":"REST"},{"floor":29,"key":"RECALL"},{"floor":32,"key":"REST"}],"neow_cost":"NONE","seed_source_timestamp":42935022095300,"circlet_count":0,"master_deck":["Runesmith:Strike_RS","Runesmith:Strike_RS","Runesmith:Strike_RS","Runesmith:Defend_RS","Runesmith:Defend_RS","Runesmith:Defend_RS","Runesmith:Defend_RS","Runesmith:CraftFirestone","Runesmith:Fortify","Runesmith:BackupBattery+1","Runesmith:HeatedChisel","Runesmith:HeatExchange","Runesmith:CreatorForm","Runesmith:CraftMagma","Runesmith:HammerThrow","Runesmith:NegativeSpace","Runesmith:EarthShield","Runesmith:HeatedChisel","Runesmith:CraftPrismatica","Runesmith:Firestorm","Runesmith:Grindstone","Runesmith:PerfectChisel","Runesmith:WhiteBalance","expansioncontent:DecasProtection","Runesmith:CraftProtectio+1","Runesmith:CraftMagma+1","Runesmith:CraftObretio","Runesmith:RuneHurl"],"special_seed":0,"relics":["Runesmith:BrokenRuby","NeowsBlessing","Golden Idol","CultistMask","HornCleat","Shuriken","Potion Belt","Smiling Mask","SlaversCollar","theJungle:PaperFaux","Old Coin","Orichalcum","Sundial"],"potions_floor_usage":[13,28,28,30,33,33],"damage_taken":[{"damage":0.0,"enemies":"2 Louse","floor":1.0,"turns":2.0},{"damage":0.0,"enemies":"3 Sentries","floor":6.0,"turns":2.0},{"damage":0.0,"enemies":"Small Slimes","floor":7.0,"turns":1.0},{"damage":4.0,"enemies":"Jaw Worm","floor":8.0,"turns":5.0},{"damage":0.0,"enemies":"Looter","floor":11.0,"turns":3.0},{"damage":0,"enemies":"Lagavulin","floor":13,"turns":5},{"damage":17,"enemies":"Slime Boss","floor":16,"turns":8},{"damage":5,"enemies":"theJungle:5_Spyders","floor":18,"turns":9},{"damage":18,"enemies":"theJungle:Flameango_and_Byrd","floor":22,"turns":5},{"damage":17,"enemies":"theJungle:MamaSnecko","floor":23,"turns":6},{"damage":0,"enemies":"theJungle:SlimyTreeVines","floor":27,"turns":3},{"damage":16,"enemies":"theJungle:Cassacara","floor":28,"turns":3},{"damage":17,"enemies":"theJungle:2_Flameangoes","floor":30,"turns":7},{"damage":16,"enemies":"theJungle:2_Snecko_Cultists","floor":31,"turns":5},{"damage":26,"enemies":"theJungle:TotemBoss","floor":33,"turns":3}],"seed_played":"965262864560775054","potions_obtained":[{"floor":1.0,"key":"SpeedPotion"},{"floor":6.0,"key":"Block Potion"},{"floor":13,"key":"Weak Potion"},{"floor":23,"key":"CultistPotion"},{"floor":27,"key":"Fire Potion"},{"floor":28,"key":"PowerPotion"}],"is_trial":false,"path_per_floor":["M","?","?","$","?","E","M","M","T","?","M","R","E","$","R","B",null,"M","?","?","$","M","E","R","$","T","M","E","R","M","M","R","B"],"character_chosen":"RUNESMITH_CLASS","items_purchased":["Runesmith:HeatedChisel","Runesmith:EarthShield","Runesmith:HeatedChisel","Runesmith:Firestorm","Runesmith:WhiteBalance","expansioncontent:DecasProtection","Orichalcum"],"campfire_rested":3,"item_purchase_floors":[4,14,14,21,25,25,25],"current_hp_per_floor":[70,70,53,53,53,53,53,49,49,31,31,31,31,31,52,35,70,65,65,65,65,47,30,51,51,51,54,38,38,21,5,26,0,0],"gold":287,"neow_bonus":"THREE_ENEMY_KILL","is_prod":false,"is_daily":false,"chose_seed":false,"campfire_upgraded":1,"win_rate":0.0,"timestamp":1607556403,"path_taken":["M","?","?","?","?","E","M","?","T","?","M","R","E","?","R","BOSS","M","?","?","$","M","E","R","$","T","M","E","R","M","M","R","BOSS"],"build_version":"2020-11-30","purchased_purges":1,"victory":false,"max_hp_per_floor":[70,70,70,70,70,70,70,70,70,70,70,70,70,70,70,70,70,70,70,70,70,70,70,70,70,70,70,70,70,70,70,70,70,70],"card_choices":[{"not_picked":["Runesmith:Permafrost","Runesmith:Empowerment"],"picked":"Runesmith:BackupBattery","floor":1.0},{"not_picked":["Runesmith:NegativeSpace","Runesmith:ChiselStab"],"picked":"Runesmith:HeatExchange","floor":6.0},{"not_picked":["Runesmith:Overpower","Runesmith:HammerTime"],"picked":"Runesmith:CreatorForm","floor":7.0},{"not_picked":["Runesmith:FieryHammer","Runesmith:BackupBattery"],"picked":"Runesmith:CraftMagma","floor":8.0},{"not_picked":["Runesmith:CraftVitae","Runesmith:StaticCage"],"picked":"Runesmith:HammerThrow","floor":11.0},{"not_picked":["Runesmith:CraftVitae","Runesmith:CraftIncendium"],"picked":"Runesmith:NegativeSpace","floor":13},{"not_picked":["Runesmith:CraftMedicinae","Runesmith:FissionHammer"],"picked":"Runesmith:CraftPrismatica","floor":16},{"not_picked":["Runesmith:Attraction","Runesmith:HeatedChisel","Runesmith:StaticCage+1"],"picked":"SKIP","floor":18},{"not_picked":["Runesmith:StaticCage","Runesmith:HammerThrow"],"picked":"Runesmith:Grindstone","floor":22},{"not_picked":["Runesmith:HammerThrow","Runesmith:ShiftingStrike"],"picked":"Runesmith:PerfectChisel","floor":23},{"not_picked":["Runesmith:ShiftingStrike","Runesmith:BackupBattery"],"picked":"Runesmith:CraftProtectio+1","floor":27},{"not_picked":["Runesmith:FieryHammer","Runesmith:StaticCage"],"picked":"Runesmith:CraftMagma+1","floor":28},{"not_picked":["Runesmith:Refine+1","Runesmith:HammerTime"],"picked":"Runesmith:CraftObretio","floor":30},{"not_picked":["Runesmith:Attraction+1","Runesmith:CraftProtectio"],"picked":"Runesmith:RuneHurl","floor":31}],"player_experience":377065,"relics_obtained":[{"floor":6.0,"key":"HornCleat"},{"floor":9.0,"key":"Shuriken"},{"floor":13,"key":"Smiling Mask"},{"floor":23,"key":"Old Coin"},{"floor":28,"key":"Sundial"}],"event_choices":[{"cards_removed":["Runesmith:Strike_RS"],"damage_healed":0.0,"max_hp_gain":0.0,"max_hp_loss":0.0,"gold_gain":0.0,"event_name":"The Cleric","player_choice":"Card Removal","floor":2.0,"gold_loss":50.0,"damage_taken":0.0},{"damage_healed":0.0,"max_hp_gain":0.0,"max_hp_loss":0.0,"gold_gain":0.0,"event_name":"Golden Idol","player_choice":"Take Damage","floor":3.0,"gold_loss":0.0,"damage_taken":17.0,"relics_obtained":["Golden Idol"]},{"damage_healed":0.0,"max_hp_gain":0.0,"max_hp_loss":0.0,"gold_gain":0.0,"event_name":"FaceTrader","player_choice":"Trade","floor":5.0,"gold_loss":0.0,"damage_taken":0.0,"relics_obtained":["CultistMask"]},{"damage_healed":0.0,"max_hp_gain":0.0,"max_hp_loss":0.0,"gold_gain":0.0,"event_name":"betterThird:BetterScrap","player_choice":"Relic ","floor":10.0,"gold_loss":0.0,"damage_taken":18.0,"cards_obtained":["Exhume"]}],"is_beta":false,"boss_relics":[{"not_picked":["Calling Bell","Runesmith:UraniumAnvil"],"picked":"SlaversCollar"}],"items_purged_floors":[21],"is_endless":false,"potions_floor_spawned":[1,6,13,23,27,28],"killed_by":"theJungle:TotemBoss","ascension_level":0}}