{"host":"40ttcv3g5w633xb3","time":1607516083,"event":{"gold_per_floor":[119,198,222,241,260,292,292,316,316,358,382,404,426,426,426,548,548,570,632,651,626,250,288,288,308,396,396,418,460,484,484,484,609,609,628,628,640,48,48,48,75,94,94,106,137,137,155,186,186,186,200,217,217,192,192,192,192,192,192,192],"floor_reached":61,"playtime":3588,"items_purged":["Defend_G+1","Defend_G+1","Defend_G+1","Defend_G+1","Defend_G+1"],"score":1992,"play_id":"a466d62f-f249-4bee-9a8b-f225eb1abb90","local_time":"20201209121443","is_ascension_mode":true,"campfire_choices":[{"floor":15.0,"key":"RECALL"},{"data":"MostiFishMod:Neurotoxin","floor":24.0,"key":"SMITH"},{"data":"A Thousand Cuts","floor":27.0,"key":"SMITH"},{"data":"StuffTheSpire:Python","floor":32.0,"key":"SMITH"},{"floor":40.0,"key":"REST"},{"data":"Phantasmal Killer","floor":46,"key":"SMITH"},{"data":"After Image","floor":49,"key":"SMITH"},{"data":"Dagger Spray","floor":49,"key":"SMITH"},{"data":"MostiFishMod:AdrenalineArouse","floor":55,"key":"SMITH"},{"data":"conspire:PoisonWeapons","floor":57,"key":"SMITH"},{"data":"Bouncing Flask","floor":57,"key":"SMITH"}],"neow_cost":"NONE","seed_source_timestamp":0,"circlet_count":1,"master_deck":["Strike_G+1","Strike_G+1","Strike_G+1","Strike_G+1","Strike_G+1","Survivor+1","Neutralize+1","Tools of the Trade","Blade Dance","conspire:PoisonWeapons+1","A Thousand Cuts+1","Bouncing Flask+1","StuffTheSpire:Python+1","MostiFishMod:ShivMaster","Dagger Spray+1","Replay:Poison Smokescreen+1","Phantasmal Killer+1","MostiFishMod:AdrenalineArouse+1","Catalyst+1","AbeCurse","Choke+1","Toxin Wave+1","hubris:DuctTapeCard"],"special_seed":0,"relics":["Ring of the Snake","DaveBox","Nloth\u0027s Gift","FeatherPendant","FeatherPendant","FeatherPendant","FeatherPendant","FeatherPendant","halation:StarCompass","trackpad:FieryHotPepper","Question Card","StuffTheSpire:OldFever","Tiny Chest","Snack Pack","Pondfish Scales","Circlet","Ring of the Serpent","Ring of the Serpent","Ring of the Serpent","Ring of the Serpent","Ring of the Serpent","Gensokyo:NagashiBinaDoll","ArrowTower","ImportantClient","ShadowXiaoBlade","infinitespire:ShieldingShard","Snake Skull","FossilizedHelix","Vajra","trackpad:SappingStone","Dodecahedron","Bag of Preparation","DemoMod:GlassGuonStoneRelic","CaptainsWheel","Replay:Baseball","qcfpunch:Red_Gi","Strawberry","SuspiciousGoo","jedi:paperlyon","trackpad:ByrdBGone","DemoMod:Orange","vexMod:Dragonfruit","Strange Spoon","halation:Jellyphish","Replay:WaspNest","Dream Catcher","trackpad:CultistFigurine","SpikesRelics:SneckoPlush","WizardHat","Chameleon Ring","The Courier","halation:PenCase","paleoftheancients:Timepiece","paleoftheancients:KeyRelic","Gremlin Horn","CultistMask","paleoftheancients:SoulOfTheGuardian","paleoftheancients:SoulOfTheSilent","jedi:ominousloannote","hubris:DuctTape","ShockBauble"],"potions_floor_usage":[55],"damage_taken":[{"damage":0.0,"enemies":"Gensokyo:Gryphon","floor":1.0,"turns":3.0},{"damage":0.0,"enemies":"Gensokyo:2_Kodama","floor":3.0,"turns":1.0},{"damage":0.0,"enemies":"Gensokyo:Python","floor":4.0,"turns":1.0},{"damage":0.0,"enemies":"Gensokyo:3_Kodama","floor":5.0,"turns":1.0},{"damage":0.0,"enemies":"Gensokyo:Cirno","floor":6.0,"turns":4.0},{"damage":0.0,"enemies":"Gensokyo:Kitsune","floor":8.0,"turns":1.0},{"damage":0.0,"enemies":"Gensokyo:Mamizou","floor":10.0,"turns":2.0},{"damage":0.0,"enemies":"Gensokyo:2_Rabbits","floor":11.0,"turns":1.0},{"damage":14.0,"enemies":"Gensokyo:3_Kodama","floor":12.0,"turns":5.0},{"damage":0.0,"enemies":"Gensokyo:VengefulSpirit","floor":13.0,"turns":1.0},{"damage":0.0,"enemies":"Gensokyo:Kokoro","floor":16.0,"turns":2.0},{"damage":0.0,"enemies":"theJungle:GiantWrat","floor":18.0,"turns":1.0},{"damage":0.0,"enemies":"theJungle:Flameango_and_Byrd","floor":20.0,"turns":2.0},{"damage":0.0,"enemies":"theJungle:2_Phrogs","floor":23.0,"turns":1.0},{"damage":0.0,"enemies":"theJungle:2_Flameangoes","floor":25.0,"turns":1.0},{"damage":0.0,"enemies":"theJungle:SlimyTreeVines","floor":28.0,"turns":1.0},{"damage":0.0,"enemies":"Nightmare","floor":29.0,"turns":1.0},{"damage":0.0,"enemies":"theJungle:Lyon","floor":30.0,"turns":1.0},{"damage":0.0,"enemies":"theJungle:FunGuy","floor":33.0,"turns":1.0},{"damage":0.0,"enemies":"Orb Walker","floor":35.0,"turns":2.0},{"damage":0.0,"enemies":"3 Darklings","floor":37.0,"turns":1.0},{"damage":0,"enemies":"R_Hoarder","floor":41,"turns":2},{"damage":0,"enemies":"Writhing Mass","floor":42,"turns":1},{"damage":10,"enemies":"4 Shapes","floor":44,"turns":1},{"damage":0,"enemies":"Nemesis","floor":45,"turns":1},{"damage":0,"enemies":"Maw","floor":47,"turns":1},{"damage":0,"enemies":"Reptomancer","floor":48,"turns":1},{"damage":0,"enemies":"Time Eater","floor":50,"turns":2},{"damage":15,"enemies":"Time Eater","floor":51,"turns":2},{"damage":0,"enemies":"Time Eater","floor":52,"turns":1},{"damage":0,"enemies":"Time Eater","floor":56,"turns":2},{"damage":0,"enemies":"paleoftheancients:N","floor":60,"turns":2}],"seed_played":"2319756689538443373","potions_obtained":[{"floor":1.0,"key":"DemoMod:LeadSkinPotion"},{"floor":2.0,"key":"Explosive Potion"},{"floor":2.0,"key":"SmokeBomb"},{"floor":55,"key":"Fruit Juice"},{"floor":55,"key":"Death Potion"}],"is_trial":false,"path_per_floor":["M","?","M","M","M","E","?","M","T","E","M","M","M","?","R","B",null,"M","T","M","?","$","E","R","M","T","R","M","NM","M","?","R","B",null,"M","T","M","$","AVR","R","E","M","T","M","E","R","M","E","R","B","M","M","?","$","R","M","R","T","?","B",null],"character_chosen":"THE_SILENT","items_purchased":["Vajra","trackpad:SappingStone","Dodecahedron","Phantasmal Killer","Strange Spoon","halation:Jellyphish","Replay:WaspNest","Dream Catcher","trackpad:CultistFigurine","jedi:ominousloannote","hubris:DuctTape"],"campfire_rested":1,"item_purchase_floors":[22,22,22,22,38,38,38,38,38,54,54],"current_hp_per_floor":[74,45,45,45,45,45,38,38,38,38,44,33,39,39,39,57,78,78,78,78,78,78,78,78,78,78,78,78,85,85,85,85,89,89,89,106,109,109,109,109,109,112,112,107,114,114,121,124,124,124,118,127,127,127,134,134,134,134,134,134],"gold":192,"neow_bonus":"RANDOM_EVENT","is_prod":false,"is_daily":false,"chose_seed":false,"campfire_upgraded":9,"win_rate":0,"timestamp":1607516083,"path_taken":["M","?","M","M","?","E","?","M","T","E","?","M","M","?","R","BOSS","M","?","M","?","$","E","R","?","T","R","M","NM","M","?","R","BOSS","M","?","M","?","AVR","R","E","?","T","M","E","R","M","E","R","BOSS","M","M","?","$","R","M","R","T","?","BOSS"],"build_version":"2020-11-30","purchased_purges":5,"victory":true,"max_hp_per_floor":[74,74,74,74,74,74,74,74,74,74,74,74,74,74,74,78,78,78,78,78,78,78,78,78,78,78,78,78,85,85,85,85,89,89,89,106,109,109,109,109,109,112,112,115,118,118,121,124,124,124,124,127,127,127,134,134,134,134,134,134],"relic_stats":{"Strange Spoon":[2],"Dream Catcher":1,"Gremlin Horn":[14,25],"counters":[32,49],"Tiny Chest":2,"Snake Skull":[389],"Nloth\u0027s Gift":16,"Bag of Preparation":[38],"Question Card":49,"obtain_stats":[{"ShockBauble":58,"Gremlin Horn":50,"Vajra":22,"DemoMod:GlassGuonStoneRelic":1,"trackpad:ByrdBGone":35,"aspiration:PoetsPen_weak":45,"BirthdayGift-Icosahedron":60,"halation:StarCompass":0,"infinitespire:ShieldingShard":19,"jedi:paperlyon":34,"qcfpunch:Red_Gi":26,"Strawberry":29,"trackpad:CultistFigurine":38,"Replay:Wax Seal":52,"ImportantClient":16,"Girya":44,"paleoftheancients:KeyRelic":50,"hubris:Teleporter":42,"Dodecahedron":22,"DemoMod:Orange":36,"hubris:DuctTape":54,"trackpad:SappingStone":22,"SpikesRelics:SneckoPlush":39,"Question Card":1,"paleoftheancients:Timepiece":50,"Replay:Baseball":26,"halation:Jellyphish":38,"halation:PenCase":48,"CultistMask":50,"Nloth\u0027s Gift":0,"paleoftheancients:SoulOfTheSilent":52,"ArrowTower":16,"StuffTheSpire:OldFever":2,"Ring of the Serpent":12,"Abe\u0027s Treasure":41,"CrustySpines":50,"WizardHat":41,"DaveBox":0,"Gensokyo:NagashiBinaDoll":14,"Snake Skull":19,"Bag of Preparation":23,"Dream Catcher":38,"Chameleon Ring":43,"trackpad:FieryHotPepper":1,"paleoftheancients:SoulOfTheGuardian":51,"Tiny Chest":6,"Ring of the Snake":0,"JellyFishMachine":56,"Circlet":12,"SuspiciousGoo":33,"ShadowXiaoBlade":17,"Replay:WaspNest":38,"The Courier":45,"vexMod:FocusSash":51,"vexMod:Dragonfruit":36,"Strange Spoon":38,"Pondfish Scales":10,"CaptainsWheel":25,"vexMod:BarristanHead":48,"HaiYi:Twilight":47,"FeatherPendant":0,"jedi:ominousloannote":54,"Snack Pack":9,"FossilizedHelix":21},{"ShockBauble":31,"Gremlin Horn":28,"Vajra":13,"DemoMod:GlassGuonStoneRelic":1,"trackpad:ByrdBGone":20,"aspiration:PoetsPen_weak":24,"BirthdayGift-Icosahedron":31,"halation:StarCompass":0,"infinitespire:ShieldingShard":12,"jedi:paperlyon":19,"qcfpunch:Red_Gi":15,"Strawberry":17,"trackpad:CultistFigurine":21,"Replay:Wax Seal":29,"ImportantClient":11,"Girya":23,"paleoftheancients:KeyRelic":28,"hubris:Teleporter":22,"Dodecahedron":13,"DemoMod:Orange":20,"hubris:DuctTape":30,"trackpad:SappingStone":13,"SpikesRelics:SneckoPlush":21,"Question Card":1,"paleoftheancients:Timepiece":28,"Replay:Baseball":15,"halation:Jellyphish":21,"halation:PenCase":27,"CultistMask":28,"Nloth\u0027s Gift":0,"paleoftheancients:SoulOfTheSilent":30,"ArrowTower":11,"StuffTheSpire:OldFever":1,"Ring of the Serpent":9,"Abe\u0027s Treasure":21,"CrustySpines":27,"WizardHat":22,"DaveBox":0,"Gensokyo:NagashiBinaDoll":10,"Snake Skull":12,"Bag of Preparation":14,"Dream Catcher":21,"Chameleon Ring":23,"trackpad:FieryHotPepper":1,"paleoftheancients:SoulOfTheGuardian":29,"Tiny Chest":5,"Ring of the Snake":0,"JellyFishMachine":30,"Circlet":9,"SuspiciousGoo":19,"ShadowXiaoBlade":11,"Replay:WaspNest":21,"The Courier":25,"vexMod:FocusSash":28,"vexMod:Dragonfruit":20,"Strange Spoon":21,"Pondfish Scales":7,"CaptainsWheel":15,"vexMod:BarristanHead":26,"HaiYi:Twilight":25,"FeatherPendant":0,"jedi:ominousloannote":30,"Snack Pack":6,"FossilizedHelix":13},{"ShockBauble":47,"Gremlin Horn":43,"Vajra":25,"DemoMod:GlassGuonStoneRelic":3,"trackpad:ByrdBGone":33,"aspiration:PoetsPen_weak":38,"BirthdayGift-Icosahedron":47,"halation:StarCompass":0,"infinitespire:ShieldingShard":23,"jedi:paperlyon":31,"qcfpunch:Red_Gi":27,"Strawberry":29,"trackpad:CultistFigurine":34,"Replay:Wax Seal":44,"ImportantClient":22,"Girya":37,"paleoftheancients:KeyRelic":43,"hubris:Teleporter":36,"Dodecahedron":25,"DemoMod:Orange":33,"hubris:DuctTape":45,"trackpad:SappingStone":25,"SpikesRelics:SneckoPlush":34,"Question Card":3,"paleoftheancients:Timepiece":43,"Replay:Baseball":27,"halation:Jellyphish":34,"halation:PenCase":41,"CultistMask":43,"Nloth\u0027s Gift":0,"paleoftheancients:SoulOfTheSilent":45,"ArrowTower":22,"StuffTheSpire:OldFever":3,"Ring of the Serpent":19,"Abe\u0027s Treasure":34,"CrustySpines":41,"WizardHat":36,"DaveBox":0,"Gensokyo:NagashiBinaDoll":20,"Snake Skull":23,"Bag of Preparation":26,"Dream Catcher":34,"Chameleon Ring":37,"trackpad:FieryHotPepper":3,"paleoftheancients:SoulOfTheGuardian":44,"Tiny Chest":10,"Ring of the Snake":0,"JellyFishMachine":45,"Circlet":19,"SuspiciousGoo":31,"ShadowXiaoBlade":22,"Replay:WaspNest":34,"The Courier":39,"vexMod:FocusSash":43,"vexMod:Dragonfruit":33,"Strange Spoon":34,"Pondfish Scales":13,"CaptainsWheel":27,"vexMod:BarristanHead":40,"HaiYi:Twilight":39,"FeatherPendant":0,"jedi:ominousloannote":45,"Snack Pack":11,"FossilizedHelix":25}],"Ring of the Snake":[60]},"card_choices":[{"not_picked":["jedi:unstablefumes","StuffTheSpire:Injection"],"picked":"Tools of the Trade","floor":1.0},{"not_picked":["jedi:pocketpoison","StuffTheSpire:Python","Bouncing Flask"],"picked":"Blade Dance","floor":2.0},{"not_picked":["StuffTheSpire:Python","Escape Plan","Deflect"],"picked":"conspire:PoisonWeapons","floor":3.0},{"not_picked":["Acrobatics","Underhanded Strike","StuffTheSpire:BumpUp"],"picked":"A Thousand Cuts","floor":4.0},{"not_picked":["ReplayTheSpireMod:The Works","Deflect","MostiFishMod:PoisonShield"],"picked":"Bouncing Flask","floor":5.0},{"not_picked":["Heel Hook","Endless Agony","MostiFishMod:HiddenBlade","Malaise"],"picked":"SKIP","floor":6.0},{"not_picked":["jedi:pocketpoison","Underhanded Strike","Hidden Blade"],"picked":"StuffTheSpire:Python","floor":8.0},{"not_picked":["StuffTheSpire:DoubleShiv","Reflex","Poisoned Stab"],"picked":"MostiFishMod:ShivMaster","floor":10.0},{"not_picked":["ReplayTheSpireMod:Tripwire","Flying Knee","PiercingWail","conspire:PoisonWeapons"],"picked":"SKIP","floor":11.0},{"not_picked":["MostiFishMod:PerfectParry","Blade Dance","Grand Finale","Prepared"],"picked":"SKIP","floor":12.0},{"not_picked":["Hidden Blade","Masterful Stab","Acrobatics","StuffTheSpire:ClusterCrunch"],"picked":"SKIP","floor":13.0},{"not_picked":["A Thousand Cuts","Phantasmal Killer","Unload"],"picked":"MostiFishMod:Neurotoxin","floor":16.0},{"not_picked":["StuffTheSpire:Fury","Dagger Throw","Outmaneuver+1"],"picked":"Dagger Spray","floor":18.0},{"not_picked":["hubris:Counter+1","Deadly Poison+1","StuffTheSpire:Fury+1"],"picked":"Replay:Poison Smokescreen+1","floor":20.0},{"not_picked":["ReplayTheSpireMod:Necrosis","jedi:collectorvenom","MostiFishMod:PoisonShield+1","MostiFishMod:SpreadingSpore"],"picked":"SKIP","floor":23.0},{"not_picked":["Underhanded Strike","Setup","Quick Slash","Deflect"],"picked":"SKIP","floor":25.0},{"not_picked":["Endless Agony+1","Flying Knee","Concentrate","Bouncing Flask"],"picked":"SKIP","floor":28.0},{"not_picked":["Replay:Bag of Tricks","Cloak And Dagger","Deflect","jedi:studyshivs"],"picked":"SKIP","floor":29.0},{"not_picked":["Hidden Blade","hubris:SlightOfHand","StuffTheSpire:Injection","StuffTheSpire:MirrorStance"],"picked":"SKIP","floor":30.0},{"not_picked":["Grand Finale","StuffTheSpire:FinalStruggle","Glass Knife"],"picked":"MostiFishMod:AdrenalineArouse","floor":33.0},{"not_picked":["Corpse Explosion","StuffTheSpire:Python+1","Leg Sweep+1","Poisoned Stab"],"picked":"SKIP","floor":35.0},{"not_picked":["Deadly Poison+1","Outmaneuver","Prepared+1"],"picked":"Catalyst+1","floor":37.0},{"not_picked":["Replay:Bag of Tricks","Quick Slash","Pace+1"],"picked":"Choke+1","floor":41},{"not_picked":["Hidden Blade+1","Dagger Throw+1","ReplayTheSpireMod:The Works","StuffTheSpire:Incursion"],"picked":"SKIP","floor":42},{"not_picked":["StuffTheSpire:BumpUp","Leg Sweep+1","Distraction+1","ReplayTheSpireMod:Shiv Toss"],"picked":"SKIP","floor":44},{"not_picked":["Deadly Poison","Corpse Explosion","StuffTheSpire:Injection+1"],"picked":"Toxin Wave+1","floor":45},{"not_picked":["StuffTheSpire:Injection+1","Skewer+1","hubris:SlightOfHand"],"picked":"After Image","floor":47},{"not_picked":["Riddle With Holes","Escape Plan+1","conspire:PoisonWeapons","MostiFishMod:PerfectParry+1"],"picked":"SKIP","floor":48},{"not_picked":["MostiFishMod:PerfectParry","Dagger Spray+1","Expertise","Deadly Poison"],"picked":"SKIP","floor":51},{"not_picked":["MostiFishMod:ThornCasing","StuffTheSpire:Injection+1","hubris:SlightOfHand+1","hubris:Counter"],"picked":"SKIP","floor":52},{"not_picked":["hubris:TrickCloak","MostiFishMod:PoisonShield","Replay:Bag of Tricks","StuffTheSpire:BumpUp+1"],"picked":"SKIP","floor":56}],"player_experience":233790,"relics_obtained":[{"floor":1.0,"key":"trackpad:FieryHotPepper"},{"floor":1.0,"key":"Question Card"},{"floor":2.0,"key":"StuffTheSpire:OldFever"},{"floor":6.0,"key":"Tiny Chest"},{"floor":9.0,"key":"Snack Pack"},{"floor":10.0,"key":"Pondfish Scales"},{"floor":16.0,"key":"ArrowTower"},{"floor":16.0,"key":"ImportantClient"},{"floor":19.0,"key":"infinitespire:ShieldingShard"},{"floor":19.0,"key":"Snake Skull"},{"floor":23.0,"key":"Bag of Preparation"},{"floor":25.0,"key":"CaptainsWheel"},{"floor":26.0,"key":"Replay:Baseball"},{"floor":26.0,"key":"qcfpunch:Red_Gi"},{"floor":29.0,"key":"Strawberry"},{"floor":33.0,"key":"SuspiciousGoo"},{"floor":35.0,"key":"trackpad:ByrdBGone"},{"floor":36.0,"key":"DemoMod:Orange"},{"floor":36.0,"key":"vexMod:Dragonfruit"},{"floor":41,"key":"WizardHat"},{"floor":43,"key":"Chameleon Ring"},{"floor":45,"key":"The Courier"},{"floor":48,"key":"halation:PenCase"},{"floor":51,"key":"paleoftheancients:SoulOfTheGuardian"},{"floor":52,"key":"paleoftheancients:SoulOfTheSilent"},{"floor":56,"key":"paleoftheancients:SoulOfTheHexaghost"},{"floor":58,"key":"ShockBauble"}],"event_choices":[{"damage_healed":0,"gold_gain":0,"player_choice":"Leave","damage_taken":0,"max_hp_gain":0,"max_hp_loss":0,"event_name":"conspire:Investor","floor":53,"gold_loss":0}],"is_beta":false,"boss_relics":[{"not_picked":["vexMod:ImprovementManual","EE1DDrone"],"picked":"ShadowXiaoBlade"},{"not_picked":["Runic Dome","Ring of Chaos"],"picked":"jedi:paperlyon"}],"items_purged_floors":[22,38,39,54,54],"is_endless":false,"potions_floor_spawned":[5,6,11,12,13,18,20,30,42,45,60],"ascension_level":0}}