{"host":"dekhxjxhillho72f","time":1607530936,"event":{"gold_per_floor":[109,120,138,153,164,164,194,48,119,154,184,200,280,293,293,394,394,410,410,459,493,520,520,555,572,619,619,619],"floor_reached":27,"playtime":1604,"items_purged":[],"score":249,"play_id":"322a8a77-e30a-4435-8132-8abdd9a0c418","local_time":"20201209172216","is_ascension_mode":false,"campfire_choices":[{"data":"hermit:Magnum","floor":6,"key":"SMITH"},{"data":"hermit:Brawl","floor":15,"key":"SMITH"},{"data":"hermit:Dive","floor":23,"key":"SMITH"}],"neow_cost":"NONE","seed_source_timestamp":6409250712450,"circlet_count":0,"master_deck":["hermit:Strike_Hermit","hermit:Strike_Hermit","hermit:Strike_Hermit","hermit:Strike_Hermit","hermit:Defend_Hermit","hermit:Defend_Hermit","hermit:Defend_Hermit","hermit:Defend_Hermit","hermit:Snapshot","hermit:Covet","hermit:Magnum+1","hermit:Brawl+1","hermit:Headshot","hermit:Quickdraw","hermit:Quickdraw","hermit:Ricochet","hermit:Glare","hermit:Dive+1","hermit:GhostlyPresence","hermit:Headshot","hermit:Snipe","hermit:DeadOrAlive","hermit:FlashPowder+1","hermit:TrackingShot+1","hermit:Combo+1","hermit:Deadeye"],"relics":["hermit:Momento","ReplayTheSpireMod:TigerMarble","Toy Ornithopter","ReplayTheSpireMod:Ninjato","StoneCalendar","Snecko Eye","Pocketwatch","Tiny Chest","Strawberry"],"potions_floor_usage":[11,11,16,24,24],"damage_taken":[{"damage":1,"enemies":"Cultist","floor":1,"turns":3},{"damage":1,"enemies":"Jaw Worm","floor":2,"turns":4},{"damage":3,"enemies":"Small Slimes","floor":3,"turns":2},{"damage":6,"enemies":"Blue Slaver","floor":4,"turns":3},{"damage":17,"enemies":"Large Slime","floor":5,"turns":6},{"damage":12,"enemies":"Gremlin Nob","floor":7,"turns":3},{"damage":8,"enemies":"Lagavulin","floor":10,"turns":3},{"damage":8,"enemies":"Exordium Thugs","floor":11,"turns":3},{"damage":0,"enemies":"Exordium Wildlife","floor":12,"turns":3},{"damage":2,"enemies":"Looter","floor":14,"turns":2},{"damage":8,"enemies":"Hexaghost","floor":16,"turns":8},{"damage":0,"enemies":"Chosen","floor":18,"turns":3},{"damage":5,"enemies":"3 Byrds","floor":21,"turns":3},{"damage":6,"enemies":"Cultist and Chosen","floor":22,"turns":4},{"damage":13,"enemies":"Slavers","floor":24,"turns":4},{"damage":10,"enemies":"3 Cultists","floor":25,"turns":5}],"seed_played":"-6703827885351207645","potions_obtained":[{"floor":3,"key":"FearPotion"},{"floor":5,"key":"LiquidBronze"},{"floor":10,"key":"DistilledChaos"},{"floor":16,"key":"PowerPotion"},{"floor":20,"key":"Swift Potion"},{"floor":20,"key":"Flashbang"},{"floor":24,"key":"Languid Potion"},{"floor":25,"key":"PowerPotion"}],"is_trial":false,"path_per_floor":["M","M","M","M","M","R","E","$","T","E","M","M","?","M","R","B",null,"M","?","?","M","M","R","E","M","T","?"],"character_chosen":"HERMIT","items_purchased":["Toy Ornithopter"],"campfire_rested":0,"item_purchase_floors":[8],"current_hp_per_floor":[74,73,70,64,47,47,35,35,35,31,33,33,33,31,31,28,75,75,75,75,70,64,64,61,51,58,58,58],"gold":619,"neow_bonus":"ONE_RANDOM_RARE_CARD","is_prod":false,"is_daily":false,"chose_seed":false,"campfire_upgraded":3,"win_rate":0.0,"timestamp":1607530936,"path_taken":["M","M","M","M","M","R","E","?","T","E","M","M","?","M","R","BOSS","M","?","?","M","M","R","E","M","T","?"],"build_version":"2020-11-30","purchased_purges":0,"victory":false,"max_hp_per_floor":[75,75,75,75,75,75,75,75,75,75,75,75,75,75,75,75,75,75,75,75,75,75,75,75,75,82,82,82],"relic_stats":{"counters":[16,59],"Snecko Eye":[42,55,30,29],"StoneCalendar":[52],"Tiny Chest":0,"obtain_stats":[{"ReplayTheSpireMod:Ninjato":9,"Strawberry":26,"Snecko Eye":17,"StoneCalendar":10,"Tiny Chest":24,"ReplayTheSpireMod:TigerMarble":7,"hermit:Momento":0,"Toy Ornithopter":8,"Pocketwatch":19},{"ReplayTheSpireMod:Ninjato":6,"Strawberry":16,"Snecko Eye":11,"StoneCalendar":7,"Tiny Chest":15,"ReplayTheSpireMod:TigerMarble":6,"hermit:Momento":0,"Toy Ornithopter":6,"Pocketwatch":12},{"ReplayTheSpireMod:Ninjato":21,"Strawberry":59,"Snecko Eye":40,"StoneCalendar":24,"Tiny Chest":54,"ReplayTheSpireMod:TigerMarble":21,"hermit:Momento":0,"Toy Ornithopter":21,"Pocketwatch":43}],"Toy Ornithopter":25,"Pocketwatch":[15]},"card_choices":[{"not_picked":["hermit:Roulette","hermit:Desperado"],"picked":"hermit:Brawl","floor":1},{"not_picked":["hermit:Cheat","hermit:Malice"],"picked":"hermit:Headshot","floor":2},{"not_picked":["hermit:TrackingShot","hermit:SprayPray"],"picked":"hermit:Quickdraw","floor":3},{"not_picked":["hermit:LuckOfTheDraw","hermit:Vantage"],"picked":"hermit:Quickdraw","floor":4},{"not_picked":["hermit:Misfire","hermit:CalledShot"],"picked":"hermit:Ricochet","floor":5},{"not_picked":["hermit:BlackWind","hermit:Roulette"],"picked":"hermit:Glare","floor":7},{"not_picked":["hermit:Coalescence","hermit:ItchyTrigger"],"picked":"hermit:Dive","floor":10},{"not_picked":["hermit:Dive","hermit:CursedWeapon"],"picked":"hermit:GhostlyPresence","floor":11},{"not_picked":["hermit:Feint","hermit:LowProfile"],"picked":"hermit:Headshot","floor":12},{"not_picked":["hermit:Desperado","hermit:Enervate"],"picked":"hermit:Snipe","floor":14},{"not_picked":["hermit:Roughhouse","hermit:EternalForm"],"picked":"hermit:DeadOrAlive","floor":16},{"not_picked":["hermit:Misfire","hermit:LoneWolf"],"picked":"hermit:FlashPowder+1","floor":18},{"not_picked":["hermit:SprayPray","hermit:ItchyTrigger+1","hermit:GoldenBullet"],"picked":"SKIP","floor":21},{"not_picked":["hermit:Cheat+1","hermit:Enervate"],"picked":"hermit:TrackingShot+1","floor":22},{"not_picked":["hermit:Coalescence","hermit:TrackingShot"],"picked":"hermit:Combo","floor":24},{"not_picked":["hermit:Gestalt","hermit:Spite"],"picked":"hermit:Deadeye","floor":25}],"player_experience":238063,"relics_obtained":[{"floor":7,"key":"ReplayTheSpireMod:TigerMarble"},{"floor":9,"key":"ReplayTheSpireMod:Ninjato"},{"floor":10,"key":"StoneCalendar"},{"floor":24,"key":"Tiny Chest"},{"floor":26,"key":"Strawberry"}],"event_choices":[{"damage_healed":0,"gold_gain":80,"player_choice":"Gained Gold","damage_taken":0,"max_hp_gain":0,"max_hp_loss":0,"event_name":"Golden Wing","floor":13,"gold_loss":0},{"damage_healed":0,"gold_gain":0,"player_choice":"Forge","damage_taken":0,"max_hp_gain":0,"max_hp_loss":0,"event_name":"Accursed Blacksmith","floor":27,"gold_loss":0,"cards_upgraded":["hermit:Combo"]}],"is_beta":false,"boss_relics":[{"not_picked":["Ring of Chaos","Replay:Bronze Core"],"picked":"Snecko Eye"}],"items_purged_floors":[],"is_endless":false,"potions_floor_spawned":[3,5,10,16,24,25],"ascension_level":0}}