{"host":"buuozll9zukolitn","time":1607517184,"event":{"gold_per_floor":[109,122,122,122,140,181,181,465,533,559,559,583,19,57,57,168,168,194,194,220,220,220],"floor_reached":21,"playtime":918,"items_purged":[],"score":274,"play_id":"2f36ee4d-533b-4caa-a4a0-bb290f8cbd14","local_time":"20201209133304","is_ascension_mode":true,"campfire_choices":[{"floor":7,"key":"REST"},{"data":"Body Slam","floor":11,"key":"SMITH"},{"data":"Apotheosis","floor":15,"key":"SMITH"}],"neow_cost":"NONE","seed_source_timestamp":358140030663900,"circlet_count":0,"master_deck":["Strike_R","Strike_R","Strike_R","Defend_R","Defend_R","Defend_R","Defend_R","Bash+1","Shrug It Off","Body Slam+1","Clash","Entrench","Regret","Twin Strike","Armaments","Apotheosis+1","Impervious+1","Demon Form","Clothesline","Infernal Blade+1"],"relics":["Black Blood","CeramicFish","Ornamental Fan","Toxic Egg 2","Sling","Strawberry","CultistMask"],"potions_floor_usage":[6,12,16,20],"damage_taken":[{"damage":3,"enemies":"2 Louse","floor":1,"turns":3},{"damage":8,"enemies":"Small Slimes","floor":2,"turns":4},{"damage":0,"enemies":"Cultist","floor":5,"turns":3},{"damage":22,"enemies":"3 Sentries","floor":6,"turns":11},{"damage":12,"enemies":"2 Fungi Beasts","floor":10,"turns":4},{"damage":19,"enemies":"Red Slaver","floor":12,"turns":4},{"damage":19,"enemies":"Gremlin Nob","floor":14,"turns":3},{"damage":47,"enemies":"The Guardian","floor":16,"turns":11},{"damage":47,"enemies":"3 Byrds","floor":18,"turns":8},{"damage":18,"enemies":"Spheric Guardian","floor":20,"turns":6},{"damage":28,"enemies":"Snecko","floor":21,"turns":6}],"seed_played":"8847924496610781197","potions_obtained":[{"floor":2,"key":"BlessingOfTheForge"},{"floor":6,"key":"Fire Potion"},{"floor":14,"key":"LiquidBronze"},{"floor":16,"key":"ColorlessPotion"}],"is_trial":false,"path_per_floor":["M","M","?","?","M","E","R","?","T","M","R","M","$","E","R","B",null,"M","?","M","M"],"character_chosen":"IRONCLAD","items_purchased":["Apotheosis","Toxic Egg 2","Sling"],"campfire_rested":1,"item_purchase_floors":[13,13,13],"current_hp_per_floor":[75,73,66,66,72,56,80,80,80,74,74,61,61,55,55,14,69,34,34,28,0,0],"gold":220,"neow_bonus":"UPGRADE_CARD","is_prod":false,"is_daily":false,"chose_seed":false,"campfire_upgraded":2,"win_rate":0,"timestamp":1607517184,"path_taken":["M","M","?","?","?","E","R","?","T","M","R","?","$","E","R","BOSS","M","?","M","?"],"build_version":"2020-11-30","purchased_purges":0,"victory":false,"max_hp_per_floor":[80,80,80,80,80,80,80,80,80,80,80,80,80,87,87,87,87,87,87,87,87,87],"card_choices":[{"not_picked":["Dual Wield","Perfected Strike"],"picked":"Shrug It Off","floor":1},{"not_picked":["Clash","Power Through"],"picked":"Body Slam","floor":2},{"not_picked":["True Grit","Havoc"],"picked":"Clash","floor":5},{"not_picked":["Iron Wave","Clash"],"picked":"Entrench","floor":6},{"not_picked":["Rupture","Disarm"],"picked":"Twin Strike","floor":10},{"not_picked":["Iron Wave","Shrug It Off"],"picked":"Armaments","floor":12},{"not_picked":["Twin Strike","Clash"],"picked":"Impervious+1","floor":14},{"not_picked":["Exhume+1","Juggernaut"],"picked":"Demon Form","floor":16},{"not_picked":["Clash+1","Twin Strike"],"picked":"Clothesline","floor":18},{"not_picked":["Twin Strike","Exhume+1"],"picked":"Infernal Blade+1","floor":20}],"player_experience":268022,"relics_obtained":[{"floor":6,"key":"CeramicFish"},{"floor":9,"key":"Ornamental Fan"},{"floor":14,"key":"Strawberry"}],"event_choices":[{"cards_removed":["Strike_R"],"damage_healed":0,"gold_gain":0,"player_choice":"Card Removal","damage_taken":7,"max_hp_gain":0,"max_hp_loss":0,"event_name":"Golden Wing","floor":3,"gold_loss":0},{"cards_removed":["Strike_R"],"damage_healed":0,"gold_gain":0,"player_choice":"Purged","damage_taken":0,"max_hp_gain":0,"max_hp_loss":0,"event_name":"Purifier","floor":4,"gold_loss":0},{"damage_healed":0,"gold_gain":275,"player_choice":"Desecrate","damage_taken":0,"max_hp_gain":0,"max_hp_loss":0,"event_name":"Golden Shrine","floor":8,"gold_loss":0,"cards_obtained":["Regret"]},{"damage_healed":0,"gold_gain":0,"player_choice":"Trade","damage_taken":0,"relics_obtained":["CultistMask"],"max_hp_gain":0,"max_hp_loss":0,"event_name":"FaceTrader","floor":19,"gold_loss":0}],"is_beta":false,"boss_relics":[{"not_picked":["Pandora\u0027s Box","SlaversCollar"],"picked":"Black Blood"}],"items_purged_floors":[],"is_endless":false,"potions_floor_spawned":[2,6,14,16],"killed_by":"Snecko","ascension_level":9}}