{"host":"3q9keoo8j4hzgybw","time":1607536795,"event":{"gold_per_floor":[109,184,359,359,378,406,406,421,444,219,232,232,266,282,282,379,379,391,391,408,419,439,439,439,474,499,499,499,499,517,532,532,532,532],"floor_reached":33,"playtime":1293,"items_purged":["Doubt"],"score":322,"play_id":"ee6639aa-4aeb-4729-96e1-76228b0add85","local_time":"20201209185955","is_ascension_mode":false,"campfire_choices":[{"data":"Zap","floor":7,"key":"SMITH"},{"floor":15,"key":"REST"},{"floor":24,"key":"REST"},{"floor":27,"key":"REST"},{"floor":29,"key":"REST"},{"floor":32,"key":"REST"}],"neow_cost":"NONE","seed_source_timestamp":12717447866100,"circlet_count":0,"master_deck":["Strike_B","Strike_B","Strike_B","Strike_B","Defend_B+1","Defend_B+1","Defend_B","Defend_B","Zap+1","Dualcast+1","Lockon+1","Loop","FTL","Melter","Coolheaded","Rip and Tear+1","Conserve Battery+1","Stack+1","Blind","Beam Cell+1","Lockon"],"relics":["Cracked Core","NeowsBlessing","Boot","Potion Belt","Toy Ornithopter","Incense Burner","Busted Crown","War Paint","Pen Nib"],"potions_floor_usage":[16,16,23,23,33],"damage_taken":[{"damage":0,"enemies":"Cultist","floor":1,"turns":1},{"damage":0,"enemies":"2 Louse","floor":5,"turns":1},{"damage":0,"enemies":"Lagavulin","floor":6,"turns":1},{"damage":0,"enemies":"Small Slimes","floor":8,"turns":3},{"damage":0,"enemies":"Blue Slaver","floor":11,"turns":2},{"damage":19,"enemies":"3 Sentries","floor":13,"turns":6},{"damage":14,"enemies":"2 Fungi Beasts","floor":14,"turns":3},{"damage":19,"enemies":"The Guardian","floor":16,"turns":10},{"damage":7,"enemies":"Shell Parasite","floor":18,"turns":5},{"damage":27,"enemies":"2 Thieves","floor":20,"turns":4},{"damage":14,"enemies":"Centurion and Healer","floor":21,"turns":5},{"damage":9,"enemies":"Cultist and Chosen","floor":22,"turns":5},{"damage":36,"enemies":"Gremlin Leader","floor":23,"turns":8},{"damage":22,"enemies":"Book of Stabbing","floor":25,"turns":5},{"damage":3,"enemies":"3 Cultists","floor":30,"turns":6},{"damage":9,"enemies":"Snecko","floor":31,"turns":5},{"damage":69,"enemies":"Champ","floor":33,"turns":8}],"seed_played":"-8336416550162167771","potions_obtained":[{"floor":5,"key":"Regen Potion"},{"floor":6,"key":"SmokeBomb"},{"floor":13,"key":"Explosive Potion"},{"floor":18,"key":"Regen Potion"},{"floor":31,"key":"Regen Potion"}],"is_trial":false,"path_per_floor":["M","?","?","?","M","E","R","M","T","$","M","?","E","M","R","B",null,"M","?","M","M","M","E","R","E","T","R","?","R","M","M","R","B"],"character_chosen":"DEFECT","items_purchased":["Toy Ornithopter"],"campfire_rested":5,"item_purchase_floors":[10],"current_hp_per_floor":[75,64,64,49,49,49,49,49,49,49,49,49,30,16,38,44,75,68,68,41,27,18,7,29,7,7,29,17,39,36,27,49,0,0],"gold":532,"neow_bonus":"THREE_ENEMY_KILL","is_prod":false,"is_daily":false,"chose_seed":false,"campfire_upgraded":1,"win_rate":0.0,"timestamp":1607536795,"path_taken":["M","?","?","?","M","E","R","M","T","?","M","?","E","M","R","BOSS","M","?","M","M","?","E","R","E","T","R","?","R","?","M","R","BOSS"],"build_version":"2020-11-30","purchased_purges":1,"victory":false,"max_hp_per_floor":[75,75,75,75,75,75,75,75,75,75,75,75,75,75,75,75,75,75,75,75,75,75,75,75,75,75,75,75,75,75,75,75,75,75],"card_choices":[{"not_picked":["Gash","Cold Snap"],"picked":"Lockon","floor":1},{"not_picked":["Coolheaded","Streamline","Static Discharge"],"picked":"SKIP","floor":5},{"not_picked":["Tempest","Heatsinks"],"picked":"Loop","floor":6},{"not_picked":["Scrape","Gash"],"picked":"FTL","floor":8},{"not_picked":["Streamline","Reinforced Body"],"picked":"Melter","floor":11},{"not_picked":["Consume","Streamline","Blizzard"],"picked":"SKIP","floor":13},{"not_picked":["Force Field","Tempest"],"picked":"Coolheaded","floor":14},{"not_picked":[],"picked":"Rip and Tear+1","floor":18},{"not_picked":[],"picked":"Conserve Battery+1","floor":20},{"not_picked":["Coolheaded"],"picked":"SKIP","floor":21},{"not_picked":["Beam Cell"],"picked":"SKIP","floor":22},{"not_picked":[],"picked":"Stack+1","floor":25},{"not_picked":[],"picked":"Beam Cell+1","floor":30},{"not_picked":[],"picked":"Lockon","floor":31}],"player_experience":52460,"relics_obtained":[{"floor":6,"key":"Boot"},{"floor":9,"key":"Potion Belt"},{"floor":13,"key":"Incense Burner"},{"floor":25,"key":"War Paint"},{"floor":26,"key":"Pen Nib"}],"event_choices":[{"damage_healed":0,"gold_gain":75,"player_choice":"Gather Gold","damage_taken":11,"max_hp_gain":0,"max_hp_loss":0,"event_name":"World of Goop","floor":2,"gold_loss":0},{"damage_healed":0,"gold_gain":175,"player_choice":"AGREE","damage_taken":0,"max_hp_gain":0,"max_hp_loss":0,"event_name":"Liars Game","floor":3,"gold_loss":0,"cards_obtained":["Doubt"]},{"damage_healed":0,"gold_gain":0,"player_choice":"Entered Light","damage_taken":15,"max_hp_gain":0,"max_hp_loss":0,"event_name":"Shining Light","floor":4,"gold_loss":0,"cards_upgraded":["Defend_B","Lockon"]},{"damage_healed":0,"gold_gain":0,"player_choice":"Ignored","damage_taken":0,"max_hp_gain":0,"max_hp_loss":0,"event_name":"Transmorgrifier","floor":12,"gold_loss":0},{"damage_healed":0,"gold_gain":0,"player_choice":"Bought 0 Potions","damage_taken":0,"max_hp_gain":0,"max_hp_loss":0,"event_name":"The Woman in Blue","floor":19,"gold_loss":0},{"damage_healed":0,"gold_gain":0,"player_choice":"CARD ","damage_taken":12,"max_hp_gain":0,"max_hp_loss":0,"event_name":"Knowing Skull","floor":28,"potions_obtained":[],"gold_loss":0,"cards_obtained":["Blind"]}],"is_beta":false,"boss_relics":[{"not_picked":["Sozu","Runic Dome"],"picked":"Busted Crown"}],"items_purged_floors":[10],"is_endless":false,"potions_floor_spawned":[5,6,13,18,23,31],"killed_by":"Champ","ascension_level":0}}