{"host":"v0kr0xkqfgnh389p","time":1607552990,"event":{"gold_per_floor":[117,292,310,310,328,363,363,381,381,421,159,159,159,204,204,210,210],"floor_reached":16,"playtime":368,"items_purged":["Strike_P"],"score":116,"play_id":"f569fea5-2bcd-4154-b15f-d926a0e5ed4e","local_time":"20201209172950","is_ascension_mode":true,"campfire_choices":[{"floor":7,"key":"RECALL"},{"floor":12,"key":"REST"},{"floor":15,"key":"REST"}],"neow_cost":"NONE","seed_source_timestamp":28817133432100,"circlet_count":0,"master_deck":["Strike_P","Strike_P","Strike_P","Defend_P","Defend_P","Defend_P","Defend_P","Eruption","Vigilance","Doubt","BattleHymn","infinitespire:Oblivion+1","Protect","Halt","Wish","LikeWater"],"relics":["PureWater","NeowsBlessing","Replay:Bandana","Oddly Smooth Stone","MerchantsRug"],"potions_floor_usage":[6],"damage_taken":[{"damage":0,"enemies":"Jaw Worm","floor":1,"turns":1},{"damage":0,"enemies":"Small Slimes","floor":3,"turns":1},{"damage":0,"enemies":"2 Louse","floor":5,"turns":1},{"damage":13,"enemies":"Gremlin Nob","floor":6,"turns":3},{"damage":0,"enemies":"2 Fungi Beasts","floor":8,"turns":4},{"damage":34,"enemies":"Lagavulin","floor":10,"turns":4},{"damage":12,"enemies":"Looter","floor":14,"turns":3},{"damage":64,"enemies":"The Guardian","floor":16,"turns":2}],"seed_played":"829719598241390004","potions_obtained":[{"floor":3,"key":"LiquidMemories"},{"floor":8,"key":"SteroidPotion"},{"floor":10,"key":"LiquidBronze"}],"is_trial":false,"path_per_floor":["M","?","M","?","M","E","R","M","T","E","$","R","?","M","R","B"],"character_chosen":"WATCHER","items_purchased":["MerchantsRug","LikeWater"],"campfire_rested":2,"item_purchase_floors":[11,11],"current_hp_per_floor":[72,72,72,54,54,41,41,41,41,7,7,28,28,16,37,0,0],"gold":210,"neow_bonus":"THREE_ENEMY_KILL","is_prod":false,"is_daily":false,"chose_seed":false,"campfire_upgraded":0,"win_rate":0,"timestamp":1607552990,"path_taken":["M","?","M","?","M","E","R","M","T","E","$","R","?","M","R","BOSS"],"build_version":"2020-11-30","purchased_purges":1,"victory":false,"max_hp_per_floor":[72,72,72,72,72,72,72,72,72,72,72,72,72,72,72,72,72],"card_choices":[{"not_picked":["ClearTheMind","SashWhip","Crescendo"],"picked":"SKIP","floor":1},{"not_picked":["Consecrate","Wallop"],"picked":"BattleHymn","floor":3},{"not_picked":["infinitespire:SealOfDarkness+","ReplayTheSpireMod:Echoes of Time"],"picked":"infinitespire:Oblivion","floor":4},{"not_picked":["Swivel","Pray"],"picked":"Protect","floor":5},{"not_picked":["Swivel","CrushJoints","Fasting2"],"picked":"SKIP","floor":6},{"not_picked":["Evaluate","FearNoEvil"],"picked":"Halt","floor":8},{"not_picked":["Replay:ManipulateFuture","Weave"],"picked":"Wish","floor":10},{"not_picked":["CutThroughFate","Protect","SignatureMove"],"picked":"SKIP","floor":14}],"player_experience":676142,"relics_obtained":[{"floor":6,"key":"Replay:Bandana"},{"floor":10,"key":"Oddly Smooth Stone"}],"event_choices":[{"damage_healed":0,"gold_gain":175,"player_choice":"AGREE","damage_taken":0,"max_hp_gain":0,"max_hp_loss":0,"event_name":"Liars Game","floor":2,"gold_loss":0,"cards_obtained":["Doubt"]}],"is_beta":false,"boss_relics":[],"items_purged_floors":[11],"is_endless":false,"potions_floor_spawned":[3,8,10],"killed_by":"The Guardian","ascension_level":1}}