{"host":"zaewvcigpm0efuvp","time":1607526337,"event":{"gold_per_floor":[118,118,130,116,116,116,156,156,202,202,55,78,118,118,118,118,118],"floor_reached":16,"playtime":726,"items_purged":[],"score":106,"play_id":"3f027350-4d57-4aa5-adfa-d3381b0b551f","local_time":"20201209160537","is_ascension_mode":false,"campfire_choices":[{"data":"Double Tap","floor":6,"key":"SMITH"},{"data":"Flex","floor":8,"key":"SMITH"},{"data":"Searing Blow","floor":15,"key":"SMITH"}],"neow_cost":"NONE","seed_source_timestamp":717939025449600,"circlet_count":0,"master_deck":["Strike_R","Strike_R","Strike_R","Defend_R","Defend_R","Defend_R","Defend_R","Bash","hubris:CleavingFinish","StuffTheSpire:Incineration","Flex+1","conspire:ExplosiveBarrier","conspire:DoublingDagger","Strike_G","Poisoned Stab","Searing Blow+1","ReplayReversal","Injury"],"relics":["Burning Blood","HushsDoor","KeepersGift","aspiration:Nostalgia","Memoryfragments_purpleEX","Dota2Spire:MonkeyKingBar","Golden Idol","CCEMRelics:D6","Centennial Puzzle","HollowMod:PaleOreRelic","Self Forming Clay","Toxic Egg 2"],"potions_floor_usage":[16],"damage_taken":[{"damage":0,"enemies":"Cultist","floor":1,"turns":2},{"damage":5,"enemies":"2 Louse","floor":3,"turns":2},{"damage":45,"enemies":"Lagavulin","floor":7,"turns":4},{"damage":0,"enemies":"Small Slimes","floor":9,"turns":9},{"damage":0,"enemies":"Small Slimes","floor":12,"turns":2},{"damage":16,"enemies":"Gremlin Nob","floor":13,"turns":3},{"damage":28,"enemies":"Fading Forest","floor":16,"turns":7}],"seed_played":"1244369971316902806","potions_obtained":[{"floor":1,"key":"jedi:wingpotion"},{"floor":13,"key":"Fruit Juice"}],"is_trial":false,"path_per_floor":["M","T","M","$","?","R","E","R","MIM","?","$","M","E","?","R","B"],"character_chosen":"IRONCLAD","items_purchased":["Double Tap","HollowMod:PaleOreRelic"],"campfire_rested":0,"item_purchase_floors":[4,11],"current_hp_per_floor":[80,80,80,80,60,60,21,21,27,27,27,33,23,23,23,0,0],"gold":118,"neow_bonus":"NOSTALGIA","is_prod":false,"is_daily":false,"chose_seed":false,"campfire_upgraded":3,"win_rate":0.0,"timestamp":1607526337,"path_taken":["M","?","?","$","?","R","E","R","MIM","?","?","?","E","?","R","BOSS"],"build_version":"2020-11-30","purchased_purges":0,"victory":false,"max_hp_per_floor":[80,80,80,80,80,80,80,80,80,80,80,80,80,80,80,85,85],"card_choices":[{"not_picked":[],"picked":"ChaosCard","floor":0},{"not_picked":["Battle Trance","Juggernaut"],"picked":"hubris:CleavingFinish","floor":1},{"not_picked":["Feel No Pain","Pommel Strike"],"picked":"StuffTheSpire:Incineration","floor":3},{"not_picked":["Perfected Strike","jedi:MakeshiftSword"],"picked":"Flex","floor":7},{"not_picked":["Combust","Anger"],"picked":"conspire:ExplosiveBarrier","floor":9},{"not_picked":["StuffTheSpire:RockThrow","Pommel Strike"],"picked":"Searing Blow","floor":12},{"not_picked":["Headbutt","Dual Wield"],"picked":"ReplayReversal","floor":13}],"player_experience":5189,"relics_obtained":[{"floor":2,"key":"Dota2Spire:MonkeyKingBar"},{"floor":7,"key":"CCEMRelics:D6"},{"floor":9,"key":"Centennial Puzzle"},{"floor":13,"key":"Self Forming Clay"}],"event_choices":[{"damage_healed":0,"gold_gain":0,"player_choice":"Take Damage","damage_taken":20,"relics_obtained":["Golden Idol"],"max_hp_gain":0,"max_hp_loss":0,"event_name":"Golden Idol","floor":5,"gold_loss":0}],"is_beta":false,"boss_relics":[],"items_purged_floors":[],"is_endless":false,"potions_floor_spawned":[1,13],"killed_by":"Fading Forest","ascension_level":0}}