{"host":"vbpsgjg8f7u53q3b","time":1607519744,"event":{"gold_per_floor":[113,113,113,113,132,166,72,72,98,111,125,155,155,155,155,253,253,235,235,235,235,235,235,235],"floor_reached":23,"playtime":1263,"items_purged":[],"score":195,"play_id":"a93ee464-e713-4aa5-9f2f-6fb299df452e","local_time":"20201209141544","is_ascension_mode":false,"campfire_choices":[{"floor":8,"key":"REST"},{"floor":13,"key":"REST"},{"data":"Koishi:StingingMind","floor":15,"key":"SMITH"}],"neow_cost":"NONE","seed_source_timestamp":652220941235700,"circlet_count":0,"master_deck":["Koishi:BasicStrike","Koishi:BasicStrike","Koishi:BasicStrike","Koishi:BasicStrike","Koishi:BasicDefend","Koishi:BasicDefend","Koishi:BasicDefend","Koishi:BasicDefend","Koishi:Provoke","Koishi:HauntingSlash","Koishi:JumpScare","Koishi:StingingMind+1","Koishi:PhantomBarrier","Koishi:TremblingHands","Koishi:CatchAndRose","Koishi:CatchAndRose","Koishi:Prune","Koishi:EmbryosDream","StuffTheSpire:Ambrosia","Koishi:ImGoingToCallYouNow","Koishi:EmbersOfLove+1","Wrath_TH","EndlessPower"],"relics":["Koishi:ImaginaryFriend","Centennial Puzzle","Toy Ornithopter","Ancient Tea Set","Replay:Towering Pillar of Hats"],"potions_floor_usage":[6,6],"damage_taken":[{"damage":7,"enemies":"Jaw Worm","floor":1,"turns":4},{"damage":1,"enemies":"Cultist","floor":5,"turns":4},{"damage":39,"enemies":"Lagavulin","floor":6,"turns":15},{"damage":2,"enemies":"Small Slimes","floor":10,"turns":4},{"damage":12,"enemies":"Blue Slaver","floor":11,"turns":4},{"damage":24,"enemies":"Gremlin Nob","floor":12,"turns":5},{"damage":19,"enemies":"Hexaghost","floor":16,"turns":11},{"damage":25,"enemies":"2 Thieves","floor":18,"turns":4},{"damage":42,"enemies":"Nightmare","floor":23,"turns":4}],"seed_played":"6999994118910015141","potions_obtained":[{"floor":1,"key":"BlessingOfTheForge"},{"floor":5,"key":"Adrenaline Potion"},{"floor":11,"key":"Strength Potion"},{"floor":16,"key":"Energy Potion"},{"floor":18,"key":"Milkshake"}],"is_trial":false,"path_per_floor":["M","?","T","?","M","E","$","R","T","M","M","E","R","?","R","B",null,"M","?","?","?","?","NM"],"character_chosen":"KOISHI","items_purchased":["Koishi:TremblingHands","Koishi:CatchAndRose"],"campfire_rested":2,"item_purchase_floors":[7,7],"current_hp_per_floor":[56,56,56,23,27,35,35,53,53,58,53,36,54,54,54,55,61,47,47,38,38,27,0,0],"gold":235,"neow_bonus":"RANDOM_COMMON_RELIC","is_prod":false,"is_daily":false,"chose_seed":false,"campfire_upgraded":1,"win_rate":0.0,"timestamp":1607519744,"path_taken":["M","?","?","?","M","E","?","R","T","M","M","E","R","?","R","BOSS","M","?","?","?","?","NM"],"build_version":"2020-11-30","purchased_purges":0,"victory":false,"max_hp_per_floor":[60,60,60,60,60,60,60,60,60,60,60,60,60,60,60,61,61,62,62,62,62,67,68,68],"relic_stats":{"Centennial Puzzle":[9],"counters":[9,54],"obtain_stats":[{"Centennial Puzzle":0,"Replay:Towering Pillar of Hats":12,"Ancient Tea Set":9,"Toy Ornithopter":6,"Koishi:ImaginaryFriend":0,"Replay:Rubber Ducky":4},{"Centennial Puzzle":0,"Replay:Towering Pillar of Hats":6,"Ancient Tea Set":3,"Toy Ornithopter":3,"Koishi:ImaginaryFriend":0,"Replay:Rubber Ducky":1},{"Centennial Puzzle":0,"Replay:Towering Pillar of Hats":35,"Ancient Tea Set":23,"Toy Ornithopter":23,"Koishi:ImaginaryFriend":0,"Replay:Rubber Ducky":4}],"Toy Ornithopter":0},"card_choices":[{"not_picked":["Koishi:EmbryosDream","Koishi:SubterraneanRose"],"picked":"Koishi:JumpScare","floor":1},{"not_picked":["Koishi:FourthEye","Koishi:ReflexRadar"],"picked":"Koishi:StingingMind","floor":5},{"not_picked":["Koishi:HeartfeltFancy","Koishi:SubterraneanRose"],"picked":"Koishi:PhantomBarrier","floor":6},{"not_picked":["Koishi:FreudianInstinct","Koishi:SpiritedAway"],"picked":"Koishi:CatchAndRose","floor":10},{"not_picked":["Koishi:UnconsciousUprising","Koishi:SpiritedAway"],"picked":"Koishi:Prune","floor":11},{"not_picked":["Koishi:FreudianInstinct","Koishi:TremblingHands"],"picked":"Koishi:EmbryosDream","floor":12},{"not_picked":["StuffTheSpire:Brawn","StuffTheSpire:Rapture"],"picked":"StuffTheSpire:Ambrosia","floor":14},{"not_picked":["Koishi:RoseHell","Koishi:MindStellarRelief"],"picked":"Koishi:ImGoingToCallYouNow","floor":16},{"not_picked":["Koishi:UnconsciousUprising","Koishi:Jaunt+1"],"picked":"Koishi:EmbersOfLove+1","floor":18}],"player_experience":63752,"relics_obtained":[{"floor":6,"key":"Toy Ornithopter"},{"floor":9,"key":"Ancient Tea Set"},{"floor":12,"key":"Replay:Towering Pillar of Hats"}],"event_choices":[{"damage_healed":0,"gold_gain":0,"player_choice":"Success","damage_taken":33,"relics_obtained":["Replay:Rubber Ducky"],"max_hp_gain":0,"max_hp_loss":0,"event_name":"Scrap Ooze","floor":4,"gold_loss":0},{"damage_healed":0,"gold_gain":0,"player_choice":"Stopped","damage_taken":9,"max_hp_gain":0,"max_hp_loss":0,"event_name":"Cursed Tome","floor":20,"gold_loss":0},{"damage_healed":0,"gold_gain":0,"player_choice":"Shed Blood","damage_taken":16,"max_hp_gain":5,"max_hp_loss":0,"event_name":"Forgotten Altar","floor":22,"gold_loss":0}],"is_beta":false,"boss_relics":[{"not_picked":["Velvet Choker","ReplayTheSpireMod:DimensionalGlitch","Kintsugi"]}],"items_purged_floors":[],"is_endless":true,"potions_floor_spawned":[1,5,11,16,18],"killed_by":"Nightmare","ascension_level":0}}