{"host":"fhq3k2nq5elnbks3","time":1607479601,"event":{"gold_per_floor":[119,119,135,147,162,162,162,162,162,101,136,151,163,244,244,347,347,347,347,48,48,48,48,48],"floor_reached":23,"playtime":4207,"items_purged":[],"score":191,"play_id":"debe5f10-0a91-44ef-9659-124c0a541f36","local_time":"20201208200641","is_ascension_mode":false,"campfire_choices":[{"data":"HollowMod:HuntersJournal","floor":6,"key":"SMITH"},{"data":"HollowMod:CloakDash","floor":8,"key":"SMITH"},{"data":"HollowMod:CycloneSlash","floor":15,"key":"SMITH"},{"data":"HollowMod:FocusHealStart","floor":23,"key":"SMITH"}],"neow_cost":"NONE","seed_source_timestamp":51766098283400,"circlet_count":0,"master_deck":["HollowMod:NailStrikeStart","HollowMod:NailStrikeStart","HollowMod:NailStrikeStart","HollowMod:NailStrikeStart","HollowMod:QuickDashStart","HollowMod:QuickDashStart","HollowMod:QuickDashStart","HollowMod:QuickDashStart","HollowMod:FocusHealStart+1","HollowMod:PogoStrike","HollowMod:CloakDash+1","HollowMod:HuntersJournal+1","HollowMod:CycloneSlash+1","Hallownest:attackAdjustingAction"],"relics":["HollowMod:VesselMask","Gatherer:AlchemyBag","CCEMRelics:CocoNut","MerchantsRug","Ectoplasm","Juzu Bracelet","Sling"],"potions_floor_usage":[],"damage_taken":[{"damage":0,"enemies":"Hallownest:monsterHuskWarrior","floor":1,"turns":3},{"damage":8,"enemies":"Hallownest:monsterHuskGuard","floor":3,"turns":5},{"damage":0,"enemies":"Hallownest:2_Baldur","floor":4,"turns":3},{"damage":10,"enemies":"Hallownest:2_Tiktiks_1_Baldur_1_Crawlid","floor":5,"turns":10},{"damage":14,"enemies":"Hallownest:eliteCrystalGuardian","floor":11,"turns":6},{"damage":0,"enemies":"Hallownest:monsterAspidMother","floor":12,"turns":5},{"damage":0,"enemies":"Hallownest:Wandering_and_Horned","floor":13,"turns":5},{"damage":71,"enemies":"Hallownest:BossBrokenVessel","floor":16,"turns":12},{"damage":30,"enemies":"Hallownest:2_Mistakes","floor":18,"turns":7},{"damage":0,"enemies":"Hallownest:3_Youths","floor":19,"turns":4},{"damage":33,"enemies":"Hallownest:monsterMisterMushroom","floor":22,"turns":9}],"seed_played":"1727833939008899601","potions_obtained":[{"floor":1,"key":"SteroidPotion"},{"floor":3,"key":"GrandPatriotsElixir:ReiMu"},{"floor":4,"key":"Block Potion"},{"floor":13,"key":"SkillPotion"},{"floor":19,"key":"BlessingOfTheForge"}],"is_trial":false,"path_per_floor":["M","?","M","M","M","R","?","R","T","$","E","M","M","$","R","B",null,"M","M","$","?","M","R"],"character_chosen":"THE_BUGKNIGHT","items_purchased":["MerchantsRug","Juzu Bracelet","Sling"],"campfire_rested":0,"item_purchase_floors":[10,20,20],"current_hp_per_floor":[75,75,73,73,75,75,75,75,80,80,66,78,80,80,80,19,80,62,72,72,72,49,49,49],"gold":48,"neow_bonus":"NOSTALGIA","is_prod":false,"is_daily":false,"chose_seed":false,"campfire_upgraded":4,"win_rate":0.0,"timestamp":1607479601,"path_taken":["M","?","M","M","M","R","?","R","T","$","E","M","M","?","R","BOSS","M","M","$","?","M","R"],"build_version":"2020-11-30","purchased_purges":0,"victory":false,"max_hp_per_floor":[75,75,75,75,75,75,75,75,80,80,80,80,80,80,80,80,80,80,80,80,80,80,80,80],"card_choices":[{"not_picked":["HollowMod:VengefulSpirit","HollowMod:ShadowDash"],"picked":"HollowMod:CloakDash","floor":1},{"not_picked":["HollowMod:InfectedAttack","HollowMod:NewJinnsSoul","HollowMod:SoulSplash"],"picked":"SKIP","floor":3},{"not_picked":["HollowMod:InfectedAttack","HollowMod:PureNailStrike"],"picked":"HollowMod:HuntersJournal","floor":4},{"not_picked":["HollowMod:WraithStrike","HollowMod:VoidDash","HollowMod:CornifersMapStart"],"picked":"SKIP","floor":5},{"not_picked":["HollowMod:DoubleDash","HollowMod:ShadowDash","HollowMod:LifebloodCocoon"],"picked":"SKIP","floor":11},{"not_picked":["HollowMod:CloakDash","HollowMod:NewJinnsSoul","HollowMod:LifebloodCocoon"],"picked":"SKIP","floor":12},{"not_picked":["HollowMod:SharpenedNail","HollowMod:DashSlash"],"picked":"HollowMod:CycloneSlash","floor":13},{"not_picked":["HollowMod:SiblingsSouls","HollowMod:MawleksShell+1","HollowMod:DreamGate"],"picked":"SKIP","floor":18},{"not_picked":["HollowMod:GoodIntentions+1","HollowMod:SiblingsSouls+1","HollowMod:PureNailStrike"],"picked":"SKIP","floor":19},{"not_picked":["HollowMod:SoulSplash","HollowMod:InfectedAttack","HollowMod:SoulShaman"],"picked":"SKIP","floor":22}],"player_experience":477220,"relics_obtained":[{"floor":9,"key":"CCEMRelics:CocoNut"},{"floor":11,"key":"Huge Egg"}],"event_choices":[],"is_beta":false,"boss_relics":[{"not_picked":["Calling Bell","aspiration:SilentSkillbook"],"picked":"Ectoplasm"}],"items_purged_floors":[],"is_endless":false,"potions_floor_spawned":[1,3,4,13,19],"ascension_level":0}}