{"host":"hjw1ay65n7jm40lc","time":1607555203,"event":{"gold_per_floor":[116,116,116,135,135,170,189,214,214,249,249,267,267,294,294,395,395,412,30,130,149,160,190,190,219,245,271,285,285,300,300,300,404,404,424,440,9,64,64,64,64,89,136,168,62,62,82,117,117,117,117,117,17,44,44],"floor_reached":56,"playtime":6502,"items_purged":["Strike_B"],"score":1474,"play_id":"576355fc-011b-40fd-8a30-dc2fbd8541b1","local_time":"20201209180643","is_ascension_mode":true,"campfire_choices":[{"floor":11.0,"key":"REST"},{"data":"Doom and Gloom","floor":13.0,"key":"SMITH"},{"data":"Coolheaded","floor":15.0,"key":"SMITH"},{"data":"Defragment","floor":24.0,"key":"SMITH"},{"floor":29.0,"key":"REST"},{"data":"Loop","floor":32.0,"key":"SMITH"},{"floor":40.0,"key":"REST"},{"floor":49.0,"key":"RECALL"},{"floor":52.0,"key":"REST"}],"neow_cost":"NONE","seed_source_timestamp":0,"circlet_count":0,"master_deck":["Strike_B+1","Defend_B","Defend_B","Defend_B","Defend_B","Zap+1","Dualcast","Doom and Gloom+1","Glacier","Cold Snap","Coolheaded+1","Glacier","Electrodynamics","Defragment+1","Loop+1","Barrage","Coolheaded","Compile Driver+1","Coolheaded+1","Barrage+1","Chaos","Blizzard","Biased Cognition","Compile Driver","Hologram+1","Panacea","Static Discharge","Echo Form","Swift Strike+1","Defragment+1","Defragment+1"],"special_seed":0,"relics":["Runic Dome","Anchor","Shuriken","Toy Ornithopter","Centennial Puzzle","Matryoshka","Philosopher\u0027s Stone","Kunai","Art of War","Juzu Bracelet","Strawberry","Oddly Smooth Stone","TungstenRod","Fusion Hammer","Membership Card","Eternal Feather","Molten Egg 2","Gambling Chip","Bronze Scales","Regal Pillow","MawBank","DollysMirror","Potion Belt","OrangePellets","Ice Cream"],"potions_floor_usage":[55,55],"damage_taken":[{"damage":6.0,"enemies":"Jaw Worm","floor":1.0,"turns":4.0},{"damage":1.0,"enemies":"2 Louse","floor":4.0,"turns":2.0},{"damage":24.0,"enemies":"Gremlin Nob","floor":6.0,"turns":4.0},{"damage":0.0,"enemies":"Small Slimes","floor":7.0,"turns":3.0},{"damage":5.0,"enemies":"3 Sentries","floor":8.0,"turns":6.0},{"damage":13.0,"enemies":"Lagavulin","floor":10.0,"turns":7.0},{"damage":0.0,"enemies":"Blue Slaver","floor":12.0,"turns":3.0},{"damage":6.0,"enemies":"Gremlin Nob","floor":14.0,"turns":3.0},{"damage":0.0,"enemies":"Slime Boss","floor":16.0,"turns":9.0},{"damage":1.0,"enemies":"2 Thieves","floor":18.0,"turns":3.0},{"damage":1.0,"enemies":"3 Byrds","floor":21.0,"turns":4.0},{"damage":5.0,"enemies":"Centurion and Healer","floor":22.0,"turns":4.0},{"damage":26.0,"enemies":"Gremlin Leader","floor":23.0,"turns":4.0},{"damage":0.0,"enemies":"Book of Stabbing","floor":25.0,"turns":6.0},{"damage":21.0,"enemies":"Slavers","floor":27.0,"turns":4.0},{"damage":8.0,"enemies":"Snake Plant","floor":28.0,"turns":4.0},{"damage":0.0,"enemies":"Shelled Parasite and Fungi","floor":30.0,"turns":4.0},{"damage":6.0,"enemies":"Automaton","floor":33.0,"turns":10.0},{"damage":0.0,"enemies":"Orb Walker","floor":35.0,"turns":4.0},{"damage":19.0,"enemies":"3 Darklings","floor":36.0,"turns":3.0},{"damage":20.0,"enemies":"2 Orb Walkers","floor":38.0,"turns":6.0},{"damage":16.0,"enemies":"Reptomancer","floor":42.0,"turns":5.0},{"damage":13.0,"enemies":"Giant Head","floor":44.0,"turns":8.0},{"damage":6.0,"enemies":"Transient","floor":47.0,"turns":5.0},{"damage":0.0,"enemies":"Reptomancer","floor":48.0,"turns":6.0},{"damage":25.0,"enemies":"Donu and Deca","floor":50.0,"turns":8.0},{"damage":28.0,"enemies":"Shield and Spear","floor":54.0,"turns":5.0},{"damage":16,"enemies":"The Heart","floor":55,"turns":9}],"seed_played":"-4307567679718134625","potions_obtained":[{"floor":1.0,"key":"AttackPotion"},{"floor":6.0,"key":"Energy Potion"},{"floor":8.0,"key":"SpeedPotion"},{"floor":14.0,"key":"FearPotion"},{"floor":18.0,"key":"Fire Potion"},{"floor":23.0,"key":"Weak Potion"},{"floor":25.0,"key":"EssenceOfDarkness"},{"floor":27.0,"key":"Swift Potion"},{"floor":38.0,"key":"Weak Potion"},{"floor":42.0,"key":"LiquidBronze"}],"is_trial":false,"path_per_floor":["M","?","?","M","?","E","M","E","T","E","R","M","R","E","R","B",null,"M","$","?","M","M","E","R","E","T","E","M","R","M","?","R","B",null,"M","M","$","?","?","R","?","E","T","E","$","?","M","E","R","B",null,"R","$","E","B",null],"character_chosen":"DEFECT","items_purchased":["Loop","Kunai","Barrage","Coolheaded","Membership Card","Eternal Feather","Molten Egg 2","Swift Strike+1","DollysMirror","OrangePellets","SpeedPotion"],"campfire_rested":4,"item_purchase_floors":[19,19,19,19,37,37,37,45,45,53,53],"current_hp_per_floor":[69,69,54,53,53,29,29,24,24,21,43,43,43,42,42,47,75,74,74,74,73,68,42,42,47,54,33,25,49,49,49,49,53,82,82,63,63,48,48,82,82,66,66,58,58,58,52,52,70,45,78,78,78,50,44],"gold":44,"neow_bonus":"BOSS_RELIC","is_prod":false,"is_daily":false,"chose_seed":false,"campfire_upgraded":4,"win_rate":1,"timestamp":1607555203,"path_taken":["M","?","?","M","?","E","M","E","T","E","R","M","R","E","R","BOSS","M","$","?","M","M","E","R","E","T","E","M","R","M","?","R","BOSS","M","M","$","?","?","R","?","E","T","E","$","?","M","E","R","BOSS","R","$","E","BOSS"],"build_version":"2020-11-30","purchased_purges":1,"victory":true,"max_hp_per_floor":[75,75,75,75,75,75,75,75,75,75,75,75,75,75,75,75,75,75,75,75,75,75,75,75,75,82,82,82,82,82,82,82,82,82,82,82,82,82,82,82,82,82,82,82,82,78,78,78,78,78,78,78,78,78,78],"relic_stats":{"Regal Pillow":0,"counters":[28,143],"Eternal Feather":33,"Juzu Bracelet":2,"MawBank":12,"OrangePellets":[7],"Centennial Puzzle":[48],"Shuriken":[30],"Gambling Chip":[18],"Bronze Scales":[171],"Art of War":[10],"Kunai":[24],"obtain_stats":[{"Ice Cream":54,"Regal Pillow":43,"Juzu Bracelet":25,"Centennial Puzzle":10,"Matryoshka":14,"DollysMirror":45,"Strawberry":26,"Gambling Chip":38,"Philosopher\u0027s Stone":17,"Fusion Hammer":34,"Kunai":19,"Cracked Core":0,"Potion Belt":48,"Oddly Smooth Stone":26,"Eternal Feather":37,"MawBank":44,"Runic Dome":0,"OrangePellets":53,"Anchor":6,"Shuriken":8,"Bronze Scales":42,"Molten Egg 2":37,"Art of War":23,"Membership Card":37,"Toy Ornithopter":9,"TungstenRod":27},{"Ice Cream":27,"Regal Pillow":22,"Juzu Bracelet":14,"Centennial Puzzle":6,"Matryoshka":8,"DollysMirror":23,"Strawberry":14,"Gambling Chip":21,"Philosopher\u0027s Stone":9,"Fusion Hammer":18,"Kunai":10,"Cracked Core":0,"Potion Belt":25,"Oddly Smooth Stone":14,"Eternal Feather":20,"MawBank":23,"Runic Dome":0,"OrangePellets":26,"Anchor":3,"Shuriken":5,"Bronze Scales":22,"Molten Egg 2":20,"Art of War":13,"Membership Card":20,"Toy Ornithopter":5,"TungstenRod":15},{"Ice Cream":134,"Regal Pillow":102,"Juzu Bracelet":62,"Centennial Puzzle":26,"Matryoshka":32,"DollysMirror":110,"Strawberry":62,"Gambling Chip":97,"Philosopher\u0027s Stone":41,"Fusion Hammer":84,"Kunai":44,"Cracked Core":0,"Potion Belt":121,"Oddly Smooth Stone":62,"Eternal Feather":91,"MawBank":110,"Runic Dome":0,"OrangePellets":129,"Anchor":10,"Shuriken":19,"Bronze Scales":102,"Molten Egg 2":91,"Art of War":56,"Membership Card":91,"Toy Ornithopter":19,"TungstenRod":66}],"Toy Ornithopter":55,"TungstenRod":31},"card_choices":[{"not_picked":["Tempest","Go for the Eyes","Gash"],"picked":"SKIP","floor":1.0},{"not_picked":["Steam","Ball Lightning"],"picked":"Doom and Gloom","floor":4.0},{"not_picked":["FTL","Capacitor"],"picked":"Glacier","floor":6.0},{"not_picked":["Skim","Leap"],"picked":"Cold Snap","floor":7.0},{"not_picked":["Steam Power","Rip and Tear"],"picked":"Coolheaded","floor":8.0},{"not_picked":["Rebound","Lockon"],"picked":"All For One","floor":10.0},{"not_picked":["Consume","Conserve Battery","Beam Cell"],"picked":"SKIP","floor":12.0},{"not_picked":["Blizzard","Heatsinks"],"picked":"Glacier","floor":14.0},{"not_picked":["Creative AI","Biased Cognition"],"picked":"Electrodynamics","floor":16.0},{"not_picked":["Aggregate","Compile Driver"],"picked":"Defragment","floor":18.0},{"not_picked":["Ball Lightning","Sweeping Beam"],"picked":"Compile Driver+1","floor":21.0},{"not_picked":["Cold Snap","Leap","Steam"],"picked":"SKIP","floor":22.0},{"not_picked":["Hello World","Leap","Beam Cell"],"picked":"SKIP","floor":23.0},{"not_picked":["Leap","Steam Power","Rebound"],"picked":"SKIP","floor":25.0},{"not_picked":["Auto Shields","Static Discharge"],"picked":"Coolheaded+1","floor":27.0},{"not_picked":["Steam","Electrodynamics","Rip and Tear"],"picked":"SKIP","floor":28.0},{"not_picked":["Reinforced Body","Beam Cell"],"picked":"Barrage+1","floor":30.0},{"not_picked":["Amplify","Rainbow"],"picked":"Biased Cognition","floor":33.0},{"not_picked":["Beam Cell+1","Storm+1"],"picked":"Compile Driver","floor":35.0},{"not_picked":["Streamline","Fusion+1","Stack"],"picked":"SKIP","floor":36.0},{"not_picked":["Darkness+1","Go for the Eyes+1"],"picked":"Hologram+1","floor":38.0},{"not_picked":["Finesse","Flash of Steel+1"],"picked":"Panacea","floor":39.0},{"not_picked":["Gash+1","Steam"],"picked":"Static Discharge","floor":42.0},{"not_picked":["Hologram","Darkness+1"],"picked":"Echo Form","floor":44.0},{"not_picked":["Stack+1","Scrape+1","Steam+1"],"picked":"SKIP","floor":47.0},{"not_picked":["Barrage+1","Leap+1","Skim"],"picked":"SKIP","floor":48.0},{"not_picked":["Steam Power","Conserve Battery"],"picked":"Defragment+1","floor":54.0}],"player_experience":83467,"relics_obtained":[{"floor":6.0,"key":"Anchor"},{"floor":8.0,"key":"Shuriken"},{"floor":9.0,"key":"Toy Ornithopter"},{"floor":10.0,"key":"Centennial Puzzle"},{"floor":14.0,"key":"Matryoshka"},{"floor":23.0,"key":"Art of War"},{"floor":25.0,"key":"Juzu Bracelet"},{"floor":26.0,"key":"Strawberry"},{"floor":26.0,"key":"Oddly Smooth Stone"},{"floor":27.0,"key":"TungstenRod"},{"floor":38.0,"key":"Gambling Chip"},{"floor":42.0,"key":"Bronze Scales"},{"floor":43.0,"key":"Regal Pillow"},{"floor":44.0,"key":"MawBank"},{"floor":48.0,"key":"Potion Belt"},{"floor":54.0,"key":"Ice Cream"}],"event_choices":[{"damage_healed":0.0,"max_hp_gain":0.0,"max_hp_loss":0.0,"gold_gain":0.0,"event_name":"Golden Wing","player_choice":"Ignored","floor":2.0,"gold_loss":0.0,"damage_taken":0.0},{"damage_healed":0.0,"max_hp_gain":0.0,"max_hp_loss":0.0,"gold_gain":0.0,"event_name":"Shining Light","player_choice":"Entered Light","floor":3.0,"gold_loss":0.0,"damage_taken":15.0,"cards_upgraded":["Zap","Strike_B"]},{"damage_healed":0.0,"max_hp_gain":0.0,"max_hp_loss":0.0,"gold_gain":0.0,"event_name":"Liars Game","player_choice":"Ignored","floor":5.0,"gold_loss":0.0,"damage_taken":0.0},{"damage_healed":0.0,"max_hp_gain":0.0,"max_hp_loss":0.0,"gold_gain":100.0,"event_name":"Golden Shrine","player_choice":"Pray","floor":20.0,"gold_loss":0.0,"damage_taken":0.0},{"damage_healed":0.0,"max_hp_gain":0.0,"max_hp_loss":0.0,"gold_gain":0.0,"cards_transformed":["Strike_B","Strike_B"],"event_name":"Drug Dealer","player_choice":"Became Test Subject","floor":31.0,"gold_loss":0.0,"damage_taken":0.0,"cards_obtained":["Chaos","Blizzard"]},{"damage_healed":0.0,"max_hp_gain":0.0,"max_hp_loss":0.0,"gold_gain":0.0,"event_name":"Mysterious Sphere","player_choice":"Fight","floor":38.0,"gold_loss":0.0,"damage_taken":0.0},{"damage_healed":0.0,"max_hp_gain":0.0,"max_hp_loss":0.0,"gold_gain":0.0,"event_name":"SensoryStone","player_choice":"Memory 1","floor":39.0,"gold_loss":0.0,"damage_taken":0.0},{"cards_removed":["All For One"],"damage_healed":0.0,"max_hp_gain":0.0,"max_hp_loss":0.0,"gold_gain":0.0,"event_name":"Falling","player_choice":"Removed Attack","floor":41.0,"gold_loss":0.0,"damage_taken":0.0},{"damage_healed":0.0,"max_hp_gain":0.0,"max_hp_loss":4.0,"gold_gain":0.0,"event_name":"Winding Halls","player_choice":"Max HP","floor":46.0,"gold_loss":0.0,"damage_taken":0.0}],"is_beta":false,"boss_relics":[{"not_picked":["Sozu","Tiny House"],"picked":"Philosopher\u0027s Stone"},{"not_picked":["Black Star","Runic Pyramid"],"picked":"Fusion Hammer"}],"items_purged_floors":[37],"is_endless":false,"potions_floor_spawned":[1,6,8,14,18,23,25,27,38,42],"ascension_level":1}}