{"host":"htpechobqgpaugnv","time":1607507654,"event":{"gold_per_floor":[112,1,1,19,19,19,54,72,98,98,111,111,142,157,157,228,228,245,261,261,176,187,187,203,230,312,328,66,92,92,92,92],"floor_reached":31,"playtime":736,"items_purged":["Strike_P","Decay"],"score":670,"play_id":"a9f7dd48-6e2e-4050-adc4-886b3b1792b2","local_time":"20201209035414","is_ascension_mode":true,"campfire_choices":[{"data":"Eruption","floor":6.0,"key":"SMITH"},{"data":"PathToVictory","floor":10.0,"key":"SMITH"},{"data":"Wallop","floor":12.0,"key":"SMITH"},{"data":"PathToVictory","floor":15.0,"key":"SMITH"},{"data":"Tantrum","floor":23.0,"key":"SMITH"}],"neow_cost":"NONE","seed_source_timestamp":87213264369000,"circlet_count":0,"master_deck":["AscendersBane","Strike_P","Strike_P+1","Strike_P","Defend_P","Defend_P","Defend_P","Defend_P","Eruption+1","Vigilance","Wallop+1","EmptyMind+1","PathToVictory+1","Wallop+1","Tantrum+1","PathToVictory+1","LessonLearned+1","WheelKick","WaveOfTheHand+1","Sanctity"],"special_seed":0,"relics":["PureWater","NeowsBlessing","Akabeko","Ancient Tea Set","Art of War","Cursed Key","Potion Belt","Bottled Flame","Oddly Smooth Stone","Yang"],"potions_floor_usage":[31],"damage_taken":[{"damage":0.0,"enemies":"Small Slimes","floor":1.0,"turns":2.0},{"damage":0.0,"enemies":"Cultist","floor":4.0,"turns":1.0},{"damage":0.0,"enemies":"Lagavulin","floor":7.0,"turns":1.0},{"damage":0.0,"enemies":"2 Louse","floor":8.0,"turns":2.0},{"damage":0.0,"enemies":"Exordium Thugs","floor":11.0,"turns":2.0},{"damage":0.0,"enemies":"Gremlin Nob","floor":13.0,"turns":2.0},{"damage":0.0,"enemies":"Large Slime","floor":14.0,"turns":2.0},{"damage":31.0,"enemies":"Slime Boss","floor":16.0,"turns":8.0},{"damage":0.0,"enemies":"Spheric Guardian","floor":18.0,"turns":2.0},{"damage":0.0,"enemies":"3 Byrds","floor":19.0,"turns":3.0},{"damage":6.0,"enemies":"Snake Plant","floor":22.0,"turns":3.0},{"damage":0.0,"enemies":"Centurion and Healer","floor":24.0,"turns":3.0},{"damage":5.0,"enemies":"Gremlin Leader","floor":25.0,"turns":6.0},{"damage":0.0,"enemies":"3 Cultists","floor":27.0,"turns":3.0},{"damage":40,"enemies":"Book of Stabbing","floor":29,"turns":5},{"damage":18,"enemies":"Snake Plant","floor":31,"turns":1}],"seed_played":"-79381461809104524","potions_obtained":[{"floor":4.0,"key":"Explosive Potion"},{"floor":7.0,"key":"SteroidPotion"},{"floor":18.0,"key":"ColorlessPotion"},{"floor":25.0,"key":"Strength Potion"}],"is_trial":false,"path_per_floor":["M","$","?","M","$","R","E","M","T","R","M","R","E","M","R","B",null,"M","M","?","?","M","R","M","E","T","M","$","E","?","M"],"character_chosen":"WATCHER","items_purchased":["Wallop","Oddly Smooth Stone"],"campfire_rested":0,"item_purchase_floors":[2,28],"current_hp_per_floor":[61,61,61,61,61,61,61,61,61,61,61,61,61,61,61,30,59,59,59,59,59,53,53,53,48,48,48,48,8,8,0,0],"gold":92,"neow_bonus":"THREE_ENEMY_KILL","is_prod":false,"is_daily":false,"chose_seed":false,"campfire_upgraded":5,"win_rate":0,"timestamp":1607507654,"path_taken":["M","$","?","?","?","R","E","M","T","R","M","R","E","M","R","BOSS","M","M","?","?","M","R","M","E","T","?","$","E","?","M"],"build_version":"2020-11-30","purchased_purges":2,"victory":false,"max_hp_per_floor":[68,68,68,68,68,68,68,68,68,68,68,68,68,68,68,68,68,68,68,68,68,68,68,68,68,68,68,68,68,68,68,68],"relic_stats":{"counters":[16,46],"Yang":[1],"Art of War":[3],"Cursed Key":1,"obtain_stats":[{"Potion Belt":21,"Bottled Flame":25,"NeowsBlessing":0,"Oddly Smooth Stone":28,"Yang":29,"Art of War":13,"PureWater":0,"Ancient Tea Set":9,"Cursed Key":17,"Akabeko":7},{"Potion Belt":10,"Bottled Flame":13,"NeowsBlessing":0,"Oddly Smooth Stone":14,"Yang":15,"Art of War":6,"PureWater":0,"Ancient Tea Set":4,"Cursed Key":8,"Akabeko":3},{"Potion Belt":25,"Bottled Flame":37,"NeowsBlessing":0,"Oddly Smooth Stone":40,"Yang":45,"Art of War":10,"PureWater":0,"Ancient Tea Set":6,"Cursed Key":20,"Akabeko":4}]},"card_choices":[{"not_picked":["FollowUp","EmptyBody","Indignation"],"picked":"SKIP","floor":1.0},{"not_picked":["SandsOfTime","InnerPeace"],"picked":"EmptyMind","floor":4.0},{"not_picked":["Conclude","Consecrate"],"picked":"PathToVictory","floor":7.0},{"not_picked":["BowlingBash","Crescendo","ClearTheMind"],"picked":"SKIP","floor":8.0},{"not_picked":["BowlingBash","Crescendo","ClearTheMind"],"picked":"SKIP","floor":8.0},{"not_picked":["FlyingSleeves","ThirdEye"],"picked":"Wallop","floor":11.0},{"not_picked":["Crescendo","Prostrate"],"picked":"Tantrum","floor":13.0},{"not_picked":["Vengeance","Evaluate"],"picked":"PathToVictory","floor":14.0},{"not_picked":["Ragnarok","Blasphemy"],"picked":"LessonLearned","floor":16.0},{"not_picked":["SashWhip","ClearTheMind","CutThroughFate"],"picked":"SKIP","floor":18.0},{"not_picked":["Protect","Indignation","CutThroughFate"],"picked":"SKIP","floor":19.0},{"not_picked":["ThirdEye","Evaluate","Wireheading"],"picked":"SKIP","floor":22.0},{"not_picked":["Devotion","WindmillStrike"],"picked":"WheelKick","floor":24.0},{"not_picked":["CutThroughFate+1","InnerPeace"],"picked":"WaveOfTheHand","floor":25.0},{"not_picked":["JustLucky","Halt"],"picked":"Sanctity","floor":27.0},{"not_picked":["Consecrate","Prostrate","JustLucky"],"picked":"SKIP","floor":29}],"player_experience":1261081,"relics_obtained":[{"floor":7.0,"key":"Akabeko"},{"floor":9.0,"key":"Ancient Tea Set"},{"floor":13.0,"key":"Art of War"},{"floor":25.0,"key":"Bottled Flame"},{"floor":29,"key":"Yang"}],"event_choices":[{"damage_healed":0.0,"max_hp_gain":0.0,"max_hp_loss":0.0,"gold_gain":0.0,"event_name":"WeMeetAgain","player_choice":"Ignored","floor":3.0,"gold_loss":0.0,"damage_taken":0.0},{"damage_healed":0.0,"max_hp_gain":0.0,"max_hp_loss":0.0,"gold_gain":0.0,"event_name":"Vampires","player_choice":"Ignored","floor":20.0,"gold_loss":0.0,"damage_taken":0.0},{"damage_healed":0.0,"max_hp_gain":0.0,"max_hp_loss":0.0,"gold_gain":0.0,"event_name":"Addict","player_choice":"Obtained Relic","floor":21.0,"gold_loss":85.0,"damage_taken":0.0,"relics_obtained":["Potion Belt"]},{"damage_healed":0,"gold_gain":0,"player_choice":"Ignored","damage_taken":0,"max_hp_gain":0,"max_hp_loss":0,"event_name":"Ghosts","floor":30,"gold_loss":0}],"is_beta":false,"boss_relics":[{"not_picked":["Runic Pyramid","Ectoplasm"],"picked":"Cursed Key"}],"items_purged_floors":[2,28],"is_endless":false,"potions_floor_spawned":[4,7,8,11,18,25],"killed_by":"Snake Plant","ascension_level":20}}