{"host":"irbs4k8g1zbsytxn","time":1607558148,"event":{"gold_per_floor":[215,235,29,41,60,60,91,91,91,91,104,104,135,145,145,244,244,257,273,2,20,20,55,55,68,93,18,32,32,32,32],"floor_reached":30,"playtime":10166,"items_purged":[],"score":341,"play_id":"3f9fa95a-a9fa-4cb1-b976-63a0ab1579e5","local_time":"20201210075548","is_ascension_mode":true,"campfire_choices":[{"data":"Body Slam","floor":6,"key":"SMITH"},{"floor":10,"key":"REST"},{"data":"Flex","floor":12,"key":"SMITH"},{"floor":15,"key":"REST"},{"data":"Armaments","floor":24,"key":"SMITH"}],"neow_cost":"NONE","seed_source_timestamp":1889807756305200,"circlet_count":0,"master_deck":["Defend_R","Defend_R","Defend_R","Defend_R","Bash","Headbutt","Body Slam+1","Flex+1","Pot Of Greed","Pot Of Greed","Dropkick","Warcry","Metallicize+1","Iron Wave","Armaments","Entrench","Bludgeon","Iron Wave","Wild Strike+1","Armaments+1","Fire Breathing","Pot Of Greed","Armaments+1","Bite","Bite","Bite","Bite","Bite","Bludgeon","Flame Barrier","hubris:ReadiedAction","Cleave","Fire Breathing+1"],"relics":["Burning Blood","Grinning Jar","Toy Ornithopter","Meat on the Bone","hubris:TenFootPole","Velvet Choker","Red Skull","Potion Belt","MealTicket","Replay:Baseball"],"potions_floor_usage":[7,7,16,16,16,23,23],"damage_taken":[{"damage":12,"enemies":"Jaw Worm","floor":1,"turns":5},{"damage":1,"enemies":"Cultist","floor":2,"turns":4},{"damage":1,"enemies":"2 Louse","floor":4,"turns":3},{"damage":27,"enemies":"Exordium Thugs","floor":5,"turns":4},{"damage":26,"enemies":"Lagavulin","floor":7,"turns":5},{"damage":9,"enemies":"Looter","floor":11,"turns":3},{"damage":0,"enemies":"HollowMod:MossKnight","floor":13,"turns":5},{"damage":15,"enemies":"3 Louse","floor":14,"turns":4},{"damage":33,"enemies":"The Guardian","floor":16,"turns":13},{"damage":36,"enemies":"2 Thieves","floor":18,"turns":4},{"damage":7,"enemies":"Chosen","floor":19,"turns":3},{"damage":32,"enemies":"Sentry and Sphere","floor":21,"turns":6},{"damage":47,"enemies":"Gremlin Leader","floor":23,"turns":10},{"damage":29,"enemies":"Shelled Parasite and Fungi","floor":25,"turns":7},{"damage":56,"enemies":"Centurion and Healer","floor":28,"turns":7},{"damage":45,"enemies":"Slavers","floor":30,"turns":3}],"seed_played":"2459402737013436266","potions_obtained":[{"floor":2,"key":"Adrenaline Potion"},{"floor":5,"key":"Swift Potion"},{"floor":11,"key":"Dexterity Potion"},{"floor":13,"key":"Swift Potion"},{"floor":14,"key":"DistilledChaos"},{"floor":18,"key":"Weak Potion"},{"floor":21,"key":"Fruit Juice"}],"is_trial":false,"path_per_floor":["M","M","$","M","M","R","E","?","T","R","M","R","E","M","R","B",null,"M","M","$","M","?","E","R","M","T","$","M","T","E"],"character_chosen":"IRONCLAD","items_purchased":["Flex","Grinning Jar","Armaments+1","Red Skull","Fire Breathing","hubris:ReadiedAction","Cleave"],"campfire_rested":2,"item_purchase_floors":[3,3,20,20,20,27,27],"current_hp_per_floor":[74,79,79,80,59,59,39,39,39,63,60,60,66,57,80,63,80,50,49,49,35,35,35,35,41,41,56,33,33,0,0],"gold":32,"neow_bonus":"HUNDRED_GOLD","is_prod":false,"is_daily":false,"chose_seed":false,"campfire_upgraded":3,"win_rate":0,"timestamp":1607558148,"path_taken":["M","M","$","M","M","R","E","?","T","R","?","R","E","M","R","BOSS","M","M","$","M","?","E","R","M","T","$","M","?","E"],"build_version":"2020-11-30","purchased_purges":0,"victory":false,"max_hp_per_floor":[80,80,80,80,80,80,80,80,80,80,80,80,80,80,80,80,80,80,80,80,80,56,61,61,61,61,61,61,61,61,61],"card_choices":[{"not_picked":["Havoc","Pummel"],"picked":"Headbutt","floor":1},{"not_picked":["Sever Soul","Warcry"],"picked":"Body Slam","floor":2},{"not_picked":["Life Link","Perfected Strike"],"picked":"Dropkick","floor":4},{"not_picked":["Shockwave","Sever Soul"],"picked":"Warcry","floor":5},{"not_picked":["Offering","Heavy Blade"],"picked":"Metallicize","floor":7},{"not_picked":["Anger","Inflame"],"picked":"Iron Wave","floor":11},{"not_picked":["Intimidate","Replay:Undeath\u0027s Touch"],"picked":"Armaments","floor":13},{"not_picked":["Havoc","Iron Wave"],"picked":"Entrench","floor":14},{"not_picked":["Demon Form","Replay:Many Hands"],"picked":"Bludgeon","floor":16},{"not_picked":["Clothesline","Thunderclap"],"picked":"Iron Wave","floor":18},{"not_picked":["Heavy Blade","True Grit"],"picked":"Wild Strike+1","floor":19},{"not_picked":["Shrug It Off","Anger"],"picked":"Armaments","floor":21},{"not_picked":["Battle Trance","Anger"],"picked":"Bludgeon","floor":23},{"not_picked":["Clothesline","hubris:ReadiedAction+1"],"picked":"Flame Barrier","floor":25},{"not_picked":["Battle Trance","Clash+1"],"picked":"Fire Breathing+1","floor":28}],"player_experience":225341,"relics_obtained":[{"floor":7,"key":"Toy Ornithopter"},{"floor":9,"key":"Meat on the Bone"},{"floor":13,"key":"hubris:TenFootPole"},{"floor":23,"key":"Potion Belt"},{"floor":26,"key":"MealTicket"},{"floor":29,"key":"Replay:Baseball"}],"event_choices":[{"damage_healed":0,"gold_gain":0,"player_choice":"Forge","damage_taken":0,"max_hp_gain":0,"max_hp_loss":0,"event_name":"Accursed Blacksmith","floor":8,"gold_loss":0,"cards_upgraded":["Metallicize"]},{"damage_healed":0,"gold_gain":0,"player_choice":"Became a vampire","damage_taken":0,"max_hp_gain":0,"max_hp_loss":24,"event_name":"Vampires","floor":22,"gold_loss":0,"cards_obtained":["Bite","Bite","Bite","Bite","Bite"]}],"is_beta":false,"boss_relics":[{"not_picked":["SacredBark","hubris:Stopwatch"],"picked":"Velvet Choker"}],"items_purged_floors":[],"is_endless":false,"potions_floor_spawned":[2,5,11,13,14,18,21],"killed_by":"Slavers","ascension_level":2}}