{"host":"hbwa3kjetxrogfq8","time":1607539289,"event":{"gold_per_floor":[119,19,32,44,63,63,76,96,170,20,20,20,30,50,50,155,155,174,174,60,76,76,76,95,95,177,193,54,54,67,86,86,186,186,197,197,215,215,265,265,281,293,366,366,377,377,377,377],"floor_reached":47,"playtime":4138,"items_purged":["Strike_G","Strike_G"],"score":596,"play_id":"e133f097-971c-4071-9d9d-1e5f313b860e","local_time":"20201209194129","is_ascension_mode":true,"campfire_choices":[{"floor":6,"key":"REST"},{"data":"Neutralize","floor":11,"key":"SMITH"},{"data":"Noxious Fumes","floor":15,"key":"SMITH"},{"data":"After Image","floor":23,"key":"SMITH"},{"floor":29,"key":"REST"},{"floor":32,"key":"REST"},{"floor":40,"key":"REST"},{"floor":44,"key":"REST"}],"neow_cost":"PERCENT_DAMAGE","seed_source_timestamp":0,"circlet_count":0,"master_deck":["Strike_G","Strike_G","Strike_G","Defend_G","Defend_G","Defend_G","Defend_G","Defend_G","Survivor","Neutralize+1","Dagger Spray","Cloak And Dagger","Poisoned Stab","Deadly Poison","Dodge and Roll","Blur","Footwork","Cloak And Dagger","Dodge and Roll","Cloak And Dagger","All Out Attack","Blade Dance","Footwork","Terror","Parasite","Accuracy","Deadly Poison","Noxious Fumes+1","Prepared","After Image+1","PiercingWail+1","Well Laid Plans","Outmaneuver","Acrobatics+1","Crippling Poison","PiercingWail+1","Corpse Explosion","Dagger Spray+1","After Image+1"],"special_seed":0,"relics":["Ring of the Snake","Prayer Wheel","Pear","Busted Crown","HornCleat","The Courier","Peace Pipe","CaptainsWheel","Blue Candle"],"potions_floor_usage":[16,16,16,30,33,33,45,47],"damage_taken":[{"damage":0,"enemies":"Cultist","floor":1,"turns":6},{"damage":0,"enemies":"Jaw Worm","floor":3,"turns":5},{"damage":0,"enemies":"2 Louse","floor":4,"turns":3},{"damage":6,"enemies":"Blue Slaver","floor":5,"turns":5},{"damage":0,"enemies":"2 Fungi Beasts","floor":7,"turns":5},{"damage":4,"enemies":"Red Slaver","floor":8,"turns":4},{"damage":3,"enemies":"Blue Slaver","floor":13,"turns":4},{"damage":5,"enemies":"3 Louse","floor":14,"turns":4},{"damage":27,"enemies":"Slime Boss","floor":16,"turns":9},{"damage":4,"enemies":"3 Byrds","floor":18,"turns":6},{"damage":9,"enemies":"Shell Parasite","floor":21,"turns":8},{"damage":17,"enemies":"Centurion and Healer","floor":24,"turns":7},{"damage":21,"enemies":"Snake Plant","floor":27,"turns":5},{"damage":31,"enemies":"Snecko","floor":30,"turns":6},{"damage":4,"enemies":"Shelled Parasite and Fungi","floor":31,"turns":9},{"damage":26,"enemies":"Champ","floor":33,"turns":16},{"damage":4,"enemies":"3 Darklings","floor":35,"turns":4},{"damage":39,"enemies":"3 Shapes","floor":37,"turns":6},{"damage":0,"enemies":"Mind Bloom Boss Battle","floor":39,"turns":9},{"damage":18,"enemies":"3 Darklings","floor":41,"turns":6},{"damage":12,"enemies":"4 Shapes","floor":42,"turns":11},{"damage":32,"enemies":"Sphere and 2 Shapes","floor":45,"turns":8},{"damage":15,"enemies":"Transient","floor":47,"turns":1}],"seed_played":"-9170836992365122315","potions_obtained":[{"floor":1,"key":"SkillPotion"},{"floor":3,"key":"Energy Potion"},{"floor":5,"key":"Poison Potion"},{"floor":27,"key":"SpeedPotion"},{"floor":30,"key":"ColorlessPotion"},{"floor":33,"key":"SteroidPotion"},{"floor":42,"key":"Fire Potion"},{"floor":45,"key":"DistilledChaos"}],"is_trial":false,"path_per_floor":["M","$","M","M","M","R","M","M","T","$","R","?","M","M","R","B",null,"M","?","$","M","?","R","M","?","T","M","$","R","M","M","R","B",null,"M","?","M","?","?","R","M","M","T","R","M","?","M"],"character_chosen":"THE_SILENT","items_purchased":["Poisoned Stab","Deadly Poison","Footwork","Terror","Well Laid Plans","Regen Potion"],"campfire_rested":5,"item_purchase_floors":[2,2,10,10,20,28],"current_hp_per_floor":[45,45,45,45,39,60,60,56,66,66,66,80,77,72,72,45,71,67,67,67,58,58,58,41,41,41,20,20,44,28,24,48,22,66,62,62,23,23,23,47,29,17,17,41,9,9,0,0],"gold":377,"neow_bonus":"ONE_RARE_RELIC","is_prod":false,"is_daily":false,"chose_seed":false,"campfire_upgraded":3,"win_rate":0,"timestamp":1607539289,"path_taken":["M","$","M","M","M","R","?","M","T","$","R","?","M","M","R","BOSS","M","?","$","M","?","R","M","?","T","M","$","R","M","M","R","BOSS","M","?","?","?","?","R","M","M","T","R","M","?","M"],"build_version":"2020-11-30","purchased_purges":2,"victory":false,"max_hp_per_floor":[70,70,70,70,70,70,70,70,80,80,80,80,80,80,80,80,80,80,80,80,80,80,80,80,80,80,80,80,80,80,80,80,80,80,80,80,80,80,80,80,80,80,80,80,80,80,80,80],"relic_stats":{"Peace Pipe":0,"Busted Crown":48,"counters":[23,147],"Blue Candle":[0],"Prayer Wheel":19,"obtain_stats":[{"Peace Pipe":36,"CaptainsWheel":39,"Pear":9,"Busted Crown":17,"HornCleat":22,"Blue Candle":43,"Prayer Wheel":0,"The Courier":26,"Ring of the Snake":0},{"Peace Pipe":17,"CaptainsWheel":19,"Pear":6,"Busted Crown":9,"HornCleat":11,"Blue Candle":21,"Prayer Wheel":0,"The Courier":12,"Ring of the Snake":0},{"Peace Pipe":106,"CaptainsWheel":121,"Pear":28,"Busted Crown":45,"HornCleat":59,"Blue Candle":138,"Prayer Wheel":0,"The Courier":66,"Ring of the Snake":0}],"Ring of the Snake":[46]},"card_choices":[{"not_picked":["Underhanded Strike","Riddle With Holes"],"picked":"Dagger Spray","floor":1},{"not_picked":["Underhanded Strike","PiercingWail"],"picked":"Cloak And Dagger","floor":1},{"not_picked":["Dagger Throw","Eviscerate"],"picked":"Dodge and Roll","floor":3},{"not_picked":["Escape Plan","Flying Knee"],"picked":"Blur","floor":3},{"not_picked":["Dodge and Roll","Slice"],"picked":"Footwork","floor":4},{"not_picked":["Accuracy","Bouncing Flask"],"picked":"Cloak And Dagger","floor":4},{"not_picked":["Acrobatics","Reflex"],"picked":"Dodge and Roll","floor":5},{"not_picked":["Poisoned Stab","Unload","Slice"],"picked":"SKIP","floor":5},{"not_picked":["Quick Slash","Underhanded Strike"],"picked":"Cloak And Dagger","floor":7},{"not_picked":["Riddle With Holes","Deflect","Bane"],"picked":"SKIP","floor":7},{"not_picked":["Deflect","Poisoned Stab"],"picked":"All Out Attack","floor":8},{"not_picked":["Grand Finale","Poisoned Stab"],"picked":"Blade Dance","floor":8},{"not_picked":["Quick Slash","Tools of the Trade"],"picked":"Accuracy","floor":13},{"not_picked":["Deflect","Dagger Spray"],"picked":"Deadly Poison","floor":13},{"not_picked":["Deadly Poison","Eviscerate"],"picked":"Noxious Fumes","floor":14},{"not_picked":["Bane","Cloak And Dagger"],"picked":"Prepared","floor":14},{"not_picked":["Grand Finale","Adrenaline"],"picked":"After Image","floor":16},{"not_picked":[],"picked":"PiercingWail+1","floor":18},{"not_picked":["Bane"],"picked":"SKIP","floor":18},{"not_picked":[],"picked":"Outmaneuver","floor":21},{"not_picked":["Escape Plan+1"],"picked":"SKIP","floor":21},{"not_picked":["Endless Agony+1"],"picked":"SKIP","floor":24},{"not_picked":["Tactician"],"picked":"SKIP","floor":24},{"not_picked":[],"picked":"Acrobatics+1","floor":27},{"not_picked":["Dagger Throw"],"picked":"SKIP","floor":27},{"not_picked":["Grand Finale"],"picked":"SKIP","floor":30},{"not_picked":["Dodge and Roll+1"],"picked":"SKIP","floor":30},{"not_picked":[],"picked":"Crippling Poison","floor":31},{"not_picked":[],"picked":"PiercingWail+1","floor":31},{"not_picked":[],"picked":"Corpse Explosion","floor":33},{"not_picked":[],"picked":"Dagger Spray+1","floor":35},{"not_picked":["Flechettes"],"picked":"SKIP","floor":35},{"not_picked":["Reflex"],"picked":"SKIP","floor":37},{"not_picked":["Cloak And Dagger+1"],"picked":"SKIP","floor":37},{"not_picked":["Prepared"],"picked":"SKIP","floor":41},{"not_picked":["Sucker Punch"],"picked":"SKIP","floor":41},{"not_picked":["Deflect+1"],"picked":"SKIP","floor":42},{"not_picked":["Dagger Throw"],"picked":"SKIP","floor":42},{"not_picked":["Prepared"],"picked":"SKIP","floor":45},{"not_picked":["Deadly Poison+1"],"picked":"SKIP","floor":45}],"player_experience":593703,"relics_obtained":[{"floor":9,"key":"Pear"},{"floor":26,"key":"The Courier"},{"floor":39,"key":"CaptainsWheel"},{"floor":43,"key":"Blue Candle"}],"event_choices":[{"damage_healed":20,"gold_gain":0,"player_choice":"Healed and dodged fight","damage_taken":0,"max_hp_gain":0,"max_hp_loss":0,"event_name":"Mushrooms","floor":12,"gold_loss":0,"cards_obtained":["Parasite"]},{"damage_healed":0,"gold_gain":0,"player_choice":"Ignored","damage_taken":0,"max_hp_gain":0,"max_hp_loss":0,"event_name":"Vampires","floor":19,"gold_loss":0},{"damage_healed":0,"gold_gain":0,"player_choice":"Opened","damage_taken":0,"relics_obtained":["HornCleat"],"max_hp_gain":0,"max_hp_loss":0,"event_name":"The Mausoleum","floor":22,"gold_loss":0},{"damage_healed":0,"gold_gain":0,"player_choice":"Ignored","damage_taken":0,"max_hp_gain":0,"max_hp_loss":0,"event_name":"Ghosts","floor":25,"gold_loss":0},{"damage_healed":0,"gold_gain":0,"player_choice":"Gave Potion","damage_taken":0,"relics_obtained":["Peace Pipe"],"max_hp_gain":0,"max_hp_loss":0,"event_name":"WeMeetAgain","floor":36,"gold_loss":0},{"damage_healed":0,"gold_gain":0,"player_choice":"Ignored","damage_taken":0,"max_hp_gain":0,"max_hp_loss":0,"event_name":"Tomb of Lord Red Mask","floor":38,"gold_loss":0},{"damage_healed":0,"gold_gain":0,"player_choice":"Fight","damage_taken":0,"max_hp_gain":0,"max_hp_loss":0,"event_name":"MindBloom","floor":39,"gold_loss":0},{"damage_healed":0,"gold_gain":0,"player_choice":"Copied","damage_taken":0,"max_hp_gain":0,"max_hp_loss":0,"event_name":"Duplicator","floor":46,"gold_loss":0,"cards_obtained":["After Image"]}],"is_beta":false,"boss_relics":[{"not_picked":["SlaversCollar","Ectoplasm"],"picked":"Busted Crown"},{"not_picked":["Runic Pyramid","Astrolabe","Fusion Hammer"]}],"items_purged_floors":[20,28],"is_endless":false,"potions_floor_spawned":[1,3,5,7,13,27,30,33,42,45],"killed_by":"Transient","ascension_level":7}}