{"host":"pf47v7h0307523iy","time":1607535543,"event":{"gold_per_floor":[118,193,210,229,73,100,100,135,159,59,85,85,96,130,130,207,207,224,224,14,27,53,83,98,128,152,180,180,200,235,280,280,351,351,364,379,393,404,454,493,505,546,638,650,672,684,715,761,773,785,797,797],"floor_reached":51,"playtime":4800,"items_purged":["Outmaneuver","Prepared"],"score":1986,"play_id":"b8433a42-1c1f-45c4-9478-d0ab1455beb9","local_time":"20201209193903","is_ascension_mode":true,"campfire_choices":[{"data":"Wraith Form v2","floor":7.0,"key":"SMITH"},{"data":"Neutralize","floor":12,"key":"SMITH"},{"floor":15,"key":"REST"},{"floor":28,"key":"REST"},{"floor":32,"key":"RECALL"},{"floor":41,"key":"REST"},{"floor":44,"key":"REST"},{"floor":46,"key":"REST"},{"floor":49,"key":"REST"}],"neow_cost":"NONE","seed_source_timestamp":271396298308999,"circlet_count":0,"master_deck":["AscendersBane","Survivor","Neutralize+1","Corpse Explosion","Unload","Terror","Unload","Heel Hook","Malaise","Deflect","Deadly Poison","Calculated Gamble","Endless Agony","Concentrate","Blur","Wraith Form v2+1","Blade Dance","PiercingWail","Deflect","Backstab","Adrenaline","PiercingWail+1","Master of Strategy","Cloak And Dagger","Backflip","Deflect+1","PiercingWail+1","Acrobatics","Adrenaline","Acrobatics+1","Burst","Crippling Poison","Cloak And Dagger+1","Storm of Steel","Endless Agony"],"special_seed":0,"relics":["Pandora\u0027s Box","Strawberry","Tiny Chest","Ancient Tea Set","Oddly Smooth Stone","Kunai","Fusion Hammer","MutagenicStrength","Red Mask","Blood Vial","Happy Flower","Sundial","MealTicket","Smiling Mask","Busted Crown","MawBank","Omamori","Tingsha","Gremlin Horn","Tough Bandages"],"potions_floor_usage":[11,16,21,22,25,30,30,40,42,48,50],"damage_taken":[{"damage":0.0,"enemies":"Jaw Worm","floor":1.0,"turns":3.0},{"damage":12.0,"enemies":"Small Slimes","floor":3.0,"turns":3.0},{"damage":0.0,"enemies":"Cultist","floor":4.0,"turns":2.0},{"damage":25.0,"enemies":"Lagavulin","floor":6.0,"turns":8.0},{"damage":4.0,"enemies":"3 Sentries","floor":8.0,"turns":5.0},{"damage":5,"enemies":"Gremlin Nob","floor":11,"turns":3},{"damage":2,"enemies":"Exordium Thugs","floor":13,"turns":3},{"damage":1,"enemies":"Lagavulin","floor":14,"turns":5},{"damage":16,"enemies":"Slime Boss","floor":16,"turns":9},{"damage":11,"enemies":"2 Thieves","floor":18,"turns":2},{"damage":1,"enemies":"Shell Parasite","floor":21,"turns":2},{"damage":0,"enemies":"Masked Bandits","floor":22,"turns":1},{"damage":0,"enemies":"Gremlin Leader","floor":23,"turns":4},{"damage":3,"enemies":"Centurion and Healer","floor":24,"turns":2},{"damage":0,"enemies":"Book of Stabbing","floor":25,"turns":6},{"damage":0,"enemies":"Gremlin Leader","floor":27,"turns":5},{"damage":3,"enemies":"Cultist and Chosen","floor":29,"turns":6},{"damage":4,"enemies":"Slavers","floor":30,"turns":3},{"damage":15,"enemies":"Automaton","floor":33,"turns":10},{"damage":1,"enemies":"Orb Walker","floor":35,"turns":3},{"damage":0,"enemies":"3 Shapes","floor":36,"turns":4},{"damage":1,"enemies":"Spire Growth","floor":37,"turns":4},{"damage":0,"enemies":"4 Shapes","floor":38,"turns":3},{"damage":0,"enemies":"Reptomancer","floor":40,"turns":5},{"damage":63,"enemies":"Giant Head","floor":42,"turns":11},{"damage":0,"enemies":"Sphere and 2 Shapes","floor":45,"turns":3},{"damage":0,"enemies":"Transient","floor":47,"turns":6},{"damage":0,"enemies":"Reptomancer","floor":48,"turns":6},{"damage":9,"enemies":"Awakened One","floor":50,"turns":20},{"damage":72,"enemies":"Time Eater","floor":51,"turns":11}],"seed_played":"2913888558569620999","potions_obtained":[{"floor":3.0,"key":"SmokeBomb"},{"floor":6.0,"key":"Poison Potion"},{"floor":8.0,"key":"LiquidMemories"},{"floor":16,"key":"Explosive Potion"},{"floor":18,"key":"BlessingOfTheForge"},{"floor":21,"key":"AttackPotion"},{"floor":22,"key":"GamblersBrew"},{"floor":25,"key":"LiquidBronze"},{"floor":35,"key":"AttackPotion"},{"floor":37,"key":"FearPotion"},{"floor":40,"key":"CunningPotion"},{"floor":47,"key":"DistilledChaos"},{"floor":48,"key":"DistilledChaos"}],"is_trial":false,"path_per_floor":["M","?","M","M","$","E","R","E","T","$","E","R","M","E","R","B",null,"M","?","$","M","?","E","M","E","T","E","R","M","E","T","R","B",null,"M","M","M","M","T","E","R","E","T","R","M","R","M","E","R","B","B"],"character_chosen":"THE_SILENT","items_purchased":["Blur","Master of Strategy"],"campfire_rested":6,"item_purchase_floors":[5,20],"current_hp_per_floor":[59,48,36,36,36,18,18,14,14,14,9,9,7,6,27,11,58,47,47,47,46,46,46,45,47,47,49,70,69,67,67,67,54,68,69,71,72,73,73,73,73,10,10,31,33,54,56,58,73,64,0,0],"gold":797,"neow_bonus":"BOSS_RELIC","is_prod":false,"is_daily":false,"chose_seed":false,"campfire_upgraded":2,"win_rate":0,"timestamp":1607535543,"path_taken":["M","?","M","M","$","E","R","E","T","$","E","R","M","E","R","BOSS","M","?","$","M","?","E","M","E","T","E","R","M","E","?","R","BOSS","M","M","M","M","?","E","R","E","T","R","M","R","?","E","R","BOSS","BOSS"],"build_version":"2020-11-30","purchased_purges":2,"victory":false,"max_hp_per_floor":[66,66,66,66,66,73,73,73,73,73,73,73,73,73,73,73,73,73,73,73,73,73,73,73,73,73,73,73,73,73,73,73,73,73,73,73,73,73,73,73,73,73,73,73,73,73,73,73,73,73,73,73],"card_choices":[{"not_picked":["Acrobatics","Underhanded Strike"],"picked":"Calculated Gamble","floor":1.0},{"not_picked":["Acrobatics","Choke"],"picked":"Endless Agony","floor":3.0},{"not_picked":["Eviscerate","Acrobatics"],"picked":"Concentrate","floor":4.0},{"not_picked":["Masterful Stab","Blade Dance"],"picked":"Wraith Form v2","floor":6.0},{"not_picked":["Finisher","Accuracy"],"picked":"Blade Dance","floor":8.0},{"not_picked":["Accuracy","Slice"],"picked":"PiercingWail","floor":11},{"not_picked":["Bane","Flying Knee"],"picked":"Deflect","floor":13},{"not_picked":["Calculated Gamble","Eviscerate"],"picked":"Backstab","floor":14},{"not_picked":["Glass Knife","Die Die Die"],"picked":"Adrenaline","floor":16},{"not_picked":["Finisher","Bouncing Flask"],"picked":"PiercingWail+1","floor":18},{"not_picked":["Outmaneuver","Slice"],"picked":"Cloak And Dagger","floor":21},{"not_picked":["Slice","Phantasmal Killer"],"picked":"Backflip","floor":22},{"not_picked":["Concentrate","Setup","Endless Agony"],"picked":"SKIP","floor":23},{"not_picked":["Cloak And Dagger","Poisoned Stab"],"picked":"Deflect+1","floor":24},{"not_picked":["Poisoned Stab","Dagger Throw"],"picked":"PiercingWail+1","floor":25},{"not_picked":["Eviscerate","Masterful Stab"],"picked":"Acrobatics","floor":27},{"not_picked":["Prepared","Choke+1"],"picked":"Adrenaline","floor":29},{"not_picked":["Expertise","Quick Slash"],"picked":"Acrobatics+1","floor":30},{"not_picked":["Bullet Time","Glass Knife"],"picked":"Burst","floor":33},{"not_picked":[],"picked":"Crippling Poison","floor":35},{"not_picked":["Predator+1"],"picked":"SKIP","floor":36},{"not_picked":["Dagger Spray"],"picked":"SKIP","floor":37},{"not_picked":[],"picked":"Cloak And Dagger+1","floor":38},{"not_picked":["Quick Slash+1"],"picked":"SKIP","floor":40},{"not_picked":[],"picked":"Storm of Steel","floor":42},{"not_picked":[],"picked":"Endless Agony","floor":45},{"not_picked":["Concentrate"],"picked":"SKIP","floor":47},{"not_picked":["Poisoned Stab"],"picked":"SKIP","floor":48}],"player_experience":1449738,"relics_obtained":[{"floor":6.0,"key":"Strawberry"},{"floor":8.0,"key":"Tiny Chest"},{"floor":9.0,"key":"Ancient Tea Set"},{"floor":11,"key":"Oddly Smooth Stone"},{"floor":14,"key":"Kunai"},{"floor":22,"key":"Red Mask"},{"floor":23,"key":"Blood Vial"},{"floor":25,"key":"Happy Flower"},{"floor":27,"key":"Sundial"},{"floor":30,"key":"MealTicket"},{"floor":31,"key":"Smiling Mask"},{"floor":39,"key":"MawBank"},{"floor":40,"key":"Omamori"},{"floor":42,"key":"Tingsha"},{"floor":43,"key":"Gremlin Horn"},{"floor":48,"key":"Tough Bandages"}],"event_choices":[{"damage_healed":0.0,"max_hp_gain":0.0,"max_hp_loss":0.0,"gold_gain":75.0,"event_name":"World of Goop","player_choice":"Gather Gold","floor":2.0,"gold_loss":0.0,"damage_taken":11.0},{"damage_healed":0,"gold_gain":0,"player_choice":"Inject Mutagens","damage_taken":0,"relics_obtained":["MutagenicStrength"],"max_hp_gain":0,"max_hp_loss":0,"event_name":"Drug Dealer","floor":19,"gold_loss":0},{"damage_healed":0,"gold_gain":0,"player_choice":"Fought Bandits","damage_taken":0,"max_hp_gain":0,"max_hp_loss":0,"event_name":"Masked Bandits","floor":22,"gold_loss":0}],"is_beta":false,"boss_relics":[{"not_picked":["Tiny House","Ectoplasm"],"picked":"Fusion Hammer"},{"not_picked":["Snecko Eye","Coffee Dripper"],"picked":"Busted Crown"}],"items_purged_floors":[5,10],"is_endless":false,"potions_floor_spawned":[3,6,8,16,18,21,22,25,35,37,40,47,48],"killed_by":"Time Eater","ascension_level":20}}