{"host":"tsnif9umxyqokjak","time":1607519490,"event":{"gold_per_floor":[126,144,144,194,271,300,300,339,365,33,43,59,24,24,24,132,132,150,150,150,150,163,163,163],"floor_reached":23,"playtime":2334,"items_purged":[],"score":233,"play_id":"0e408bd9-95b2-48ad-ada8-dbb1e7015268","local_time":"20201209141130","is_ascension_mode":true,"campfire_choices":[{"data":"animator:LeleiLaLalena","floor":7,"key":"SMITH"},{"data":"animator:DolaSchwi","floor":15,"key":"SMITH"}],"neow_cost":"NONE","seed_source_timestamp":784868381073087742,"circlet_count":0,"master_deck":["animator:Strike_NoGameNoLife","animator:Defend_NoGameNoLife","animator:Strike","animator:Strike","animator:Strike","animator:Defend","animator:Defend","animator:Defend","animator:DolaSchwi+1","animator:DolaCouronne","animator:Evileye","animator:LeleiLaLalena+1","animator:YunYun","animator:Jibril","animator:LimeBell","animator:IrohaTamaki","animator:Greed","animator:ElricAlphonse","Necronomicurse","animator:IzunaHatsuse"],"relics":["animator:LivingPicture","animator:TheMissingPiece","NeowsBlessing","Bag of Marbles","Strawberry","Winged Necklace","OrangePellets","sagemod:Falmels_Amulet","Necronomicon","Bottled Flame"],"potions_floor_usage":[16,22,23,23],"damage_taken":[{"damage":0,"enemies":"Small Slimes","floor":1,"turns":1},{"damage":0,"enemies":"Cultist","floor":2,"turns":1},{"damage":0,"enemies":"3 Sentries","floor":6,"turns":2},{"damage":5,"enemies":"Lagavulin","floor":8,"turns":6},{"damage":3,"enemies":"2 Louse","floor":11,"turns":2},{"damage":0,"enemies":"Blue Slaver","floor":12,"turns":3},{"damage":15,"enemies":"Hexaghost","floor":16,"turns":8},{"damage":19,"enemies":"2 Thieves","floor":18,"turns":5},{"damage":7,"enemies":"3 Byrds","floor":22,"turns":5},{"damage":33,"enemies":"Book of Stabbing","floor":23,"turns":5}],"seed_played":"-3319000833659378043","potions_obtained":[{"floor":6,"key":"Weak Potion"},{"floor":8,"key":"SteroidPotion"},{"floor":18,"key":"Strength Potion"}],"is_trial":false,"path_per_floor":["M","M","?","?","?","E","R","E","T","$","M","M","?","$","R","B",null,"M","?","?","T","M","E"],"character_chosen":"THE_ANIMATOR","items_purchased":["OrangePellets","animator:LimeBell","Swift Potion"],"campfire_rested":0,"item_purchase_floors":[10,10,10],"current_hp_per_floor":[66,66,66,66,66,66,66,68,68,68,65,65,73,73,73,58,73,55,39,39,39,33,0,0],"gold":163,"neow_bonus":"THREE_ENEMY_KILL","is_prod":false,"is_daily":false,"chose_seed":false,"campfire_upgraded":2,"win_rate":0,"timestamp":1607519490,"path_taken":["M","M","?","?","?","E","R","E","T","$","M","M","?","?","R","BOSS","M","?","?","?","?","E"],"build_version":"2020-11-30","purchased_purges":0,"victory":false,"max_hp_per_floor":[66,66,66,66,66,66,66,73,73,73,73,73,73,73,73,73,73,74,74,74,74,75,75,75],"card_choices":[{"not_picked":["animator:DolaRiku","animator:HighElfArcher"],"picked":"animator:Evileye","floor":1},{"not_picked":["animator:Mitsurugi","animator:Gluttony"],"picked":"animator:LeleiLaLalena","floor":2},{"not_picked":["animator:YachiyoNanami","animator:Sloth"],"picked":"animator:YunYun","floor":6},{"not_picked":["animator:DolaSchwi","animator:Tet"],"picked":"animator:Jibril","floor":8},{"not_picked":["animator:MaesHughes","animator:DolaSchwi"],"picked":"animator:IrohaTamaki","floor":11},{"not_picked":["animator:MamiTomoe","animator:LeleiLaLalena","animator:DolaCouronne"],"picked":"SKIP","floor":12},{"not_picked":["animator:MadokaKaname","animator:Hans"],"picked":"animator:Greed","floor":16},{"not_picked":["animator:Darkness","animator:YuiTsuruno+1"],"picked":"animator:ElricAlphonse","floor":18},{"not_picked":["animator:ChlammyZell","animator:DolaRiku"],"picked":"animator:IzunaHatsuse","floor":22}],"player_experience":691394,"relics_obtained":[{"floor":6,"key":"Bag of Marbles"},{"floor":8,"key":"Strawberry"},{"floor":9,"key":"Winged Necklace"},{"floor":21,"key":"Bottled Flame"}],"event_choices":[{"damage_healed":0,"gold_gain":0,"player_choice":"Ignored","damage_taken":0,"max_hp_gain":0,"max_hp_loss":0,"event_name":"Purifier","floor":3,"gold_loss":0},{"damage_healed":0,"gold_gain":77,"player_choice":"Gained Gold","damage_taken":0,"max_hp_gain":0,"max_hp_loss":0,"event_name":"Golden Wing","floor":5,"gold_loss":0},{"damage_healed":18,"gold_gain":0,"player_choice":"Healed","damage_taken":0,"max_hp_gain":0,"max_hp_loss":0,"event_name":"The Cleric","floor":13,"gold_loss":35},{"damage_healed":0,"gold_gain":0,"player_choice":"Obtained Book","damage_taken":16,"max_hp_gain":0,"max_hp_loss":0,"event_name":"Cursed Tome","floor":19,"gold_loss":0}],"is_beta":false,"boss_relics":[{"not_picked":["Busted Crown","Ectoplasm"],"picked":"sagemod:Falmels_Amulet"}],"items_purged_floors":[],"is_endless":false,"potions_floor_spawned":[6,8,11,18],"killed_by":"Book of Stabbing","ascension_level":1}}