{"host":"csp9nt53rootlkah","time":1607500633,"event":{"gold_per_floor":[112,126,143,143,68,68,68,94,94,120,136,136,153,187,187,284,284,295,314,314,161,178,207,207,218,244,119,119,152,152,177,177,282,282,296,296,296,307,157,185,234,266,348,378,203,221,221,256,256,256],"floor_reached":51,"playtime":2445,"items_purged":["Strike_MRS","Strike_MRS","Strike_MRS","Defend_MRS","Defend_MRS"],"score":1099,"play_id":"2ade10ab-fbcd-4ec6-a035-3fb66fba0053","local_time":"20201209155713","is_ascension_mode":true,"campfire_choices":[{"data":"BlazingStar","floor":6.0,"key":"SMITH"},{"data":"Orbital","floor":15.0,"key":"SMITH"},{"data":"EarthLightRay","floor":24.0,"key":"SMITH"},{"floor":30.0,"key":"REST"},{"data":"GasGiant","floor":32.0,"key":"SMITH"},{"data":"ShootingEcho","floor":49,"key":"SMITH"}],"neow_cost":"TEN_PERCENT_HP_LOSS","seed_source_timestamp":155502432406600,"circlet_count":0,"master_deck":["Defend_MRS","Defend_MRS","MasterSpark","BlazingStar+1","WitchLeyline","Orbital+1","EarthLightRay+1","WitchLeyline","SporeBomb","SuperNova","PropBag","EarthLightRay+1","ShootingEcho+1","ShootingEcho","GasGiant+1","Orbital+1","MagicChant+1"],"special_seed":0,"relics":["MiniHakkero","Calipers","Unceasing Top","Centennial Puzzle","Pear","Sozu","Dream Catcher","Bag of Marbles","Strawberry","Eternal Feather","Runic Dome","HornCleat","Girya","Pen Nib","HandmadeGrimoire","Bag of Preparation","CaptainsWheel"],"potions_floor_usage":[],"damage_taken":[{"damage":2.0,"enemies":"2 Louse","floor":1.0,"turns":3.0},{"damage":6.0,"enemies":"Cultist","floor":2.0,"turns":3.0},{"damage":7.0,"enemies":"Small Slimes","floor":3.0,"turns":3.0},{"damage":23.0,"enemies":"Lagavulin","floor":8.0,"turns":4.0},{"damage":0.0,"enemies":"Gremlin Nob","floor":10.0,"turns":2.0},{"damage":0.0,"enemies":"Looter","floor":11.0,"turns":2.0},{"damage":12.0,"enemies":"Exordium Wildlife","floor":13.0,"turns":2.0},{"damage":16.0,"enemies":"3 Sentries","floor":14.0,"turns":5.0},{"damage":27.0,"enemies":"Slime Boss","floor":16.0,"turns":7.0},{"damage":16.0,"enemies":"Shell Parasite","floor":18.0,"turns":3.0},{"damage":12.0,"enemies":"Chosen","floor":19.0,"turns":2.0},{"damage":18.0,"enemies":"Snecko","floor":22.0,"turns":3.0},{"damage":17.0,"enemies":"Slavers","floor":23.0,"turns":5.0},{"damage":4.0,"enemies":"3 Cultists","floor":25.0,"turns":4.0},{"damage":23.0,"enemies":"Gremlin Leader","floor":29.0,"turns":3.0},{"damage":33.0,"enemies":"Book of Stabbing","floor":31.0,"turns":4.0},{"damage":32.0,"enemies":"Champ","floor":33.0,"turns":5.0},{"damage":11.0,"enemies":"Orb Walker","floor":35.0,"turns":2.0},{"damage":21.0,"enemies":"3 Darklings","floor":38.0,"turns":3.0},{"damage":12.0,"enemies":"Nemesis","floor":40.0,"turns":3.0},{"damage":27.0,"enemies":"2 Orb Walkers","floor":41.0,"turns":3.0},{"damage":58,"enemies":"Reptomancer","floor":42,"turns":3},{"damage":5,"enemies":"Nemesis","floor":44,"turns":3},{"damage":9,"enemies":"Writhing Mass","floor":46,"turns":2},{"damage":5,"enemies":"Giant Head","floor":48,"turns":2},{"damage":36,"enemies":"Time Eater","floor":50,"turns":3}],"seed_played":"8581870682959468606","potions_obtained":[{"floor":3.0,"key":"Regen Potion"},{"floor":8.0,"key":"Strength Potion"},{"floor":10.0,"key":"Fire Potion"},{"floor":13.0,"key":"LiquidMemories"}],"is_trial":false,"path_per_floor":["M","M","M","?","$","R","?","E","T","E","M","?","M","E","R","B",null,"M","M","?","$","M","E","R","M","T","$","$","E","R","E","R","B",null,"M","?","?","M","$","E","?","E","T","E","$","M","?","E","R","B",null],"character_chosen":"MARISA","items_purchased":["ShootingEcho"],"campfire_rested":1,"item_purchase_floors":[21],"current_hp_per_floor":[66,60,53,53,53,53,53,36,36,42,48,48,42,56,56,35,67,51,45,45,45,27,20,20,40,40,40,40,24,49,40,49,29,71,66,66,66,57,57,69,66,38,38,45,45,48,48,55,64,46],"gold":256,"neow_bonus":"THREE_RARE_CARDS","is_prod":false,"is_daily":false,"chose_seed":false,"campfire_upgraded":5,"win_rate":0.0,"timestamp":1607500633,"path_taken":["M","M","M","?","?","R","?","E","T","E","M","?","M","E","R","BOSS","M","M","?","$","M","E","R","M","T","?","$","E","R","E","R","BOSS","M","?","?","M","?","E","?","E","T","E","$","M","?","E","R","BOSS"],"build_version":"2020-11-30","purchased_purges":5,"victory":true,"max_hp_per_floor":[68,68,68,68,68,68,68,68,68,68,68,68,68,78,78,78,78,78,78,78,78,78,78,78,78,78,78,78,85,85,85,85,85,85,85,85,85,85,85,85,85,85,85,85,85,85,85,85,85,85],"card_choices":[{"not_picked":["TreasureHunter","UltimateShortwave"],"picked":"BlazingStar","floor":0.0},{"not_picked":["MysteriousBeam","Acceleration"],"picked":"WitchLeyline","floor":1.0},{"not_picked":["UnstableBomb","EnergyRecoil"],"picked":"Orbital","floor":2.0},{"not_picked":["PropBag","ShootingEcho"],"picked":"EarthLightRay","floor":3.0},{"not_picked":["SprinkleStarSeal","SporeBomb"],"picked":"WitchLeyline","floor":8.0},{"not_picked":["BlazingStar","DC","PowerUp"],"picked":"SKIP","floor":10.0},{"not_picked":["NonDirectionalLaser","MilkyWay","OpenUniverse"],"picked":"SKIP","floor":11.0},{"not_picked":["MeteoricShower","Occultation"],"picked":"SporeBomb","floor":13.0},{"not_picked":["Robbery","WitchLeyline","GrandCross"],"picked":"SKIP","floor":14.0},{"not_picked":["FinalSpark","AbsoluteMagnitude"],"picked":"SuperNova","floor":16.0},{"not_picked":["DoubleSpark","GalacticHalo"],"picked":"PropBag","floor":18.0},{"not_picked":["IllusionStar","GravityBeat"],"picked":"EarthLightRay","floor":19.0},{"not_picked":["ChargingUp","DC"],"picked":"ShootingEcho","floor":22.0},{"not_picked":["AbsoluteMagnitude","BigCrunch"],"picked":"GasGiant","floor":23.0},{"not_picked":["SporeBomb","OneTimeOff","6A+1"],"picked":"SKIP","floor":25.0},{"not_picked":["GrandCross","SporeBomb","SatelliteIllusion"],"picked":"SKIP","floor":29.0},{"not_picked":["WitchOfGreed","EnergyFlow","AsteroidBelt"],"picked":"SKIP","floor":31.0},{"not_picked":["PowerUp+1","GalacticHalo","WitchOfGreed"],"picked":"SKIP","floor":35.0},{"not_picked":["WitchOfGreed","MilkyWay+1"],"picked":"Orbital","floor":38.0},{"not_picked":["ShootingEcho","SporeBomb+1","DoubleSpark+1"],"picked":"SKIP","floor":40.0},{"not_picked":["Orbital+1","GalacticHalo+1"],"picked":"MagicChant+1","floor":41.0},{"not_picked":["MagicAbsorber","StarDustReverie","PowerUp"],"picked":"SKIP","floor":42},{"not_picked":["MysteriousBeam+1","SuperPerseids","LuminesStrike+1"],"picked":"SKIP","floor":44},{"not_picked":["GravityBeat+1","DarkMatter","PowerUp"],"picked":"SKIP","floor":46},{"not_picked":["Singularity+1","Orbital+1","StarBarrage"],"picked":"SKIP","floor":48}],"player_experience":115692,"relics_obtained":[{"floor":8.0,"key":"Calipers"},{"floor":9.0,"key":"Unceasing Top"},{"floor":10.0,"key":"Centennial Puzzle"},{"floor":14.0,"key":"Pear"},{"floor":23.0,"key":"Dream Catcher"},{"floor":26.0,"key":"Bag of Marbles"},{"floor":29.0,"key":"Strawberry"},{"floor":31.0,"key":"Eternal Feather"},{"floor":40.0,"key":"HornCleat"},{"floor":41.0,"key":"Girya"},{"floor":42,"key":"Pen Nib"},{"floor":43,"key":"HandmadeGrimoire"},{"floor":44,"key":"Bag of Preparation"},{"floor":48,"key":"CaptainsWheel"}],"event_choices":[{"damage_healed":0.0,"max_hp_gain":0.0,"max_hp_loss":0.0,"gold_gain":0.0,"event_name":"Upgrade Shrine","player_choice":"Upgraded","floor":4.0,"gold_loss":0.0,"damage_taken":0.0,"cards_upgraded":["EarthLightRay"]},{"damage_healed":0.0,"max_hp_gain":0.0,"max_hp_loss":0.0,"gold_gain":0.0,"event_name":"Scrap Ooze","player_choice":"Fled","floor":7.0,"gold_loss":0.0,"damage_taken":0.0},{"damage_healed":0.0,"max_hp_gain":0.0,"max_hp_loss":0.0,"gold_gain":0.0,"event_name":"Shining Light","player_choice":"Ignored","floor":12.0,"gold_loss":0.0,"damage_taken":0.0},{"cards_removed":["Strike_MRS"],"damage_healed":0.0,"max_hp_gain":0.0,"max_hp_loss":0.0,"gold_gain":0.0,"event_name":"Purifier","player_choice":"Purged","floor":20.0,"gold_loss":0.0,"damage_taken":0.0},{"cards_removed":["UpSweep"],"damage_healed":0.0,"max_hp_gain":0.0,"max_hp_loss":0.0,"gold_gain":0.0,"event_name":"Falling","player_choice":"Removed Attack","floor":36.0,"gold_loss":0.0,"damage_taken":0.0},{"damage_healed":0.0,"max_hp_gain":0.0,"max_hp_loss":0.0,"gold_gain":0.0,"event_name":"SensoryStone","player_choice":"Memory 1","floor":37.0,"gold_loss":0.0,"damage_taken":0.0},{"damage_healed":0.0,"max_hp_gain":0.0,"max_hp_loss":0.0,"gold_gain":0.0,"event_name":"Mysterious Sphere","player_choice":"Fight","floor":41.0,"gold_loss":0.0,"damage_taken":0.0},{"damage_healed":0,"gold_gain":0,"player_choice":"Upgraded","damage_taken":0,"max_hp_gain":0,"max_hp_loss":0,"event_name":"Upgrade Shrine","floor":47,"gold_loss":0,"cards_upgraded":["Orbital"]}],"is_beta":false,"boss_relics":[{"not_picked":["Coffee Dripper","Tiny House"],"picked":"Sozu"},{"not_picked":["Fusion Hammer","Black Star"],"picked":"Runic Dome"}],"items_purged_floors":[5,21,27,39,45],"is_endless":false,"potions_floor_spawned":[3,8,10,11,13,18,22,31,33,40,42,46],"ascension_level":5}}