{"host":"u2dm6glrpyjr66v9","time":1607496181,"event":{"gold_per_floor":[114,133,152,171,171,196,208,254,289,301,301],"floor_reached":10,"playtime":459,"items_purged":[],"score":78,"play_id":"504b7fdd-6442-47e9-a4df-d9c0fc4b06e8","local_time":"20201209154301","is_ascension_mode":false,"campfire_choices":[{"floor":7,"key":"REST"}],"neow_cost":"NONE","seed_source_timestamp":1176742426991800,"circlet_count":0,"master_deck":["MokouMod:Strike","MokouMod:Strike","MokouMod:Strike","MokouMod:Strike","MokouMod:Strike","MokouMod:Defend","MokouMod:Defend","MokouMod:Defend","MokouMod:Defend","MokouMod:HeatSpark","MokouMod:SearingShot","MokouMod:IndiscriminateIgnition","MokouMod:BurningDraft","MokouMod:HeartofFire","Regret","MokouMod:ResonanceReactor","MokouMod:ResonatingAura"],"relics":["MokouMod:PhoenixFeather","NeowsBlessing","Question Card","MawBank","Orichalcum"],"potions_floor_usage":[8,8,10],"damage_taken":[{"damage":0,"enemies":"Cultist","floor":1,"turns":1},{"damage":0,"enemies":"Jaw Worm","floor":2,"turns":1},{"damage":0,"enemies":"Small Slimes","floor":3,"turns":1},{"damage":20,"enemies":"Looter","floor":4,"turns":4},{"damage":71,"enemies":"Gremlin Nob","floor":6,"turns":6},{"damage":69,"enemies":"3 Sentries","floor":8,"turns":7},{"damage":19,"enemies":"Lagavulin","floor":10,"turns":5}],"seed_played":"7589224810536257588","potions_obtained":[{"floor":3,"key":"SkillPotion"},{"floor":6,"key":"ColorlessPotion"},{"floor":8,"key":"Explosive Potion"}],"is_trial":false,"path_per_floor":["M","M","M","M","?","E","R","E","T","E"],"character_chosen":"MKU","items_purchased":[],"campfire_rested":1,"item_purchase_floors":[],"current_hp_per_floor":[75,75,75,55,55,18,40,12,12,0,0],"gold":301,"neow_bonus":"THREE_ENEMY_KILL","is_prod":false,"is_daily":false,"chose_seed":false,"campfire_upgraded":0,"win_rate":0.0,"timestamp":1607496181,"path_taken":["M","M","M","?","?","E","R","E","T","E"],"build_version":"2020-11-30","purchased_purges":0,"victory":false,"max_hp_per_floor":[75,75,75,75,75,75,75,75,75,75,75],"card_choices":[{"not_picked":["MokouMod:FujiyamaVolcano","MokouMod:FusionFlare"],"picked":"MokouMod:SearingShot","floor":1},{"not_picked":["MokouMod:ResonanceReactor","MokouMod:ScorchingColumn"],"picked":"MokouMod:IndiscriminateIgnition","floor":2},{"not_picked":["MokouMod:FlickeringFlame","MokouMod:FlareStarter"],"picked":"MokouMod:BurningDraft","floor":3},{"not_picked":["MokouMod:InfernalWave","MokouMod:Overheat"],"picked":"MokouMod:HeartofFire","floor":4},{"not_picked":["MokouMod:TemporalFireSeal","MokouMod:Refresh","MokouMod:Meltdown"],"picked":"MokouMod:ResonanceReactor","floor":6},{"not_picked":["MokouMod:Singe","MokouMod:TemporalFireSeal","MokouMod:ScorchingColumn"],"picked":"MokouMod:ResonatingAura","floor":8}],"player_experience":31866,"relics_obtained":[{"floor":6,"key":"MawBank"},{"floor":8,"key":"Orichalcum"}],"event_choices":[{"damage_healed":0,"gold_gain":0,"player_choice":"Box","damage_taken":0,"relics_obtained":["Question Card"],"max_hp_gain":0,"max_hp_loss":0,"event_name":"Big Fish","floor":5,"gold_loss":0,"cards_obtained":["Regret"]}],"is_beta":false,"boss_relics":[],"items_purged_floors":[],"is_endless":false,"potions_floor_spawned":[3,6,8],"killed_by":"Lagavulin","ascension_level":0}}