{"host":"v0kr0xkqfgnh389p","time":1607474636,"event":{"gold_per_floor":[114,289,289,47,57,57,90,90,117,117,128,177,212,77,77,182,182,182,182],"floor_reached":18,"playtime":807,"items_purged":["Doubt"],"score":201,"play_id":"e5d8c828-e058-4e7b-90eb-7004f12917ef","local_time":"20201208194356","is_ascension_mode":true,"campfire_choices":[{"floor":6,"key":"RECALL"},{"data":"WindmillStrike","floor":8,"key":"SMITH"},{"data":"MentalFortress","floor":10,"key":"SMITH"},{"data":"Magnetism","floor":15,"key":"SMITH"}],"neow_cost":"NONE","seed_source_timestamp":41570595891300,"circlet_count":0,"master_deck":["Strike_P","Strike_P","Strike_P","Strike_P","Defend_P","Defend_P","Defend_P","Defend_P","Eruption","Vigilance","JustLucky","EmptyBody","MentalFortress+1","WindmillStrike+1","SandsOfTime","Tantrum","Wireheading","Magnetism+1","Omniscience"],"relics":["PureWater","NeowsBlessing","MerchantsRug","Smiling Mask","Replay:Rubber Ducky","Bronze Scales","Coffee Dripper"],"potions_floor_usage":[],"damage_taken":[{"damage":0,"enemies":"2 Louse","floor":1,"turns":1},{"damage":0,"enemies":"Small Slimes","floor":5,"turns":1},{"damage":0,"enemies":"Gremlin Nob","floor":7,"turns":1},{"damage":1,"enemies":"Cultist","floor":11,"turns":3},{"damage":21,"enemies":"Lagavulin","floor":13,"turns":7},{"damage":46,"enemies":"Fading Forest","floor":16,"turns":11},{"damage":7,"enemies":"3 Byrds","floor":18,"turns":2}],"seed_played":"-4655477728395603588","potions_obtained":[{"floor":3,"key":"Swift Potion"},{"floor":3,"key":"Dexterity Potion"},{"floor":3,"key":"Cursed Concoction"},{"floor":5,"key":"Reflective Coating"},{"floor":11,"key":"Ambrosia"}],"is_trial":false,"path_per_floor":["M","?","?","$","M","R","E","R","T","R","M","T","E","$","R","B",null,"M"],"character_chosen":"WATCHER","items_purchased":["MerchantsRug","EmptyBody","MentalFortress","Magnetism"],"campfire_rested":0,"item_purchase_floors":[4,4,4,14],"current_hp_per_floor":[72,72,72,72,72,72,72,72,72,72,71,71,50,50,50,28,72,65,65],"gold":182,"neow_bonus":"THREE_ENEMY_KILL","is_prod":false,"is_daily":false,"chose_seed":false,"campfire_upgraded":3,"win_rate":0,"timestamp":1607474636,"path_taken":["M","?","?","$","M","R","E","R","T","R","?","?","E","$","R","BOSS","M"],"build_version":"2020-11-30","purchased_purges":1,"victory":false,"max_hp_per_floor":[72,72,72,72,72,72,72,72,72,72,72,72,72,72,72,72,72,72,72],"card_choices":[{"not_picked":["InnerPeace","Replay:ManipulateFuture"],"picked":"JustLucky","floor":1},{"not_picked":["Nirvana","EmptyMind"],"picked":"WindmillStrike","floor":5},{"not_picked":["EmptyBody","Protect"],"picked":"SandsOfTime","floor":7},{"not_picked":["WaveOfTheHand","FollowUp"],"picked":"Tantrum","floor":11},{"not_picked":["SignatureMove","FlyingSleeves"],"picked":"Wireheading","floor":13},{"not_picked":["DeusExMachina","SpiritShield"],"picked":"Omniscience","floor":16}],"player_experience":665194,"relics_obtained":[{"floor":7,"key":"Smiling Mask"},{"floor":12,"key":"Replay:Rubber Ducky"},{"floor":13,"key":"Bronze Scales"}],"event_choices":[{"damage_healed":0,"gold_gain":175,"player_choice":"AGREE","damage_taken":0,"max_hp_gain":0,"max_hp_loss":0,"event_name":"Liars Game","floor":2,"gold_loss":0,"cards_obtained":["Doubt"]},{"damage_healed":0,"gold_gain":0,"player_choice":"Got Potions","damage_taken":0,"max_hp_gain":0,"max_hp_loss":0,"event_name":"Lab","floor":3,"gold_loss":0}],"is_beta":false,"boss_relics":[{"not_picked":["hubris:VirtuousBlindfold","ReplayTheSpireMod:DimensionalGlitch"],"picked":"Coffee Dripper"}],"items_purged_floors":[4],"is_endless":false,"potions_floor_spawned":[5,11],"killed_by":"3 Byrds","ascension_level":1}}