{"host":"kd4j2frnkbryk9ie","time":1607479957,"event":{"gold_per_floor":[109,119,137,102,114,149,166,184,208,208,208],"floor_reached":10,"playtime":450,"items_purged":[],"score":72,"play_id":"62719872-0612-43a4-a3dc-96f2a8c3cfc1","local_time":"20201209031237","is_ascension_mode":false,"campfire_choices":[],"neow_cost":"NONE","seed_source_timestamp":143764430553900,"circlet_count":0,"master_deck":["Strike_R+1","Strike_R","Strike_R","Strike_R","Strike_R","Defend_R","Defend_R","Defend_R","Defend_R","Bash+1","Regret","Shrug It Off","Metallicize","Body Slam","Body Slam","Armaments"],"relics":["Burning Blood","Letter Opener","Pen Nib","Whetstone"],"potions_floor_usage":[6,8],"damage_taken":[{"damage":3,"enemies":"Cultist","floor":1,"turns":4},{"damage":21,"enemies":"Jaw Worm","floor":2,"turns":3},{"damage":17,"enemies":"2 Louse","floor":3,"turns":3},{"damage":15,"enemies":"2 Fungi Beasts","floor":5,"turns":4},{"damage":31,"enemies":"Lagavulin","floor":6,"turns":8},{"damage":25,"enemies":"Red Slaver","floor":7,"turns":4},{"damage":9,"enemies":"3 Louse","floor":8,"turns":4},{"damage":25,"enemies":"Exordium Thugs","floor":10,"turns":6}],"seed_played":"9047704778077768805","potions_obtained":[{"floor":2,"key":"Doom Potion"},{"floor":5,"key":"Reflective Coating"},{"floor":7,"key":"hexamod:EctoCoolerPotion"}],"is_trial":false,"path_per_floor":["M","M","M","?","M","E","M","M","T","M"],"character_chosen":"IRONCLAD","items_purchased":[],"campfire_rested":0,"item_purchase_floors":[],"current_hp_per_floor":[80,65,54,74,65,40,21,18,18,0,0],"gold":208,"neow_bonus":"RANDOM_EVENT","is_prod":false,"is_daily":false,"chose_seed":false,"campfire_upgraded":0,"win_rate":0,"timestamp":1607479957,"path_taken":["M","?","M","?","M","E","M","M","T","M"],"build_version":"2020-11-30","purchased_purges":0,"victory":false,"max_hp_per_floor":[80,80,80,80,80,80,80,80,80,80,80],"card_choices":[{"not_picked":["True Grit","ReplayTheSpireMod:Strike From Hell"],"picked":"Shrug It Off","floor":1},{"not_picked":["Clothesline","Replay:Undeath\u0027s Touch"],"picked":"Metallicize","floor":2},{"not_picked":["Metallicize","Rampage"],"picked":"Body Slam","floor":3},{"not_picked":["Pommel Strike","Combust"],"picked":"Body Slam","floor":5},{"not_picked":["Pummel","Replay:Undeath\u0027s Touch","ReplayTheSpireMod:Limb From Limb"],"picked":"SKIP","floor":6},{"not_picked":["Dropkick","Flex"],"picked":"Armaments","floor":7},{"not_picked":["Pommel Strike","Replay:Undeath\u0027s Touch","ReplayTheSpireMod:Strike From Hell"],"picked":"SKIP","floor":8}],"player_experience":124160,"relics_obtained":[{"floor":6,"key":"Pen Nib"},{"floor":9,"key":"Whetstone"}],"event_choices":[{"damage_healed":0,"gold_gain":0,"player_choice":"Box","damage_taken":0,"relics_obtained":["Letter Opener"],"max_hp_gain":0,"max_hp_loss":0,"event_name":"Big Fish","floor":0,"gold_loss":0,"cards_obtained":["Regret"]},{"damage_healed":20,"gold_gain":0,"player_choice":"Healed","damage_taken":0,"max_hp_gain":0,"max_hp_loss":0,"event_name":"The Cleric","floor":4,"gold_loss":35}],"is_beta":false,"boss_relics":[],"items_purged_floors":[],"is_endless":false,"potions_floor_spawned":[2,5,7],"killed_by":"Exordium Thugs","ascension_level":0}}