{"host":"l4kdldlios54gl54","time":1607489018,"event":{"gold_per_floor":[112,126,142,159,84,84,84,118,118,43,60,73,30,47,47,121,121,93,35,48,67,79,79,95,126,174,174,174,174],"floor_reached":28,"playtime":1367,"items_purged":["Strike_G"],"score":476,"play_id":"bbfaf4cf-9fc0-4b59-8fa6-0310fd9e23ac","local_time":"20201209054338","is_ascension_mode":true,"campfire_choices":[{"data":"Dagger Spray","floor":6,"key":"SMITH"},{"data":"Footwork","floor":15,"key":"SMITH"},{"floor":23,"key":"REST"},{"floor":27,"key":"REST"}],"neow_cost":"CURSE","seed_source_timestamp":39332504911118,"circlet_count":0,"master_deck":["AscendersBane","Strike_G","Strike_G","Strike_G","Defend_G","Defend_G","Defend_G","Defend_G","Defend_G","Survivor","Neutralize","Doubt","Slice","Dagger Throw","Dagger Spray+1","PiercingWail","Cloak And Dagger","Footwork+1","Tools of the Trade","CurseOfTheBell","Cloak And Dagger","Leg Sweep"],"relics":["Ring of the Snake","Du-Vu Doll","Darkstone Periapt","Pear","Calling Bell","Oddly Smooth Stone","Pantograph","Bird Faced Urn","Mummified Hand","MealTicket"],"potions_floor_usage":[8,14,16,25,25],"damage_taken":[{"damage":0,"enemies":"Cultist","floor":1,"turns":3},{"damage":11,"enemies":"Small Slimes","floor":2,"turns":4},{"damage":0,"enemies":"2 Louse","floor":3,"turns":2},{"damage":0,"enemies":"2 Fungi Beasts","floor":4,"turns":2},{"damage":7,"enemies":"3 Sentries","floor":8,"turns":6},{"damage":5,"enemies":"Large Slime","floor":11,"turns":5},{"damage":0,"enemies":"3 Louse","floor":12,"turns":1},{"damage":0,"enemies":"Lots of Slimes","floor":14,"turns":3},{"damage":41,"enemies":"Slime Boss","floor":16,"turns":13},{"damage":0,"enemies":"2 Thieves","floor":18,"turns":4},{"damage":14,"enemies":"Spheric Guardian","floor":20,"turns":6},{"damage":21,"enemies":"Snecko","floor":21,"turns":11},{"damage":17,"enemies":"Shelled Parasite and Fungi","floor":22,"turns":8},{"damage":12,"enemies":"Cultist and Chosen","floor":24,"turns":9},{"damage":39,"enemies":"Gremlin Leader","floor":25,"turns":8},{"damage":33,"enemies":"Book of Stabbing","floor":28,"turns":7}],"seed_played":"7344736540667123744","potions_obtained":[{"floor":1,"key":"Fire Potion"},{"floor":8,"key":"DistilledChaos"},{"floor":14,"key":"Strength Potion"},{"floor":16,"key":"ColorlessPotion"},{"floor":20,"key":"Fire Potion"}],"is_trial":false,"path_per_floor":["M","M","M","M","?","R","?","E","T","$","M","M","$","M","R","B",null,"M","$","M","M","M","R","M","E","T","R","E"],"character_chosen":"THE_SILENT","items_purchased":["Footwork","Cloak And Dagger"],"campfire_rested":2,"item_purchase_floors":[13,19],"current_hp_per_floor":[59,48,48,48,48,48,48,41,51,51,46,46,46,46,46,5,64,66,66,56,39,26,50,42,5,5,29,0,0],"gold":174,"neow_bonus":"ONE_RARE_RELIC","is_prod":false,"is_daily":false,"chose_seed":false,"campfire_upgraded":2,"win_rate":0,"timestamp":1607489018,"path_taken":["M","M","M","M","?","R","?","E","T","$","M","?","$","M","R","BOSS","M","$","M","M","M","R","M","E","T","R","E"],"build_version":"2020-11-30","purchased_purges":1,"victory":false,"max_hp_per_floor":[66,66,66,66,66,66,66,66,76,76,76,76,76,76,76,76,82,82,82,82,82,82,82,82,82,82,82,82,82],"card_choices":[{"not_picked":["Accuracy","Poisoned Stab"],"picked":"Slice","floor":1},{"not_picked":["Acrobatics","Caltrops"],"picked":"Dagger Throw","floor":2},{"not_picked":["Choke","PiercingWail"],"picked":"Dagger Spray","floor":3},{"not_picked":["Outmaneuver","Backflip"],"picked":"PiercingWail","floor":4},{"not_picked":["Venomology","Outmaneuver","Quick Slash"],"picked":"SKIP","floor":8},{"not_picked":["Venomology","Outmaneuver","Quick Slash"],"picked":"SKIP","floor":8},{"not_picked":["Sucker Punch","Deadly Poison","Reflex"],"picked":"SKIP","floor":11},{"not_picked":["Dagger Throw","All Out Attack"],"picked":"Cloak And Dagger","floor":12},{"not_picked":["Slice","Terror","Reflex"],"picked":"SKIP","floor":14},{"not_picked":["Corpse Explosion","Venomology"],"picked":"Tools of the Trade","floor":16},{"not_picked":["Slice","Eviscerate","Poisoned Stab"],"picked":"SKIP","floor":18},{"not_picked":["Blur","Prepared","Concentrate"],"picked":"SKIP","floor":20},{"not_picked":["Footwork","Concentrate","Dagger Throw"],"picked":"SKIP","floor":21},{"not_picked":["Dagger Spray","Prepared","Outmaneuver"],"picked":"SKIP","floor":22},{"not_picked":["Dagger Spray","Dodge and Roll"],"picked":"Leg Sweep","floor":24},{"not_picked":["Expertise","Deflect","Choke"],"picked":"SKIP","floor":25}],"player_experience":821390,"relics_obtained":[{"floor":8,"key":"Darkstone Periapt"},{"floor":9,"key":"Pear"},{"floor":17,"key":"Oddly Smooth Stone"},{"floor":17,"key":"Pantograph"},{"floor":17,"key":"Bird Faced Urn"},{"floor":25,"key":"Mummified Hand"},{"floor":26,"key":"MealTicket"}],"event_choices":[{"cards_removed":["Strike_G"],"damage_healed":0,"gold_gain":0,"player_choice":"Card Removal","damage_taken":0,"max_hp_gain":0,"max_hp_loss":0,"event_name":"The Cleric","floor":5,"gold_loss":75},{"damage_healed":0,"gold_gain":0,"player_choice":"Ignored","damage_taken":0,"max_hp_gain":0,"max_hp_loss":0,"event_name":"Fountain of Cleansing","floor":7,"gold_loss":0}],"is_beta":false,"boss_relics":[{"not_picked":["Black Star","Philosopher\u0027s Stone"],"picked":"Calling Bell"}],"items_purged_floors":[10],"is_endless":false,"potions_floor_spawned":[1,8,14,16,20,22],"killed_by":"Book of Stabbing","ascension_level":19}}