{"host":"2461dio7vetlq1z3","time":1607506546,"event":{"gold_per_floor":[117,117,129,142,152,152,152,152],"floor_reached":7,"playtime":341,"items_purged":[],"score":47,"play_id":"bbd43fcb-b82f-4b25-888a-de7f920a624a","local_time":"20201209103546","is_ascension_mode":true,"campfire_choices":[{"data":"WaveOfTheHand","floor":6,"key":"SMITH"}],"neow_cost":"","seed_source_timestamp":347090846356700,"circlet_count":0,"master_deck":["Strike_P","Strike_P","Strike_P","Strike_P","Defend_P","Defend_P","Defend_P","Defend_P","Eruption","Vigilance","WallGazer","CrushJoints+1","SpiderBud","FlyingSleeves","SnowQueen","Conclude","MeatLantern","WaveOfTheHand+1"],"relics":["PureWater","CogitoBucket","LetterFromLob"],"potions_floor_usage":[],"damage_taken":[{"damage":5,"enemies":"Jaw Worm","floor":1,"turns":4},{"damage":2,"enemies":"Cultist","floor":3,"turns":2},{"damage":7,"enemies":"Small Slimes","floor":4,"turns":3},{"damage":5,"enemies":"Blue Slaver","floor":5,"turns":3},{"damage":54,"enemies":"Gremlin Nob","floor":7,"turns":4}],"seed_played":"8421553797656113067","potions_obtained":[{"floor":3,"key":"BottledMiracle"},{"floor":5,"key":"FearPotion"}],"is_trial":false,"path_per_floor":["M","?","M","M","M","R","E"],"character_chosen":"WATCHER","items_purchased":[],"campfire_rested":0,"item_purchase_floors":[],"current_hp_per_floor":[67,67,65,58,53,53,0,0],"gold":152,"neow_bonus":"","is_prod":false,"is_daily":false,"chose_seed":false,"campfire_upgraded":1,"win_rate":0,"timestamp":1607506546,"path_taken":["M","?","?","?","M","R","E"],"build_version":"2020-11-30","purchased_purges":0,"victory":false,"max_hp_per_floor":[72,72,72,72,72,72,72,72],"relic_stats":{"counters":[5,16],"obtain_stats":[{"CogitoBucket":0,"LetterFromLob":1,"PureWater":0},{"CogitoBucket":0,"LetterFromLob":1,"PureWater":0},{"CogitoBucket":0,"LetterFromLob":4,"PureWater":0}]},"card_choices":[{"not_picked":["PunishingBird","BeautyBeast"],"picked":"WallGazer","floor":1},{"not_picked":["PathToVictory","SashWhip"],"picked":"CrushJoints","floor":1},{"not_picked":["Porccubus","LittleHelper"],"picked":"SpiderBud","floor":3},{"not_picked":["WheelKick","CrushJoints"],"picked":"FlyingSleeves","floor":3},{"not_picked":["FairyFestival","CrumblingArmor"],"picked":"SnowQueen","floor":4},{"not_picked":["SashWhip","Sanctity"],"picked":"Conclude","floor":4},{"not_picked":["Wellcheers","Bloodbath"],"picked":"MeatLantern","floor":5},{"not_picked":["Swivel","DeceiveReality"],"picked":"WaveOfTheHand","floor":5}],"player_experience":581988,"relics_obtained":[{"floor":1,"key":"LetterFromLob"}],"event_choices":[{"damage_healed":0,"gold_gain":0,"player_choice":"Upgraded","damage_taken":0,"max_hp_gain":0,"max_hp_loss":0,"event_name":"Upgrade Shrine","floor":2,"gold_loss":0,"cards_upgraded":["CrushJoints"]}],"is_beta":false,"boss_relics":[],"items_purged_floors":[],"is_endless":false,"potions_floor_spawned":[3,5],"killed_by":"Gremlin Nob","ascension_level":2}}