{"host":"omov159tyjzan9wn","time":1607520511,"event":{"gold_per_floor":[113,124,139,153,163,197,197,209,209,267,267,76,89,105,105,105,105],"floor_reached":16,"playtime":1403,"items_purged":[],"score":106,"play_id":"70036f19-6791-4495-a8e9-ee8a917f637f","local_time":"20201209132831","is_ascension_mode":false,"campfire_choices":[{"data":"MadScienceMod:RadioactiveSword","floor":7,"key":"SMITH"},{"floor":15,"key":"REST"}],"neow_cost":"NONE","seed_source_timestamp":1185553089149900,"circlet_count":0,"master_deck":["MadScienceMod:Strike_MadScience","MadScienceMod:Strike_MadScience","MadScienceMod:Strike_MadScience","MadScienceMod:Strike_MadScience","MadScienceMod:Defend_MadScience","MadScienceMod:Defend_MadScience","MadScienceMod:Defend_MadScience","MadScienceMod:Defend_MadScience","MadScienceMod:PoweredStrike","MadScienceMod:HideBehindJunk","MadScienceMod:RadioactiveSword+1","MadScienceMod:ShrinkRay","MadScienceMod:ImposingConstruct","MadScienceMod:SelfDestruct","MadScienceMod:Booster","MadScienceMod:NowOrNever","MadScienceMod:ExtractOil","MadScienceMod:FlameCannon+1","MadScienceMod:RadioactiveSword","MadScienceMod:FlameCannon","MadScienceMod:MechanicalClaw","MadScienceMod:Bayonet"],"relics":["MadScienceMod:FuelTank","Ancient Tea Set","Bottled Flame","MadScienceMod:ExhaustVents","Orrery"],"potions_floor_usage":[6,6,14],"damage_taken":[{"damage":0,"enemies":"Small Slimes","floor":1,"turns":3},{"damage":2,"enemies":"2 Louse","floor":2,"turns":3},{"damage":0,"enemies":"Cultist","floor":3,"turns":4},{"damage":4,"enemies":"Lots of Slimes","floor":4,"turns":6},{"damage":4,"enemies":"Large Slime","floor":5,"turns":8},{"damage":25,"enemies":"HollowMod:MossKnight","floor":6,"turns":14},{"damage":6,"enemies":"3 Louse","floor":8,"turns":3},{"damage":5,"enemies":"Gremlin Gang","floor":13,"turns":3},{"damage":8,"enemies":"Blue Slaver","floor":14,"turns":2},{"damage":23,"enemies":"The Guardian","floor":16,"turns":10}],"seed_played":"2111219344969485387","potions_obtained":[{"floor":1,"key":"MadScienceMod:TrinketPotion"},{"floor":2,"key":"AttackPotion"},{"floor":4,"key":"Cursed Concoction"},{"floor":10,"key":"MadScienceMod:TrinketPotion"},{"floor":10,"key":"Venom Potion"}],"is_trial":false,"path_per_floor":["M","M","M","M","M","E","R","M","T","?","?","$","M","M","R","B"],"character_chosen":"MAD_SCIENTIST","items_purchased":["MadScienceMod:FlameCannon+1","Orrery"],"campfire_rested":1,"item_purchase_floors":[12,12],"current_hp_per_floor":[82,80,80,76,72,47,47,41,41,21,26,26,21,13,37,14,14],"gold":105,"neow_bonus":"TEN_PERCENT_HP_BONUS","is_prod":false,"is_daily":false,"chose_seed":false,"campfire_upgraded":1,"win_rate":0.0,"timestamp":1607520511,"path_taken":["M","M","M","M","M","E","R","M","T","?","?","$","M","?","R","BOSS"],"build_version":"2020-11-30","purchased_purges":0,"victory":false,"max_hp_per_floor":[82,82,82,82,82,82,82,82,82,82,82,82,82,82,82,82,82],"card_choices":[{"not_picked":["MadScienceMod:ParticleBeam","MadScienceMod:JunkLaser"],"picked":"MadScienceMod:RadioactiveSword","floor":1},{"not_picked":["MadScienceMod:FragmentationGrenade","MadScienceMod:AcidSpray"],"picked":"MadScienceMod:ShrinkRay","floor":2},{"not_picked":["MadScienceMod:RadioactiveSword","MadScienceMod:AutoStrike"],"picked":"MadScienceMod:ImposingConstruct","floor":3},{"not_picked":["MadScienceMod:AcidSpray","MadScienceMod:FumeBlast"],"picked":"MadScienceMod:NowOrNever","floor":4},{"not_picked":["MadScienceMod:ShrinkRay","MadScienceMod:MechanicalClaw"],"picked":"MadScienceMod:SelfDestruct","floor":5},{"not_picked":["MadScienceMod:Bombardment","MadScienceMod:FragmentationGrenade"],"picked":"MadScienceMod:Booster","floor":6},{"not_picked":["MadScienceMod:MechanicalClaw","MadScienceMod:ShrinkRay"],"picked":"MadScienceMod:NowOrNever","floor":8},{"not_picked":["MadScienceMod:AntimatterBomb","MadScienceMod:Strafe"],"picked":"MadScienceMod:ExtractOil","floor":10},{"not_picked":["MadScienceMod:Tune","MadScienceMod:MakeOrBreak"],"picked":"MadScienceMod:RadioactiveSword","floor":12},{"not_picked":["MadScienceMod:FumeHood","MadScienceMod:FragmentationGrenade"],"picked":"MadScienceMod:FlameCannon","floor":12},{"not_picked":["MadScienceMod:MinatureWeapons","MadScienceMod:NowOrNever"],"picked":"MadScienceMod:MechanicalClaw","floor":12},{"not_picked":["MadScienceMod:NowOrNever","MadScienceMod:CaptureMomentum","MadScienceMod:Bombardment"],"picked":"SKIP","floor":13},{"not_picked":["MadScienceMod:NowOrNever","MadScienceMod:AntimatterBomb"],"picked":"MadScienceMod:Bayonet","floor":14}],"player_experience":36230,"relics_obtained":[{"floor":6,"key":"Ancient Tea Set"},{"floor":9,"key":"Bottled Flame"},{"floor":10,"key":"MadScienceMod:ExhaustVents"}],"event_choices":[{"cards_removed":["MadScienceMod:NowOrNever"],"damage_healed":5,"gold_gain":0,"player_choice":"Offered Common","damage_taken":0,"max_hp_gain":0,"max_hp_loss":0,"event_name":"Bonfire Elementals","floor":11,"gold_loss":0},{"cards_removed":["MadScienceMod:NowOrNever"],"damage_healed":5,"gold_gain":0,"player_choice":"Offered Special","damage_taken":0,"max_hp_gain":0,"max_hp_loss":0,"event_name":"Bonfire Elementals","floor":11,"gold_loss":0}],"is_beta":false,"boss_relics":[],"items_purged_floors":[],"is_endless":false,"potions_floor_spawned":[1,2,4],"killed_by":"The Guardian","ascension_level":0}}