{"host":"wl5kcyk3ocgwii71","time":1607484083,"event":{"gold_per_floor":[216,25,35,52,52,78,137,171,171,201,201,211,211,66,66,164,164,175,190,207,132,152,183,37,63,63,75,75,92,92,107,107,203,203,221,293,308,358,318,318,348,365,365,383,397,412,429,354,354,354,354],"floor_reached":50,"playtime":1640,"items_purged":["Strike_R"],"score":701,"play_id":"5856a6e6-a95c-4831-8208-847cd6f9166a","local_time":"20201208192123","is_ascension_mode":true,"campfire_choices":[{"data":"Trip","floor":11,"key":"SMITH"},{"data":"Armaments","floor":13,"key":"SMITH"},{"floor":15,"key":"REST"},{"floor":28,"key":"REST"},{"floor":32,"key":"REST"},{"floor":40,"key":"REST"},{"floor":49,"key":"RECALL"}],"neow_cost":"NONE","seed_source_timestamp":378230098073200,"circlet_count":0,"master_deck":["Strike_R","Strike_R","Strike_R","Strike_R","Defend_R","Defend_R","Defend_R","Defend_R","Bash","Cleave","Pommel Strike","Warcry","Trip+1","Heavy Blade","Exhume","Whirlwind","Armaments+1","Blood for Blood","Thunderclap","Impervious","Flex+1","Rage","Battle Trance","ReplayTheSpireMod:Doomed","Twin Strike+1","ReplayTheSpireMod:IOU","Flex+1","Run Through","Disarm+1"],"relics":["Burning Blood","Bag of Marbles","Pocketwatch","ReplayTheSpireMod:Shallot","Onion Ring","Oddly Smooth Stone","Strawberry","Replay:Grab Bag","Fusion Hammer","Busted Crown","SlaversCollar","Ring of Chaos","Calipers","Replay:Mystery Machine","ReplayTheSpireMod:Ninjato","MutagenicStrength","Cursed Key","Juzu Bracelet","Another Sword","Bird Faced Urn"],"potions_floor_usage":[29,33,33,39,44,44,44,45],"damage_taken":[{"damage":4,"enemies":"Jaw Worm","floor":1,"turns":4},{"damage":6,"enemies":"Small Slimes","floor":3,"turns":3},{"damage":0,"enemies":"Cultist","floor":4,"turns":2},{"damage":41,"enemies":"Gremlin Nob","floor":6,"turns":5},{"damage":10,"enemies":"Gremlin Nob","floor":7,"turns":3},{"damage":20,"enemies":"3 Sentries","floor":8,"turns":7},{"damage":8,"enemies":"Replay:BlueRogue","floor":10,"turns":4},{"damage":0,"enemies":"Exordium Thugs","floor":12,"turns":2},{"damage":23,"enemies":"Slime Boss","floor":16,"turns":8},{"damage":1,"enemies":"Spheric Guardian","floor":18,"turns":3},{"damage":0,"enemies":"2 Thieves","floor":19,"turns":2},{"damage":0,"enemies":"Snecko","floor":20,"turns":4},{"damage":0,"enemies":"3 Cultists","floor":22,"turns":2},{"damage":34,"enemies":"Book of Stabbing","floor":23,"turns":4},{"damage":0,"enemies":"Gremlin Leader","floor":25,"turns":6},{"damage":0,"enemies":"Centurion and Healer","floor":27,"turns":4},{"damage":16,"enemies":"Shelled Parasite and Fungi","floor":29,"turns":5},{"damage":0,"enemies":"3 Cultists","floor":31,"turns":3},{"damage":108,"enemies":"Champ","floor":33,"turns":10},{"damage":0,"enemies":"Orb Walker","floor":35,"turns":2},{"damage":0,"enemies":"3 Shapes","floor":37,"turns":2},{"damage":0,"enemies":"Mind Bloom Boss Battle","floor":38,"turns":4},{"damage":60,"enemies":"Giant Head","floor":41,"turns":8},{"damage":14,"enemies":"Spire Growth","floor":42,"turns":3},{"damage":21,"enemies":"Writhing Mass","floor":44,"turns":3},{"damage":6,"enemies":"Transient","floor":45,"turns":5},{"damage":0,"enemies":"Spire Growth","floor":46,"turns":3},{"damage":0,"enemies":"Sphere and 2 Shapes","floor":47,"turns":3},{"damage":29,"enemies":"Donu and Deca","floor":50,"turns":3}],"seed_played":"-7492315265341452091","potions_obtained":[{"floor":3,"key":"ElixirPotion"},{"floor":7,"key":"GamblersBrew"},{"floor":8,"key":"FairyPotion"},{"floor":22,"key":"Reflective Coating"},{"floor":29,"key":"ColorlessPotion"},{"floor":39,"key":"Fruit Juice"},{"floor":39,"key":"EssenceOfSteel"},{"floor":39,"key":"EssenceOfSteel"},{"floor":42,"key":"LiquidBronze"},{"floor":44,"key":"Slimebound:ThreeZeroPotion"},{"floor":46,"key":"sneckomod:MuddlingPotion"}],"is_trial":false,"path_per_floor":["M","$","M","M","?","E","?","E","T","E","R","M","R","$","R","B",null,"M","M","M","?","M","E","$","E","T","M","R","M","?","M","R","B",null,"M","?","M","?","?","R","E","M","T","M","M","M","M","?","R","B"],"character_chosen":"IRONCLAD","items_purchased":["Pommel Strike","Warcry","Trip","Strawberry","Rage"],"campfire_rested":4,"item_purchase_floors":[2,2,2,14,24],"current_hp_per_floor":[80,80,80,80,80,45,41,27,27,25,25,31,31,38,64,47,77,82,87,87,87,87,59,59,65,65,71,87,77,77,83,87,11,68,74,74,80,86,91,92,38,30,30,15,15,21,27,27,27,0,0],"gold":354,"neow_bonus":"HUNDRED_GOLD","is_prod":false,"is_daily":false,"chose_seed":false,"campfire_upgraded":2,"win_rate":0,"timestamp":1607484083,"path_taken":["M","$","M","M","?","E","?","E","T","E","R","M","R","$","R","BOSS","M","M","M","?","M","E","?","E","T","M","R","M","?","M","R","BOSS","M","?","M","?","?","R","E","M","T","M","M","M","M","?","R","BOSS"],"build_version":"2020-11-30","purchased_purges":1,"victory":false,"max_hp_per_floor":[80,80,80,80,80,80,80,80,80,80,80,80,80,87,87,87,87,87,87,87,87,87,87,87,87,87,87,87,87,87,87,87,87,87,87,87,87,87,92,92,92,92,92,92,92,92,92,92,92,92,92],"card_choices":[{"not_picked":["Thunderclap","Twin Strike"],"picked":"Cleave","floor":1},{"not_picked":["Body Slam","Havoc"],"picked":"Heavy Blade","floor":3},{"not_picked":["Heavy Blade","Havoc"],"picked":"Exhume","floor":4},{"not_picked":["True Grit","Clothesline"],"picked":"Whirlwind","floor":6},{"not_picked":["Uppercut","Pommel Strike"],"picked":"Armaments","floor":7},{"not_picked":["Sword Boomerang","Intimidate"],"picked":"Blood for Blood","floor":8},{"not_picked":["Rampage","True Grit"],"picked":"Thunderclap","floor":10},{"not_picked":["ReplayTheSpireMod:Strike From Hell","Defy Death","Clash"],"picked":"SKIP","floor":12},{"not_picked":["Juggernaut","Corruption"],"picked":"Impervious","floor":16},{"not_picked":["Warcry+1"],"picked":"SKIP","floor":18},{"not_picked":["Blood for Blood"],"picked":"SKIP","floor":19},{"not_picked":[],"picked":"Flex+1","floor":20},{"not_picked":["Havoc"],"picked":"SKIP","floor":22},{"not_picked":["Thunderclap"],"picked":"SKIP","floor":23},{"not_picked":["Sentinel"],"picked":"SKIP","floor":25},{"not_picked":["ReplayTheSpireMod:Strike From Hell+1"],"picked":"SKIP","floor":27},{"not_picked":[],"picked":"Battle Trance","floor":29},{"not_picked":["Clash"],"picked":"SKIP","floor":31},{"not_picked":["Clash+1"],"picked":"SKIP","floor":35},{"not_picked":["Armaments"],"picked":"SKIP","floor":37},{"not_picked":[],"picked":"Twin Strike+1","floor":41},{"not_picked":["Armaments"],"picked":"SKIP","floor":42},{"not_picked":[],"picked":"Flex+1","floor":44},{"not_picked":[],"picked":"Run Through","floor":45},{"not_picked":[],"picked":"Disarm+1","floor":46},{"not_picked":["ReplayTheSpireMod:Strike From Hell+1"],"picked":"SKIP","floor":47}],"player_experience":332389,"relics_obtained":[{"floor":6,"key":"Bag of Marbles"},{"floor":7,"key":"Pocketwatch"},{"floor":8,"key":"ReplayTheSpireMod:Shallot"},{"floor":9,"key":"Onion Ring"},{"floor":10,"key":"Oddly Smooth Stone"},{"floor":23,"key":"Calipers"},{"floor":25,"key":"Replay:Mystery Machine"},{"floor":26,"key":"ReplayTheSpireMod:Ninjato"},{"floor":36,"key":"Juzu Bracelet"},{"floor":38,"key":"Another Sword"},{"floor":41,"key":"Bird Faced Urn"}],"event_choices":[{"damage_healed":0,"gold_gain":1,"player_choice":"1","damage_taken":0,"max_hp_gain":0,"max_hp_loss":0,"event_name":"betterStone:BetterStone","floor":5,"gold_loss":0},{"damage_healed":0,"gold_gain":0,"player_choice":"Searched \u00272\u0027 times","damage_taken":0,"max_hp_gain":0,"max_hp_loss":0,"event_name":"Dead Adventurer","floor":7,"gold_loss":0},{"damage_healed":0,"gold_gain":0,"player_choice":"2","damage_taken":0,"max_hp_gain":0,"max_hp_loss":0,"event_name":"betterMatch:BetterMatch","floor":21,"gold_loss":0,"cards_obtained":["betterMatch:UncommonCard"]},{"damage_healed":0,"gold_gain":0,"player_choice":"Inject Mutagens","damage_taken":0,"relics_obtained":["MutagenicStrength"],"max_hp_gain":0,"max_hp_loss":0,"event_name":"Drug Dealer","floor":30,"gold_loss":0},{"damage_healed":0,"gold_gain":0,"player_choice":"Fight","damage_taken":0,"max_hp_gain":0,"max_hp_loss":0,"event_name":"MindBloom","floor":38,"gold_loss":0},{"damage_healed":0,"gold_gain":0,"player_choice":"Bought 3 Potions","damage_taken":0,"max_hp_gain":0,"max_hp_loss":0,"event_name":"The Woman in Blue","floor":39,"gold_loss":0},{"damage_healed":0,"gold_gain":0,"player_choice":"2","damage_taken":0,"max_hp_gain":0,"max_hp_loss":0,"event_name":"betterMatch:BetterMatch","floor":48,"gold_loss":0,"cards_obtained":["betterMatch:UncommonCard"]}],"is_beta":false,"boss_relics":[{"not_picked":["Electric Blood","Tiny House"],"picked":"Replay:Grab Bag"},{"not_picked":["Runic Dome","Velvet Choker"],"picked":"Fusion Hammer"},{"not_picked":["Replay:Wanted Poster","Ooze Armor"],"picked":"Busted Crown"},{"not_picked":["Empty Cage","SacredBark"],"picked":"SlaversCollar"},{"not_picked":["Snecko Eye","Runic Cube"],"picked":"Ring of Chaos"},{"not_picked":["Replay:Ancient Bell","ChewingGum"],"picked":"Cursed Key"}],"items_purged_floors":[24],"is_endless":false,"potions_floor_spawned":[3,7,8,12,18,22,23,25,29,31,42,44,46],"killed_by":"Donu and Deca","ascension_level":5}}