{"host":"s2kjy8nqny1yatvf","time":1607536881,"event":{"gold_per_floor":[118,132,146,165,215,215,241,260,286,308,326,326,17,41,41,162,162,186,186,219,219,152,152,193,193,193,85,107,129,154,78,78,202,202,237,237,109,132,175,211,234,112,112,112,92,120,144,193,193,221],"floor_reached":51,"playtime":6375,"items_purged":["Hallucinations","Replay:Hysterical Blindness","Doubt","Pain","ReplayTheSpireMod:Splinters"],"score":852,"play_id":"cba7dcbb-05f1-472a-8ffd-fac27d5c0cc3","local_time":"20201210020121","is_ascension_mode":false,"campfire_choices":[{"data":"Collect","floor":6,"key":"SMITH"},{"data":"FearNoEvil","floor":15,"key":"SMITH"},{"data":"Weave","floor":23,"key":"SMITH"},{"data":"SandsOfTime","floor":25,"key":"SMITH"},{"data":"Indignation","floor":32,"key":"SMITH"},{"data":"Languid","floor":44,"key":"PURGE"},{"data":"Decay","floor":49,"key":"PURGE"}],"neow_cost":"NONE","seed_source_timestamp":88621300574900,"circlet_count":0,"master_deck":["Strike_P","Strike_P","Strike_P","Strike_P+1","Defend_P","Defend_P","Defend_P","Defend_P","Eruption","Vigilance","Meditate","Collect+1","CarveReality","Crescendo","Establishment+1","FearNoEvil+1","JustLucky","Perseverance","FlurryOfBlows+1","Discovery+1","Halt","Judgement+1","EmptyMind+1","Weave+1","WaveOfTheHand+1","ReplayTheSpireMod:Necrogeddon+1","PanicButton+1","Fasting2+1","Fasting2+1","CutThroughFate+1","FollowUp+1","Replay:Battleflow+1","Sanctity+1","SandsOfTime+1","PathToVictory+1","PathToVictory+1","EmptyBody+1","BattleHymn+1","Indignation+1","JustLucky","LessonLearned+1","Establishment+1","SashWhip+1","Mayhem+1","Swift Strike+1","TalkToTheHand","Replay:Hum+1","Parasite","FearNoEvil+1","Injury","FollowUp+1","Impatience+1","WreathOfFlame","DeusExMachina+1","FollowUp+1"],"relics":["PureWater","ice","Ring of Searing","Ring of Greed","MealTicket","Golden Egg","Peace Pipe","Replay:Bandana","Membership Card","MerchantsRug","StoneCalendar","ReplayTheSpireMod:Ninjato","Pet Ghost","Tiny Chest","Toolbox","Philosopher\u0027s Stone","Spirit Poop","Nunchaku","ReplayTheSpireMod:CursedCoin","Darkstone Periapt","Replay:Wax Seal"],"potions_floor_usage":[8,14,16,24,30,40,46,47,48,48],"damage_taken":[{"damage":0,"enemies":"2 Louse","floor":1,"turns":3},{"damage":0,"enemies":"Small Slimes","floor":2,"turns":3},{"damage":11,"enemies":"Jaw Worm","floor":3,"turns":3},{"damage":8,"enemies":"Exordium Wildlife","floor":4,"turns":6},{"damage":27,"enemies":"Lagavulin","floor":7,"turns":6},{"damage":1,"enemies":"Exordium Thugs","floor":8,"turns":4},{"damage":8,"enemies":"Red Slaver","floor":10,"turns":4},{"damage":14,"enemies":"2 Fungi Beasts","floor":11,"turns":4},{"damage":0,"enemies":"Gremlin Gang","floor":14,"turns":3},{"damage":96,"enemies":"Fading Forest","floor":16,"turns":11},{"damage":5,"enemies":"Spheric Guardian","floor":18,"turns":2},{"damage":13,"enemies":"Shell Parasite","floor":20,"turns":3},{"damage":20,"enemies":"Slavers","floor":24,"turns":3},{"damage":5,"enemies":"Centurion and Healer","floor":28,"turns":2},{"damage":5,"enemies":"3 Cultists","floor":29,"turns":2},{"damage":0,"enemies":"Shelled Parasite and Fungi","floor":30,"turns":1},{"damage":10,"enemies":"Champ","floor":33,"turns":3},{"damage":12,"enemies":"3 Darklings","floor":35,"turns":3},{"damage":7,"enemies":"Orb Walker","floor":38,"turns":2},{"damage":10,"enemies":"Maw","floor":39,"turns":3},{"damage":5,"enemies":"Writhing Mass","floor":40,"turns":2},{"damage":24,"enemies":"Jaw Worm Horde","floor":46,"turns":3},{"damage":0,"enemies":"Spire Growth","floor":47,"turns":3},{"damage":42,"enemies":"Nemesis","floor":48,"turns":3},{"damage":28,"enemies":"Time Eater","floor":50,"turns":3}],"seed_played":"-5324719752537164508","potions_obtained":[{"floor":2,"key":"Block Potion"},{"floor":4,"key":"PowerPotion"},{"floor":7,"key":"Fire Potion"},{"floor":14,"key":"FearPotion"},{"floor":16,"key":"Block Potion"},{"floor":20,"key":"AttackPotion"},{"floor":30,"key":"Energy Potion"},{"floor":38,"key":"Weak Potion"},{"floor":40,"key":"Toxic Potion"},{"floor":45,"key":"FearPotion"},{"floor":46,"key":"Ancient Potion"},{"floor":48,"key":"Energy Potion"}],"is_trial":false,"path_per_floor":["M","M","M","M","?","R","E","M","T","M","M","?","$","M","R","B",null,"M","?","M","T","$","R","E","R","T","$","M","M","M","$","R","B",null,"M","?","$","M","M","M","T","$","T","R","?","M","M","E","R","B",null],"character_chosen":"WATCHER","items_purchased":["Membership Card","MerchantsRug","FlurryOfBlows","Discovery","BargainBundle","ReplayTheSpireMod:Necrogeddon","PanicButton","Fasting2","CutThroughFate","FollowUp","Replay:Battleflow","Sanctity","SpeedPotion","SkillPotion","ReplayTheSpireMod:Ninjato","PathToVictory","Tiny Chest","EmptyBody","BattleHymn","Toolbox","Nunchaku","Mayhem","Swift Strike","ReplayTheSpireMod:CursedCoin","FollowUp","Impatience"],"campfire_rested":0,"item_purchase_floors":[13,13,13,13,22,22,22,22,22,22,22,22,22,22,22,27,27,27,27,31,37,37,37,37,42,42],"current_hp_per_floor":[79,79,68,60,60,60,33,32,32,24,10,3,18,18,18,72,88,83,83,70,70,85,85,65,65,65,80,75,70,70,85,85,75,99,87,87,100,93,83,78,78,93,93,93,93,69,69,27,27,118],"gold":221,"neow_bonus":"TEN_PERCENT_HP_BONUS","is_prod":false,"is_daily":false,"chose_seed":false,"campfire_upgraded":5,"win_rate":0.0,"timestamp":1607536881,"path_taken":["M","M","M","M","?","R","E","M","T","M","M","?","$","M","R","BOSS","M","?","M","?","$","R","E","R","T","$","?","M","M","?","R","BOSS","M","?","$","M","M","M","?","$","T","R","?","M","M","E","R","BOSS"],"build_version":"2020-11-30","purchased_purges":5,"victory":true,"max_hp_per_floor":[79,79,79,79,79,79,79,79,79,79,79,79,79,79,79,88,88,88,88,92,92,92,92,97,97,97,97,97,97,97,97,97,99,99,100,100,100,101,102,102,102,102,102,102,102,105,107,113,113,118],"card_choices":[{"not_picked":["EmptyFist","Evaluate"],"picked":"Meditate","floor":1},{"not_picked":["Replay:ManipulateFuture","ThirdEye"],"picked":"Collect","floor":2},{"not_picked":["BowlingBash","EmptyFist"],"picked":"CarveReality","floor":3},{"not_picked":["DeceiveReality","ClearTheMind"],"picked":"Crescendo","floor":4},{"not_picked":["Indignation","Crescendo"],"picked":"Establishment","floor":7},{"not_picked":["Replay:AtTheReady","BattleHymn"],"picked":"FearNoEvil","floor":8},{"not_picked":["Replay:DivineShield","Consecrate"],"picked":"JustLucky","floor":10},{"not_picked":["JustLucky","Conclude"],"picked":"Perseverance","floor":11},{"not_picked":["CrushJoints","Evaluate"],"picked":"Halt","floor":14},{"not_picked":["MasterReality","Replay:LoomingThreat"],"picked":"Judgement","floor":16},{"not_picked":["Replay:AtTheReady","WindmillStrike"],"picked":"EmptyMind+1","floor":18},{"not_picked":["Conclude","Replay:BluntJabs"],"picked":"WaveOfTheHand+1","floor":20},{"not_picked":["Wallop+1","WreathOfFlame"],"picked":"SandsOfTime","floor":24},{"not_picked":["Replay:AtTheReady","EmptyBody"],"picked":"Indignation","floor":28},{"not_picked":["CrushJoints","LikeWater"],"picked":"JustLucky","floor":29},{"not_picked":["FollowUp","Pray"],"picked":"LessonLearned","floor":30},{"not_picked":["Replay:LoomingThreat","Ragnarok"],"picked":"Establishment","floor":33},{"not_picked":["Swivel","InnerPeace"],"picked":"SashWhip+1","floor":35},{"not_picked":["Fasting2+1","ThirdEye"],"picked":"TalkToTheHand","floor":38},{"not_picked":["FlurryOfBlows+1","Tantrum"],"picked":"Replay:Hum+1","floor":39},{"not_picked":["FlyingSleeves","EmptyBody+1"],"picked":"FearNoEvil+1","floor":40},{"not_picked":["ClearTheMind","Worship+1"],"picked":"WreathOfFlame","floor":46},{"not_picked":["Sanctity+1","FlurryOfBlows+1"],"picked":"DeusExMachina","floor":47},{"not_picked":["Sanctity+1","JustLucky+1"],"picked":"FollowUp+1","floor":48}],"player_experience":144548,"relics_obtained":[{"floor":5,"key":"Ring of Searing"},{"floor":5,"key":"Ring of Greed"},{"floor":5,"key":"MealTicket"},{"floor":5,"key":"Golden Egg"},{"floor":7,"key":"Peace Pipe"},{"floor":9,"key":"Replay:Bandana"},{"floor":21,"key":"StoneCalendar"},{"floor":24,"key":"Pet Ghost"},{"floor":26,"key":"Kunai"},{"floor":41,"key":"Regal Pillow"},{"floor":43,"key":"Darkstone Periapt"},{"floor":48,"key":"Replay:Wax Seal"}],"event_choices":[{"cards_removed":["Writhe"],"damage_healed":0,"gold_gain":0,"player_choice":"Card Removal","damage_taken":7,"max_hp_gain":0,"max_hp_loss":0,"event_name":"Golden Wing","floor":12,"gold_loss":0},{"damage_healed":0,"gold_gain":0,"player_choice":"Read","damage_taken":0,"max_hp_gain":0,"max_hp_loss":0,"event_name":"The Library","floor":19,"gold_loss":0,"cards_obtained":["Weave"]},{"cards_removed":["ReplayTheSpireMod:Doomed"],"damage_healed":0,"gold_gain":0,"player_choice":"Offered Curse","damage_taken":0,"relics_obtained":["Spirit Poop"],"max_hp_gain":0,"max_hp_loss":0,"event_name":"Bonfire Elementals","floor":36,"gold_loss":0},{"damage_healed":0,"gold_gain":0,"player_choice":"Bought 1 Potion","damage_taken":0,"max_hp_gain":0,"max_hp_loss":0,"event_name":"The Woman in Blue","floor":45,"gold_loss":0}],"is_beta":false,"boss_relics":[{"not_picked":["Painkiller Herb","Busted Crown"],"picked":"Replay:Bronze Core"},{"not_picked":["Replay:Wanted Poster","Ring of Chaos"],"picked":"Philosopher\u0027s Stone"}],"items_purged_floors":[13,22,27,37,42],"is_endless":false,"potions_floor_spawned":[2,4,7,14,16,20,30,38,40,46,48],"ascension_level":0}}