{"host":"kd4j2frnkbryk9ie","time":1607482543,"event":{"gold_per_floor":[111,186,186,237,237,237,257,257,257,280,304,304,304,329,329,449,449,474,474,489,504,518,518,539,284,284,284,284,284,311,329,329,458,458,477,477,131,151,151,189,40,40,85,85,105,123,123,123,123],"floor_reached":48,"playtime":1786,"items_purged":[],"score":625,"play_id":"52fafce3-64bf-4107-9457-97ed56ed179e","local_time":"20201209035543","is_ascension_mode":false,"campfire_choices":[{"floor":6,"key":"REST"},{"data":"Hemogenesis","floor":8,"key":"SMITH"},{"data":"Spot Weakness","floor":13,"key":"SMITH"},{"data":"Iron Wave","floor":15,"key":"SMITH"},{"floor":23,"key":"REST"},{"data":"Infernal Blade","floor":27,"key":"SMITH"},{"data":"Armaments","floor":29,"key":"SMITH"},{"floor":32,"key":"REST"},{"floor":42,"key":"REST"},{"data":"Infernal Blade","floor":44,"key":"SMITH"},{"floor":47,"key":"REST"}],"neow_cost":"TEN_PERCENT_HP_LOSS","seed_source_timestamp":145013190843800,"circlet_count":0,"master_deck":["Strike_R","Strike_R","Strike_R","Strike_R","Defend_R","Defend_R","Defend_R","Defend_R","Bash","Iron Wave+1","Feel No Pain","Hemogenesis+1","Body Slam","Anger","Spot Weakness+1","Carnage","Bash","Offering","Twin Strike","Berserk+1","Infernal Blade+1","Pummel+1","Armaments+1","Clash","Infernal Blade+1","Demon Form+1","Infernal Blade+1","Heavy Blade+1","Metallicize+1","Rage","Body Slam","Inflame+1","Madness","Madness","Shockwave+1","Metallicize+1"],"relics":["Burning Blood","Mango","Golden Idol","Letter Opener","Frozen Egg 2","Runic Cube","MealTicket","PreservedInsect","ReplayTheSpireMod:Ninjato","Ring of Searing","ReplayTheSpireMod:Ring of Exchange","ReplayFunnel","DollysMirror","BargainBundle","Omamori","Singing Bowl","Chemical X","Anchor"],"potions_floor_usage":[16,20,24,31,31,31,33,38,38,45,46],"damage_taken":[{"damage":11,"enemies":"Jaw Worm","floor":1,"turns":2},{"damage":5,"enemies":"Small Slimes","floor":7,"turns":3},{"damage":0,"enemies":"2 Louse","floor":10,"turns":4},{"damage":10,"enemies":"Looter","floor":11,"turns":3},{"damage":11,"enemies":"Large Slime","floor":14,"turns":7},{"damage":62,"enemies":"Slime Boss","floor":16,"turns":12},{"damage":36,"enemies":"3 Byrds","floor":18,"turns":6},{"damage":20,"enemies":"Shell Parasite","floor":20,"turns":4},{"damage":16,"enemies":"Snake Plant","floor":21,"turns":3},{"damage":29,"enemies":"Cultist and Chosen","floor":22,"turns":6},{"damage":39,"enemies":"3 Cultists","floor":24,"turns":5},{"damage":17,"enemies":"Snecko","floor":31,"turns":4},{"damage":58,"enemies":"Pondfish","floor":33,"turns":6},{"damage":29,"enemies":"Orb Walker","floor":35,"turns":3},{"damage":18,"enemies":"3 Shapes","floor":38,"turns":3},{"damage":41,"enemies":"Reptomancer","floor":40,"turns":5},{"damage":47,"enemies":"Writhing Mass","floor":45,"turns":3},{"damage":29,"enemies":"Maw","floor":46,"turns":6},{"damage":39,"enemies":"3 Darklings","floor":48,"turns":2}],"seed_played":"2138273046204421945","potions_obtained":[{"floor":10,"key":"Weak Potion"},{"floor":14,"key":"Fire Potion"},{"floor":18,"key":"PowerPotion"},{"floor":20,"key":"DuplicationPotion"},{"floor":24,"key":"PowerPotion"},{"floor":31,"key":"EssenceOfSteel"},{"floor":45,"key":"SkillPotion"}],"is_trial":false,"path_per_floor":["M","?","?","?","?","R","M","R","T","M","M","?","R","M","R","B",null,"M","?","M","M","M","R","M","$","T","R","?","R","T","M","R","B",null,"M","?","$","M","?","E","$","R","T","R","M","M","R","M"],"character_chosen":"IRONCLAD","items_purchased":["PreservedInsect","CultistPotion","BargainBundle","Metallicize+1","Rage","Body Slam","Fire Potion","Explosive Potion","Energy Potion","Omamori","Chemical X"],"campfire_rested":5,"item_purchase_floors":[25,25,37,37,37,37,37,37,37,37,41],"current_hp_per_floor":[81,70,49,28,28,53,54,54,54,68,64,64,64,67,67,19,86,64,64,61,51,36,61,44,59,59,59,59,59,59,56,81,29,86,63,63,78,66,55,22,37,63,63,63,30,7,33,0,0],"gold":123,"neow_bonus":"ONE_RARE_RELIC","is_prod":false,"is_daily":false,"chose_seed":false,"campfire_upgraded":6,"win_rate":0,"timestamp":1607482543,"path_taken":["M","?","?","?","?","R","M","R","T","M","M","?","R","M","R","BOSS","M","?","M","M","M","R","M","$","T","R","?","R","?","M","R","BOSS","M","?","$","M","?","E","$","R","T","R","M","M","R","M"],"build_version":"2020-11-30","purchased_purges":0,"victory":false,"max_hp_per_floor":[86,86,86,86,86,86,86,86,86,86,86,86,86,86,86,86,86,86,86,86,86,86,86,86,86,86,86,86,86,86,86,86,86,86,86,86,86,86,86,88,88,88,88,88,88,88,88,88,88],"card_choices":[{"not_picked":["Warcry","Wild Strike"],"picked":"Iron Wave","floor":1},{"not_picked":["Anger","Reckless Charge"],"picked":"Feel No Pain","floor":4},{"not_picked":["Abandon","Flex"],"picked":"Hemogenesis","floor":4},{"not_picked":["Evolve","Cleave"],"picked":"Body Slam","floor":7},{"not_picked":["Pummel","Bloodletting"],"picked":"Anger","floor":10},{"not_picked":["Flex","Heavy Blade"],"picked":"Spot Weakness","floor":11},{"not_picked":["Abandon","Headbutt"],"picked":"Twin Strike","floor":14},{"not_picked":["Hemogenesis","Demonic Infusion"],"picked":"Berserk+1","floor":16},{"not_picked":["Anger","Warcry+1"],"picked":"Clothesline","floor":18},{"not_picked":["Warcry","Twin Strike"],"picked":"Infernal Blade","floor":20},{"not_picked":["Fiend Fire","Carnage+1"],"picked":"Pummel+1","floor":21},{"not_picked":["Second Wind","Seeing Red"],"picked":"Armaments","floor":22},{"not_picked":["Warcry","Wild Strike"],"picked":"Clash","floor":24},{"not_picked":["Intimidate+1","ReplayTheSpireMod:Muscle Training"],"picked":"Infernal Blade","floor":31},{"not_picked":["Fiend Fire","Bludgeon"],"picked":"Demon Form+1","floor":33},{"not_picked":["Twin Strike","Sword Boomerang"],"picked":"Heavy Blade+1","floor":35},{"not_picked":["Carnage+1","Shrug It Off"],"picked":"Inflame+1","floor":38},{"not_picked":["Hemogenesis","Warcry+1","Fiend Fire"],"picked":"Singing Bowl","floor":40},{"not_picked":["Cleave","Power Through+1"],"picked":"Shockwave+1","floor":45},{"not_picked":["Body Slam+1","Havoc"],"picked":"Metallicize+1","floor":46}],"player_experience":125350,"relics_obtained":[{"floor":4,"key":"Letter Opener"},{"floor":9,"key":"Frozen Egg 2"},{"floor":26,"key":"ReplayTheSpireMod:Ninjato"},{"floor":28,"key":"Ring of Searing"},{"floor":28,"key":"ReplayTheSpireMod:Ring of Exchange"},{"floor":30,"key":"ReplayFunnel"},{"floor":40,"key":"Singing Bowl"},{"floor":43,"key":"Anchor"}],"event_choices":[{"damage_healed":0,"gold_gain":75,"player_choice":"Gather Gold","damage_taken":11,"max_hp_gain":0,"max_hp_loss":0,"event_name":"World of Goop","floor":2,"gold_loss":0},{"damage_healed":0,"gold_gain":0,"player_choice":"Take Damage","damage_taken":21,"relics_obtained":["Golden Idol"],"max_hp_gain":0,"max_hp_loss":0,"event_name":"Golden Idol","floor":3,"gold_loss":0},{"damage_healed":0,"gold_gain":0,"player_choice":"3 cards matched","damage_taken":0,"max_hp_gain":0,"max_hp_loss":0,"event_name":"Match and Keep!","floor":12,"gold_loss":0,"cards_obtained":["Carnage","Bash","Offering"]},{"cards_removed":["Clothesline"],"damage_healed":0,"gold_gain":0,"player_choice":"Removed Attack","damage_taken":0,"max_hp_gain":0,"max_hp_loss":0,"event_name":"Falling","floor":36,"gold_loss":0},{"damage_healed":0,"gold_gain":0,"player_choice":"Embrace Madness","damage_taken":11,"max_hp_gain":0,"max_hp_loss":0,"event_name":"Winding Halls","floor":39,"gold_loss":0,"cards_obtained":["Madness","Madness"]}],"is_beta":false,"boss_relics":[{"not_picked":["Electric Blood","Runic Dome"],"picked":"Runic Cube"},{"not_picked":["Empty Cage","Abe\u0027s Treasure"],"picked":"DollysMirror"}],"items_purged_floors":[],"is_endless":false,"potions_floor_spawned":[10,14,18,20,24,31,45],"killed_by":"3 Darklings","ascension_level":0}}