{"host":"l2dnabsh5e0fsksb","time":1607519522,"event":{"gold_per_floor":[99,134,134,134,146,174,174,201,126,159,259,272,291,466,478,478,478,478],"floor_reached":16,"playtime":736,"items_purged":[],"score":176,"play_id":"053cfadc-6da3-407d-846f-b3b1b2ad16d5","local_time":"20201209234202","is_ascension_mode":true,"campfire_choices":[{"floor":1.0,"key":"RECALL"},{"floor":9.0,"key":"REST"}],"neow_cost":"NONE","seed_source_timestamp":10236359155737,"circlet_count":0,"master_deck":["wariomod:Strike","wariomod:Strike","wariomod:Strike","wariomod:Strike","wariomod:Defend","wariomod:Defend","wariomod:Defend","wariomod:Defend","wariomod:Step","wariomod:Leap","wariomod:DanceDash","wariomod:SimpleShield","wariomod:Bombtime","wariomod:BodyBlock","wariomod:SmallSprint","wariomod:DisarmingMoves","wariomod:ImFeelingLucky","Doubt","wariomod:BodyBlock"],"special_seed":0,"relics":["wariomod:TheHat","downfall:HeartsMalice","wariomod:AngryHat","Dead Branch","Juzu Bracelet","White Beast Statue","Sundial","downfall:HeartBlessingRed","Smiling Mask"],"potions_floor_usage":[16,16,16],"damage_taken":[{"damage":0.0,"enemies":"Lagavulin","floor":2.0,"turns":1.0},{"damage":0.0,"enemies":"Jaw Worm","floor":4.0,"turns":1.0},{"damage":17.0,"enemies":"2 Louse","floor":5.0,"turns":3.0},{"damage":5.0,"enemies":"3 Sentries","floor":6.0,"turns":5.0},{"damage":20.0,"enemies":"Lagavulin","floor":8.0,"turns":5.0},{"damage":11.0,"enemies":"3 Sentries","floor":10.0,"turns":6.0},{"damage":0.0,"enemies":"Cultist","floor":12.0,"turns":4.0},{"damage":0.0,"enemies":"Large Slime","floor":13.0,"turns":4.0},{"damage":1.0,"enemies":"3 Louse","floor":15.0,"turns":3.0},{"damage":28,"enemies":"downfall:CharBossWatcher","floor":16,"turns":6}],"seed_played":"2767801416665048350","potions_obtained":[{"floor":5.0,"key":"Energy Potion"},{"floor":8.0,"key":"SteroidPotion"},{"floor":10.0,"key":"Dexterity Potion"},{"floor":12.0,"key":"DuplicationPotion"},{"floor":13.0,"key":"Explosive Potion"},{"floor":15.0,"key":"Fire Potion"}],"is_trial":false,"path_per_floor":["R","E","?","M","M","E","T","E","R","E","?","M","M","?","M","B"],"character_chosen":"THE_BANDIT","items_purchased":[],"campfire_rested":1,"item_purchase_floors":[],"current_hp_per_floor":[80,80,55,55,38,33,33,13,37,26,26,26,26,26,25,0,0,0],"gold":478,"neow_bonus":"THREE_ENEMY_KILL","is_prod":false,"is_daily":false,"chose_seed":false,"campfire_upgraded":0,"win_rate":0,"timestamp":1607519522,"path_taken":["R","E","?","M","M","E","T","E","R","E","?","M","M","?","M","BOSS"],"build_version":"2020-11-30","purchased_purges":0,"victory":false,"max_hp_per_floor":[80,80,80,80,80,80,80,80,80,80,80,80,80,80,80,80,80,80],"card_choices":[{"not_picked":["wariomod:AwfulLook","wariomod:SpaceSwap"],"picked":"wariomod:DanceDash","floor":2.0},{"not_picked":["wariomod:Bomblaster","wariomod:WhirlwindBurst"],"picked":"wariomod:SimpleShield","floor":4.0},{"not_picked":["wariomod:ThatsNotAll","wariomod:Hopshield"],"picked":"wariomod:Bombtime","floor":5.0},{"not_picked":["wariomod:BlastDash","wariomod:SpaceSwap"],"picked":"wariomod:BodyBlock","floor":6.0},{"not_picked":["wariomod:AwfulLook","wariomod:DonateDraw","wariomod:EndlessBlast"],"picked":"SKIP","floor":8.0},{"not_picked":["wariomod:WipeClean","wariomod:ThatsNotAll"],"picked":"wariomod:SmallSprint","floor":10.0},{"not_picked":["wariomod:SimpleShield","wariomod:DonateDraw"],"picked":"wariomod:DisarmingMoves","floor":12.0},{"not_picked":["wariomod:BoomBoom","wariomod:Boomsmack"],"picked":"wariomod:ImFeelingLucky","floor":13.0},{"not_picked":["wariomod:CursedSpaces","wariomod:ChargeForth"],"picked":"wariomod:BodyBlock","floor":15.0}],"player_experience":1720392,"relics_obtained":[{"floor":2.0,"key":"wariomod:AngryHat"},{"floor":6.0,"key":"Juzu Bracelet"},{"floor":7.0,"key":"White Beast Statue"},{"floor":8.0,"key":"Sundial"},{"floor":10.0,"key":"Smiling Mask"}],"event_choices":[{"damage_healed":0.0,"max_hp_gain":0.0,"max_hp_loss":0.0,"gold_gain":0.0,"event_name":"Scrap Ooze","player_choice":"Success","floor":3.0,"gold_loss":0.0,"damage_taken":25.0,"relics_obtained":["Dead Branch"]}],"is_beta":false,"boss_relics":[],"items_purged_floors":[],"is_endless":false,"potions_floor_spawned":[5,8,10,12,13,15],"killed_by":"downfall:CharBossWatcher","ascension_level":3}}