{"host":"zkqorkqsr6o67e8b","time":1607473045,"event":{"gold_per_floor":[111,131,142,92,92,92,119,137,211,211,226,226,226,254,254,331,331,286,286,286,286,286,286,286,286,286,286,286,286,286,286,286,286,286,286,286,286,286,286,286,286,286,286,286,286,286,286,286,286,286,286,286,64,64,64,64],"floor_reached":55,"playtime":1895,"items_purged":["alterego_mod:Strike"],"score":1348,"play_id":"6b15d89a-8923-44c3-8b9b-0b87d4f72562","local_time":"20201209081725","is_ascension_mode":true,"campfire_choices":[{"data":"alterego_mod:Venus","floor":6.0,"key":"SMITH"},{"data":"alterego_mod:PerceptionDisorder","floor":10.0,"key":"SMITH"},{"data":"alterego_mod:Strike","floor":13.0,"key":"PURGE"},{"data":"alterego_mod:Strike","floor":15.0,"key":"PURGE"},{"data":"alterego_mod:Venus","floor":23.0,"key":"SMITH"},{"data":"alterego_mod:PerceptionDisorder","floor":25.0,"key":"SMITH"},{"data":"alterego_mod:Defend","floor":30.0,"key":"PURGE"},{"data":"RitualDagger","floor":32.0,"key":"SMITH"},{"data":"1","floor":41.0,"key":"LIFT"},{"floor":47.0,"key":"RECALL"},{"data":"2","floor":49.0,"key":"LIFT"},{"data":"3","floor":52.0,"key":"LIFT"}],"neow_cost":"PERCENT_DAMAGE","seed_source_timestamp":339230406364000,"circlet_count":0,"master_deck":["AscendersBane","alterego_mod:Defend+1","alterego_mod:Defend+1","alterego_mod:BrynhildrsRune+1","alterego_mod:Venus+1","alterego_mod:PerceptionDisorder+1","alterego_mod:Table+1","alterego_mod:Venus+1","alterego_mod:PerceptionDisorder+1","RitualDagger+1","alterego_mod:TrashNCrash+1","alterego_mod:AlterEgo","alterego_mod:PainIsPleasure","alterego_mod:Pet","alterego_mod:Birthday"],"special_seed":0,"relics":["alterego_mod:MasochisticConstitution","Peace Pipe","Question Card","Oddly Smooth Stone","Ectoplasm","Art of War","MawBank","Regal Pillow","Velvet Choker","Girya","Prayer Wheel","War Paint","Mango","Orrery","Bottled Flame"],"potions_floor_usage":[55],"damage_taken":[{"damage":11.0,"enemies":"Jaw Worm","floor":1.0,"turns":5.0},{"damage":1.0,"enemies":"Cultist","floor":2.0,"turns":4.0},{"damage":4.0,"enemies":"Small Slimes","floor":3.0,"turns":3.0},{"damage":10.0,"enemies":"Lagavulin","floor":7.0,"turns":5.0},{"damage":6.0,"enemies":"Red Slaver","floor":8.0,"turns":4.0},{"damage":12.0,"enemies":"3 Louse","floor":11.0,"turns":4.0},{"damage":16.0,"enemies":"Gremlin Nob","floor":14.0,"turns":3.0},{"damage":23.0,"enemies":"Hexaghost","floor":16.0,"turns":8.0},{"damage":1.0,"enemies":"2 Thieves","floor":18.0,"turns":3.0},{"damage":4.0,"enemies":"Shell Parasite","floor":21.0,"turns":4.0},{"damage":18.0,"enemies":"Snake Plant","floor":22.0,"turns":3.0},{"damage":21.0,"enemies":"Gremlin Leader","floor":24.0,"turns":4.0},{"damage":26.0,"enemies":"Slavers","floor":27.0,"turns":5.0},{"damage":0.0,"enemies":"3 Cultists","floor":28.0,"turns":4.0},{"damage":5.0,"enemies":"Centurion and Healer","floor":29.0,"turns":3.0},{"damage":26.0,"enemies":"Automaton","floor":33.0,"turns":8.0},{"damage":16.0,"enemies":"3 Shapes","floor":35.0,"turns":5.0},{"damage":21.0,"enemies":"3 Darklings","floor":37.0,"turns":6.0},{"damage":31.0,"enemies":"Jaw Worm Horde","floor":38.0,"turns":4.0},{"damage":28.0,"enemies":"Nemesis","floor":40.0,"turns":3.0},{"damage":4.0,"enemies":"Giant Head","floor":44.0,"turns":5.0},{"damage":0.0,"enemies":"Transient","floor":45.0,"turns":5.0},{"damage":4.0,"enemies":"Nemesis","floor":46.0,"turns":3.0},{"damage":46.0,"enemies":"Donu and Deca","floor":50.0,"turns":5.0},{"damage":62,"enemies":"Shield and Spear","floor":54,"turns":6},{"damage":99,"enemies":"The Heart","floor":55,"turns":3}],"seed_played":"451593187508188673","potions_obtained":[{"floor":1.0,"key":"Dexterity Potion"},{"floor":3.0,"key":"FairyPotion"},{"floor":11.0,"key":"Regen Potion"},{"floor":18.0,"key":"SteroidPotion"},{"floor":27.0,"key":"CultistPotion"}],"is_trial":false,"path_per_floor":["M","M","M","?","?","R","E","M","T","R","M","?","R","E","R","B",null,"M","?","?","M","M","R","E","R","T","E","M","M","R","?","R","B",null,"M","?","M","M","?","E","R","?","T","E","M","E","R","T","R","B",null,"R","$","E","B"],"character_chosen":"The_Alterego","items_purchased":["Orrery"],"campfire_rested":0,"item_purchase_floors":[53],"current_hp_per_floor":[41,48,59,59,59,59,50,52,52,52,62,62,62,54,54,39,65,74,74,74,75,58,58,45,45,45,34,48,51,51,45,45,34,69,61,61,62,46,46,26,26,26,26,30,37,41,41,55,55,24,79,79,79,66,0,0],"gold":64,"neow_bonus":"TRANSFORM_TWO_CARDS","is_prod":false,"is_daily":false,"chose_seed":false,"campfire_upgraded":5,"win_rate":0,"timestamp":1607473045,"path_taken":["M","M","M","?","?","R","E","M","T","R","M","?","R","E","R","BOSS","M","?","?","?","M","R","E","R","T","E","M","M","R","?","R","BOSS","M","?","M","?","?","E","R","?","T","E","?","E","R","?","R","BOSS","R","$","E","BOSS"],"build_version":"2020-11-30","purchased_purges":1,"victory":false,"max_hp_per_floor":[66,67,68,68,68,68,69,70,70,70,71,71,71,72,72,73,73,74,74,74,75,76,76,77,77,77,78,78,79,79,79,79,80,80,81,81,82,83,79,80,80,80,80,81,81,82,82,96,96,97,97,97,97,98,98,98],"card_choices":[{"not_picked":["alterego_mod:RidiculouslyBig","alterego_mod:Smother","alterego_mod:DestructionOfProperty"],"picked":"SKIP","floor":1.0},{"not_picked":["alterego_mod:BreastValley","alterego_mod:DiscoLights"],"picked":"alterego_mod:PerceptionDisorder","floor":2.0},{"not_picked":["alterego_mod:Mirror","alterego_mod:Punishment","alterego_mod:DeftHands"],"picked":"SKIP","floor":3.0},{"not_picked":["alterego_mod:Belts","alterego_mod:Birthday"],"picked":"alterego_mod:Table","floor":7.0},{"not_picked":["alterego_mod:RocketPunch","alterego_mod:Santa","alterego_mod:IndependentAction"],"picked":"SKIP","floor":8.0},{"not_picked":["alterego_mod:HighServant","alterego_mod:DustData","alterego_mod:Maid","alterego_mod:Cycle"],"picked":"SKIP","floor":11.0},{"not_picked":["alterego_mod:DustData","alterego_mod:DeftHands","alterego_mod:ChallengeComplete","alterego_mod:IndependentAction"],"picked":"SKIP","floor":14.0},{"not_picked":["alterego_mod:SideboobHour","alterego_mod:PainIsPleasure","alterego_mod:Valkyrie"],"picked":"alterego_mod:Venus","floor":16.0},{"not_picked":["alterego_mod:Complex","alterego_mod:Skirt","alterego_mod:PresenceConcealment","alterego_mod:DiscoLights"],"picked":"SKIP","floor":18.0},{"not_picked":["alterego_mod:Jiggle","alterego_mod:Santa","alterego_mod:MagicResistance"],"picked":"alterego_mod:PerceptionDisorder","floor":21.0},{"not_picked":["alterego_mod:Santa","alterego_mod:MagicResistance","alterego_mod:PurpleHair","alterego_mod:Clap"],"picked":"SKIP","floor":22.0},{"not_picked":["alterego_mod:Crossover+1","alterego_mod:HighServant","alterego_mod:BusterCard","alterego_mod:Complex"],"picked":"SKIP","floor":24.0},{"not_picked":["alterego_mod:RidiculouslyBig","alterego_mod:PurpleHair","alterego_mod:Collar","alterego_mod:Cooking"],"picked":"SKIP","floor":27.0},{"not_picked":["alterego_mod:HighServant","alterego_mod:Pet","alterego_mod:MagicResistance","alterego_mod:Rip"],"picked":"SKIP","floor":28.0},{"not_picked":["alterego_mod:HighServant","alterego_mod:Table","alterego_mod:Cycle+1","alterego_mod:Valentines"],"picked":"SKIP","floor":29.0},{"not_picked":["alterego_mod:Table","alterego_mod:Mirror+1","alterego_mod:BreastValley","alterego_mod:Maid+1"],"picked":"SKIP","floor":35.0},{"not_picked":["alterego_mod:Maid","alterego_mod:Bunnysuit","alterego_mod:BustOut","alterego_mod:PresenceConcealment"],"picked":"SKIP","floor":37.0},{"not_picked":["alterego_mod:Swimsuit","alterego_mod:BoobPocket+1","alterego_mod:Crossover+1"],"picked":"alterego_mod:TrashNCrash+1","floor":38.0},{"not_picked":["alterego_mod:BiFurious","alterego_mod:SakuraLabyrinth","alterego_mod:Complex","alterego_mod:DustData"],"picked":"SKIP","floor":40.0},{"not_picked":["alterego_mod:Undulate+1","alterego_mod:GachaTicket","alterego_mod:SakuraPetals+1","alterego_mod:1TonWallop+1"],"picked":"SKIP","floor":44.0},{"not_picked":["alterego_mod:Support","alterego_mod:GoddessCore","alterego_mod:Mirror","alterego_mod:Swimsuit"],"picked":"SKIP","floor":45.0},{"not_picked":["alterego_mod:BiFurious","alterego_mod:DiscoLights","alterego_mod:Skirt+1","alterego_mod:Rake"],"picked":"SKIP","floor":45.0},{"not_picked":["alterego_mod:Undulate+1","alterego_mod:Mirror","alterego_mod:Complex","alterego_mod:Cooking"],"picked":"SKIP","floor":46.0},{"not_picked":["alterego_mod:Belts+1","alterego_mod:BustOut","alterego_mod:MagicResistance"],"picked":"alterego_mod:AlterEgo","floor":53.0},{"not_picked":["alterego_mod:BiFurious","alterego_mod:TrashNCrash","alterego_mod:Skirt"],"picked":"alterego_mod:PainIsPleasure","floor":53.0},{"not_picked":["alterego_mod:Cooking","alterego_mod:BreastValley","alterego_mod:Maid+1"],"picked":"alterego_mod:Pet","floor":53.0},{"not_picked":["alterego_mod:Bounce","alterego_mod:Undulate","alterego_mod:DiscoLights"],"picked":"alterego_mod:Birthday","floor":54}],"player_experience":346913,"relics_obtained":[{"floor":7.0,"key":"Peace Pipe"},{"floor":9.0,"key":"Question Card"},{"floor":14.0,"key":"Oddly Smooth Stone"},{"floor":24.0,"key":"Art of War"},{"floor":26.0,"key":"MawBank"},{"floor":27.0,"key":"Regal Pillow"},{"floor":40.0,"key":"Girya"},{"floor":44.0,"key":"Prayer Wheel"},{"floor":46.0,"key":"War Paint"},{"floor":48.0,"key":"Mango"},{"floor":54,"key":"Bottled Flame"}],"event_choices":[{"cards_removed":["alterego_mod:InsideBaseball"],"damage_healed":0.0,"max_hp_gain":0.0,"max_hp_loss":0.0,"gold_gain":0.0,"event_name":"The Cleric","player_choice":"Card Removal","floor":4.0,"gold_loss":50.0,"damage_taken":0.0},{"damage_healed":0.0,"max_hp_gain":0.0,"max_hp_loss":0.0,"gold_gain":0.0,"event_name":"Liars Game","player_choice":"Ignored","floor":5.0,"gold_loss":0.0,"damage_taken":0.0},{"damage_healed":0.0,"max_hp_gain":0.0,"max_hp_loss":0.0,"gold_gain":0.0,"event_name":"Accursed Blacksmith","player_choice":"Forge","floor":12.0,"gold_loss":0.0,"damage_taken":0.0,"cards_upgraded":["alterego_mod:Table"]},{"cards_removed":["alterego_mod:Strike"],"damage_healed":0.0,"max_hp_gain":0.0,"max_hp_loss":0.0,"gold_gain":0.0,"event_name":"Back to Basics","player_choice":"Elegance","floor":19.0,"gold_loss":0.0,"damage_taken":0.0},{"damage_healed":0.0,"max_hp_gain":0.0,"max_hp_loss":0.0,"gold_gain":0.0,"event_name":"The Woman in Blue","player_choice":"Bought 0 Potions","floor":20.0,"gold_loss":0.0,"damage_taken":0.0},{"damage_healed":0.0,"max_hp_gain":0.0,"max_hp_loss":0.0,"gold_gain":0.0,"event_name":"Nest","player_choice":"Joined the Cult","floor":31.0,"gold_loss":0.0,"damage_taken":6.0,"cards_obtained":["RitualDagger"]},{"damage_healed":0.0,"max_hp_gain":0.0,"max_hp_loss":0.0,"gold_gain":0.0,"cards_transformed":["alterego_mod:Defend"],"event_name":"Transmorgrifier","player_choice":"Transformed","floor":36.0,"gold_loss":0.0,"damage_taken":0.0,"cards_obtained":["alterego_mod:Belle"]},{"damage_healed":0.0,"max_hp_gain":0.0,"max_hp_loss":4.0,"gold_gain":0.0,"event_name":"Winding Halls","player_choice":"Max HP","floor":39.0,"gold_loss":0.0,"damage_taken":0.0},{"damage_healed":0.0,"max_hp_gain":0.0,"max_hp_loss":0.0,"gold_gain":0.0,"event_name":"Upgrade Shrine","player_choice":"Upgraded","floor":42.0,"gold_loss":0.0,"damage_taken":0.0,"cards_upgraded":["alterego_mod:BrynhildrsRune"]}],"is_beta":false,"boss_relics":[{"not_picked":["Busted Crown","Black Star"],"picked":"Ectoplasm"},{"not_picked":["Philosopher\u0027s Stone","Empty Cage"],"picked":"Velvet Choker"}],"items_purged_floors":[53],"is_endless":false,"potions_floor_spawned":[1,3,8,11,16,18,22,27,28,37,44,45,54],"killed_by":"The Heart","ascension_level":14}}