{"host":"e1zuqie93klo2ncl","time":1607507208,"event":{"gold_per_floor":[212,44,62,76,1,26,26,70,95,95,114,114,135,161,161,242,242,260,185,211,211,232,232,269,269,294,294,313,53,97,126,126,126,126],"floor_reached":33,"playtime":1676,"items_purged":["Strike_G","Strike_G"],"score":644,"play_id":"2d8b40f4-a55c-4eca-919f-ccebafc91d11","local_time":"20201209094648","is_ascension_mode":true,"campfire_choices":[{"floor":7.0,"key":"REST"},{"floor":12.0,"key":"REST"},{"data":"Poisoned Stab","floor":15.0,"key":"SMITH"},{"floor":23.0,"key":"REST"},{"data":"Catalyst","floor":27.0,"key":"SMITH"},{"floor":32.0,"key":"REST"}],"neow_cost":"NONE","seed_source_timestamp":639198342000,"circlet_count":0,"master_deck":["AscendersBane","Strike_G","Strike_G","Defend_G","Defend_G","Defend_G","Defend_G","Survivor","Neutralize","Dodge and Roll","Dagger Spray+1","Slice","Predator","Bouncing Flask","Poisoned Stab+1","Blur","Backflip","Die Die Die","Catalyst+1","Footwork","Well Laid Plans","Footwork","Dark Shackles","Acrobatics","Catalyst"],"special_seed":0,"relics":["Ring of the Snake","PreservedInsect","Pen Nib","CeramicFish","Bag of Preparation","Sozu","Blue Candle","Happy Flower","Regal Pillow"],"potions_floor_usage":[],"damage_taken":[{"damage":0.0,"enemies":"2 Louse","floor":1.0,"turns":3.0},{"damage":2.0,"enemies":"Jaw Worm","floor":3.0,"turns":6.0},{"damage":0.0,"enemies":"Cultist","floor":4.0,"turns":4.0},{"damage":51.0,"enemies":"Lagavulin","floor":6.0,"turns":7.0},{"damage":14.0,"enemies":"3 Sentries","floor":8.0,"turns":6.0},{"damage":0.0,"enemies":"Large Slime","floor":11.0,"turns":4.0},{"damage":7.0,"enemies":"2 Fungi Beasts","floor":13.0,"turns":3.0},{"damage":1.0,"enemies":"Red Slaver","floor":14.0,"turns":3.0},{"damage":22.0,"enemies":"Slime Boss","floor":16.0,"turns":7.0},{"damage":16.0,"enemies":"Shell Parasite","floor":18.0,"turns":5.0},{"damage":3.0,"enemies":"2 Thieves","floor":20.0,"turns":2.0},{"damage":8.0,"enemies":"Chosen and Byrds","floor":22.0,"turns":5.0},{"damage":0.0,"enemies":"Gremlin Leader","floor":24.0,"turns":3.0},{"damage":4.0,"enemies":"Snake Plant","floor":28.0,"turns":4.0},{"damage":11.0,"enemies":"Slavers","floor":30.0,"turns":3.0},{"damage":6.0,"enemies":"Cultist and Chosen","floor":31.0,"turns":6.0},{"damage":68,"enemies":"Collector","floor":33,"turns":8}],"seed_played":"3835032403976366047","potions_obtained":[{"floor":4.0,"key":"Fruit Juice"},{"floor":11.0,"key":"Strength Potion"},{"floor":13.0,"key":"AttackPotion"}],"is_trial":false,"path_per_floor":["M","$","M","M","?","E","R","E","T","?","M","R","M","M","R","B",null,"M","$","M","?","M","R","E","?","T","R","M","$","E","M","R","B"],"character_chosen":"THE_SILENT","items_purchased":["PreservedInsect","Footwork","Dark Shackles"],"campfire_rested":4,"item_purchase_floors":[2,29,29],"current_hp_per_floor":[59,59,57,57,57,6,25,11,11,11,11,37,30,29,29,7,55,39,39,36,36,28,49,49,49,49,49,45,45,34,28,64,0,0],"gold":126,"neow_bonus":"HUNDRED_GOLD","is_prod":false,"is_daily":false,"chose_seed":false,"campfire_upgraded":2,"win_rate":0,"timestamp":1607507208,"path_taken":["M","$","M","M","?","E","R","E","T","?","M","R","M","M","R","BOSS","M","?","M","?","M","R","E","?","T","R","M","$","E","M","R","BOSS"],"build_version":"2020-11-30","purchased_purges":2,"victory":false,"max_hp_per_floor":[66,66,66,66,66,66,66,66,66,66,66,71,71,71,71,71,71,71,71,71,71,71,71,71,71,71,71,71,71,71,71,71,71,71],"relic_stats":{"Sozu":2,"Regal Pillow":15,"Happy Flower":[7],"counters":[17,79],"CeramicFish":108,"Blue Candle":[0],"PreservedInsect":149,"Pen Nib":[12],"Bag of Preparation":[24],"obtain_stats":[{"Sozu":17,"Regal Pillow":30,"Happy Flower":26,"CeramicFish":8,"Blue Candle":24,"PreservedInsect":2,"Pen Nib":6,"Bag of Preparation":9,"Ring of the Snake":0},{"Sozu":9,"Regal Pillow":15,"Happy Flower":13,"CeramicFish":5,"Blue Candle":13,"PreservedInsect":1,"Pen Nib":4,"Bag of Preparation":5,"Ring of the Snake":0},{"Sozu":43,"Regal Pillow":65,"Happy Flower":58,"CeramicFish":26,"Blue Candle":58,"PreservedInsect":3,"Pen Nib":20,"Bag of Preparation":26,"Ring of the Snake":0}],"Ring of the Snake":[34]},"card_choices":[{"not_picked":["Prepared","Infinite Blades"],"picked":"Dodge and Roll","floor":1.0},{"not_picked":["Accuracy","Cloak And Dagger"],"picked":"Dagger Spray","floor":3.0},{"not_picked":["Quick Slash","Flechettes"],"picked":"Slice","floor":4.0},{"not_picked":["Deflect","Tools of the Trade"],"picked":"Predator","floor":6.0},{"not_picked":["Caltrops","Underhanded Strike"],"picked":"Bouncing Flask","floor":8.0},{"not_picked":["Tactician","Sucker Punch"],"picked":"Poisoned Stab","floor":11.0},{"not_picked":["Quick Slash","Reflex"],"picked":"Blur","floor":13.0},{"not_picked":["Venomology","Sucker Punch"],"picked":"Backflip","floor":14.0},{"not_picked":["Tools of the Trade","Grand Finale"],"picked":"Die Die Die","floor":16.0},{"not_picked":["Backflip","Flying Knee","Underhanded Strike"],"picked":"SKIP","floor":18.0},{"not_picked":["Skewer","Well Laid Plans"],"picked":"Catalyst","floor":20.0},{"not_picked":["Flying Knee","Accuracy"],"picked":"Footwork","floor":22.0},{"not_picked":["Endless Agony","Choke"],"picked":"Well Laid Plans","floor":24.0},{"not_picked":["Dagger Spray","Skewer","Cloak And Dagger"],"picked":"SKIP","floor":28.0},{"not_picked":["Cloak And Dagger","Accuracy"],"picked":"Acrobatics","floor":30.0},{"not_picked":["Expertise","Setup"],"picked":"Catalyst","floor":31.0}],"player_experience":767243,"relics_obtained":[{"floor":6.0,"key":"Pen Nib"},{"floor":8.0,"key":"CeramicFish"},{"floor":9.0,"key":"Bag of Preparation"},{"floor":24.0,"key":"Blue Candle"},{"floor":26.0,"key":"Happy Flower"},{"floor":30.0,"key":"Regal Pillow"}],"event_choices":[{"cards_removed":["Defend_G"],"damage_healed":0.0,"max_hp_gain":0.0,"max_hp_loss":0.0,"gold_gain":0.0,"event_name":"The Cleric","player_choice":"Card Removal","floor":5.0,"gold_loss":75.0,"damage_taken":0.0},{"damage_healed":0.0,"max_hp_gain":0.0,"max_hp_loss":0.0,"gold_gain":0.0,"event_name":"Accursed Blacksmith","player_choice":"Forge","floor":10.0,"gold_loss":0.0,"damage_taken":0.0,"cards_upgraded":["Dagger Spray"]},{"damage_healed":0.0,"max_hp_gain":0.0,"max_hp_loss":0.0,"gold_gain":0.0,"event_name":"The Mausoleum","player_choice":"Ignored","floor":21.0,"gold_loss":0.0,"damage_taken":0.0},{"cards_removed":["Strike_G"],"damage_healed":0.0,"max_hp_gain":0.0,"max_hp_loss":0.0,"gold_gain":0.0,"event_name":"Wheel of Change","player_choice":"Card Removal","floor":25.0,"gold_loss":0.0,"damage_taken":0.0}],"is_beta":false,"boss_relics":[{"not_picked":["WristBlade","Runic Dome"],"picked":"Sozu"}],"items_purged_floors":[19,29],"is_endless":false,"potions_floor_spawned":[4,11,13,20,30],"killed_by":"Collector","ascension_level":20}}