{"host":"cv6i479uilws7tk5","time":1607480243,"event":{"gold_per_floor":[109,89,89,89,101,133,57,71,71,71,106,167,167,182,182,277,277,291,340,340,71,88,88,88],"floor_reached":23,"playtime":658,"items_purged":[],"score":246,"play_id":"09a9c7ca-fdfe-4b20-8477-f4ac9d45951d","local_time":"20201208191723","is_ascension_mode":true,"campfire_choices":[{"data":"Uppercut","floor":10,"key":"SMITH"},{"floor":15,"key":"REST"}],"neow_cost":"NONE","seed_source_timestamp":0,"circlet_count":0,"master_deck":["Strike_R+1","Strike_R","Strike_R","Strike_R","Strike_R+1","Defend_R","Defend_R","Defend_R","Defend_R","Bash","Clothesline","Wallop","Bludgeon","Spot Weakness+1","Uppercut+1","Battle Trance","Feed","Demon Form","Disarm","Armaments"],"special_seed":0,"relics":["Burning Blood","Strawberry","betterThird:SlimedRelic","Ancient Tea Set","Tiny Chest","Kunai","StoneCalendar","Lizard Tail","Runic Pyramid","Bag of Marbles","ClockworkSouvenir"],"potions_floor_usage":[11,12,16,22,23],"damage_taken":[{"damage":8.0,"enemies":"Jaw Worm","floor":1.0,"turns":4.0},{"damage":1.0,"enemies":"2 Louse","floor":5.0,"turns":3.0},{"damage":15.0,"enemies":"Gremlin Nob","floor":6.0,"turns":4.0},{"damage":0,"enemies":"Cultist","floor":8,"turns":3},{"damage":1,"enemies":"Lagavulin","floor":11,"turns":6},{"damage":0,"enemies":"Gremlin Nob","floor":12,"turns":2},{"damage":16,"enemies":"Blue Slaver","floor":14,"turns":4},{"damage":21,"enemies":"Slime Boss","floor":16,"turns":7},{"damage":28,"enemies":"Spheric Guardian","floor":18,"turns":4},{"damage":14,"enemies":"2 Thieves","floor":22,"turns":4},{"damage":100,"enemies":"Gremlin Leader","floor":23,"turns":7}],"seed_played":"-2165023786478857099","potions_obtained":[{"floor":8,"key":"Ancient Potion"},{"floor":11,"key":"DistilledChaos"},{"floor":14,"key":"PowerPotion"},{"floor":16,"key":"BlessingOfTheForge"},{"floor":18,"key":"AttackPotion"}],"is_trial":false,"path_per_floor":["M","?","?","?","M","E","$","M","T","R","E","?","?","M","R","B",null,"M","T","?","$","M","E"],"character_chosen":"IRONCLAD","items_purchased":["Spot Weakness","ClockworkSouvenir","Disarm","Armaments"],"campfire_rested":1,"item_purchase_floors":[7,21,21,21],"current_hp_per_floor":[85,74,57,45,50,41,41,47,47,47,52,58,58,48,74,59,80,61,61,43,43,38,0,0],"gold":88,"neow_bonus":"RANDOM_COMMON_RELIC","is_prod":false,"is_daily":false,"chose_seed":false,"campfire_upgraded":1,"win_rate":0,"timestamp":1607480243,"path_taken":["M","?","?","?","?","E","?","M","T","R","E","?","?","M","R","BOSS","M","?","?","$","M","E"],"build_version":"2020-11-30","purchased_purges":0,"victory":false,"max_hp_per_floor":[87,87,87,87,87,87,87,87,87,87,87,87,87,87,87,87,87,90,90,90,90,93,93,93],"relic_stats":{"Lizard Tail":46,"counters":[11,48],"Tiny Chest":1,"StoneCalendar":[131],"Kunai":[4],"obtain_stats":[{"Lizard Tail":12,"Strawberry":0,"betterThird:SlimedRelic":2,"Tiny Chest":6,"StoneCalendar":11,"Bag of Marbles":19,"Kunai":9,"Ancient Tea Set":4,"Burning Blood":0,"Runic Pyramid":17,"ClockworkSouvenir":21},{"Lizard Tail":6,"Strawberry":0,"betterThird:SlimedRelic":1,"Tiny Chest":3,"StoneCalendar":5,"Bag of Marbles":9,"Kunai":4,"Ancient Tea Set":1,"Burning Blood":0,"Runic Pyramid":8,"ClockworkSouvenir":9},{"Lizard Tail":22,"Strawberry":0,"betterThird:SlimedRelic":4,"Tiny Chest":11,"StoneCalendar":20,"Bag of Marbles":37,"Kunai":14,"Ancient Tea Set":4,"Burning Blood":0,"Runic Pyramid":33,"ClockworkSouvenir":37}],"Burning Blood":60},"card_choices":[{"not_picked":["Wild Strike","Havoc"],"picked":"Clothesline","floor":1.0},{"not_picked":["Flex","Fire Breathing","Body Slam"],"picked":"SKIP","floor":5.0},{"not_picked":["Pummel","Uppercut"],"picked":"Bludgeon","floor":6.0},{"not_picked":["Rupture","Bloodletting"],"picked":"Uppercut","floor":8},{"not_picked":["Rampage","Anger","Havoc"],"picked":"SKIP","floor":11},{"not_picked":["Metallicize","Armaments"],"picked":"Battle Trance","floor":12},{"not_picked":["True Grit","Clothesline","Warcry"],"picked":"SKIP","floor":14},{"not_picked":["Exhume","Impervious"],"picked":"Feed","floor":16},{"not_picked":["Headbutt+1","Rupture+1","Burning Pact"],"picked":"SKIP","floor":18},{"not_picked":["Body Slam+1","Anger","Battle Trance+1"],"picked":"SKIP","floor":22}],"player_experience":318194,"relics_obtained":[{"floor":6.0,"key":"Tiny Chest"},{"floor":9,"key":"Kunai"},{"floor":11,"key":"StoneCalendar"},{"floor":12,"key":"Lizard Tail"},{"floor":19,"key":"Bag of Marbles"}],"event_choices":[{"damage_healed":0.0,"max_hp_gain":0.0,"max_hp_loss":0.0,"gold_gain":0.0,"event_name":"betterThird:BetterGoop","player_choice":"Slimed","floor":2.0,"gold_loss":20.0,"damage_taken":11.0},{"damage_healed":74.0,"max_hp_gain":0.0,"max_hp_loss":87.0,"gold_gain":0.0,"event_name":"betterThird:BetterShining","player_choice":"Upgrade","floor":3.0,"gold_loss":0.0,"damage_taken":17.0,"cards_upgraded":["Strike_R","Strike_R"]},{"damage_healed":0,"gold_gain":0,"player_choice":"Searched \u00272\u0027 times","damage_taken":0,"max_hp_gain":0,"max_hp_loss":0,"event_name":"Dead Adventurer","floor":12,"gold_loss":0},{"damage_healed":0,"gold_gain":0,"player_choice":"Upgraded","damage_taken":0,"max_hp_gain":0,"max_hp_loss":0,"event_name":"Upgrade Shrine","floor":13,"gold_loss":0,"cards_upgraded":["Spot Weakness"]},{"damage_healed":0,"gold_gain":2,"player_choice":"2","damage_taken":0,"max_hp_gain":0,"max_hp_loss":18,"event_name":"betterStone:BetterStone","floor":20,"gold_loss":0}],"is_beta":false,"boss_relics":[{"not_picked":["Black Blood","Ectoplasm"],"picked":"Runic Pyramid"}],"items_purged_floors":[],"is_endless":false,"potions_floor_spawned":[8,11,14,16,18],"killed_by":"Gremlin Leader","ascension_level":5}}