{"host":"cop8ymgpsji2w9by","time":1607488453,"event":{"gold_per_floor":[126,126,126,151,167,201,201,242,242,242,272,272,326,371,371,492,492,522,522,52,52,90,90,90,151,198,257,302,302,302,318,318,418,418,541,641,673,708,760,10,54,125,181,238,298,298,118,194,244,327,327,455],"floor_reached":53,"playtime":8441,"items_purged":["theForsaken:PlagueCurse"],"score":1333,"play_id":"a9d63f55-1a6a-4714-897d-dc87c33e16cd","local_time":"20201208233413","is_ascension_mode":true,"campfire_choices":[{"data":"hubris:SlightOfHand","floor":7,"key":"SMITH"},{"floor":12,"key":"REST"},{"floor":15,"key":"REST"},{"data":"expansioncontent:DefensiveStance","floor":24,"key":"SMITH"},{"floor":34,"key":"REST"},{"floor":46,"key":"REST"},{"floor":51,"key":"REST"}],"neow_cost":"","seed_source_timestamp":2788385541600,"circlet_count":0,"master_deck":["Strike_G","Strike_G+1","Strike_G","Strike_G","Strike_G","Defend_G","Defend_G","Defend_G","Defend_G","Defend_G","Survivor","Neutralize+1","hubris:SlightOfHand+1","Accuracy","Prepared","hubris:Sniper","Blade Dance+1","Blade Dance+1","Flying Knee","Acrobatics","Prepared","Deflect+1","expansioncontent:DefensiveStance+1","Blade Dance+1","ReplayTheSpireMod:Shiv Toss","expansioncontent:DashGenerateEvil","Hidden Blade","Acrobatics+1","Infinite Blades+1","Setup+1","Atom Bomb","hubris:SlightOfHand","Slice+1","Hidden Blade+1","Accuracy","Blade Dance+1","conspire:DoublingDagger+1","Hidden Blade","hubris:SlightOfHand+1","Underhanded Strike+1","Escape Plan+1","Acrobatics","Endless Agony","Tactician","Corpse Explosion"],"relics":["Ring of the Snake","Replay:Bandana","hubris:Towel","DeathKnight:SindragosasSkull","Nunchaku","Whetstone","theForsaken:PlagueMask","hubris:TinFlute","hubris:BottledRain","beaked:ShinyBauble","hubris:ScarierMask","Orichalcum","TheAbacus","Smiling Mask","infinitespire:Satchel","hubris:FunFungus","energizedSpire:PogoStick","hubris:AncientText","Replay:Wanted Poster","hubris:DuctTape","Replay:Bottled Eggs","DollysMirror","ReplayTheSpireMod:Ninjato","Garlic","Replay:Towering Pillar of Hats","hubris:BundleOfHerbs","Hallownest:StagBellRelic1","DeathKnight:PutricidesVial","theForsaken:Gavel"],"potions_floor_usage":[6,8,8,16,25,35,35,52,52],"damage_taken":[{"damage":0,"enemies":"Menagerie:StygianBoar","floor":1,"turns":4},{"damage":4,"enemies":"Menagerie:MonstrousExperiment","floor":4,"turns":4},{"damage":0,"enemies":"Menagerie:WhisperingWraith","floor":5,"turns":6},{"damage":7,"enemies":"Menagerie:VoidReaper","floor":6,"turns":11},{"damage":16,"enemies":"Menagerie:MaskedSummoner","floor":8,"turns":8},{"damage":3,"enemies":"Menagerie:DREAD_MOTH_AND_GRAFTED_WORMS","floor":11,"turns":4},{"damage":11,"enemies":"Menagerie:BEAST_MAGE_AND_PROWLING_AMALGAM","floor":13,"turns":5},{"damage":0,"enemies":"Menagerie:Hydra","floor":14,"turns":4},{"damage":6,"enemies":"Menagerie:AVATARS","floor":16,"turns":6},{"damage":0,"enemies":"2 Thieves","floor":18,"turns":3},{"damage":9,"enemies":"Shell Parasite","floor":22,"turns":5},{"damage":7,"enemies":"conspire:SneckoGhost","floor":25,"turns":4},{"damage":7,"enemies":"HollowMod:Nosk","floor":27,"turns":7},{"damage":2,"enemies":"Snecko","floor":28,"turns":5},{"damage":7,"enemies":"conspire:HollyBat","floor":31,"turns":8},{"damage":12,"enemies":"hubris:MusketHawk","floor":35,"turns":6},{"damage":0,"enemies":"Hallownest:Shield_Heavy","floor":37,"turns":2},{"damage":4,"enemies":"Hallownest:3_Siblings","floor":38,"turns":4},{"damage":0,"enemies":"Hallownest:Shield_Sturdy","floor":39,"turns":6},{"damage":5,"enemies":"Hallownest:2_Great","floor":41,"turns":2},{"damage":23,"enemies":"Hallownest:eliteHiveKnight","floor":42,"turns":7},{"damage":15,"enemies":"Hallownest:2_Wandering_and_1_Horned","floor":43,"turns":5},{"damage":16,"enemies":"Hallownest:eliteCollector","floor":44,"turns":5},{"damage":0,"enemies":"Hallownest:2_Soldiers_and_1_Guardian","floor":45,"turns":4},{"damage":0,"enemies":"Hallownest:eliteHiveKnight","floor":48,"turns":3},{"damage":10,"enemies":"Hallownest:2_Soldiers_and_1_Guardian","floor":49,"turns":3},{"damage":0,"enemies":"Hallownest:eliteCollector","floor":50,"turns":4},{"damage":40,"enemies":"Hallownest:BossHollowKnight","floor":52,"turns":4}],"seed_played":"-6930198412216727132","potions_obtained":[{"floor":1,"key":"blueLaboratory:RememoryPotion"},{"floor":4,"key":"blueLaboratory:LouseDecoction"},{"floor":5,"key":"blueLaboratory:StoneskinPotion"},{"floor":14,"key":"PowerPotion"},{"floor":16,"key":"DeathKnight:RimePotion"},{"floor":18,"key":"LiquidBronze"},{"floor":28,"key":"Languid Potion"},{"floor":31,"key":"blueLaboratory:PhilterOfMotion"},{"floor":35,"key":"Elixir"},{"floor":37,"key":"blueLaboratory:EnragingPotion"},{"floor":44,"key":"blueLaboratory:SuffocatingSmog"},{"floor":52,"key":"BlessingOfTheForge"}],"is_trial":false,"path_per_floor":["M","?","?","M","M","E","R","E","T","?","M","R","MIM","E","R","B",null,"M","?","$","?","M","?","R","E","T","E","M","PTL","PTL","M","AVR","?","R","B",null,"M","M","M","$","M","E","M","E","MIM","R","?","E","M","E","R","B",null],"character_chosen":"THE_SILENT","items_purchased":["Replay:Bandana","hubris:SlightOfHand","Orichalcum","TheAbacus","expansioncontent:DefensiveStance","Blade Dance","ReplayTheSpireMod:Shiv Toss","hubris:DuctTape","Replay:Bottled Eggs","DollysMirror","Blade Dance"],"campfire_rested":5,"item_purchase_floors":[0,0,20,20,20,20,20,40,40,40,40],"current_hp_per_floor":[65,65,65,61,61,54,54,38,38,38,35,55,44,44,64,58,67,67,67,67,67,58,58,58,51,51,44,42,42,42,36,36,36,56,49,67,67,67,67,67,62,42,29,15,15,35,35,35,25,25,45,7],"gold":455,"neow_bonus":"","is_prod":false,"is_daily":false,"chose_seed":false,"campfire_upgraded":2,"win_rate":0,"timestamp":1607488453,"path_taken":["M","?","?","M","?","E","R","E","T","?","M","R","?","E","R","BOSS","M","?","$","?","?","?","R","E","T","E","M","PTL","PTL","M","AVR","?","R","BOSS","M","M","?","$","M","E","M","E","MIM","R","?","E","M","E","R","BOSS"],"build_version":"2020-11-30","purchased_purges":1,"victory":true,"max_hp_per_floor":[70,67,67,67,67,67,67,67,67,67,67,67,67,67,67,67,67,67,67,67,67,67,67,67,67,67,67,67,67,67,67,67,67,67,67,67,67,67,67,67,67,67,67,67,67,67,67,67,67,67,67,67],"card_choices":[{"not_picked":["hubris:SlightOfHand","Choke"],"picked":"Accuracy","floor":1},{"not_picked":["Masterful Stab","hubris:SlightOfHand"],"picked":"Prepared","floor":4},{"not_picked":["Deflect","Sucker Punch"],"picked":"hubris:Sniper","floor":5},{"not_picked":["Flying Knee","Corpse Explosion"],"picked":"Blade Dance","floor":6},{"not_picked":["Escape Plan","Slice"],"picked":"Blade Dance","floor":8},{"not_picked":["Deadly Poison","PiercingWail"],"picked":"Flying Knee","floor":11},{"not_picked":["Corpse Explosion","Catalyst"],"picked":"Acrobatics","floor":13},{"not_picked":["Deflect","ReplayTheSpireMod:The Works"],"picked":"Prepared","floor":14},{"not_picked":["Grand Finale","Unload"],"picked":"Storm of Steel","floor":16},{"not_picked":["Outmaneuver","Bouncing Flask+1"],"picked":"Deflect+1","floor":18},{"not_picked":["Slice+1","Dash"],"picked":"Hidden Blade","floor":22},{"not_picked":["Concentrate","Dagger Throw"],"picked":"Acrobatics+1","floor":25},{"not_picked":["Quick Slash","Predator"],"picked":"Infinite Blades+1","floor":27},{"not_picked":["Sucker Punch+1","Riddle With Holes"],"picked":"ReplayTheSpireMod:Scrap Shanks","floor":28},{"not_picked":["Sucker Punch","Dash+1"],"picked":"Setup+1","floor":31},{"not_picked":["Corpse Explosion","infinitespire:Neurotoxin"],"picked":"Atom Bomb","floor":35},{"not_picked":["Flying Knee","Backflip"],"picked":"hubris:SlightOfHand","floor":37},{"not_picked":["Flechettes+1","Predator"],"picked":"Slice+1","floor":38},{"not_picked":["Sucker Punch","PiercingWail"],"picked":"Hidden Blade+1","floor":39},{"not_picked":["Cloak And Dagger+1","Crippling Poison"],"picked":"conspire:DoublingDagger+1","floor":41},{"not_picked":["Backflip","ReplayTheSpireMod:The Works+1"],"picked":"Hidden Blade","floor":42},{"not_picked":["Dodge and Roll","Poisoned Stab+1"],"picked":"hubris:SlightOfHand+1","floor":43},{"not_picked":["Choke+1","Hidden Blade"],"picked":"Underhanded Strike+1","floor":44},{"not_picked":["Heel Hook+1","PiercingWail"],"picked":"Escape Plan+1","floor":45},{"not_picked":["Outmaneuver+1","Bouncing Flask+1"],"picked":"Acrobatics","floor":48},{"not_picked":["All Out Attack","Heel Hook"],"picked":"Endless Agony","floor":49},{"not_picked":["Venomology","Sucker Punch+1"],"picked":"Tactician","floor":50},{"not_picked":["Unload","Grand Finale"],"picked":"Corpse Explosion","floor":52}],"player_experience":367646,"relics_obtained":[{"floor":6,"key":"DeathKnight:SindragosasSkull"},{"floor":8,"key":"Nunchaku"},{"floor":9,"key":"Whetstone"},{"floor":13,"key":"hubris:TinFlute"},{"floor":13,"key":"hubris:BottledRain"},{"floor":14,"key":"beaked:ShinyBauble"},{"floor":25,"key":"Smiling Mask"},{"floor":26,"key":"infinitespire:Satchel"},{"floor":27,"key":"hubris:FunFungus"},{"floor":42,"key":"ReplayTheSpireMod:Ninjato"},{"floor":44,"key":"Garlic"},{"floor":45,"key":"Replay:Towering Pillar of Hats"},{"floor":45,"key":"hubris:BundleOfHerbs"},{"floor":48,"key":"DeathKnight:PutricidesVial"},{"floor":50,"key":"theForsaken:Gavel"}],"event_choices":[{"damage_healed":0,"gold_gain":0,"player_choice":"Knelt","damage_taken":0,"max_hp_gain":0,"max_hp_loss":3,"event_name":"Menagerie:BeastSpiritShrine","floor":2,"gold_loss":0,"cards_obtained":["Menagerie:BeastSpirit"]},{"damage_healed":0,"gold_gain":0,"player_choice":"Obtain Plague Curse","damage_taken":0,"max_hp_gain":0,"max_hp_loss":0,"event_name":"Plague Doctor","floor":10,"gold_loss":0,"cards_obtained":["theForsaken:PlagueCurse"]},{"damage_healed":0,"gold_gain":0,"cards_transformed":["Menagerie:BeastSpirit"],"player_choice":"Transformed","damage_taken":0,"max_hp_gain":0,"max_hp_loss":0,"event_name":"Transmorgrifier","floor":21,"gold_loss":0,"cards_obtained":["expansioncontent:DashGenerateEvil"]},{"damage_healed":0,"gold_gain":100,"player_choice":"Pray","damage_taken":0,"max_hp_gain":0,"max_hp_loss":0,"event_name":"Golden Shrine","floor":33,"gold_loss":0}],"is_beta":false,"boss_relics":[{"not_picked":["Astrolabe","energizedSpire:DeadBattery"],"picked":"hubris:ScarierMask"},{"not_picked":["Painkiller Herb","energizedSpire:HighHeels"],"picked":"Replay:Wanted Poster"}],"items_purged_floors":[40],"is_endless":false,"potions_floor_spawned":[1,4,5,14,16,18,28,31,35,37,41,44,49,52],"ascension_level":1}}