{"host":"mgc7o2tpy0ck407l","time":1607492869,"event":{"gold_per_floor":[119,18,18,33,53,53,162,174,226,236,236,256,286,62,62,181,181,232,232,232,507,537,597,597,131,209,308,308,14,14,48,48,187,187,211,8,44,88,114,179,179,211,261,306,8,8,8,66,66,110,110,65,65,134,152],"floor_reached":56,"playtime":3388,"items_purged":["Strike_G","Regret"],"score":1526,"play_id":"d40dd0d6-e081-48ce-b47d-1ae8d4a7bbdb","local_time":"20201209004749","is_ascension_mode":true,"campfire_choices":[{"data":"ReplayTheSpireMod:Scrap Shanks","floor":6.0,"key":"SMITH"},{"data":"Prepared","floor":11.0,"key":"SMITH"},{"floor":15.0,"key":"REST"},{"data":"A Thousand Cuts","floor":28.0,"key":"SMITH"},{"data":"Ghostly","floor":30.0,"key":"SMITH"},{"data":"Calculated Gamble","floor":41.0,"key":"SMITH"},{"data":"ReplayTheSpireMod:Shiv Toss","floor":46.0,"key":"SMITH"},{"data":"Acrobatics","floor":49.0,"key":"SMITH"},{"data":"Replay:Bag of Tricks","floor":53.0,"key":"SMITH"}],"neow_cost":"NONE","seed_source_timestamp":0,"circlet_count":0,"master_deck":["Defend_G","Defend_G","Defend_G","Survivor","Neutralize+1","Concentrate","Backflip","ReplayTheSpireMod:Scrap Shanks+1","Acrobatics+1","Dagger Throw","Prepared+1","Dagger Throw","Unload","Replay:Bag of Tricks+1","Injury","Finisher","Underhanded Strike","A Thousand Cuts+1","Ghostly","Ghostly","Ghostly+1","Ghostly","Ghostly","Cloak And Dagger+1","Concentrate","Storm of Steel","Cloak And Dagger+1","ReplayTheSpireMod:The Works+1","Calculated Gamble+1","Terror+1","ReplayTheSpireMod:Shiv Toss+1","Swift Strike+1","Hidden Blade+1"],"special_seed":0,"relics":["Ring of the Snake","Bag of Marbles","Blood Vial","Replay:Bandana","Kintsugi","Onion Ring","The Courier","Strawberry","Gremlin Food","Mummified Hand","Omamori","Eternal Feather","Medical Kit","Sling","Replay:Baseball","Replay:Bottled Steam","SlaversCollar","ReplayTheSpireMod:Ninjato","Bottled Lightning","Blue Doll","Lantern","Iron Hammer","InkBottle","Replay:Ringing Soul","ReplayTheSpireMod:CursedCoin","Sundial","Bird Faced Urn"],"potions_floor_usage":[],"damage_taken":[{"damage":9.0,"enemies":"Jaw Worm","floor":1.0,"turns":7.0},{"damage":0.0,"enemies":"Cultist","floor":4.0,"turns":4.0},{"damage":1.0,"enemies":"2 Louse","floor":5.0,"turns":2.0},{"damage":0.0,"enemies":"Red Slaver","floor":8.0,"turns":2.0},{"damage":0.0,"enemies":"2 Fungi Beasts","floor":10.0,"turns":1.0},{"damage":11.0,"enemies":"3 Louse","floor":12.0,"turns":4.0},{"damage":9.0,"enemies":"3 Sentries","floor":13.0,"turns":5.0},{"damage":15.0,"enemies":"Hexaghost","floor":16.0,"turns":8.0},{"damage":0.0,"enemies":"3 Byrds","floor":18.0,"turns":3.0},{"damage":0.0,"enemies":"Chosen","floor":22.0,"turns":1.0},{"damage":23.0,"enemies":"Slavers","floor":23.0,"turns":4.0},{"damage":13.0,"enemies":"Book of Stabbing","floor":31.0,"turns":7.0},{"damage":16.0,"enemies":"Champ","floor":33.0,"turns":5.0},{"damage":0.0,"enemies":"3 Shapes","floor":35.0,"turns":5.0},{"damage":5.0,"enemies":"3 Darklings","floor":37.0,"turns":4.0},{"damage":2.0,"enemies":"Spire Growth","floor":38.0,"turns":4.0},{"damage":2.0,"enemies":"Transient","floor":39.0,"turns":4.0},{"damage":2.0,"enemies":"Reptomancer","floor":40.0,"turns":3.0},{"damage":0.0,"enemies":"Sphere and 2 Shapes","floor":42.0,"turns":2.0},{"damage":0.0,"enemies":"Giant Head","floor":44.0,"turns":4.0},{"damage":0.0,"enemies":"Reptomancer","floor":48.0,"turns":1.0},{"damage":0.0,"enemies":"Donu and Deca","floor":50.0,"turns":4.0},{"damage":0.0,"enemies":"Shield and Spear","floor":54.0,"turns":3.0},{"damage":36,"enemies":"The Heart","floor":55,"turns":5}],"seed_played":"6821363054343232960","potions_obtained":[{"floor":8.0,"key":"DuplicationPotion"},{"floor":10.0,"key":"Weak Potion"},{"floor":12.0,"key":"Poison Potion"},{"floor":37.0,"key":"blueLaboratory:PolymorphPotion"},{"floor":44.0,"key":"Energy Potion"}],"is_trial":false,"path_per_floor":["M","$","?","M","M","R","?","M","T","M","R","M","E","$","R","B",null,"M","?","T","?","M","E","?","$","T","?","R","$","R","E","R_BF","B",null,"M","$","M","M","M","E","R","M","T","E","$","R","?","E","R","B",null,"$","R","E","B",null],"character_chosen":"THE_SILENT","items_purchased":["ReplayTheSpireMod:Scrap Shanks","Unload","Gremlin Food","Mummified Hand","Omamori","Medical Kit","Sling","Replay:Baseball","ReplayTheSpireMod:Ninjato","Iron Hammer","Swift Strike+1","ReplayTheSpireMod:CursedCoin","Sundial"],"campfire_rested":1,"item_purchase_floors":[2,14,25,25,25,29,29,29,36,45,45,52,52],"current_hp_per_floor":[61,61,61,61,60,60,29,29,29,31,31,22,15,15,36,23,70,70,70,70,70,70,54,38,38,38,38,38,38,38,25,38,22,38,38,38,33,33,33,33,38,38,38,38,38,38,38,38,38,38,38,38,38,41,9],"gold":152,"neow_bonus":"TRANSFORM_CARD","is_prod":false,"is_daily":false,"chose_seed":false,"campfire_upgraded":8,"win_rate":0,"timestamp":1607492869,"path_taken":["M","$","?","?","M","R","?","?","T","M","R","M","E","$","R","BOSS","M","?","?","?","?","E","?","$","T","?","R","$","R","E","R_BF","BOSS","M","$","M","M","M","E","R","M","T","E","$","R","?","E","R","BOSS","$","R","E","BOSS"],"build_version":"2020-11-30","purchased_purges":2,"victory":true,"max_hp_per_floor":[70,70,70,70,70,70,70,70,70,70,70,70,70,70,70,70,70,70,70,70,70,70,77,38,38,38,38,38,38,38,38,38,38,38,38,38,38,38,38,38,38,38,38,38,38,38,38,38,38,38,38,38,38,41,41],"relic_stats":{"Blood Vial":14,"counters":[24,92],"Mummified Hand":[27],"Sundial":[2],"Bird Faced Urn":[4],"Eternal Feather":18,"Medical Kit":[7],"obtain_stats":[{"Lantern":44,"Blue Doll":43,"Sling":29,"Blood Vial":9,"Replay:Ringing Soul":48,"Replay:Bandana":13,"Mummified Hand":25,"Sundial":52,"Strawberry":23,"Iron Hammer":45,"InkBottle":47,"Ring of the Snake":0,"Replay:Bottled Steam":31,"Gremlin Food":25,"ReplayTheSpireMod:Ninjato":36,"ReplayTheSpireMod:CursedCoin":52,"Eternal Feather":26,"The Courier":20,"Omamori":25,"Medical Kit":29,"SlaversCollar":34,"Replay:Baseball":29,"Bird Faced Urn":54,"Onion Ring":19,"Bag of Marbles":7,"Bottled Lightning":40,"Kintsugi":17},{"Lantern":20,"Blue Doll":19,"Sling":11,"Blood Vial":4,"Replay:Ringing Soul":21,"Replay:Bandana":7,"Mummified Hand":11,"Sundial":22,"Strawberry":11,"Iron Hammer":20,"InkBottle":20,"Ring of the Snake":0,"Replay:Bottled Steam":12,"Gremlin Food":11,"ReplayTheSpireMod:Ninjato":14,"ReplayTheSpireMod:CursedCoin":22,"Eternal Feather":11,"The Courier":9,"Omamori":11,"Medical Kit":11,"SlaversCollar":13,"Replay:Baseball":11,"Bird Faced Urn":23,"Onion Ring":9,"Bag of Marbles":3,"Bottled Lightning":18,"Kintsugi":8},{"Lantern":79,"Blue Doll":75,"Sling":41,"Blood Vial":15,"Replay:Ringing Soul":80,"Replay:Bandana":25,"Mummified Hand":41,"Sundial":84,"Strawberry":41,"Iron Hammer":79,"InkBottle":79,"Ring of the Snake":0,"Replay:Bottled Steam":48,"Gremlin Food":41,"ReplayTheSpireMod:Ninjato":58,"ReplayTheSpireMod:CursedCoin":84,"Eternal Feather":41,"The Courier":36,"Omamori":41,"Medical Kit":41,"SlaversCollar":53,"Replay:Baseball":41,"Bird Faced Urn":87,"Onion Ring":36,"Bag of Marbles":13,"Bottled Lightning":73,"Kintsugi":33}],"InkBottle":[19],"Ring of the Snake":[48]},"card_choices":[{"not_picked":["PiercingWail","Acrobatics"],"picked":"Backflip","floor":1.0},{"not_picked":["Poisoned Stab","Deadly Poison"],"picked":"Acrobatics","floor":4.0},{"not_picked":["Glass Knife","Caltrops","Deadly Poison"],"picked":"SKIP","floor":5.0},{"not_picked":["Flechettes","Backflip"],"picked":"Dagger Throw","floor":8.0},{"not_picked":["Slice","Poisoned Stab"],"picked":"Prepared","floor":10.0},{"not_picked":["Blade Dance","Choke"],"picked":"Dagger Throw","floor":12.0},{"not_picked":["Infinite Blades","Backflip","Deadly Poison"],"picked":"SKIP","floor":13.0},{"not_picked":["Bullet Time","Atom Bomb"],"picked":"Replay:Bag of Tricks","floor":16.0},{"not_picked":["Deflect","Hidden Blade"],"picked":"Finisher","floor":18.0},{"not_picked":["Backstab","Dodge and Roll"],"picked":"Underhanded Strike","floor":22.0},{"not_picked":["Slice","ReplayTheSpireMod:Speed Training"],"picked":"A Thousand Cuts","floor":23.0},{"not_picked":["Poisoned Stab","PiercingWail+1"],"picked":"Cloak And Dagger+1","floor":31.0},{"not_picked":["Grand Finale","A Thousand Cuts"],"picked":"Storm of Steel","floor":33.0},{"not_picked":["Sucker Punch+1","Deadly Poison+1","Quick Slash"],"picked":"SKIP","floor":35.0},{"not_picked":["Flying Knee+1","Escape Plan+1"],"picked":"Cloak And Dagger+1","floor":37.0},{"not_picked":["Slice","Flying Knee+1"],"picked":"ReplayTheSpireMod:The Works+1","floor":38.0},{"not_picked":["Deadly Poison+1","Dagger Spray"],"picked":"Calculated Gamble","floor":39.0},{"not_picked":["Envenom","Glass Knife","Escape Plan"],"picked":"SKIP","floor":40.0},{"not_picked":["Outmaneuver","Bouncing Flask"],"picked":"Terror+1","floor":42.0},{"not_picked":["Underhanded Strike","Well Laid Plans+1"],"picked":"ReplayTheSpireMod:Shiv Toss","floor":44.0},{"not_picked":["PiercingWail","Blade Dance","Concentrate+1"],"picked":"SKIP","floor":48.0},{"not_picked":["PiercingWail","Acrobatics"],"picked":"Hidden Blade+1","floor":54.0}],"player_experience":662783,"relics_obtained":[{"floor":9.0,"key":"Blood Vial"},{"floor":13.0,"key":"Replay:Bandana"},{"floor":20.0,"key":"The Courier"},{"floor":23.0,"key":"Strawberry"},{"floor":26.0,"key":"Eternal Feather"},{"floor":31.0,"key":"Replay:Bottled Steam"},{"floor":40.0,"key":"Bottled Lightning"},{"floor":43.0,"key":"Blue Doll"},{"floor":44.0,"key":"Lantern"},{"floor":48.0,"key":"Replay:Ringing Soul"},{"floor":54.0,"key":"Bird Faced Urn"}],"event_choices":[{"cards_removed":["Strike_G"],"damage_healed":0.0,"max_hp_gain":0.0,"max_hp_loss":0.0,"gold_gain":0.0,"event_name":"betterNote:BetterNote","player_choice":"Give","floor":3.0,"gold_loss":0.0,"damage_taken":0.0,"cards_obtained":["Strike_R"]},{"damage_healed":0.0,"max_hp_gain":0.0,"max_hp_loss":0.0,"gold_gain":109.0,"event_name":"betterSkull:BetterSkull","player_choice":"GO UP RE ","floor":7.0,"gold_loss":0.0,"damage_taken":36.0,"cards_upgraded":["Neutralize"],"relics_obtained":["Bag of Marbles"]},{"damage_healed":0.0,"max_hp_gain":0.0,"max_hp_loss":0.0,"gold_gain":275.0,"event_name":"Golden Shrine","player_choice":"Desecrate","floor":21.0,"gold_loss":0.0,"damage_taken":0.0,"cards_obtained":["Regret"]},{"damage_healed":0.0,"max_hp_gain":0.0,"max_hp_loss":39.0,"gold_gain":0.0,"event_name":"Ghosts","player_choice":"Became a Ghost","floor":24.0,"gold_loss":0.0,"damage_taken":0.0,"cards_obtained":["Ghostly","Ghostly","Ghostly","Ghostly","Ghostly"]},{"damage_healed":0.0,"max_hp_gain":0.0,"max_hp_loss":0.0,"gold_gain":99.0,"event_name":"betterThird:BetterNest","player_choice":"Steal","floor":27.0,"gold_loss":0.0,"damage_taken":0.0},{"damage_healed":0.0,"max_hp_gain":0.0,"max_hp_loss":0.0,"gold_gain":0.0,"event_name":"WeMeetAgain","player_choice":"Gave Potion","floor":47.0,"gold_loss":0.0,"damage_taken":0.0,"relics_obtained":["InkBottle"]}],"is_beta":false,"boss_relics":[{"not_picked":["Replay:Bronze Core","Tiny House"],"picked":"Kintsugi"},{"not_picked":["Busted Crown","Empty Cage"],"picked":"SlaversCollar"}],"items_purged_floors":[14,25],"is_endless":false,"potions_floor_spawned":[8,10,12,16,22,23,37,44],"ascension_level":1}}