{"host":"u2dm6glrpyjr66v9","time":1607507873,"event":{"gold_per_floor":[119,294,313,331,331,366,366,386,410,421,421,421],"floor_reached":11,"playtime":223,"items_purged":[],"score":75,"play_id":"ca57957b-0271-4cb9-a051-2d4afe7de59c","local_time":"20201209185753","is_ascension_mode":false,"campfire_choices":[{"data":"Zap","floor":7,"key":"SMITH"}],"neow_cost":"NONE","seed_source_timestamp":1188676046717900,"circlet_count":0,"master_deck":["Strike_B","Strike_B","Strike_B","Strike_B","Defend_B","Defend_B","Defend_B","Defend_B","Zap+1","Dualcast","Tempest","Streamline","Turbo","Capacitor","Hologram","Force Field"],"relics":["Cracked Core","NeowsBlessing","Bag of Preparation","Happy Flower"],"potions_floor_usage":[],"damage_taken":[{"damage":0,"enemies":"Jaw Worm","floor":1,"turns":1},{"damage":7,"enemies":"2 Louse","floor":3,"turns":2},{"damage":0,"enemies":"Cultist","floor":4,"turns":1},{"damage":16,"enemies":"Lagavulin","floor":6,"turns":5},{"damage":28,"enemies":"Gremlin Gang","floor":8,"turns":4},{"damage":14,"enemies":"Blue Slaver","floor":10,"turns":3},{"damage":15,"enemies":"2 Fungi Beasts","floor":11,"turns":2}],"seed_played":"6755530261278812579","potions_obtained":[{"floor":3,"key":"Weak Potion"},{"floor":6,"key":"Swift Potion"},{"floor":8,"key":"LiquidBronze"}],"is_trial":false,"path_per_floor":["M","?","M","M","?","E","R","M","T","M","M"],"character_chosen":"DEFECT","items_purchased":[],"campfire_rested":0,"item_purchase_floors":[],"current_hp_per_floor":[75,75,68,68,68,52,52,24,24,10,0,0],"gold":421,"neow_bonus":"THREE_ENEMY_KILL","is_prod":false,"is_daily":false,"chose_seed":false,"campfire_upgraded":1,"win_rate":0.0,"timestamp":1607507873,"path_taken":["M","?","M","M","?","E","R","M","T","M","?"],"build_version":"2020-11-30","purchased_purges":0,"victory":false,"max_hp_per_floor":[75,75,75,75,75,75,75,75,75,75,75,75],"card_choices":[{"not_picked":["Go for the Eyes","Stack"],"picked":"Tempest","floor":1},{"not_picked":["Compile Driver","Undo"],"picked":"Streamline","floor":3},{"not_picked":["Glacier","Chill"],"picked":"Turbo","floor":4},{"not_picked":["Blizzard","Ball Lightning"],"picked":"Capacitor","floor":6},{"not_picked":["Sweeping Beam","Gash"],"picked":"Hologram","floor":8},{"not_picked":["Biased Cognition","Go for the Eyes"],"picked":"Force Field","floor":10}],"player_experience":38486,"relics_obtained":[{"floor":6,"key":"Bag of Preparation"},{"floor":9,"key":"Happy Flower"}],"event_choices":[{"damage_healed":0,"gold_gain":175,"player_choice":"AGREE","damage_taken":0,"max_hp_gain":0,"max_hp_loss":0,"event_name":"Liars Game","floor":2,"gold_loss":0,"cards_obtained":["Doubt"]},{"cards_removed":["Doubt"],"damage_healed":0,"gold_gain":0,"player_choice":"Forget","damage_taken":0,"max_hp_gain":0,"max_hp_loss":0,"event_name":"Living Wall","floor":5,"gold_loss":0}],"is_beta":false,"boss_relics":[],"items_purged_floors":[],"is_endless":false,"potions_floor_spawned":[3,6,8],"killed_by":"2 Fungi Beasts","ascension_level":0}}