{"host":"4edbuligkc8x13l4","time":1607531831,"event":{"gold_per_floor":[119,27,27,47,65,65,99,99,99,99,130,130,140,150,150,150,150],"floor_reached":16,"playtime":785,"items_purged":[],"score":187,"play_id":"ece076a9-230c-475e-a769-82a1d8624551","local_time":"20201210003711","is_ascension_mode":true,"campfire_choices":[{"data":"Neutralize","floor":6.0,"key":"SMITH"},{"floor":8.0,"key":"REST"},{"data":"1","floor":10.0,"key":"LIFT"},{"floor":15.0,"key":"REST"}],"neow_cost":"NONE","seed_source_timestamp":476383622769100,"circlet_count":0,"master_deck":["AscendersBane","Strike_G","Strike_G","Strike_G","Strike_G","Strike_G","Defend_G","Defend_G","Defend_G","Defend_G","Defend_G","Survivor","Neutralize+1","Doppelganger+1","Slice","Backflip","Footwork","Poisoned Stab","Prepared","Dagger Spray","Slice","Reflex","Escape Plan"],"special_seed":0,"relics":["Ring of the Snake","The Specimen","Girya","Ornamental Fan"],"potions_floor_usage":[16],"damage_taken":[{"damage":2.0,"enemies":"Cultist","floor":1.0,"turns":4.0},{"damage":0.0,"enemies":"2 Louse","floor":4.0,"turns":2.0},{"damage":2.0,"enemies":"Jaw Worm","floor":5.0,"turns":5.0},{"damage":29.0,"enemies":"3 Sentries","floor":7.0,"turns":12.0},{"damage":25.0,"enemies":"Gremlin Nob","floor":11.0,"turns":5.0},{"damage":15.0,"enemies":"Lots of Slimes","floor":13.0,"turns":4.0},{"damage":0.0,"enemies":"Blue Slaver","floor":14.0,"turns":4.0},{"damage":27,"enemies":"Slime Boss","floor":16,"turns":7}],"seed_played":"7281354640835710510","potions_obtained":[{"floor":1.0,"key":"SkillPotion"},{"floor":11.0,"key":"EssenceOfSteel"},{"floor":14.0,"key":"Dexterity Potion"}],"is_trial":false,"path_per_floor":["M","$","?","M","M","R","E","R","T","R","E","?","M","M","R","B"],"character_chosen":"THE_SILENT","items_purchased":["Backflip","Footwork"],"campfire_rested":2,"item_purchase_floors":[2,2],"current_hp_per_floor":[57,57,57,57,55,55,26,45,45,45,20,20,5,5,24,0,0],"gold":150,"neow_bonus":"ONE_RANDOM_RARE_CARD","is_prod":false,"is_daily":false,"chose_seed":false,"campfire_upgraded":1,"win_rate":0,"timestamp":1607531831,"path_taken":["M","$","?","M","M","R","E","R","T","R","E","?","?","M","R","BOSS"],"build_version":"2020-11-30","purchased_purges":0,"victory":false,"max_hp_per_floor":[66,66,66,66,66,66,66,66,66,66,66,66,66,66,66,66,66],"card_choices":[{"not_picked":["Predator","PiercingWail"],"picked":"Slice","floor":1.0},{"not_picked":["Quick Slash","Underhanded Strike"],"picked":"Poisoned Stab","floor":4.0},{"not_picked":["Dodge and Roll","Infinite Blades"],"picked":"Prepared","floor":5.0},{"not_picked":["Unload","Blur"],"picked":"Dagger Spray","floor":7.0},{"not_picked":["Concentrate","Outmaneuver"],"picked":"Slice","floor":11.0},{"not_picked":["Blade Dance","Slice"],"picked":"Reflex","floor":13.0},{"not_picked":["Dodge and Roll","Well Laid Plans"],"picked":"Escape Plan","floor":14.0}],"player_experience":882519,"relics_obtained":[{"floor":7.0,"key":"The Specimen"},{"floor":9.0,"key":"Girya"},{"floor":11.0,"key":"Ornamental Fan"}],"event_choices":[{"damage_healed":0.0,"max_hp_gain":0.0,"max_hp_loss":0.0,"gold_gain":0.0,"event_name":"Liars Game","player_choice":"Ignored","floor":3.0,"gold_loss":0.0,"damage_taken":0.0},{"damage_healed":0.0,"max_hp_gain":0.0,"max_hp_loss":0.0,"gold_gain":0.0,"event_name":"Upgrade Shrine","player_choice":"Upgraded","floor":12.0,"gold_loss":0.0,"damage_taken":0.0,"cards_upgraded":["Doppelganger"]}],"is_beta":false,"boss_relics":[],"items_purged_floors":[],"is_endless":false,"potions_floor_spawned":[1,11,14],"killed_by":"Slime Boss","ascension_level":14}}