{"host":"og6lam4kt3nibbw0","time":1607541639,"event":{"gold_per_floor":[114,124,124,134,47,47,47,47,70,81,81,81,81,95,95,172,172,190,206,144,156,175,175,175,175],"floor_reached":24,"playtime":748,"items_purged":[],"score":376,"play_id":"48b9b4cc-5c4f-4da0-9a8d-042d3e9bf55a","local_time":"20201210042039","is_ascension_mode":true,"campfire_choices":[{"data":"Hyperbeam","floor":6.0,"key":"SMITH"},{"data":"Hologram","floor":8.0,"key":"SMITH"},{"data":"Melter","floor":15.0,"key":"SMITH"},{"data":"Creative AI","floor":23.0,"key":"SMITH"}],"neow_cost":"PERCENT_DAMAGE","seed_source_timestamp":536907651319999,"circlet_count":0,"master_deck":["AscendersBane","Strike_B","Strike_B","Strike_B","Defend_B","Defend_B","Defend_B","Defend_B","Zap","Dualcast","Hyperbeam+1","Hologram+1","Melter+1","FTL","Creative AI+1","Sunder","Turbo+1"],"special_seed":0,"relics":["Cracked Core","Anchor","Pantograph","Coffee Dripper","Lantern"],"potions_floor_usage":[24,24],"damage_taken":[{"damage":0.0,"enemies":"Small Slimes","floor":1.0,"turns":2.0},{"damage":5.0,"enemies":"2 Louse","floor":2.0,"turns":3.0},{"damage":2.0,"enemies":"Jaw Worm","floor":4.0,"turns":3.0},{"damage":0.0,"enemies":"Exordium Thugs","floor":10.0,"turns":2.0},{"damage":2.0,"enemies":"Gremlin Gang","floor":14.0,"turns":3.0},{"damage":31.0,"enemies":"Slime Boss","floor":16.0,"turns":7.0},{"damage":12.0,"enemies":"3 Byrds","floor":18.0,"turns":4.0},{"damage":13.0,"enemies":"2 Thieves","floor":19.0,"turns":3.0},{"damage":13.0,"enemies":"Cultist and Chosen","floor":21.0,"turns":4.0},{"damage":12.0,"enemies":"Snake Plant","floor":22.0,"turns":3.0},{"damage":27,"enemies":"Centurion and Healer","floor":24,"turns":4}],"seed_played":"8116895229748418101","potions_obtained":[{"floor":1.0,"key":"FocusPotion"},{"floor":2.0,"key":"AttackPotion"},{"floor":16.0,"key":"Regen Potion"},{"floor":22.0,"key":"BlessingOfTheForge"}],"is_trial":false,"path_per_floor":["M","M","?","M","$","R","$","R","T","M","?","?","T","M","R","B",null,"M","M","?","M","M","R","M"],"character_chosen":"DEFECT","items_purchased":["Melter"],"campfire_rested":0,"item_purchase_floors":[5],"current_hp_per_floor":[46,41,41,39,39,39,39,39,39,39,39,39,39,37,37,31,61,49,36,36,23,11,11,0,0],"gold":175,"neow_bonus":"THREE_RARE_CARDS","is_prod":false,"is_daily":false,"chose_seed":false,"campfire_upgraded":4,"win_rate":0,"timestamp":1607541639,"path_taken":["M","M","?","M","$","R","$","R","T","M","?","?","?","M","R","BOSS","M","M","?","?","?","R","M"],"build_version":"2020-11-30","purchased_purges":0,"victory":false,"max_hp_per_floor":[71,71,71,71,71,71,71,71,71,71,71,71,71,71,71,71,71,71,71,71,71,71,71,71,71],"card_choices":[{"not_picked":["Meteor Strike","Reboot"],"picked":"Hyperbeam","floor":0.0},{"not_picked":["Undo","Conserve Battery","Lockon"],"picked":"SKIP","floor":1.0},{"not_picked":["Redo","Gash"],"picked":"Hologram","floor":2.0},{"not_picked":["Gash","Barrage","Streamline"],"picked":"SKIP","floor":4.0},{"not_picked":["Conserve Battery","Ball Lightning"],"picked":"FTL","floor":10.0},{"not_picked":["Static Discharge","Glacier","Steam"],"picked":"SKIP","floor":14.0},{"not_picked":["Thunder Strike","Multi-Cast"],"picked":"Creative AI","floor":16.0},{"not_picked":["Rip and Tear","Compile Driver"],"picked":"Sunder","floor":18.0},{"not_picked":["Genetic Algorithm","Steam","Coolheaded"],"picked":"SKIP","floor":19.0},{"not_picked":["Conserve Battery","Leap","Compile Driver"],"picked":"SKIP","floor":21.0},{"not_picked":["Streamline","Stack"],"picked":"Turbo+1","floor":22.0}],"player_experience":758755,"relics_obtained":[{"floor":9.0,"key":"Anchor"},{"floor":13.0,"key":"Pantograph"}],"event_choices":[{"cards_removed":["Strike_B"],"damage_healed":0.0,"max_hp_gain":0.0,"max_hp_loss":0.0,"gold_gain":0.0,"event_name":"Living Wall","player_choice":"Forget","floor":3.0,"gold_loss":0.0,"damage_taken":0.0},{"damage_healed":0.0,"max_hp_gain":0.0,"max_hp_loss":0.0,"gold_gain":0.0,"event_name":"Scrap Ooze","player_choice":"Fled","floor":11.0,"gold_loss":0.0,"damage_taken":0.0},{"damage_healed":0.0,"max_hp_gain":0.0,"max_hp_loss":0.0,"gold_gain":0.0,"event_name":"Shining Light","player_choice":"Ignored","floor":12.0,"gold_loss":0.0,"damage_taken":0.0},{"damage_healed":0.0,"max_hp_gain":0.0,"max_hp_loss":0.0,"gold_gain":0.0,"event_name":"WeMeetAgain","player_choice":"Paid Gold","floor":20.0,"gold_loss":62.0,"damage_taken":0.0,"relics_obtained":["Lantern"]}],"is_beta":false,"boss_relics":[{"not_picked":["Inserter","Ectoplasm"],"picked":"Coffee Dripper"}],"items_purged_floors":[],"is_endless":false,"potions_floor_spawned":[1,2,16,18,22],"killed_by":"Centurion and Healer","ascension_level":20}}