{"host":"wpg8td78s8974atr","time":1607509569,"event":{"gold_per_floor":[118,118,128,144,144,144,144,144,167,18,37,53,63,76,76,177,177,194,194,194,194,293,327,327,327,354,354,454,464,464,480,480,575,575,595,595,606,606,906,906,906,1239,1265,1265,1298,1298,1298,1308,1308,1410,1410,1416,1416,1417,1422,1422,1449,1449,1439,1466,1466,1466,1467,1470,1456,1456,1528,1578,1575,1564,1564,1564,1561,1565,1562,1562,1586,1568,1568,1559,1559,1552,1552,1600,1600,1571,1486,1469,1446,1430,1413,1413,1413,1413,1413,1413,1413,1425,1474,1474,1524,1524,1523,1523,1523,1523,1518,1501,1501,1501,1501,1504,1499,1499,1499,1497,1497,1556,1556,1545,1545,1545,1545,1571,1567,1567,1567,1567,1567,1382,1451,1451,1179,1179,1283,1283,1264,1264,1264,1265,1254,1225,1235,1235,1235,1235,1251,1251,1251,1263,1263,1331,1331,1331,1259,1258,1320],"floor_reached":158,"playtime":24576,"items_purged":["Menagerie:BloodySpellbook","Regret","Writhe","Shame"],"score":4242,"play_id":"f5abeb9b-e360-4c22-a7c5-5e5b8403201c","local_time":"20201209112609","is_ascension_mode":false,"campfire_choices":[{"floor":8.0,"key":"REST"},{"floor":15.0,"key":"REST"},{"floor":24.0,"key":"REST"},{"data":"TheCursedMod:CollectTribute","floor":32.0,"key":"SMITH"},{"data":"TheCursedMod:LuckyCharm","floor":41.0,"key":"SMITH"},{"data":"TheCursedMod:ReleasedStrength","floor":47.0,"key":"SMITH"},{"data":"Gatherer:MiningStrike","floor":49.0,"key":"SMITH"},{"data":"TheCursedMod:LuckyCharm","floor":58.0,"key":"SMITH"},{"data":"Menagerie:SteelWall","floor":66.0,"key":"SMITH"},{"data":"TheCursedMod:AntiAging","floor":79.0,"key":"SMITH"},{"data":"infinitespire:UltimateForm","floor":83.0,"key":"SMITH"},{"data":"TheCursedMod:CircleOfBlood","floor":92.0,"key":"SMITH"},{"data":"TheCursedMod:FleshFromBone","floor":100.0,"key":"SMITH"},{"data":"TheCursedMod:AntiAging","floor":109.0,"key":"SMITH"},{"floor":115.0,"key":"RECALL"},{"data":"TheCursedMod:AntiAging","floor":117.0,"key":"SMITH"},{"floor":126.0,"key":"DIG"},{"floor":132.0,"key":"DIG"},{"floor":134.0,"key":"DIG"},{"floor":146,"key":"DIG"},{"floor":149,"key":"DIG"},{"floor":151,"key":"DIG"},{"floor":154,"key":"DIG"}],"neow_cost":"NONE","seed_source_timestamp":0,"circlet_count":0,"master_deck":["TheCursedMod:Strike_TheCursed+1","TheCursedMod:Strike_TheCursed+1","TheCursedMod:Strike_TheCursed+1","TheCursedMod:Defend_TheCursed+1","TheCursedMod:Defend_TheCursed+1","TheCursedMod:Defend_TheCursed+1","TheCursedMod:Defend_TheCursed+1","TheCursedMod:CursedWand+1","TheCursedMod:Dregs","TheCursedMod:Obscuration","TheCursedMod:CursedMace","TheCursedMod:CollectTribute+1","TheCursedMod:FleshFromBone+1","TheCursedMod:ReleasedStrength+1","TheCursedMod:FleshFromBone+1","TheCursedMod:CircleOfCorruption+1","TheCursedMod:NeowsMight","TheCursedMod:LuckyCharm+1","TheCursedMod:BlessingInDisguise+1","TheCursedMod:HellfireBreathing","TheCursedMod:CursedArmor","TheCursedMod:DemonSword","TheCursedMod:SoulReap+1","infinitespire:TheBestDefense","Menagerie:BloodySpellbook","TheCursedMod:DemonSword","Parasite","TheCursedMod:LuckyCharm+1","Menagerie:CrumblingSanctuary","TheCursedMod:HellfireBreathing","Menagerie:SteelWall+1","TheCursedMod:AntiAging+1","TheCursedMod:SurpriseAttack","Elementarium:GildedStrike","infinitespire:UltimateForm+1","TheCursedMod:ForbiddenAlchemy","TheCursedMod:SpitefulPlan+1","infinitespire:Collect","TheCursedMod:AntiAging+1","Hallownest:skillKingdomsEdgeMap","TheCursedMod:SpitefulPray+1","TheCursedMod:Dregs","TheCursedMod:AntiAging+1","TheCursedMod:FleshFromBone","Apotheosis+1","Writhe","TheCursedMod:DarkBarrier","Injury","TheCursedMod:ManaCirculation+1","TheCursedMod:UltimatePain+1","TheCursedMod:BlessingInDisguise+1","TheCursedMod:Stretching+1","TheCursedMod:FleshFromBone+1","Pain","TheCursedMod:ManaCirculation+1"],"special_seed":0,"relics":["TheCursedMod:BlackMagic101","NeowsBlessing","Hallownest:DreamNailRelic","Nunchaku","infinitespire:Satchel","Bronze Scales","Membership Card","TheCursedMod:OminousMark","Blood Vial","Juzu Bracelet","Gremlin Horn","Pantograph","War Paint","Ginger","Letter Opener","Nilry\u0027s Codex","Cursed Key","Vajra","Potion Belt","theFactory:ChargeChargeCharge","Whetstone","TheCursedMod:FourLeafCloverCharm","Omamori","Omamori","Anchor","infinitespire:PuzzleCube","Tiny House","Ice Cream","Lantern","Boot","Smiling Mask","Elementarium:ElementariumTrophy","SlaversCollar","Mummified Hand","Hallownest:BeastSealRelic","Meat on the Bone","Hallownest:HeavyBlowRelic","Busted Crown","Oddly Smooth Stone","Du-Vu Doll","Bottled Tornado","Bag of Preparation","Oddly Smooth Stone","TheAbacus","Orichalcum","Medical Kit","Pen Nib","Coffee Dripper","Shovel","Strawberry","Bag of Marbles","Bottled Flame","Frozen Egg 2","Calipers","theJungle:Creamberry","Ornamental Fan","Toy Ornithopter","Mango","Sling","Thread and Needle","Astrolabe","infinitespire:Midas Blood","Ancient Tea Set","infinitespire:CursedDice","Lizard Tail","Sundial","infinitespire:Beetle Shell","PreservedInsect","infinitespire:Joker Card","infinitespire:FocusingShard","infinitespire:Lucky Rock","MealTicket"],"potions_floor_usage":[140,141,143,143,143,143,143,143,152,152,152,152,156,156,156,156,156,156,157,157,157,157],"damage_taken":[{"damage":0.0,"enemies":"Hallownest:2_MossCreeps","floor":1.0,"turns":1.0},{"damage":0.0,"enemies":"Hallownest:monsterHuskGuard","floor":3.0,"turns":1.0},{"damage":0.0,"enemies":"Hallownest:2_Baldur","floor":4.0,"turns":2.0},{"damage":0.0,"enemies":"Hallownest:eliteCrystalGuardian","floor":6.0,"turns":5.0},{"damage":1.0,"enemies":"Hallownest:MossCreep_and_Mosskin","floor":11.0,"turns":6.0},{"damage":1.0,"enemies":"Hallownest:1_Ooma_and_2_Uuma","floor":12.0,"turns":8.0},{"damage":11.0,"enemies":"Hallownest:Guard_and_Warrior","floor":13.0,"turns":7.0},{"damage":0.0,"enemies":"Hallownest:monsterMossCharger","floor":14.0,"turns":4.0},{"damage":19.0,"enemies":"Hallownest:BossFalseKnight","floor":16.0,"turns":8.0},{"damage":15.0,"enemies":"3 Byrds","floor":18.0,"turns":3.0},{"damage":11.0,"enemies":"HollowMod:Nosk","floor":23.0,"turns":7.0},{"damage":17.0,"enemies":"Colosseum Slavers","floor":28.0,"turns":4.0},{"damage":10.0,"enemies":"Colosseum Nobs","floor":28.0,"turns":6.0},{"damage":2.0,"enemies":"Chosen","floor":29.0,"turns":3.0},{"damage":0.0,"enemies":"Sentry and Sphere","floor":31.0,"turns":4.0},{"damage":0.0,"enemies":"Automaton","floor":33.0,"turns":9.0},{"damage":0.0,"enemies":"theFactory:BigBot","floor":35.0,"turns":4.0},{"damage":4.0,"enemies":"theFactory:4_Mini-Bots","floor":37.0,"turns":5.0},{"damage":7.0,"enemies":"Nightmare","floor":45.0,"turns":8.0},{"damage":13.0,"enemies":"theFactory:Big_Bot_Bundle","floor":48.0,"turns":5.0},{"damage":7.0,"enemies":"theFactory:Experiment01","floor":50.0,"turns":12.0},{"damage":1.0,"enemies":"Menagerie:MonstrousExperiment","floor":52.0,"turns":3.0},{"damage":0.0,"enemies":"Menagerie:StygianBoar","floor":54.0,"turns":3.0},{"damage":0.0,"enemies":"Menagerie:2_RABBITS","floor":55.0,"turns":2.0},{"damage":0.0,"enemies":"Menagerie:VoidReaper","floor":57.0,"turns":1.0},{"damage":0.0,"enemies":"Menagerie:KEEPER_AND_YOUNG_SUNEATER","floor":59.0,"turns":5.0},{"damage":0.0,"enemies":"Menagerie:EntropyWarlock","floor":63.0,"turns":3.0},{"damage":0.0,"enemies":"Menagerie:MeltingSalamander","floor":64.0,"turns":4.0},{"damage":31.0,"enemies":"Nightmare","floor":65.0,"turns":10.0},{"damage":0.0,"enemies":"Menagerie:Chimera","floor":67.0,"turns":8.0},{"damage":21.0,"enemies":"Elementarium:2_ELEMENTALS","floor":69.0,"turns":3.0},{"damage":13.0,"enemies":"Elementarium:Cyclone","floor":70.0,"turns":5.0},{"damage":14.0,"enemies":"Elementarium:STONE_GOLEMS","floor":73.0,"turns":4.0},{"damage":3.0,"enemies":"Elementarium:WarGolem","floor":74.0,"turns":5.0},{"damage":0.0,"enemies":"Elementarium:3_ELEMENTALS","floor":75.0,"turns":3.0},{"damage":3.0,"enemies":"Elementarium:VOID_CORRUPTION_AND_TAR_GOLEM","floor":78.0,"turns":7.0},{"damage":19.0,"enemies":"Elementarium:Hydrostalker","floor":80.0,"turns":5.0},{"damage":0.0,"enemies":"Elementarium:ElementalPortal","floor":82.0,"turns":5.0},{"damage":30.0,"enemies":"Elementarium:GoldenDragon","floor":84.0,"turns":8.0},{"damage":15.0,"enemies":"Hallownest:3_Siblings","floor":86.0,"turns":6.0},{"damage":78.0,"enemies":"Hallownest:2_Littles","floor":88.0,"turns":6.0},{"damage":2.0,"enemies":"Hallownest:2_Great","floor":89.0,"turns":8.0},{"damage":50.0,"enemies":"Hallownest:2_Soldiers_and_1_Guardian","floor":90.0,"turns":6.0},{"damage":3.0,"enemies":"Hallownest:eliteHiveKnight","floor":91.0,"turns":9.0},{"damage":0.0,"enemies":"Hallownest:monsterPrimalAspid","floor":98.0,"turns":1.0},{"damage":0.0,"enemies":"Hallownest:monsterPrimalAspid","floor":99.0,"turns":5.0},{"damage":0.0,"enemies":"Hallownest:monsterPrimalAspid","floor":99.0,"turns":1.0},{"damage":67.0,"enemies":"Hallownest:BossGreyPrinceZote","floor":101.0,"turns":9.0},{"damage":0.0,"enemies":"Jaw Worm","floor":103.0,"turns":4.0},{"damage":1.0,"enemies":"Small Slimes","floor":107.0,"turns":2.0},{"damage":0.0,"enemies":"3 Sentries","floor":108.0,"turns":8.0},{"damage":0.0,"enemies":"Cultist","floor":110.0,"turns":4.0},{"damage":0.0,"enemies":"Lagavulin","floor":112.0,"turns":5.0},{"damage":1.0,"enemies":"Exordium Thugs","floor":113.0,"turns":3.0},{"damage":0.0,"enemies":"2 Fungi Beasts","floor":116.0,"turns":2.0},{"damage":97.0,"enemies":"Hexaghost","floor":118.0,"turns":6.0},{"damage":0.0,"enemies":"theJungle:Flameango_and_Byrd","floor":120.0,"turns":3.0},{"damage":0.0,"enemies":"theJungle:Cassacara","floor":125.0,"turns":6.0},{"damage":0.0,"enemies":"theJungle:FunGuy","floor":135.0,"turns":1.0},{"damage":0.0,"enemies":"3 Darklings","floor":137.0,"turns":5.0},{"damage":9,"enemies":"Orb Walker","floor":140,"turns":3},{"damage":0,"enemies":"Jaw Worm Horde","floor":141,"turns":3},{"damage":0,"enemies":"Nemesis","floor":142,"turns":11},{"damage":0,"enemies":"Mind Bloom Boss Battle","floor":143,"turns":6},{"damage":0,"enemies":"Maw","floor":147,"turns":1},{"damage":0,"enemies":"Spire Growth","floor":150,"turns":1},{"damage":59,"enemies":"Awakened One","floor":152,"turns":8},{"damage":74,"enemies":"Shield and Spear","floor":156,"turns":7},{"damage":103,"enemies":"The Heart","floor":157,"turns":11}],"seed_played":"4043553318686754618","potions_obtained":[{"floor":3.0,"key":"SmokeBomb"},{"floor":11.0,"key":"Block Potion"},{"floor":16.0,"key":"CultistPotion"},{"floor":18.0,"key":"Ancient Potion"},{"floor":31.0,"key":"LiquidBronze"},{"floor":33.0,"key":"GamblersBrew"},{"floor":37.0,"key":"Fire Potion"},{"floor":45.0,"key":"AttackPotion"},{"floor":48.0,"key":"FearPotion"},{"floor":50.0,"key":"GamblersBrew"},{"floor":55.0,"key":"EssenceOfSteel"},{"floor":64.0,"key":"BlessingOfTheForge"},{"floor":65.0,"key":"Block Potion"},{"floor":67.0,"key":"SteroidPotion"},{"floor":68.0,"key":"DistilledChaos"},{"floor":69.0,"key":"FairyPotion"},{"floor":74.0,"key":"AttackPotion"},{"floor":78.0,"key":"Fire Potion"},{"floor":81.0,"key":"TheCursedMod:DregsPotion"},{"floor":81.0,"key":"Energy Potion"},{"floor":81.0,"key":"Strength Potion"},{"floor":84.0,"key":"GamblersBrew"},{"floor":86.0,"key":"PowerPotion"},{"floor":88.0,"key":"SpeedPotion"},{"floor":91.0,"key":"ThievingMod:ThievingPotion"},{"floor":110.0,"key":"DistilledChaos"},{"floor":112.0,"key":"AttackPotion"},{"floor":116.0,"key":"Swift Potion"},{"floor":118.0,"key":"ColorlessPotion"},{"floor":137,"key":"Swift Potion"},{"floor":141,"key":"Fruit Juice"},{"floor":152,"key":"Energy Potion"},{"floor":157,"key":"Swift Potion"}],"is_trial":false,"path_per_floor":["M","?","M","M","?","E","?","R","T","$","M","M","M","M","R","B",null,"M","AVR","?","?","?","E","R","T","T","?","?","M","?","M","R","B",null,"M","?","M","?","?","?","R","?","T","?","NM","?","R","M","R","B",null,"M","?","M","M","AVR","E","R","M","T","?","?","M","M","NM","R","B",null,"M","M","?","AVR","M","E","M","?","T","M","R","M","?","E","R","B",null,"M","?","M","M","M","E","R","?","T","?","AVR","?","M","?","R","B",null,"M","?","AVR","?","M","E","R","M","T","E","M","$","R","M","R","B",null,"M","?","?","?","T","E","R","?","T","AVR","?","T","R","$","R","B",null,"M","?","?","M","M","E","?","AVR","T","R","M","?","R","M","R","B",null,"R","$","E","B",null],"character_chosen":"THE_CURSED","items_purchased":["Membership Card","Mango","Sling","infinitespire:Lucky Rock"],"campfire_rested":3,"item_purchase_floors":[10,133,133,155],"current_hp_per_floor":[75,75,75,75,5,5,5,27,27,27,26,25,14,14,36,17,75,60,60,60,60,60,51,73,73,73,73,50,50,34,36,36,63,75,75,75,75,75,75,66,66,56,56,56,66,66,66,62,62,75,75,75,75,75,75,75,75,75,75,75,75,75,75,75,62,62,75,80,70,61,61,61,67,82,88,88,88,90,90,89,89,96,96,99,99,103,103,42,73,63,92,92,92,92,92,92,92,94,125,125,102,134,136,136,136,136,137,147,147,150,150,156,159,159,159,165,165,169,174,174,174,174,174,181,184,184,184,184,184,184,184,184,198,198,198,198,207,207,207,213,221,230,239,239,239,239,239,239,239,239,239,219,248,248,248,254,217],"gold":1320,"neow_bonus":"THREE_ENEMY_KILL","is_prod":false,"is_daily":false,"chose_seed":false,"campfire_upgraded":12,"win_rate":0.0,"timestamp":1607509569,"path_taken":["M","?","?","?","?","E","?","R","T","?","M","M","?","M","R","BOSS","M","AVR","?","?","?","E","R","?","T","?","?","M","?","M","R","BOSS","M","?","M","?","?","?","R","?","T","?","NM","?","R","M","R","BOSS","M","?","M","M","AVR","E","R","M","T","?","?","M","M","NM","R","BOSS","M","M","?","AVR","M","E","M","?","T","M","R","M","?","E","R","BOSS","M","?","M","M","M","E","R","?","T","?","AVR","?","M","?","R","BOSS","M","?","AVR","?","M","E","R","M","T","E","M","$","R","M","R","BOSS","M","?","?","?","?","E","R","?","T","AVR","?","?","R","$","R","BOSS","M","?","?","M","M","E","?","AVR","T","R","M","?","R","M","R","BOSS","R","$","E","BOSS"],"build_version":"2020-11-30","purchased_purges":4,"victory":true,"max_hp_per_floor":[75,75,75,75,75,75,75,75,75,75,75,75,75,75,75,75,75,75,75,75,75,75,75,75,75,75,75,75,75,75,75,75,75,75,75,75,75,75,75,75,75,75,75,75,75,75,75,75,75,75,75,75,75,75,75,75,75,75,75,75,75,75,75,75,75,75,75,80,80,82,82,82,84,86,88,88,88,90,90,93,93,96,96,99,99,104,104,109,114,119,124,124,124,124,124,124,124,124,129,129,134,134,136,136,136,136,138,147,147,150,150,156,159,159,159,165,165,174,174,174,174,174,174,181,184,184,184,184,184,184,184,184,198,198,198,198,207,207,207,213,221,230,239,239,239,239,239,239,239,239,239,248,248,248,248,254,263],"card_choices":[{"not_picked":["TheCursedMod:CircleOfFocus","TheCursedMod:CircleOfAmplification"],"picked":"TheCursedMod:Obscuration","floor":1.0},{"not_picked":["TheCursedMod:CursedSpellbook","TheCursedMod:RapidMovement"],"picked":"TheCursedMod:CursedMace","floor":3.0},{"not_picked":["TheCursedMod:TacticalStrike","TheCursedMod:CursedArmor"],"picked":"TheCursedMod:CollectTribute","floor":4.0},{"not_picked":["TheCursedMod:CircleOfCorruption","TheCursedMod:Torture"],"picked":"TheCursedMod:FleshFromBone","floor":11.0},{"not_picked":["TheCursedMod:CursedMace","TheCursedMod:Wield"],"picked":"TheCursedMod:ReleasedStrength","floor":12.0},{"not_picked":["TheCursedMod:SpitefulPray","TheCursedMod:ReleasedStrength"],"picked":"TheCursedMod:FleshFromBone","floor":13.0},{"not_picked":["TheCursedMod:NeowsMight","TheCursedMod:SoulCrush"],"picked":"TheCursedMod:CircleOfCorruption","floor":14.0},{"not_picked":["TheCursedMod:DarkBarrier","TheCursedMod:CircleOfAbyss"],"picked":"TheCursedMod:NeowsMight","floor":16.0},{"not_picked":["TheCursedMod:SoulCrush","TheCursedMod:SpitefulStrike+1"],"picked":"TheCursedMod:LuckyCharm","floor":18.0},{"not_picked":["TheCursedMod:CursedAmulet","TheCursedMod:Obscuration","TheCursedMod:CircleOfCorruption+1"],"picked":"SKIP","floor":23.0},{"not_picked":["TheCursedMod:RavingStaff","TheCursedMod:CursedBoomerang"],"picked":"TheCursedMod:BlessingInDisguise+1","floor":28.0},{"not_picked":["TheCursedMod:SmokeScreen","TheCursedMod:Mangle+1"],"picked":"TheCursedMod:HellfireBreathing","floor":29.0},{"not_picked":["TheCursedMod:CircleOfWindfury+1","TheCursedMod:RapidMovement"],"picked":"TheCursedMod:CursedArmor","floor":31.0},{"not_picked":["TheCursedMod:Neurasthenia","TheCursedMod:CircleOfAbyss"],"picked":"TheCursedMod:DemonSword","floor":33.0},{"not_picked":["TheCursedMod:Stigma","TheCursedMod:CursedAmulet"],"picked":"TheCursedMod:SoulReap","floor":35.0},{"not_picked":["Core Surge","Beam Cell"],"picked":"Gatherer:MiningStrike","floor":36.0},{"not_picked":["TheCursedMod:CircleOfCorruption","TheCursedMod:CursedAmulet","TheCursedMod:CircleOfFlame"],"picked":"SKIP","floor":37.0},{"not_picked":["infinitespire:Punishment","infinitespire:SevenWalls"],"picked":"infinitespire:TheBestDefense","floor":38.0},{"not_picked":["TheCursedMod:Stretching","TheCursedMod:SpitefulPlan"],"picked":"TheCursedMod:DemonSword","floor":45.0},{"not_picked":["TheCursedMod:CircleOfCorruption+1","TheCursedMod:Stigma","TheCursedMod:CursedSpellbook+1"],"picked":"SKIP","floor":48.0},{"not_picked":["TheCursedMod:CursedRelics","TheCursedMod:DarkBarrier"],"picked":"TheCursedMod:StunningStrike","floor":50.0},{"not_picked":["TheCursedMod:CircleOfFocus","TheCursedMod:Hemoplague"],"picked":"TheCursedMod:LuckyCharm","floor":52.0},{"not_picked":["TheCursedMod:Stretching","TheCursedMod:Stigma","TheCursedMod:Wield"],"picked":"SKIP","floor":54.0},{"not_picked":["TheCursedMod:CursedShiv","TheCursedMod:CircleOfCorruption","TheCursedMod:VitalStrike"],"picked":"SKIP","floor":55.0},{"not_picked":["TheCursedMod:VitalStrike","TheCursedMod:FuryStrike","TheCursedMod:CircleOfFocus"],"picked":"SKIP","floor":57.0},{"not_picked":["TheCursedMod:Obscuration","TheCursedMod:CursedAmulet"],"picked":"TheCursedMod:HellfireBreathing","floor":59.0},{"not_picked":["Menagerie:MirarisWake","Menagerie:Foresee"],"picked":"Menagerie:SteelWall","floor":62.0},{"not_picked":["TheCursedMod:Torture","TheCursedMod:CircleOfAbyss","TheCursedMod:CursedMace"],"picked":"SKIP","floor":63.0},{"not_picked":["TheCursedMod:CursedBlade","TheCursedMod:DoubleShield","TheCursedMod:Torture"],"picked":"SKIP","floor":64.0},{"not_picked":["TheCursedMod:RavingStaff","TheCursedMod:CircleOfFlame","TheCursedMod:ReleasedKnowledge"],"picked":"SKIP","floor":65.0},{"not_picked":["TheCursedMod:UltimatePain","TheCursedMod:ManaCirculation"],"picked":"TheCursedMod:AntiAging","floor":67.0},{"not_picked":["TheCursedMod:Wield","TheCursedMod:TacticalStrike"],"picked":"TheCursedMod:SurpriseAttack","floor":68.0},{"not_picked":["TheCursedMod:Obscuration","TheCursedMod:Evocation","TheCursedMod:Wield"],"picked":"SKIP","floor":69.0},{"not_picked":["TheCursedMod:Torture","TheCursedMod:CursedBoomerang+1","TheCursedMod:ShockAndAwe"],"picked":"SKIP","floor":70.0},{"not_picked":["TheCursedMod:WearCloak","TheCursedMod:LuckyCharm"],"picked":"TheCursedMod:CircleOfBlood","floor":73.0},{"not_picked":["TheCursedMod:SmokeScreen+1","TheCursedMod:CircleOfFlame"],"picked":"TheCursedMod:ForbiddenAlchemy","floor":74.0},{"not_picked":["TheCursedMod:Obscuration","TheCursedMod:ReleasedStrength+1"],"picked":"TheCursedMod:SpitefulPlan+1","floor":75.0},{"not_picked":["TheCursedMod:CircleOfAmplification","TheCursedMod:RapidMovement","TheCursedMod:Obscuration"],"picked":"SKIP","floor":78.0},{"not_picked":["TheCursedMod:AbyssShockwave","TheCursedMod:CursedBlade","TheCursedMod:CircleOfCorruption"],"picked":"SKIP","floor":80.0},{"not_picked":["TheCursedMod:Obscuration","TheCursedMod:SpitefulStrike","TheCursedMod:DoubleShield+1"],"picked":"SKIP","floor":82.0},{"not_picked":["infinitespire:SealOfDarkness+","infinitespire:Fortify"],"picked":"infinitespire:Collect","floor":84.0},{"not_picked":["TheCursedMod:VoidForm","TheCursedMod:NeowsMight"],"picked":"TheCursedMod:AntiAging","floor":84.0},{"not_picked":["TheCursedMod:CursedBoomerang","TheCursedMod:CircleOfFlame","TheCursedMod:SurpriseAttack+1"],"picked":"SKIP","floor":86.0},{"not_picked":["TheCursedMod:SpitefulPlan","TheCursedMod:CircleOfWindfury+1"],"picked":"TheCursedMod:SpitefulPray+1","floor":88.0},{"not_picked":["TheCursedMod:FleshFromBone","TheCursedMod:VitalStrike+1","TheCursedMod:Stigma+1"],"picked":"SKIP","floor":89.0},{"not_picked":["TheCursedMod:Obscuration+1","TheCursedMod:RavingStaff+1"],"picked":"TheCursedMod:CircleOfBlood","floor":90.0},{"not_picked":["TheCursedMod:SpitefulStrike","TheCursedMod:Obscuration+1","TheCursedMod:ReleasedKnowledge"],"picked":"SKIP","floor":91.0},{"not_picked":["TheCursedMod:FuryStrike","TheCursedMod:RavingStaff+1","TheCursedMod:CursedSpellbook"],"picked":"SKIP","floor":98.0},{"not_picked":["TheCursedMod:StunningStrike","TheCursedMod:OutForBlood"],"picked":"TheCursedMod:AntiAging","floor":101.0},{"not_picked":[],"picked":"TheCursedMod:FleshFromBone","floor":103.0},{"not_picked":["TheCursedMod:Torture"],"picked":"SKIP","floor":107.0},{"not_picked":["TheCursedMod:CircleOfFlame"],"picked":"SKIP","floor":108.0},{"not_picked":["TheCursedMod:CursedShiv"],"picked":"SKIP","floor":110.0},{"not_picked":["TheCursedMod:CursedBlade"],"picked":"SKIP","floor":112.0},{"not_picked":["TheCursedMod:SmokeScreen"],"picked":"SKIP","floor":113.0},{"not_picked":["TheCursedMod:ReleasedKnowledge"],"picked":"SKIP","floor":116.0},{"not_picked":[],"picked":"TheCursedMod:DarkBarrier","floor":118.0},{"not_picked":["TheCursedMod:SmokeScreen+1"],"picked":"SKIP","floor":120.0},{"not_picked":["TheCursedMod:CursedAmulet"],"picked":"SKIP","floor":125.0},{"not_picked":[],"picked":"TheCursedMod:ManaCirculation+1","floor":135.0},{"not_picked":["TheCursedMod:Obscuration+1"],"picked":"SKIP","floor":137},{"not_picked":[],"picked":"TheCursedMod:FleshFromBone+1","floor":140},{"not_picked":["TheCursedMod:ReleasedKnowledge+1"],"picked":"SKIP","floor":141},{"not_picked":["TheCursedMod:Wield+1"],"picked":"SKIP","floor":142},{"not_picked":["TheCursedMod:VitalStrike+1"],"picked":"SKIP","floor":147},{"not_picked":["TheCursedMod:Stigma+1"],"picked":"SKIP","floor":150},{"not_picked":[],"picked":"TheCursedMod:ManaCirculation+1","floor":152},{"not_picked":["TheCursedMod:RavingStaff"],"picked":"SKIP","floor":156}],"player_experience":172619,"relics_obtained":[{"floor":9.0,"key":"Bronze Scales"},{"floor":23.0,"key":"Gremlin Horn"},{"floor":25.0,"key":"Pantograph"},{"floor":26.0,"key":"War Paint"},{"floor":28.0,"key":"Ginger"},{"floor":28.0,"key":"Letter Opener"},{"floor":30.0,"key":"Nilry\u0027s Codex"},{"floor":43.0,"key":"Potion Belt"},{"floor":45.0,"key":"Whetstone"},{"floor":57.0,"key":"Omamori"},{"floor":60.0,"key":"Anchor"},{"floor":65.0,"key":"infinitespire:PuzzleCube"},{"floor":74.0,"key":"Lantern"},{"floor":77.0,"key":"Boot"},{"floor":82.0,"key":"Smiling Mask"},{"floor":91.0,"key":"Dream Catcher"},{"floor":94.0,"key":"Mummified Hand"},{"floor":108.0,"key":"Du-Vu Doll"},{"floor":111.0,"key":"Bottled Tornado"},{"floor":112.0,"key":"Bag of Preparation"},{"floor":124.0,"key":"Strawberry"},{"floor":125.0,"key":"Bag of Marbles"},{"floor":126.0,"key":"Bottled Flame"},{"floor":128.0,"key":"Frozen Egg 2"},{"floor":131.0,"key":"Ornamental Fan"},{"floor":132.0,"key":"Toy Ornithopter"},{"floor":134.0,"key":"Thread and Needle"},{"floor":142,"key":"Ancient Tea Set"},{"floor":143,"key":"infinitespire:CursedDice"},{"floor":145,"key":"Sundial"},{"floor":146,"key":"infinitespire:Beetle Shell"},{"floor":149,"key":"PreservedInsect"},{"floor":151,"key":"infinitespire:Joker Card"},{"floor":154,"key":"infinitespire:FocusingShard"},{"floor":156,"key":"MealTicket"}],"event_choices":[{"damage_healed":0.0,"max_hp_gain":0.0,"max_hp_loss":8.0,"gold_gain":0.0,"event_name":"betterThird:BetterWriting","player_choice":"Simplicity","floor":20.0,"gold_loss":0.0,"damage_taken":0.0},{"damage_healed":0.0,"max_hp_gain":0.0,"max_hp_loss":0.0,"gold_gain":0.0,"event_name":"The Mausoleum","player_choice":"Opened","floor":21.0,"gold_loss":0.0,"damage_taken":0.0,"relics_obtained":["Juzu Bracelet"]},{"damage_healed":0.0,"max_hp_gain":0.0,"max_hp_loss":0.0,"gold_gain":99.0,"event_name":"betterThird:BetterNest","player_choice":"Steal","floor":22.0,"gold_loss":0.0,"damage_taken":0.0},{"damage_healed":0.0,"max_hp_gain":0.0,"max_hp_loss":0.0,"gold_gain":0.0,"event_name":"Beggar","player_choice":"Ignored","floor":27.0,"gold_loss":0.0,"damage_taken":0.0},{"damage_healed":0.0,"max_hp_gain":0.0,"max_hp_loss":0.0,"gold_gain":0.0,"event_name":"Colosseum","player_choice":"Fight","floor":28.0,"gold_loss":0.0,"damage_taken":0.0},{"damage_healed":0.0,"max_hp_gain":0.0,"max_hp_loss":0.0,"gold_gain":0.0,"event_name":"Colosseum","player_choice":"Fought Nobs","floor":28.0,"gold_loss":0.0,"damage_taken":0.0},{"damage_healed":0.0,"max_hp_gain":0.0,"max_hp_loss":0.0,"gold_gain":0.0,"event_name":"Cursed Tome","player_choice":"Obtained Book","floor":30.0,"gold_loss":0.0,"damage_taken":16.0},{"damage_healed":0.0,"max_hp_gain":0.0,"max_hp_loss":0.0,"gold_gain":0.0,"cards_transformed":["Hallownest:curseDreamersLament"],"event_name":"Transmorgrifier","player_choice":"Transformed","floor":46.0,"gold_loss":0.0,"damage_taken":0.0,"cards_obtained":["Parasite"]},{"damage_healed":0.0,"max_hp_gain":0.0,"max_hp_loss":0.0,"gold_gain":0.0,"cards_transformed":["TheCursedMod:Strike_TheCursed"],"event_name":"Menagerie:MagesHand","player_choice":"Grasp","floor":53.0,"gold_loss":0.0,"damage_taken":0.0,"cards_obtained":["Menagerie:CrumblingSanctuary"]},{"damage_healed":0.0,"max_hp_gain":0.0,"max_hp_loss":0.0,"gold_gain":0.0,"event_name":"Menagerie:MagicPeddler","player_choice":"Ignored","floor":61.0,"gold_loss":0.0,"damage_taken":0.0},{"damage_healed":0.0,"max_hp_gain":0.0,"max_hp_loss":0.0,"gold_gain":0.0,"event_name":"Menagerie:OvergrownLibrary","player_choice":"Peek","floor":62.0,"gold_loss":0.0,"damage_taken":0.0},{"cards_removed":["TheCursedMod:StunningStrike"],"damage_healed":0.0,"max_hp_gain":0.0,"max_hp_loss":0.0,"gold_gain":0.0,"event_name":"Elementarium:GoldenStatues","player_choice":"Tear free","floor":71.0,"gold_loss":0.0,"damage_taken":0.0,"cards_obtained":["Elementarium:GildedStrike"]},{"damage_healed":0.0,"max_hp_gain":0.0,"max_hp_loss":0.0,"gold_gain":0.0,"event_name":"Elementarium:FountainOfGold","player_choice":"Ignored","floor":76.0,"gold_loss":0.0,"damage_taken":0.0},{"damage_healed":0.0,"max_hp_gain":0.0,"max_hp_loss":0.0,"gold_gain":0.0,"event_name":"Elementarium:IncubationChamber","player_choice":"Tanks","floor":81.0,"gold_loss":0.0,"damage_taken":0.0},{"damage_healed":136.0,"max_hp_gain":0.0,"max_hp_loss":136.0,"gold_gain":0.0,"event_name":"betterThird:BetterShining","player_choice":"Protect","floor":104.0,"gold_loss":1.0,"damage_taken":0.0},{"damage_healed":0.0,"max_hp_gain":0.0,"max_hp_loss":0.0,"gold_gain":0.0,"event_name":"The Cleric","player_choice":"Leave","floor":106.0,"gold_loss":0.0,"damage_taken":0.0},{"damage_healed":0,"gold_gain":0,"player_choice":"Gave Potion","damage_taken":0,"relics_obtained":["infinitespire:Midas Blood"],"max_hp_gain":0,"max_hp_loss":0,"event_name":"WeMeetAgain","floor":138,"gold_loss":0},{"cards_removed":["Gatherer:MiningStrike"],"damage_healed":0,"gold_gain":0,"player_choice":"Removed Attack","damage_taken":0,"max_hp_gain":0,"max_hp_loss":0,"event_name":"Falling","floor":139,"gold_loss":0},{"damage_healed":0,"gold_gain":0,"player_choice":"Fight","damage_taken":0,"max_hp_gain":0,"max_hp_loss":0,"event_name":"MindBloom","floor":143,"gold_loss":0},{"damage_healed":0,"gold_gain":0,"player_choice":"Ignored","damage_taken":0,"max_hp_gain":0,"max_hp_loss":0,"event_name":"Elementarium:ChestOfTheGoldenMirage","floor":148,"gold_loss":0}],"is_beta":false,"boss_relics":[{"not_picked":["Astrolabe","energizedSpire:NeverEndingSparkler"],"picked":"TheCursedMod:OminousMark"},{"not_picked":["Velvet Choker","energizedSpire:OgreHead"],"picked":"Cursed Key"},{"not_picked":["Philosopher\u0027s Stone","energizedSpire:MagnifyingGlass"],"picked":"TheCursedMod:FourLeafCloverCharm"},{"not_picked":["infinitespire:Cupcake","Runic Dome"],"picked":"Tiny House"},{"not_picked":["Sozu","energizedSpire:StickyHand"],"picked":"SlaversCollar"},{"not_picked":["energizedSpire:DeadBattery","Snecko Eye"],"picked":"Busted Crown"},{"not_picked":["Snecko Eye","Pandora\u0027s Box"],"picked":"Coffee Dripper"},{"not_picked":["energizedSpire:DeadBattery","energizedSpire:OgreHead"],"picked":"Astrolabe"},{"not_picked":["Velvet Choker","Runic Pyramid","energizedSpire:SpiderWeb"]}],"items_purged_floors":[96,129,133,144],"is_endless":true,"potions_floor_spawned":[3,6,11,16,18,31,33,37,45,48,50,55,64,65,67,69,70,74,78,84,86,88,91,98,110,112,116,118,137,141,152,157],"ascension_level":0}}