{"host":"lqtll83nun4jn4k7","time":1607499075,"event":{"gold_per_floor":[117,133,133,157,170,170,188,223,223,223,223],"floor_reached":10,"playtime":559,"items_purged":[],"score":77,"play_id":"b1893d56-84b3-483a-8625-46821aa5977b","local_time":"20201209153115","is_ascension_mode":true,"campfire_choices":[{"data":"ClowCardTheFlower","floor":6.0,"key":"SMITH"}],"neow_cost":"NONE","seed_source_timestamp":0,"circlet_count":0,"master_deck":["ClowCardTheSword","ClowCardTheSword","ClowCardTheSword","ClowCardTheSword","ClowCardTheShield","ClowCardTheShield","ClowCardTheShield","ClowCardTheShield","SpellCardSeal","SpellCardRelease","Injury","ClowCardTheWood","ClowCardTheFlower+1","ClowCardTheWindy"],"special_seed":0,"relics":["KSMOD_SealedBook","KSMOD_SealedWand","NeowsBlessing","Golden Idol","Strawberry"],"potions_floor_usage":[10],"damage_taken":[{"damage":0.0,"enemies":"Jaw Worm","floor":1.0,"turns":1.0},{"damage":6.0,"enemies":"Small Slimes","floor":2.0,"turns":2.0},{"damage":0.0,"enemies":"Cultist","floor":4.0,"turns":1.0},{"damage":7.0,"enemies":"2 Fungi Beasts","floor":5.0,"turns":8.0},{"damage":15.0,"enemies":"Exordium Wildlife","floor":7.0,"turns":5.0},{"damage":41.0,"enemies":"Gremlin Nob","floor":8.0,"turns":6.0},{"damage":11,"enemies":"3 Sentries","floor":10,"turns":2}],"seed_played":"9162880870465097269","potions_obtained":[{"floor":2.0,"key":"SkillPotion"},{"floor":5.0,"key":"SteroidPotion"},{"floor":8,"key":"DistilledChaos"}],"is_trial":false,"path_per_floor":["M","M","?","M","M","R","M","E","T","E"],"character_chosen":"KINOMOTOSAKURA","items_purchased":[],"campfire_rested":0,"item_purchase_floors":[],"current_hp_per_floor":[70,64,64,64,57,57,42,8,8,0,0],"gold":223,"neow_bonus":"THREE_ENEMY_KILL","is_prod":false,"is_daily":false,"chose_seed":false,"campfire_upgraded":1,"win_rate":0,"timestamp":1607499075,"path_taken":["M","M","?","M","M","R","M","E","T","E"],"build_version":"2020-11-30","purchased_purges":0,"victory":false,"max_hp_per_floor":[70,70,70,70,70,70,70,77,77,77,77],"card_choices":[{"not_picked":["ClowCardTheSand","ClowCardTheSong","ClowCardTheMist"],"picked":"SKIP","floor":1.0},{"not_picked":["ClowCardTheLibra","ClowCardTheSilent","ClowCardTheArrow"],"picked":"SKIP","floor":2.0},{"not_picked":["ClowCardTheArrow","ClowCardTheLock"],"picked":"ClowCardTheWood","floor":4.0},{"not_picked":["ClowCardTheGlow","ClowCardTheWatery"],"picked":"ClowCardTheFlower","floor":5.0},{"not_picked":["ClowCardTheSilent","ClowCardTheChange","ClowCardTheLock"],"picked":"SKIP","floor":7.0},{"not_picked":["ClowCardTheJump","ClowCardTheFirey"],"picked":"ClowCardTheWindy","floor":8}],"player_experience":595156,"relics_obtained":[{"floor":8,"key":"Strawberry"}],"event_choices":[{"damage_healed":0.0,"max_hp_gain":0.0,"max_hp_loss":0.0,"gold_gain":0.0,"event_name":"Golden Idol","player_choice":"Take Wound","floor":3.0,"gold_loss":0.0,"damage_taken":0.0,"relics_obtained":["Golden Idol"],"cards_obtained":["Injury"]}],"is_beta":false,"boss_relics":[],"items_purged_floors":[],"is_endless":false,"potions_floor_spawned":[2,5,8],"killed_by":"3 Sentries","ascension_level":2}}