{"host":"3q9keoo8j4hzgybw","time":1607529544,"event":{"gold_per_floor":[112,112,112,124,142,177,177,177,177,207,61,94,107,107,107,203,203,223,223,240,256,270,270,290,290,290,321,341,369,369,369,369,369,369],"floor_reached":33,"playtime":1158,"items_purged":["Strike_R"],"score":345,"play_id":"fe22848b-8692-4e58-8a69-7a4c5943d423","local_time":"20201209165904","is_ascension_mode":true,"campfire_choices":[{"data":"Twin Strike","floor":7,"key":"SMITH"},{"data":"Anger","floor":15,"key":"SMITH"},{"data":"Anger","floor":23,"key":"SMITH"},{"data":"Metallicize","floor":25,"key":"SMITH"},{"data":"Inflame","floor":30,"key":"SMITH"},{"floor":32,"key":"REST"}],"neow_cost":"NONE","seed_source_timestamp":5601089966200,"circlet_count":0,"master_deck":["Strike_R","Strike_R","Strike_R","Defend_R","Defend_R","Defend_R","Defend_R","Bash","Twin Strike+1","Pommel Strike","Pommel Strike","Ghostly Armor","Anger+1","Anger+1","Inflame+1","Metallicize+1","Flex+1"],"relics":["Burning Blood","NeowsBlessing","Lantern","Bottled Flame","Pear","Shuriken","TungstenRod","Matryoshka","Busted Crown","Anchor","Toxic Egg 2","Orichalcum","Pantograph"],"potions_floor_usage":[6,29,29],"damage_taken":[{"damage":0,"enemies":"Cultist","floor":1,"turns":1},{"damage":0,"enemies":"Jaw Worm","floor":4,"turns":1},{"damage":0,"enemies":"Small Slimes","floor":5,"turns":1},{"damage":25,"enemies":"3 Sentries","floor":6,"turns":9},{"damage":25,"enemies":"Gremlin Nob","floor":10,"turns":4},{"damage":16,"enemies":"Lagavulin","floor":12,"turns":5},{"damage":1,"enemies":"Blue Slaver","floor":13,"turns":2},{"damage":7,"enemies":"Slime Boss","floor":16,"turns":9},{"damage":0,"enemies":"3 Byrds","floor":18,"turns":5},{"damage":5,"enemies":"Shell Parasite","floor":20,"turns":4},{"damage":0,"enemies":"Chosen and Byrds","floor":21,"turns":3},{"damage":18,"enemies":"Snake Plant","floor":22,"turns":3},{"damage":17,"enemies":"3 Cultists","floor":24,"turns":5},{"damage":42,"enemies":"Slavers","floor":27,"turns":7},{"damage":8,"enemies":"Centurion and Healer","floor":28,"turns":5},{"damage":5,"enemies":"Book of Stabbing","floor":29,"turns":3},{"damage":66,"enemies":"Collector","floor":33,"turns":7}],"seed_played":"6205394617139415137","potions_obtained":[{"floor":4,"key":"Block Potion"},{"floor":13,"key":"Ancient Potion"},{"floor":21,"key":"FearPotion"},{"floor":27,"key":"Strength Potion"}],"is_trial":false,"path_per_floor":["M","?","?","M","M","E","R","T","T","E","$","E","M","?","R","B",null,"M","?","M","M","M","R","M","R","T","E","M","E","R","?","R","B"],"character_chosen":"IRONCLAD","items_purchased":["Ghostly Armor"],"campfire_rested":1,"item_purchase_floors":[11],"current_hp_per_floor":[80,73,73,79,80,61,61,61,71,52,52,42,47,42,42,41,90,90,90,90,90,78,78,67,67,67,31,29,30,30,13,41,0,0],"gold":369,"neow_bonus":"THREE_ENEMY_KILL","is_prod":false,"is_daily":false,"chose_seed":false,"campfire_upgraded":5,"win_rate":0,"timestamp":1607529544,"path_taken":["M","?","?","M","?","E","R","?","T","E","$","E","M","?","R","BOSS","M","?","M","M","M","R","M","R","T","E","M","E","R","?","R","BOSS"],"build_version":"2020-11-30","purchased_purges":1,"victory":false,"max_hp_per_floor":[80,80,80,80,80,80,80,80,90,90,90,90,90,90,90,90,90,90,90,90,90,90,90,90,90,90,90,90,90,90,95,95,95,95],"card_choices":[{"not_picked":["Fire Breathing","Thunderclap"],"picked":"Twin Strike","floor":1},{"not_picked":["Dual Wield","Body Slam"],"picked":"Pommel Strike","floor":4},{"not_picked":["Feel No Pain","Heavy Blade"],"picked":"Pommel Strike","floor":5},{"not_picked":["Fiend Fire","Warcry","Perfected Strike"],"picked":"SKIP","floor":6},{"not_picked":["Armaments","True Grit","Dropkick"],"picked":"SKIP","floor":10},{"not_picked":["Warcry","Searing Blow"],"picked":"Anger","floor":12},{"not_picked":["Burning Pact","Seeing Red","Anger"],"picked":"SKIP","floor":13},{"not_picked":[],"picked":"Anger","floor":18},{"not_picked":["Dropkick"],"picked":"SKIP","floor":20},{"not_picked":[],"picked":"Inflame","floor":21},{"not_picked":["Rupture"],"picked":"SKIP","floor":22},{"not_picked":[],"picked":"Metallicize","floor":24},{"not_picked":["Body Slam"],"picked":"SKIP","floor":27},{"not_picked":["Burning Pact+1"],"picked":"SKIP","floor":28},{"not_picked":[],"picked":"Flex+1","floor":29}],"player_experience":46829,"relics_obtained":[{"floor":6,"key":"Lantern"},{"floor":8,"key":"Bottled Flame"},{"floor":9,"key":"Pear"},{"floor":10,"key":"Shuriken"},{"floor":12,"key":"TungstenRod"},{"floor":26,"key":"Anchor"},{"floor":26,"key":"Toxic Egg 2"},{"floor":27,"key":"Orichalcum"},{"floor":29,"key":"Pantograph"}],"event_choices":[{"cards_removed":["Strike_R"],"damage_healed":0,"gold_gain":0,"player_choice":"Card Removal","damage_taken":7,"max_hp_gain":0,"max_hp_loss":0,"event_name":"Golden Wing","floor":2,"gold_loss":0},{"damage_healed":0,"gold_gain":0,"player_choice":"0 cards matched","damage_taken":0,"max_hp_gain":0,"max_hp_loss":0,"event_name":"Match and Keep!","floor":3,"gold_loss":0,"cards_obtained":[]},{"damage_healed":0,"gold_gain":0,"player_choice":"Success","damage_taken":7,"relics_obtained":["Matryoshka"],"max_hp_gain":0,"max_hp_loss":0,"event_name":"Scrap Ooze","floor":14,"gold_loss":0},{"damage_healed":0,"gold_gain":0,"player_choice":"Ignored","damage_taken":0,"max_hp_gain":0,"max_hp_loss":0,"event_name":"Ghosts","floor":19,"gold_loss":0},{"damage_healed":0,"gold_gain":0,"player_choice":"Shed Blood","damage_taken":23,"max_hp_gain":5,"max_hp_loss":0,"event_name":"Forgotten Altar","floor":31,"gold_loss":0}],"is_beta":false,"boss_relics":[{"not_picked":["Coffee Dripper","Runic Pyramid"],"picked":"Busted Crown"}],"items_purged_floors":[11],"is_endless":false,"potions_floor_spawned":[4,13,21,27],"killed_by":"Collector","ascension_level":1}}