{"host":"ktoxvvst1mwxww91","time":1607498209,"event":{"gold_per_floor":[117,42,55,55,55,55,99,99,99,135,35,62,94,120,120,223,223,232,232,253,282,88,88,13,70,95,67,67],"floor_reached":27,"playtime":755,"items_purged":["hierophant:Strike_Hierophant","hierophant:Strike_Hierophant","hierophant:Strike_Hierophant"],"score":436,"play_id":"7b3bb2ad-3455-4f98-adfa-e1dc8e7d1a32","local_time":"20201209081649","is_ascension_mode":true,"campfire_choices":[{"data":"hierophant:Smite","floor":6.0,"key":"SMITH"},{"data":"hierophant:PristineSoul","floor":8.0,"key":"SMITH"},{"data":"hierophant:Charity","floor":15.0,"key":"SMITH"},{"floor":23.0,"key":"REST"}],"neow_cost":"NONE","seed_source_timestamp":491557201121900,"circlet_count":0,"master_deck":["AscendersBane","hierophant:Strike_Hierophant","hierophant:Punish","hierophant:Defend_Hierophant","hierophant:Defend_Hierophant","hierophant:Defend_Hierophant","hierophant:Defend_Hierophant","hierophant:ChurchCoffers","hierophant:OrnateBuckler","hierophant:Smite+1","hierophant:PristineSoul+1","hierophant:Doubloon","hierophant:CursedGold","hierophant:PassingBell","hierophant:Doubloon","hierophant:Charity+1","hierophant:Kindle","hierophant:OrnateBuckler","hierophant:Endure","hierophant:CursedGold","hierophant:Doubloon","hierophant:Doubloon","hierophant:Dazzle+1","hexamod:Haunted"],"special_seed":0,"relics":["hierophant:PropheticMaskRelic","NeowsBlessing","Golden Idol","Tiny Chest","Unceasing Top","Matryoshka","Lantern","Cursed Key","Centennial Puzzle","Happy Flower","MealTicket"],"potions_floor_usage":[27],"damage_taken":[{"damage":0.0,"enemies":"Cultist","floor":1.0,"turns":1.0},{"damage":0.0,"enemies":"Jaw Worm","floor":3.0,"turns":1.0},{"damage":0.0,"enemies":"Gremlin Nob","floor":7.0,"turns":1.0},{"damage":11.0,"enemies":"3 Sentries","floor":10.0,"turns":6.0},{"damage":17.0,"enemies":"Gremlin Nob","floor":12.0,"turns":4.0},{"damage":0.0,"enemies":"2 Louse","floor":13.0,"turns":2.0},{"damage":5.0,"enemies":"Blue Slaver","floor":14.0,"turns":3.0},{"damage":22.0,"enemies":"Hexaghost","floor":16.0,"turns":9.0},{"damage":0.0,"enemies":"Spheric Guardian","floor":18.0,"turns":3.0},{"damage":12.0,"enemies":"Shell Parasite","floor":20.0,"turns":6.0},{"damage":9.0,"enemies":"Snake Plant","floor":21.0,"turns":3.0},{"damage":48.0,"enemies":"Book of Stabbing","floor":25.0,"turns":8.0},{"damage":16,"enemies":"Chosen and Byrds","floor":27,"turns":7}],"seed_played":"-1697958644507042123","potions_obtained":[{"floor":1.0,"key":"ColorlessPotion"},{"floor":10.0,"key":"Slimebound:ThreeZeroPotion"},{"floor":14.0,"key":"Strength Potion"},{"floor":20.0,"key":"BlessingOfTheForge"},{"floor":25.0,"key":"BlessingOfTheForge"}],"is_trial":false,"path_per_floor":["M","$","M","?","?","R","E","R","T","E","$","E","M","M","R","B",null,"M","?","M","M","$","R","$","E","T","M"],"character_chosen":"HIEROPHANT","items_purchased":["hierophant:Endure","hierophant:CursedGold"],"campfire_rested":1,"item_purchase_floors":[22,24],"current_hp_per_floor":[68,68,68,68,73,73,73,73,73,62,62,45,45,40,40,18,60,60,60,48,39,39,61,61,13,13,0,0],"gold":67,"neow_bonus":"THREE_ENEMY_KILL","is_prod":false,"is_daily":false,"chose_seed":false,"campfire_upgraded":3,"win_rate":0,"timestamp":1607498209,"path_taken":["M","?","M","?","?","R","E","R","T","E","?","E","M","M","R","BOSS","M","?","M","M","$","R","?","E","T","M"],"build_version":"2020-11-30","purchased_purges":3,"victory":false,"max_hp_per_floor":[75,75,75,69,74,74,74,74,74,74,74,74,74,74,74,74,74,74,74,74,74,74,74,74,74,74,74,74],"card_choices":[{"not_picked":["hierophant:Bribe","hierophant:ArchangelShield"],"picked":"hierophant:OrnateBuckler","floor":1.0},{"not_picked":["hierophant:FieryStrike","hierophant:MorningPrayer"],"picked":"hierophant:Smite","floor":3.0},{"not_picked":["hierophant:Encroach","hierophant:Alms"],"picked":"hierophant:PristineSoul","floor":7.0},{"not_picked":["hierophant:AuricBeam","hierophant:RecallFunds","hierophant:SecretStash"],"picked":"SKIP","floor":10.0},{"not_picked":["hierophant:Racketeering","hierophant:SolarFlare"],"picked":"hierophant:CursedGold","floor":12.0},{"not_picked":["hierophant:Glossolalia","hierophant:FlamingChariot"],"picked":"hierophant:PassingBell","floor":13.0},{"not_picked":["hierophant:AuricBeam","hierophant:CursedGold"],"picked":"hierophant:Charity","floor":14.0},{"not_picked":["hierophant:Batter","hierophant:Invocation"],"picked":"hierophant:Kindle","floor":16.0},{"not_picked":["hierophant:Flagellation+1","hierophant:Chorus","hierophant:FieryStrike+1"],"picked":"SKIP","floor":18.0},{"not_picked":["hierophant:SealAway","hierophant:CoinFling+1"],"picked":"hierophant:OrnateBuckler","floor":20.0},{"not_picked":["hierophant:Doomsaying+1","hierophant:SealAway","hierophant:Exaltation"],"picked":"SKIP","floor":21.0},{"not_picked":["hierophant:Martyrdom","hierophant:Exaltation"],"picked":"hierophant:Dazzle+1","floor":25.0}],"player_experience":1001424,"relics_obtained":[{"floor":7.0,"key":"Tiny Chest"},{"floor":9.0,"key":"Unceasing Top"},{"floor":10.0,"key":"Matryoshka"},{"floor":12.0,"key":"Lantern"},{"floor":25.0,"key":"Centennial Puzzle"},{"floor":26.0,"key":"Happy Flower"},{"floor":26.0,"key":"MealTicket"}],"event_choices":[{"damage_healed":0.0,"max_hp_gain":0.0,"max_hp_loss":6.0,"gold_gain":0.0,"event_name":"Golden Idol","player_choice":"Lose Max HP","floor":4.0,"gold_loss":0.0,"damage_taken":0.0,"relics_obtained":["Golden Idol"]},{"damage_healed":0.0,"max_hp_gain":5.0,"max_hp_loss":0.0,"gold_gain":0.0,"event_name":"Big Fish","player_choice":"Donut","floor":5.0,"gold_loss":0.0,"damage_taken":0.0},{"damage_healed":0.0,"max_hp_gain":0.0,"max_hp_loss":0.0,"gold_gain":0.0,"event_name":"Match and Keep!","player_choice":"0 cards matched","floor":19.0,"gold_loss":0.0,"damage_taken":0.0,"cards_obtained":[]}],"is_beta":false,"boss_relics":[{"not_picked":["Ectoplasm","Calling Bell"],"picked":"Cursed Key"}],"items_purged_floors":[2,11,22],"is_endless":false,"potions_floor_spawned":[1,10,14,20,25],"killed_by":"Chosen and Byrds","ascension_level":10}}