{"host":"640uue19m79c7wbt","time":1607480105,"event":{"gold_per_floor":[111,111,128,48,48,48,83,97,97,97,97,127,147,176,176,280,280,290,205,205,217,177,190,204,204,204,223,4,33,33,51,51,149,149,163,39,0,12,12,44,44,58,58,58,86,47,94,94,94,94,94,94,7,36,36,36],"floor_reached":55,"playtime":2723,"items_purged":["Strike_G","Strike_G"],"score":875,"play_id":"f4434019-9c03-4430-8d74-b389df658d95","local_time":"20201208211505","is_ascension_mode":true,"campfire_choices":[{"data":"Bouncing Flask","floor":6.0,"key":"SMITH"},{"data":"Dash","floor":10.0,"key":"SMITH"},{"floor":15.0,"key":"REST"},{"floor":25.0,"key":"RECALL"},{"floor":32.0,"key":"REST"},{"floor":41.0,"key":"REST"},{"data":"Catalyst","floor":44.0,"key":"SMITH"},{"data":"Infinite Blades","floor":49.0,"key":"SMITH"},{"data":"A Thousand Cuts","floor":52.0,"key":"SMITH"}],"neow_cost":"NONE","seed_source_timestamp":0,"circlet_count":0,"master_deck":["Defend_G+1","Defend_G","Defend_G","Defend_G","Defend_G","Survivor","Neutralize","Noxious Fumes","After Image+1","Escape Plan","Bouncing Flask+1","Footwork","Dash+1","Venomology+1","Infinite Blades+1","Dagger Spray","A Thousand Cuts+1","Dagger Spray+1","Blur+1","Predator+1","PiercingWail","Blade Dance","Tactician+1","Panacea","Catalyst+1","Corpse Explosion","Dagger Throw","Blade Dance","Terror+1","Dagger Throw+1","Catalyst+1","Dagger Throw+1","Blur","Backstab+1","Discovery","Venomology"],"special_seed":0,"relics":["Ring of the Snake","NeowsBlessing","Darkstone Periapt","WingedGreaves","Ornamental Fan","Pen Nib","HoveringKite","Blood Vial","FaceOfCleric","Ancient Tea Set","Juzu Bracelet","SacredBark","Red Mask","Singing Bowl","Toy Ornithopter","Omamori","Bottled Tornado","FossilizedHelix","Letter Opener"],"potions_floor_usage":[55],"damage_taken":[{"damage":0.0,"enemies":"2 Louse","floor":1.0,"turns":1.0},{"damage":0.0,"enemies":"Small Slimes","floor":3.0,"turns":2.0},{"damage":0.0,"enemies":"Lagavulin","floor":7.0,"turns":1.0},{"damage":0.0,"enemies":"Cultist","floor":8.0,"turns":3.0},{"damage":16.0,"enemies":"Gremlin Nob","floor":12.0,"turns":4.0},{"damage":5.0,"enemies":"2 Fungi Beasts","floor":13.0,"turns":3.0},{"damage":9.0,"enemies":"Lagavulin","floor":14.0,"turns":6.0},{"damage":17.0,"enemies":"Slime Boss","floor":16.0,"turns":5.0},{"damage":2.0,"enemies":"Chosen","floor":18.0,"turns":5.0},{"damage":5.0,"enemies":"Spheric Guardian","floor":21.0,"turns":4.0},{"damage":0.0,"enemies":"Snecko","floor":23.0,"turns":6.0},{"damage":17.0,"enemies":"Cultist and Chosen","floor":24.0,"turns":6.0},{"damage":13.0,"enemies":"3 Cultists","floor":27.0,"turns":6.0},{"damage":20.0,"enemies":"Gremlin Leader","floor":29.0,"turns":7.0},{"damage":1.0,"enemies":"Snake Plant","floor":31.0,"turns":5.0},{"damage":20.0,"enemies":"Automaton","floor":33.0,"turns":12.0},{"damage":6.0,"enemies":"3 Darklings","floor":35.0,"turns":4.0},{"damage":16.0,"enemies":"Orb Walker","floor":38.0,"turns":6.0},{"damage":28.0,"enemies":"Reptomancer","floor":40.0,"turns":6.0},{"damage":6.0,"enemies":"Sphere and 2 Shapes","floor":42.0,"turns":4.0},{"damage":0.0,"enemies":"Nemesis","floor":45.0,"turns":5.0},{"damage":8.0,"enemies":"2 Orb Walkers","floor":47.0,"turns":2.0},{"damage":34.0,"enemies":"Donu and Deca","floor":50.0,"turns":6.0},{"damage":46.0,"enemies":"Shield and Spear","floor":54.0,"turns":4.0},{"damage":58,"enemies":"The Heart","floor":55,"turns":5}],"seed_played":"-256995871562500187","potions_obtained":[{"floor":1.0,"key":"SteroidPotion"},{"floor":13.0,"key":"PowerPotion"},{"floor":23.0,"key":"Strength Potion"},{"floor":24.0,"key":"SteroidPotion"},{"floor":29.0,"key":"BlessingOfTheForge"},{"floor":31.0,"key":"LiquidBronze"},{"floor":35.0,"key":"GamblersBrew"},{"floor":45.0,"key":"DistilledChaos"}],"is_trial":false,"path_per_floor":["M","?","M","$","?","R","E","M","T","R","?","E","M","E","R","B",null,"M","?","?","M","?","M","M","R","T","M","$","E","?","M","R","B",null,"M","$","?","M","?","E","R","M","T","R","E","$","?","?","R","B",null,"R","$","E","B"],"character_chosen":"THE_SILENT","items_purchased":["Bouncing Flask","Ancient Tea Set","Blade Dance","Blur","Discovery"],"campfire_rested":3,"item_purchase_floors":[4,28,36,46,53],"current_hp_per_floor":[70,70,70,70,56,56,56,56,56,56,49,33,28,19,40,23,70,68,68,68,66,66,69,55,55,55,45,45,43,31,33,55,38,77,72,72,72,59,59,34,58,60,60,60,68,68,73,73,73,47,84,84,84,49,0,0],"gold":36,"neow_bonus":"THREE_ENEMY_KILL","is_prod":false,"is_daily":false,"chose_seed":false,"campfire_upgraded":5,"win_rate":0,"timestamp":1607480105,"path_taken":["M","?","M","$","?","R","E","M","T","R","?","E","M","E","R","BOSS","M","?","?","?","?","M","M","R","T","M","$","E","?","M","R","BOSS","M","$","?","M","?","E","R","M","T","R","E","$","?","?","R","BOSS","R","$","E","BOSS"],"build_version":"2020-11-30","purchased_purges":2,"victory":false,"max_hp_per_floor":[70,70,70,70,70,70,70,70,70,70,70,70,70,70,70,70,70,70,70,70,71,71,72,73,73,73,74,74,75,75,76,76,77,77,78,78,78,79,79,80,80,81,81,81,82,82,83,83,83,84,84,84,84,85,85,85],"card_choices":[{"not_picked":["Sucker Punch","Dodge and Roll"],"picked":"Noxious Fumes","floor":1.0},{"not_picked":["Backflip","Blade Dance"],"picked":"Escape Plan","floor":3.0},{"not_picked":["Leg Sweep","Riddle With Holes"],"picked":"Footwork","floor":7.0},{"not_picked":["Reflex","Dagger Throw"],"picked":"Dash","floor":8.0},{"not_picked":["Calculated Gamble","Dodge and Roll"],"picked":"Venomology","floor":12.0},{"not_picked":["Dodge and Roll","Quick Slash"],"picked":"Infinite Blades","floor":13.0},{"not_picked":["Dodge and Roll","Eviscerate"],"picked":"Dagger Spray","floor":14.0},{"not_picked":["Phantasmal Killer","Grand Finale"],"picked":"A Thousand Cuts","floor":16.0},{"not_picked":["Accuracy","Predator"],"picked":"Dagger Spray+1","floor":18.0},{"not_picked":["Dagger Throw","Slice+1"],"picked":"Blur+1","floor":21.0},{"not_picked":["Deadly Poison","Outmaneuver"],"picked":"Predator+1","floor":23.0},{"not_picked":["Crippling Poison","Predator"],"picked":"PiercingWail","floor":24.0},{"not_picked":["Dagger Spray","Underhanded Strike"],"picked":"Blade Dance","floor":27.0},{"not_picked":["Acrobatics","Deadly Poison"],"picked":"Tactician+1","floor":29.0},{"not_picked":["Reflex","Bane"],"picked":"Catalyst","floor":31.0},{"not_picked":["Glass Knife","Storm of Steel"],"picked":"Corpse Explosion","floor":33.0},{"not_picked":["Expertise+1","Dagger Spray"],"picked":"Dagger Throw","floor":35.0},{"not_picked":["Deadly Poison","Quick Slash+1"],"picked":"Terror+1","floor":38.0},{"not_picked":["Dagger Spray","Acrobatics+1"],"picked":"Dagger Throw+1","floor":40.0},{"not_picked":["Bouncing Flask","PiercingWail+1"],"picked":"Catalyst+1","floor":42.0},{"not_picked":["Flying Knee+1","Caltrops"],"picked":"Dagger Throw+1","floor":45.0},{"not_picked":["Bane","Dagger Throw+1"],"picked":"Backstab+1","floor":47.0},{"not_picked":["Acrobatics+1","Reflex+1"],"picked":"Venomology","floor":54.0}],"player_experience":1203345,"relics_obtained":[{"floor":7.0,"key":"Darkstone Periapt"},{"floor":9.0,"key":"WingedGreaves"},{"floor":12.0,"key":"Ornamental Fan"},{"floor":14.0,"key":"Pen Nib"},{"floor":29.0,"key":"Juzu Bracelet"},{"floor":40.0,"key":"Toy Ornithopter"},{"floor":43.0,"key":"Omamori"},{"floor":45.0,"key":"Bottled Tornado"},{"floor":47.0,"key":"FossilizedHelix"},{"floor":54.0,"key":"Letter Opener"}],"event_choices":[{"damage_healed":0.0,"max_hp_gain":0.0,"max_hp_loss":0.0,"gold_gain":0.0,"cards_transformed":["Strike_G"],"event_name":"Living Wall","player_choice":"Change","floor":2.0,"gold_loss":0.0,"damage_taken":0.0,"cards_obtained":["After Image"]},{"damage_healed":0.0,"max_hp_gain":0.0,"max_hp_loss":0.0,"gold_gain":0.0,"event_name":"Shining Light","player_choice":"Entered Light","floor":5.0,"gold_loss":0.0,"damage_taken":14.0,"cards_upgraded":["After Image","Defend_G"]},{"cards_removed":["Strike_G"],"damage_healed":0.0,"max_hp_gain":0.0,"max_hp_loss":0.0,"gold_gain":0.0,"event_name":"Golden Wing","player_choice":"Card Removal","floor":11.0,"gold_loss":0.0,"damage_taken":7.0},{"damage_healed":0.0,"max_hp_gain":0.0,"max_hp_loss":0.0,"gold_gain":0.0,"event_name":"Addict","player_choice":"Obtained Relic","floor":19.0,"gold_loss":85.0,"damage_taken":0.0,"relics_obtained":["Blood Vial"]},{"damage_healed":0.0,"max_hp_gain":0.0,"max_hp_loss":0.0,"gold_gain":0.0,"event_name":"FaceTrader","player_choice":"Trade","floor":20.0,"gold_loss":0.0,"damage_taken":0.0,"relics_obtained":["FaceOfCleric"]},{"damage_healed":0.0,"max_hp_gain":0.0,"max_hp_loss":0.0,"gold_gain":0.0,"event_name":"Designer","player_choice":"Upgrade","floor":22.0,"gold_loss":40.0,"damage_taken":0.0,"cards_upgraded":["Venomology"]},{"damage_healed":0.0,"max_hp_gain":0.0,"max_hp_loss":0.0,"gold_gain":0.0,"event_name":"Knowing Skull","player_choice":"CARD ","floor":30.0,"potions_obtained":[],"gold_loss":0.0,"damage_taken":12.0,"cards_obtained":["Panacea"]},{"damage_healed":0.0,"max_hp_gain":0.0,"max_hp_loss":0.0,"gold_gain":0.0,"event_name":"Tomb of Lord Red Mask","player_choice":"Paid","floor":37.0,"gold_loss":39.0,"damage_taken":0.0,"relics_obtained":["Red Mask"]},{"damage_healed":0.0,"max_hp_gain":0.0,"max_hp_loss":0.0,"gold_gain":0.0,"event_name":"WeMeetAgain","player_choice":"Gave Potion","floor":39.0,"gold_loss":0.0,"damage_taken":0.0,"relics_obtained":["Singing Bowl"]},{"damage_healed":0.0,"max_hp_gain":0.0,"max_hp_loss":0.0,"gold_gain":0.0,"event_name":"Mysterious Sphere","player_choice":"Fight","floor":47.0,"gold_loss":0.0,"damage_taken":0.0},{"cards_removed":["Strike_G"],"damage_healed":0.0,"max_hp_gain":0.0,"max_hp_loss":0.0,"gold_gain":0.0,"event_name":"Purifier","player_choice":"Purged","floor":48.0,"gold_loss":0.0,"damage_taken":0.0}],"is_beta":false,"boss_relics":[{"not_picked":["Sozu","Cursed Key"],"picked":"HoveringKite"},{"not_picked":["WristBlade","Runic Dome"],"picked":"SacredBark"}],"items_purged_floors":[28,36],"is_endless":false,"potions_floor_spawned":[1,13,14,23,24,29,31,35,45],"killed_by":"The Heart","ascension_level":1}}