{"host":"d7qmn60fs48wu5y6","time":1607544246,"event":{"gold_per_floor":[110,110,134,35,51,94,94,269,269,21,61,61,82,103,103,229,229,212,95,120,120,43,43,58,91,91,91,91,91,106,125,125,255,255,274,41,41,41,2,2,2],"floor_reached":40,"playtime":1769,"items_purged":["Injury","Doubt"],"score":433,"play_id":"a5c5d9b5-7778-4b26-b934-e94f68dec6a5","local_time":"20201209120406","is_ascension_mode":true,"campfire_choices":[{"floor":7,"key":"REST"},{"floor":12,"key":"REST"},{"data":"Capacitor","floor":15,"key":"SMITH"},{"floor":23,"key":"REST"},{"floor":28,"key":"REST"},{"data":"Defragment","floor":29,"key":"SMITH"},{"floor":32,"key":"REST"}],"neow_cost":"TEN_PERCENT_HP_LOSS","seed_source_timestamp":443799496302100,"circlet_count":0,"master_deck":["Strike_B","Strike_B","Strike_B","Defend_B","Defend_B","Defend_B","Zap","Dualcast","Gash","Go for the Eyes","Conserve Battery","Coolheaded","Sweeping Beam","Conserve Battery","Capacitor+1","Buffer","Coolheaded","Static Discharge","Lockon","Coolheaded+1","Capacitor+1","Defragment+1","Gash","Lockon+1","Redo","Creative AI","Fusion+1","Heatsinks","Dramatic Entrance","Storm"],"relics":["Cracked Core","Golden Idol","Mercury Hourglass","Oddly Smooth Stone","Omamori","Calling Bell","Tiny Chest","Ornamental Fan","CaptainsWheel","Potion Belt","WingedGreaves","HornCleat","Inserter","MealTicket","Darkstone Periapt"],"potions_floor_usage":[6,6,13,40,40,40,40],"damage_taken":[{"damage":0,"enemies":"Small Slimes","floor":1,"turns":2},{"damage":8,"enemies":"Jaw Worm","floor":3,"turns":3},{"damage":0,"enemies":"Cultist","floor":5,"turns":3},{"damage":30,"enemies":"Gremlin Nob","floor":6,"turns":4},{"damage":17,"enemies":"3 Sentries","floor":11,"turns":4},{"damage":0,"enemies":"Blue Slaver","floor":13,"turns":3},{"damage":8,"enemies":"Exordium Wildlife","floor":14,"turns":3},{"damage":36,"enemies":"Slime Boss","floor":16,"turns":11},{"damage":17,"enemies":"2 Thieves","floor":18,"turns":5},{"damage":10,"enemies":"Chosen","floor":20,"turns":7},{"damage":7,"enemies":"Centurion and Healer","floor":24,"turns":8},{"damage":24,"enemies":"Book of Stabbing","floor":25,"turns":6},{"damage":9,"enemies":"Cultist and Chosen","floor":30,"turns":8},{"damage":12,"enemies":"Snecko","floor":31,"turns":7},{"damage":35,"enemies":"Automaton","floor":33,"turns":13},{"damage":5,"enemies":"3 Shapes","floor":35,"turns":6},{"damage":78,"enemies":"Reptomancer","floor":40,"turns":7}],"seed_played":"5001832933179366233","potions_obtained":[{"floor":1,"key":"FearPotion"},{"floor":3,"key":"Explosive Potion"},{"floor":13,"key":"Fruit Juice"},{"floor":18,"key":"EssenceOfSteel"},{"floor":20,"key":"Dexterity Potion"},{"floor":30,"key":"EssenceOfSteel"},{"floor":31,"key":"FocusPotion"}],"is_trial":false,"path_per_floor":["M","?","M","$","M","E","R","?","T","$","E","R","M","M","R","B",null,"M","$","M","?","$","R","M","E","T","?","R","R","M","M","R","B",null,"M","$","T","?","$","E"],"character_chosen":"DEFECT","items_purchased":["Conserve Battery","Oddly Smooth Stone","Static Discharge","Lockon","Defragment","Heatsinks","MealTicket","Storm"],"campfire_rested":5,"item_purchase_floors":[4,10,19,19,22,36,36,39],"current_hp_per_floor":[68,68,60,60,60,30,50,50,50,50,33,53,58,50,50,14,73,56,56,46,46,46,67,60,36,36,36,57,57,48,36,57,22,73,68,68,68,68,73,0,0],"gold":2,"neow_bonus":"REMOVE_TWO","is_prod":false,"is_daily":false,"chose_seed":false,"campfire_upgraded":2,"win_rate":0,"timestamp":1607544246,"path_taken":["M","?","M","$","M","E","R","?","T","$","E","R","M","M","R","BOSS","M","$","M","?","$","R","?","E","T","?","R","R","M","M","R","BOSS","M","$","?","?","$","E"],"build_version":"2020-11-30","purchased_purges":2,"victory":false,"max_hp_per_floor":[68,68,68,68,68,68,68,68,68,68,68,68,73,73,73,73,73,73,73,73,73,73,73,73,73,73,73,73,73,73,73,73,73,73,73,73,73,73,73,73,73],"card_choices":[{"not_picked":["Scrape","Steam Power"],"picked":"Gash","floor":1},{"not_picked":["Compile Driver","Sweeping Beam"],"picked":"Go for the Eyes","floor":3},{"not_picked":["Conserve Battery","Sweeping Beam"],"picked":"Coolheaded","floor":5},{"not_picked":["Rip and Tear","Leap"],"picked":"Sweeping Beam","floor":6},{"not_picked":["Leap","Hologram"],"picked":"Conserve Battery","floor":11},{"not_picked":["Compile Driver","Heatsinks","Seek"],"picked":"SKIP","floor":13},{"not_picked":["Sweeping Beam","Beam Cell"],"picked":"Capacitor","floor":14},{"not_picked":["Reboot","Core Surge"],"picked":"Buffer","floor":16},{"not_picked":["Beam Cell","Barrage"],"picked":"Coolheaded","floor":18},{"not_picked":["BootSequence","Melter"],"picked":"Coolheaded+1","floor":20},{"not_picked":["Rebound","Steam"],"picked":"Gash","floor":24},{"not_picked":["Seek","Chaos"],"picked":"Lockon+1","floor":25},{"not_picked":["Rebound","Chaos"],"picked":"Redo","floor":30},{"not_picked":["Beam Cell","Force Field","Coolheaded"],"picked":"SKIP","floor":31},{"not_picked":["Meteor Strike","Hyperbeam"],"picked":"Creative AI","floor":33},{"not_picked":["Turbo","Hologram+1"],"picked":"Fusion+1","floor":35},{"not_picked":["Magnetism","Sadistic Nature"],"picked":"Dramatic Entrance","floor":38}],"player_experience":812499,"relics_obtained":[{"floor":6,"key":"Mercury Hourglass"},{"floor":11,"key":"Omamori"},{"floor":17,"key":"Tiny Chest"},{"floor":17,"key":"Ornamental Fan"},{"floor":17,"key":"CaptainsWheel"},{"floor":25,"key":"Potion Belt"},{"floor":26,"key":"WingedGreaves"},{"floor":37,"key":"Darkstone Periapt"}],"event_choices":[{"damage_healed":0,"gold_gain":0,"player_choice":"Take Wound","damage_taken":0,"relics_obtained":["Golden Idol"],"max_hp_gain":0,"max_hp_loss":0,"event_name":"Golden Idol","floor":2,"gold_loss":0,"cards_obtained":["Injury"]},{"damage_healed":0,"gold_gain":175,"player_choice":"AGREE","damage_taken":0,"max_hp_gain":0,"max_hp_loss":0,"event_name":"Liars Game","floor":8,"gold_loss":0,"cards_obtained":["Doubt"]},{"damage_healed":0,"gold_gain":0,"player_choice":"Copied","damage_taken":0,"max_hp_gain":0,"max_hp_loss":0,"event_name":"Duplicator","floor":21,"gold_loss":0,"cards_obtained":["Capacitor"]},{"damage_healed":0,"gold_gain":0,"player_choice":"Opened","damage_taken":0,"relics_obtained":["HornCleat"],"max_hp_gain":0,"max_hp_loss":0,"event_name":"The Mausoleum","floor":27,"gold_loss":0,"cards_obtained":["Writhe"]},{"damage_healed":0,"gold_gain":0,"player_choice":"Memory 1","damage_taken":0,"max_hp_gain":0,"max_hp_loss":0,"event_name":"SensoryStone","floor":38,"gold_loss":0}],"is_beta":false,"boss_relics":[{"not_picked":["Snecko Eye","SacredBark"],"picked":"Calling Bell"},{"not_picked":["Velvet Choker","Black Star"],"picked":"Inserter"}],"items_purged_floors":[4,10],"is_endless":false,"potions_floor_spawned":[1,3,13,18,20,30,31],"killed_by":"Reptomancer","ascension_level":1}}