{"host":"v0kr0xkqfgnh389p","time":1607542706,"event":{"gold_per_floor":[15,33,33,33,52,52,78,95,95,95,195,195,211,228,228,329,329,348,363,363,376,395,422,422,437,464,464,499,499,525,525,525,623,623,642,742,742,217,217,217,247,262,308,308,318,335,21,21,21,21,21],"floor_reached":50,"playtime":3160,"items_purged":["Defend_P+1","Defend_P+1"],"score":688,"play_id":"faf58ef3-187f-4740-8261-363136bede22","local_time":"20201209143826","is_ascension_mode":true,"campfire_choices":[{"floor":6,"key":"RECALL"},{"floor":10,"key":"REST"},{"data":"TalkToTheHand","floor":12,"key":"SMITH"},{"data":"Omniscience","floor":24,"key":"SMITH"},{"data":"Eruption","floor":27,"key":"SMITH"},{"floor":29,"key":"REST"},{"data":"ReplayTheSpireMod:Chaos Vortex","floor":32,"key":"SMITH"},{"floor":40,"key":"REST"},{"data":"Alpha","floor":49,"key":"SMITH"}],"neow_cost":"NO_GOLD","seed_source_timestamp":15741146887200,"circlet_count":0,"master_deck":["Strike_P+1","Strike_P+1","Strike_P+1","Strike_P+1","Eruption+1","Vigilance","FearNoEvil","TalkToTheHand+1","infinitespire:Fortify+1","BattleHymn","MentalFortress","Prostrate","Omniscience+1","LikeWater+1","MentalFortress","FlurryOfBlows","Consecrate+1","PathToVictory+1","Perseverance","DevaForm","ReplayTheSpireMod:Chaos Vortex+1","ConjureBlade","ClearTheMind+1","infinitespire:Starlight","FlurryOfBlows","MentalFortress","EmptyFist+1","Mind Blast","WindmillStrike+1","Alpha+1","Alpha+1"],"relics":["PureWater","Bottled Flame","hubris:Metronome","Painkiller Herb","Replay:Wax Seal","hubris:TenFootPole","Lantern","ReplayTheSpireMod:Lightbulb","Prayer Wheel","Busted Crown","Lizard Tail","hubris:Icosahedron","Replay:Multitool","Bag of Marbles","Replay:Bottled Snecko","PreservedInsect"],"potions_floor_usage":[7,16,16,23,23,28,33,33,36,45],"damage_taken":[{"damage":8,"enemies":"Jaw Worm","floor":1,"turns":4},{"damage":0,"enemies":"Cultist","floor":2,"turns":2},{"damage":0,"enemies":"2 Louse","floor":5,"turns":2},{"damage":23,"enemies":"3 Sentries","floor":7,"turns":6},{"damage":5,"enemies":"Large Slime","floor":8,"turns":5},{"damage":0,"enemies":"Looter","floor":13,"turns":3},{"damage":6,"enemies":"Exordium Thugs","floor":14,"turns":5},{"damage":0,"enemies":"The Guardian","floor":16,"turns":7},{"damage":10,"enemies":"2 Thieves","floor":18,"turns":3},{"damage":0,"enemies":"Spheric Guardian","floor":19,"turns":3},{"damage":2,"enemies":"Cultist and Chosen","floor":21,"turns":8},{"damage":2,"enemies":"Snake Plant","floor":22,"turns":4},{"damage":0,"enemies":"Gremlin Leader","floor":23,"turns":7},{"damage":17,"enemies":"Shelled Parasite and Fungi","floor":25,"turns":5},{"damage":8,"enemies":"Slavers","floor":28,"turns":6},{"damage":10,"enemies":"Nightmare","floor":30,"turns":9},{"damage":0,"enemies":"Automaton","floor":33,"turns":7},{"damage":10,"enemies":"Orb Walker","floor":35,"turns":3},{"damage":21,"enemies":"infinitespire:Three Voidlings","floor":36,"turns":6},{"damage":18,"enemies":"Nightmare_Alpha","floor":36,"turns":11},{"damage":64,"enemies":"Reptomancer","floor":41,"turns":7},{"damage":0,"enemies":"3 Darklings","floor":42,"turns":3},{"damage":18,"enemies":"Spire Growth","floor":45,"turns":4},{"damage":0,"enemies":"Sphere and 2 Shapes","floor":46,"turns":1},{"damage":67,"enemies":"infinitespire:MassOfShapes","floor":50,"turns":4}],"seed_played":"-5121228357694817277","potions_obtained":[{"floor":5,"key":"Death Potion"},{"floor":7,"key":"Block Potion"},{"floor":8,"key":"Strength Potion"},{"floor":13,"key":"infinitespire:BlackPotion"},{"floor":16,"key":"Ancient Potion"},{"floor":22,"key":"Energy Potion"},{"floor":23,"key":"GamblersBrew"},{"floor":25,"key":"DuplicationPotion"},{"floor":33,"key":"Fire Potion"},{"floor":41,"key":"Block Potion"},{"floor":45,"key":"SpeedPotion"}],"is_trial":false,"path_per_floor":["M","M","?","T","M","R","E","M","T","R","?","R","M","M","R_BF","B",null,"?","?","?","?","?","E","T","?","T","T","E","T","NM","AVR","T","B",null,"?","?","?","T","?","T","E","?","T","?","?","?","T","?","T","B"],"character_chosen":"WATCHER","items_purchased":["Replay:Multitool","Bag of Marbles","Alpha","SmokeBomb"],"campfire_rested":3,"item_purchase_floors":[38,38,47,47],"current_hp_per_floor":[64,64,45,45,45,45,22,17,17,38,38,38,38,32,53,53,72,62,62,62,60,58,58,58,41,41,41,33,54,44,44,44,44,72,62,33,33,33,33,54,54,64,64,64,46,46,46,46,46,0,0],"gold":21,"neow_bonus":"REMOVE_TWO","is_prod":false,"is_daily":false,"chose_seed":false,"campfire_upgraded":5,"win_rate":0,"timestamp":1607542706,"path_taken":["M","M","?","?","M","R","E","?","T","R","?","R","M","?","R_BF","BOSS","?","?","?","?","?","E","T","?","T","T","E","T","NM","AVR","T","BOSS","?","?","?","T","?","T","E","?","T","?","?","?","T","?","T","BOSS"],"build_version":"2020-11-30","purchased_purges":2,"victory":false,"max_hp_per_floor":[72,72,72,72,72,72,72,72,72,72,72,72,72,72,72,72,72,72,72,72,72,72,72,72,72,72,72,72,72,72,72,72,72,72,72,72,72,72,72,72,72,72,72,72,72,72,72,72,72,72,72],"card_choices":[{"not_picked":["FlyingSleeves","SashWhip"],"picked":"FearNoEvil","floor":1},{"not_picked":["Perseverance","Crescendo"],"picked":"TalkToTheHand","floor":2},{"not_picked":["infinitespire:Collect","infinitespire:FutureSight"],"picked":"infinitespire:Fortify","floor":3},{"not_picked":["Collect","ForeignInfluence"],"picked":"BattleHymn","floor":5},{"not_picked":["EmptyMind","Consecrate"],"picked":"MentalFortress","floor":7},{"not_picked":["Perseverance","CutThroughFate"],"picked":"Prostrate","floor":8},{"not_picked":["CrushJoints","SashWhip","JustLucky"],"picked":"SKIP","floor":13},{"not_picked":["ClearTheMind","FlurryOfBlows","DeceiveReality"],"picked":"SKIP","floor":14},{"not_picked":["Blasphemy","Replay:AllIn"],"picked":"Omniscience","floor":16},{"not_picked":["Study","Halt"],"picked":"LikeWater+1","floor":18},{"not_picked":["SashWhip","FlurryOfBlows"],"picked":"MentalFortress","floor":19},{"not_picked":["Protect+1","Prostrate"],"picked":"FlurryOfBlows","floor":21},{"not_picked":["EmptyBody","Replay:AtTheReady","Sanctity"],"picked":"SKIP","floor":22},{"not_picked":["Judgement","ClearTheMind"],"picked":"Consecrate+1","floor":23},{"not_picked":["Replay:AtTheReady","Halt"],"picked":"PathToVictory+1","floor":25},{"not_picked":["Prostrate","Replay:BluntJabs"],"picked":"Perseverance","floor":28},{"not_picked":["EmptyMind+1","Halt+1"],"picked":"DevaForm","floor":30},{"not_picked":["DevaForm","Blasphemy"],"picked":"ConjureBlade","floor":33},{"not_picked":[],"picked":"ClearTheMind+1","floor":35},{"not_picked":["FlyingSleeves"],"picked":"SKIP","floor":35},{"not_picked":["infinitespire:Collect","infinitespire:Menacing"],"picked":"infinitespire:Starlight","floor":36},{"not_picked":[],"picked":"FlurryOfBlows","floor":36},{"not_picked":["Replay:AllIn"],"picked":"SKIP","floor":41},{"not_picked":[],"picked":"MentalFortress","floor":42},{"not_picked":[],"picked":"EmptyFist+1","floor":42},{"not_picked":[],"picked":"Mind Blast","floor":44},{"not_picked":["ClearTheMind"],"picked":"SKIP","floor":45},{"not_picked":["Evaluate"],"picked":"SKIP","floor":45},{"not_picked":["ClearTheMind"],"picked":"SKIP","floor":45},{"not_picked":["Evaluate"],"picked":"SKIP","floor":45},{"not_picked":["ClearTheMind"],"picked":"SKIP","floor":45},{"not_picked":["Evaluate"],"picked":"SKIP","floor":45},{"not_picked":[],"picked":"WindmillStrike+1","floor":46},{"not_picked":["ThirdEye"],"picked":"SKIP","floor":46}],"player_experience":676142,"relics_obtained":[{"floor":7,"key":"Bottled Flame"},{"floor":9,"key":"hubris:Metronome"},{"floor":23,"key":"Replay:Wax Seal"},{"floor":26,"key":"hubris:TenFootPole"},{"floor":28,"key":"Lantern"},{"floor":30,"key":"ReplayTheSpireMod:Lightbulb"},{"floor":36,"key":"Lizard Tail"},{"floor":41,"key":"Replay:Bottled Snecko"},{"floor":43,"key":"PreservedInsect"}],"event_choices":[{"damage_healed":0,"gold_gain":100,"player_choice":"Gold","damage_taken":0,"max_hp_gain":0,"max_hp_loss":0,"event_name":"Wheel of Change","floor":11,"gold_loss":0},{"damage_healed":0,"gold_gain":0,"player_choice":"Simplicity","damage_taken":0,"max_hp_gain":0,"max_hp_loss":0,"event_name":"Back to Basics","floor":20,"gold_loss":0,"cards_upgraded":["Strike_P","Strike_P","Strike_P","Strike_P","Defend_P","Defend_P"]},{"damage_healed":0,"gold_gain":0,"player_choice":"Memory 1","damage_taken":0,"max_hp_gain":0,"max_hp_loss":0,"event_name":"SensoryStone","floor":44,"gold_loss":0}],"is_beta":false,"boss_relics":[{"not_picked":["Astrolabe","hubris:GrandSneckoEye"],"picked":"Painkiller Herb"},{"not_picked":["SacredBark","Pandora\u0027s Box"],"picked":"Busted Crown"}],"items_purged_floors":[38,47],"is_endless":true,"potions_floor_spawned":[5,7,8,13,16,22,23,25,33,41,45],"killed_by":"infinitespire:MassOfShapes","ascension_level":1}}