{"host":"rylkjufw9dlhr07b","time":1607515794,"event":{"gold_per_floor":[118,118,134,134,151,151,186,186,186,186,203,223,236,85,85,183,183,199,199,219,269,269,304,304,331,331,349,349,362,380,398,398,493,493,511,524,424,443,459,501,510,544,568,599,633,692,692,27,36,36],"floor_reached":51,"playtime":2117,"items_purged":["Spreading Infection"],"score":1909,"play_id":"35d0ac0c-bd99-4178-a080-53f4168961e9","local_time":"20201209130954","is_ascension_mode":true,"campfire_choices":[{"floor":6,"key":"REST"},{"floor":8,"key":"REST"},{"data":"Searing Blow","floor":10,"key":"SMITH"},{"floor":15,"key":"DIG"},{"data":"Metallicize","floor":32,"key":"SMITH"},{"floor":49,"key":"REST"}],"neow_cost":"","seed_source_timestamp":643341600824200,"circlet_count":0,"master_deck":["AscendersBane","Bash","Iron Wave+1","Uppercut","Replay:Undeath\u0027s Touch","Life Link","Offering","Hemokinesis","Power Through","Battle Trance","Clothesline","Master of Strategy","Thunderclap+1","Inflame","Inflame","Shrug It Off","Disarm","Thunderclap+1","Sword Boomerang","hubris:CleavingFinish","Pummel","True Grit","Replay:Undeath\u0027s Touch","Infernal Blade","ReplayTheSpireMod:LeadingStrike","Feed","Metallicize+1","Iron Wave","Delirium","Cleave+1","Heavy Blade","Flame Barrier","Replay:Undeath\u0027s Touch","Metallicize+1","ReplayTheSpireMod:Muscle Training+1","Demon Form","Pommel Strike+1","hubris:Compulsion","Iron Wave+1","Pommel Strike","Brutality","Pain","Evolve","Amnesia","Ghostly Armor+1","Sword Boomerang+1","Armaments+1","ReplayTheSpireMod:Limb From Limb","Havoc+1"],"relics":["Burning Blood","Unceasing Top","Matryoshka","Pandora\u0027s Box","hubris:SphereOfDissonance","Sling","Pantograph","hubris:EmptyBottle","Turnip","Darkstone Periapt","Onion Ring","Oddly Smooth Stone","hubris:OldNail","hubris:Backtick","hubris:Potato","Ring of Greed","Smiling Mask","MealTicket","MutagenicStrength","Dream Catcher","Du-Vu Doll","hubris:DeckOfHolding","Bronze Scales","Replay:Bottled Eggs","Fusion Hammer","CeramicFish","WarpedTongs","Durian","Boot","FossilizedHelix","Counterbalance","hubris:Towel","hubris:CuriousFeather","Snack Pack"],"potions_floor_usage":[5,5,5,5,5,5,7,7,16,23,25,27,27,27,29,31,33,33,35,36,39,39,50,50,50,50],"damage_taken":[{"damage":0,"enemies":"Jaw Worm","floor":1,"turns":3},{"damage":0,"enemies":"Cultist","floor":3,"turns":2},{"damage":4,"enemies":"2 Louse","floor":5,"turns":3},{"damage":13,"enemies":"3 Sentries","floor":7,"turns":4},{"damage":0,"enemies":"Gremlin Gang","floor":11,"turns":2},{"damage":2,"enemies":"Blue Slaver","floor":12,"turns":2},{"damage":0,"enemies":"2 Fungi Beasts","floor":13,"turns":2},{"damage":19,"enemies":"The Guardian","floor":16,"turns":13},{"damage":6,"enemies":"Chosen","floor":18,"turns":3},{"damage":3,"enemies":"Spheric Guardian","floor":20,"turns":3},{"damage":17,"enemies":"Gremlin Leader","floor":23,"turns":3},{"damage":0,"enemies":"Slavers","floor":25,"turns":2},{"damage":0,"enemies":"Snake Plant","floor":27,"turns":1},{"damage":10,"enemies":"Shelled Parasite and Fungi","floor":29,"turns":2},{"damage":8,"enemies":"Cultist and Chosen","floor":30,"turns":3},{"damage":0,"enemies":"Centurion and Healer","floor":31,"turns":1},{"damage":23,"enemies":"Collector","floor":33,"turns":5},{"damage":6,"enemies":"Orb Walker","floor":35,"turns":2},{"damage":18,"enemies":"3 Darklings","floor":36,"turns":8},{"damage":0,"enemies":"Writhing Mass","floor":38,"turns":1},{"damage":0,"enemies":"Transient","floor":39,"turns":5},{"damage":0,"enemies":"Giant Head","floor":40,"turns":3},{"damage":0,"enemies":"Reptomancer","floor":42,"turns":1},{"damage":0,"enemies":"4 Shapes","floor":44,"turns":2},{"damage":0,"enemies":"R_Hoarder","floor":45,"turns":2},{"damage":0,"enemies":"Mind Bloom Boss Battle","floor":46,"turns":1},{"damage":20,"enemies":"Donu and Deca","floor":50,"turns":4}],"seed_played":"-4194408013545717019","potions_obtained":[{"floor":1,"key":"Reflective Coating"},{"floor":3,"key":"EntropicBrew"},{"floor":13,"key":"AttackPotion"},{"floor":25,"key":"Adrenaline Potion"},{"floor":27,"key":"Fruit Juice"},{"floor":30,"key":"Elixir"},{"floor":31,"key":"Weak Potion"},{"floor":36,"key":"SkillPotion"},{"floor":39,"key":"SkillPotion"},{"floor":40,"key":"Dexterity Potion"},{"floor":44,"key":"CultistPotion"}],"is_trial":false,"path_per_floor":["M","?","M","$","M","R","E","R","T","R","M","M","M","$","R","B",null,"M","?","M","?","?","E","?","E","T","M","T","M","M","M","R","B",null,"M","M","NS","M","M","E","?","E","T","M","E","?","?","$","R","B",null],"character_chosen":"IRONCLAD","items_purchased":["Iron Wave","Guide Book","hubris:SphereOfDissonance","Sling","Pantograph","Thunderclap","Inflame","Shrug It Off","hubris:EmptyBottle","Turnip","Infernal Blade","ReplayTheSpireMod:LeadingStrike","hubris:CuriousFeather","Snack Pack","ReplayTheSpireMod:Limb From Limb"],"campfire_rested":3,"item_purchase_floors":[0,0,0,0,0,0,0,0,4,4,14,14,48,48,48],"current_hp_per_floor":[30,30,36,6,8,32,25,49,49,49,55,59,65,65,65,67,77,77,77,80,86,86,75,75,81,81,96,96,92,96,102,102,85,98,98,95,95,101,107,111,117,125,125,131,135,135,135,135,135,121],"gold":36,"neow_bonus":"","is_prod":false,"is_daily":false,"chose_seed":false,"campfire_upgraded":2,"win_rate":0,"timestamp":1607515794,"path_taken":["M","?","?","?","M","R","E","R","T","R","M","M","M","$","R","BOSS","M","?","M","?","?","E","?","E","T","?","?","?","M","M","R","BOSS","M","M","NS","M","M","E","?","E","T","?","E","?","?","$","R","BOSS"],"build_version":"2020-11-30","purchased_purges":1,"victory":true,"max_hp_per_floor":[80,80,80,80,80,80,80,80,80,80,80,80,80,80,80,80,80,80,80,80,86,86,86,86,86,86,96,96,96,102,102,102,102,102,102,111,111,111,111,111,117,125,125,131,135,135,135,135,135,135],"card_choices":[{"not_picked":["Body Slam","Run Through"],"picked":"Disarm","floor":1},{"not_picked":["Rampage","hubris:ReadiedAction"],"picked":"Thunderclap","floor":3},{"not_picked":["Abandon","Clothesline"],"picked":"Sword Boomerang","floor":5},{"not_picked":["ReplayTheSpireMod:Strike From Hell","Disarm"],"picked":"hubris:CleavingFinish","floor":7},{"not_picked":["ReplayTheSpireMod:Strike From Hell","hubris:ReadiedAction"],"picked":"Pummel","floor":11},{"not_picked":["Wild Strike","Sword Boomerang"],"picked":"True Grit","floor":12},{"not_picked":["ReplayTheSpireMod:Strike From Hell","Bloodletting"],"picked":"Replay:Undeath\u0027s Touch","floor":13},{"not_picked":["Double Tap","Immolate"],"picked":"Feed","floor":16},{"not_picked":["Sword Boomerang+1","Iron Wave+1"],"picked":"Metallicize+1","floor":18},{"not_picked":["hubris:ReadiedAction+1","Flex"],"picked":"Iron Wave","floor":20},{"not_picked":["Immolate","Bludgeon"],"picked":"Cleave+1","floor":23},{"not_picked":["Life Link+1","Immolate"],"picked":"Heavy Blade","floor":25},{"not_picked":["Thunderclap","ReplayTheSpireMod:Strike From Hell+1"],"picked":"Flame Barrier","floor":27},{"not_picked":["Warcry","Sword Boomerang"],"picked":"Replay:Undeath\u0027s Touch","floor":29},{"not_picked":["Dropkick","Havoc+1"],"picked":"Metallicize","floor":30},{"not_picked":["Pommel Strike","Cleave"],"picked":"ReplayTheSpireMod:Muscle Training+1","floor":31},{"not_picked":["Eclipse","Feed"],"picked":"Demon Form","floor":33},{"not_picked":["ReplayReversal","Whirlwind+1"],"picked":"Pommel Strike+1","floor":35},{"not_picked":["Clothesline","hubris:ReadiedAction+1","Havoc+1"],"picked":"SKIP","floor":36},{"not_picked":["Clothesline","Massacre+1"],"picked":"Iron Wave+1","floor":38},{"not_picked":["hubris:ReadiedAction+1","Rupture"],"picked":"Pommel Strike","floor":39},{"not_picked":["Defy Death+1","Abandon"],"picked":"Brutality","floor":40},{"not_picked":["ReplayReversal+1","Headbutt"],"picked":"Evolve","floor":42},{"not_picked":["hubris:ReadiedAction","ReplayReversal+1"],"picked":"Ghostly Armor+1","floor":44},{"not_picked":["Battle Trance","True Grit"],"picked":"Sword Boomerang+1","floor":45},{"not_picked":["Defy Death+1","Inflame"],"picked":"Armaments+1","floor":46},{"not_picked":["Clash+1","Body Slam"],"picked":"Havoc+1","floor":49}],"player_experience":456105,"relics_obtained":[{"floor":7,"key":"Darkstone Periapt"},{"floor":9,"key":"Onion Ring"},{"floor":9,"key":"Oddly Smooth Stone"},{"floor":15,"key":"hubris:OldNail"},{"floor":21,"key":"Ring of Greed"},{"floor":21,"key":"Smiling Mask"},{"floor":21,"key":"MealTicket"},{"floor":23,"key":"Dream Catcher"},{"floor":25,"key":"Du-Vu Doll"},{"floor":26,"key":"hubris:DeckOfHolding"},{"floor":26,"key":"Bronze Scales"},{"floor":28,"key":"Replay:Bottled Eggs"},{"floor":40,"key":"CeramicFish"},{"floor":42,"key":"Durian"},{"floor":43,"key":"Boot"},{"floor":45,"key":"FossilizedHelix"},{"floor":46,"key":"Counterbalance"}],"event_choices":[{"cards_removed":["Spreading Infection"],"damage_healed":0,"gold_gain":0,"player_choice":"Card Removal","damage_taken":0,"max_hp_gain":0,"max_hp_loss":0,"event_name":"Wheel of Change","floor":2,"gold_loss":0},{"damage_healed":0,"gold_gain":0,"player_choice":"Ignored","damage_taken":0,"max_hp_gain":0,"max_hp_loss":0,"event_name":"betterNote:BetterNote","floor":19,"gold_loss":0,"cards_obtained":["Multi-Cast"]},{"damage_healed":0,"gold_gain":0,"player_choice":"Inject Mutagens","damage_taken":0,"relics_obtained":["MutagenicStrength"],"max_hp_gain":0,"max_hp_loss":0,"event_name":"Drug Dealer","floor":22,"gold_loss":0},{"damage_healed":0,"gold_gain":0,"player_choice":"Ignored","damage_taken":0,"max_hp_gain":0,"max_hp_loss":0,"event_name":"Ghosts","floor":24,"gold_loss":0},{"damage_healed":0,"gold_gain":0,"player_choice":"Rummage","damage_taken":0,"relics_obtained":["WarpedTongs"],"max_hp_gain":0,"max_hp_loss":0,"event_name":"Accursed Blacksmith","floor":41,"gold_loss":0,"cards_obtained":["Pain"]},{"damage_healed":0,"gold_gain":0,"player_choice":"Fight","damage_taken":0,"max_hp_gain":0,"max_hp_loss":0,"event_name":"MindBloom","floor":46,"gold_loss":0}],"is_beta":false,"boss_relics":[{"not_picked":["ReplayTheSpireMod:DimensionalGlitch","Astrolabe"],"picked":"hubris:Backtick"},{"not_picked":["Calling Bell","Black Star"],"picked":"Fusion Hammer"}],"items_purged_floors":[48],"is_endless":false,"potions_floor_spawned":[1,3,13,25,27,30,31,36,39,40,42,44],"ascension_level":11}}