{"host":"ewt54wdpbrlflxxs","time":1607528477,"event":{"gold_per_floor":[110,120,195,5,5,37,37,47,47,78,106,139,166,214,214,332,432,475,475,503,503],"floor_reached":20,"playtime":1452,"items_purged":[],"score":204,"play_id":"b5f264e9-04c6-43dc-8b0e-03a8230ef85c","local_time":"20201209104117","is_ascension_mode":true,"campfire_choices":[{"data":"theVacant:VoidEmbrace","floor":7,"key":"SMITH"},{"floor":15,"key":"REST"}],"neow_cost":"NONE","seed_source_timestamp":6378966519800,"circlet_count":0,"master_deck":["theVacant:VacantStarterStrike","theVacant:VacantStarterStrike","theVacant:VacantStarterStrike","theVacant:VacantStarterStrike","theVacant:VacantStarterDefend+1","theVacant:VacantStarterDefend","theVacant:VacantStarterDefend+1","theVacant:VacantStarterDefend","theVacant:Release","theVacant:Crunch","theVacant:VoidEmbrace+1","theVacant:ShriekingBlast","theVacant:Barrage","theVacant:Acceptance","theVacant:EyePoke","theVacant:Exorcise","theVacant:BattleScars"],"special_seed":0,"relics":["theVacant:BrassGoblet","MerchantsRug","Vajra","potionbrewer:ToyAutogyro","Replay:Bandana","infinitespire:Lucky Rock","Replay:Wanted Poster"],"potions_floor_usage":[10,14],"damage_taken":[{"damage":2,"enemies":"2 Louse","floor":1,"turns":3},{"damage":0,"enemies":"Cultist","floor":2,"turns":4},{"damage":35,"enemies":"Gremlin Nob","floor":6,"turns":5},{"damage":0,"enemies":"conspire:RoseBush","floor":8,"turns":4},{"damage":11,"enemies":"3 Sentries","floor":10,"turns":5},{"damage":3,"enemies":"conspire:2 RoseBushes","floor":11,"turns":6},{"damage":2,"enemies":"Looter","floor":12,"turns":2},{"damage":3,"enemies":"3 Louse","floor":13,"turns":3},{"damage":11,"enemies":"Gremlin Nob","floor":14,"turns":3},{"damage":40,"enemies":"Hexaghost","floor":16,"turns":13},{"damage":0,"enemies":"Chosen","floor":18,"turns":4},{"damage":82,"enemies":"conspire:FuzzyDice","floor":20,"turns":7}],"seed_played":"-2732951399226943093","potions_obtained":[{"floor":1,"key":"Guardian:BlockOnCardUsePotion"},{"floor":8,"key":"SkillPotion"},{"floor":10,"key":"potionbrewer:ToxicPotion"},{"floor":14,"key":"FairyPotion"}],"is_trial":false,"path_per_floor":["M","M","?","$","$","E","R","M","T","E","M","M","M","E","R","B",null,"M","?","M"],"character_chosen":"THE_VACANT","items_purchased":["MerchantsRug","theVacant:VoidEmbrace"],"campfire_rested":1,"item_purchase_floors":[4,4],"current_hp_per_floor":[78,78,70,70,70,35,35,35,35,24,21,19,16,5,29,14,80,80,80,0,0],"gold":503,"neow_bonus":"RANDOM_COMMON_RELIC","is_prod":false,"is_daily":false,"chose_seed":false,"campfire_upgraded":1,"win_rate":0,"timestamp":1607528477,"path_taken":["M","M","?","?","$","E","R","?","T","E","?","M","M","E","R","BOSS","M","?","M"],"build_version":"2020-11-30","purchased_purges":0,"victory":false,"max_hp_per_floor":[80,80,80,80,80,80,80,80,80,80,80,80,80,80,80,80,80,80,80,80,80],"card_choices":[{"not_picked":["theVacant:SurpriseAttack","theVacant:GraveDigger","theVacant:Reconnect"],"picked":"SKIP","floor":1},{"not_picked":["theVacant:Soothe","theVacant:Jab","theVacant:LashOut"],"picked":"SKIP","floor":2},{"not_picked":["theVacant:LashOut","theVacant:BurdenBreak","theVacant:Thoughtseize"],"picked":"SKIP","floor":6},{"not_picked":["theVacant:Barrage","theVacant:Unearth"],"picked":"theVacant:ShriekingBlast","floor":8},{"not_picked":["theVacant:GraveWave","theVacant:VoidForm","theVacant:Fling"],"picked":"SKIP","floor":10},{"not_picked":["theVacant:EmbraceDarkness","theVacant:EyePoke"],"picked":"theVacant:Barrage","floor":11},{"not_picked":["theVacant:Sneeze","theVacant:Fortify"],"picked":"theVacant:Acceptance","floor":12},{"not_picked":["theVacant:GraveWave","theVacant:Cower"],"picked":"theVacant:EyePoke","floor":13},{"not_picked":["theVacant:Fling","theVacant:Snowball","theVacant:BrassMagnet"],"picked":"SKIP","floor":14},{"not_picked":["theVacant:DeathSpiral","theVacant:DimensionTear"],"picked":"theVacant:Exorcise","floor":16},{"not_picked":["theVacant:EyePoke","theVacant:Enrage+1"],"picked":"theVacant:BattleScars","floor":18}],"player_experience":230936,"relics_obtained":[{"floor":6,"key":"Vajra"},{"floor":9,"key":"potionbrewer:ToyAutogyro"},{"floor":10,"key":"Replay:Bandana"},{"floor":14,"key":"infinitespire:Lucky Rock"}],"event_choices":[{"damage_healed":0,"gold_gain":75,"player_choice":"Touch","damage_taken":8,"max_hp_gain":0,"max_hp_loss":0,"event_name":"FaceTrader","floor":3,"gold_loss":0}],"is_beta":false,"boss_relics":[{"not_picked":["aspiration:SilentSkillbook","hubris:BlackHole"],"picked":"Replay:Wanted Poster"}],"items_purged_floors":[],"is_endless":false,"potions_floor_spawned":[1,8,10,14],"killed_by":"conspire:FuzzyDice","ascension_level":1}}