{"host":"30471u5kjjzgyo8j","time":1607492393,"event":{"gold_per_floor":[119,119,119,40,60,95,120,120,120,140,162,61,136,136,136,237,237,250,269,49,0,0,27,43,43,121,121,121,220,298,151,151,249,249,263,118,118,118,142,142,142,142,187,207,207,207,207],"floor_reached":46,"playtime":1506,"items_purged":["Decay"],"score":611,"play_id":"fed210ad-f15a-4234-a33a-6aa92e2443cd","local_time":"20201209133953","daily_mods":["SealedDeck","Heirloom","Time Dilation","Flight"],"is_ascension_mode":false,"campfire_choices":[{"data":"Body Slam","floor":8.0,"key":"SMITH"},{"data":"Entrench","floor":15.0,"key":"SMITH"},{"floor":25,"key":"REST"},{"floor":32,"key":"REST"},{"data":"True Grit","floor":40,"key":"SMITH"}],"neow_cost":"","seed_source_timestamp":0,"circlet_count":0,"master_deck":["Anger","Twin Strike","Thunderclap","Cleave","Clash","Rage","Armaments+1","Body Slam+1","Entrench+1","True Grit+1","Bloodletting","Feel No Pain+1","Shrug It Off","Ghostly Armor","Impervious","Writhe"],"special_seed":0,"relics":["Black Blood","Turnip","StrikeDummy","Lantern","Sundial","Boot","Odd Mushroom","Philosopher\u0027s Stone","Lee\u0027s Waffle","Matryoshka","Shuriken","Frozen Egg 2","Happy Flower","Bottled Tornado","Juzu Bracelet","Pen Nib","Tiny Chest","Regal Pillow"],"potions_floor_usage":[33,44],"damage_taken":[{"damage":0.0,"enemies":"Cultist","floor":1.0,"turns":2.0},{"damage":6.0,"enemies":"Jaw Worm","floor":5.0,"turns":2.0},{"damage":8.0,"enemies":"Gremlin Nob","floor":6.0,"turns":4.0},{"damage":12.0,"enemies":"3 Sentries","floor":7.0,"turns":7.0},{"damage":3.0,"enemies":"Small Slimes","floor":10.0,"turns":2.0},{"damage":0.0,"enemies":"The Mushroom Lair","floor":11.0,"turns":3.0},{"damage":47.0,"enemies":"The Guardian","floor":16.0,"turns":7.0},{"damage":24,"enemies":"2 Thieves","floor":18,"turns":5},{"damage":31,"enemies":"Spheric Guardian","floor":19,"turns":6},{"damage":45,"enemies":"Slavers","floor":23,"turns":7},{"damage":24,"enemies":"Cultist and Chosen","floor":24,"turns":9},{"damage":62,"enemies":"Automaton","floor":33,"turns":10},{"damage":24,"enemies":"3 Darklings","floor":35,"turns":8},{"damage":48,"enemies":"Orb Walker","floor":44,"turns":6},{"damage":0,"enemies":"Maw","floor":46,"turns":1}],"seed_played":"6017420285651640000","potions_obtained":[{"floor":5.0,"key":"Energy Potion"},{"floor":6.0,"key":"PowerPotion"},{"floor":10.0,"key":"Dexterity Potion"},{"floor":18,"key":"AttackPotion"},{"floor":19,"key":"SmokeBomb"},{"floor":33,"key":"Explosive Potion"},{"floor":35,"key":"Fire Potion"}],"is_trial":true,"path_per_floor":["M","?","?","$","M","E","E","R","T","M","?","$","?","?","R","B",null,"M","M","$","?","?","E","M","R","T","?","?","?","T","$","R","B",null,"M","$","$","?","T","R","?","$","T","M","?","M"],"character_chosen":"IRONCLAD","items_purchased":["Feel No Pain","Fruit Juice","Lee\u0027s Waffle","Juzu Bracelet","Pen Nib"],"campfire_rested":2,"item_purchase_floors":[4,12,20,31,36],"current_hp_per_floor":[80,80,77,77,77,75,69,69,69,72,78,83,72,72,72,31,85,67,42,92,92,92,53,35,62,62,62,62,62,62,62,89,33,92,80,80,80,92,92,92,92,92,92,56,56,56,56],"gold":207,"neow_bonus":"","is_prod":false,"is_daily":false,"chose_seed":false,"campfire_upgraded":3,"win_rate":0,"timestamp":1607492393,"path_taken":["M","?","?","?","M","E","E","R","T","?","?","$","?","?","R","BOSS","M","?","$","?","?","E","?","R","T","?","?","?","?","?","R","BOSS","M","$","$","?","?","R","?","?","T","M","?","M"],"build_version":"2020-11-30","purchased_purges":1,"victory":false,"max_hp_per_floor":[80,80,80,80,80,80,80,80,80,80,80,85,85,85,85,85,85,85,85,92,92,92,92,92,92,92,92,92,92,92,92,92,92,92,92,92,92,92,92,92,92,92,92,92,92,92,92],"card_choices":[{"not_picked":["Carnage","Heavy Blade"],"picked":"True Grit","floor":1.0},{"not_picked":["Body Slam","Twin Strike","Armaments"],"picked":"SKIP","floor":5.0},{"not_picked":["Limit Break","Blood for Blood"],"picked":"Shrug It Off","floor":6.0},{"not_picked":["Hemokinesis","Pommel Strike","Thunderclap"],"picked":"SKIP","floor":7.0},{"not_picked":["Shrug It Off","True Grit","Metallicize"],"picked":"SKIP","floor":10.0},{"not_picked":["Wild Strike","Sword Boomerang"],"picked":"Ghostly Armor","floor":11.0},{"not_picked":["Double Tap","Berserk"],"picked":"Impervious","floor":16.0},{"not_picked":["Twin Strike","Bloodletting+1","Carnage+1"],"picked":"SKIP","floor":18},{"not_picked":["Whirlwind","Pommel Strike+1","Iron Wave"],"picked":"SKIP","floor":19},{"not_picked":["Armaments+1","Clothesline","Flex+1"],"picked":"SKIP","floor":23},{"not_picked":["Heavy Blade+1","Metallicize","Iron Wave+1"],"picked":"SKIP","floor":24},{"not_picked":["Rupture+1","Shockwave+1","Sword Boomerang+1"],"picked":"SKIP","floor":35},{"not_picked":["Shrug It Off+1","Metallicize+1","Twin Strike+1"],"picked":"SKIP","floor":44}],"player_experience":163269,"relics_obtained":[{"floor":6.0,"key":"Lantern"},{"floor":7.0,"key":"Sundial"},{"floor":9.0,"key":"Boot"},{"floor":11.0,"key":"Odd Mushroom"},{"floor":23,"key":"Matryoshka"},{"floor":26,"key":"Shuriken"},{"floor":26,"key":"Frozen Egg 2"},{"floor":30,"key":"Happy Flower"},{"floor":30,"key":"Bottled Tornado"},{"floor":39,"key":"Tiny Chest"},{"floor":43,"key":"Regal Pillow"}],"event_choices":[{"damage_healed":0.0,"max_hp_gain":0.0,"max_hp_loss":0.0,"gold_gain":0.0,"cards_transformed":["Anger"],"event_name":"Living Wall","player_choice":"Change","floor":2.0,"gold_loss":0.0,"damage_taken":0.0,"cards_obtained":["Bloodletting"]},{"damage_healed":0.0,"max_hp_gain":0.0,"max_hp_loss":0.0,"gold_gain":0.0,"event_name":"Scrap Ooze","player_choice":"Success","floor":3.0,"gold_loss":0.0,"damage_taken":3.0,"relics_obtained":["StrikeDummy"]},{"damage_healed":0.0,"max_hp_gain":0.0,"max_hp_loss":0.0,"gold_gain":0.0,"event_name":"Mushrooms","player_choice":"Fought Mushrooms","floor":11.0,"gold_loss":0.0,"damage_taken":0.0},{"damage_healed":0.0,"max_hp_gain":0.0,"max_hp_loss":0.0,"gold_gain":75.0,"event_name":"World of Goop","player_choice":"Gather Gold","floor":13.0,"gold_loss":0.0,"damage_taken":11.0},{"damage_healed":0.0,"max_hp_gain":0.0,"max_hp_loss":0.0,"gold_gain":0.0,"event_name":"Wheel of Change","player_choice":"Cursed","floor":14.0,"gold_loss":0.0,"damage_taken":0.0,"cards_obtained":["Decay"]},{"damage_healed":0,"gold_gain":0,"player_choice":"Paid Fearfully","damage_taken":0,"max_hp_gain":0,"max_hp_loss":0,"event_name":"Masked Bandits","floor":21,"gold_loss":49},{"damage_healed":0,"gold_gain":0,"player_choice":"Upgraded","damage_taken":0,"max_hp_gain":0,"max_hp_loss":0,"event_name":"Upgrade Shrine","floor":22,"gold_loss":0,"cards_upgraded":["Armaments"]},{"damage_healed":0,"gold_gain":0,"player_choice":"Ignored","damage_taken":0,"max_hp_gain":0,"max_hp_loss":0,"event_name":"Beggar","floor":27,"gold_loss":0},{"damage_healed":0,"gold_gain":0,"player_choice":"Ignored","damage_taken":0,"max_hp_gain":0,"max_hp_loss":0,"event_name":"Ghosts","floor":28,"gold_loss":0},{"damage_healed":0,"gold_gain":99,"player_choice":"Stole From Cult","damage_taken":0,"max_hp_gain":0,"max_hp_loss":0,"event_name":"Nest","floor":29,"gold_loss":0},{"damage_healed":23,"gold_gain":0,"player_choice":"Writhe","damage_taken":0,"max_hp_gain":0,"max_hp_loss":0,"event_name":"Winding Halls","floor":38,"gold_loss":0,"cards_obtained":["Writhe"]},{"damage_healed":0,"gold_gain":0,"player_choice":"Forge","damage_taken":0,"max_hp_gain":0,"max_hp_loss":0,"event_name":"Accursed Blacksmith","floor":41,"gold_loss":0,"cards_upgraded":["Feel No Pain"]},{"damage_healed":0,"gold_gain":0,"player_choice":"Ignored","damage_taken":0,"max_hp_gain":0,"max_hp_loss":0,"event_name":"Tomb of Lord Red Mask","floor":45,"gold_loss":0}],"is_beta":false,"boss_relics":[{"not_picked":["Mark of Pain","Snecko Eye"],"picked":"Philosopher\u0027s Stone"},{"not_picked":["Empty Cage","Coffee Dripper"],"picked":"Black Blood"}],"items_purged_floors":[20],"is_endless":true,"potions_floor_spawned":[5,6,10,11,18,19,33,35],"killed_by":"Maw","ascension_level":0}}