{"host":"7krnriczr1b2ou5r","time":1607521308,"event":{"gold_per_floor":[114,131,56,56,56,56,86,236,260,292,321,321,5,23,23,95,95,114,39,51,64,77,105,105,105,129,157,157,157,182,200,200,276,276,295,195,207,207,217,252,281,281,355,355,374,401,446,461,461,461,461,461,461,10,40,40],"floor_reached":57,"playtime":1579,"items_purged":["Strike_G","Defend_G","Setup"],"score":3612,"play_id":"a6314a52-4ffa-4491-9d21-a0ee5510953f","local_time":"20201209224148","is_ascension_mode":true,"campfire_choices":[{"data":"Neutralize","floor":6.0,"key":"SMITH"},{"data":"Backflip","floor":12.0,"key":"SMITH"},{"data":"Reflex","floor":15.0,"key":"SMITH"},{"data":"Cloak And Dagger","floor":25.0,"key":"SMITH"},{"data":"Envenom","floor":28.0,"key":"SMITH"},{"data":"Blade Dance","floor":32.0,"key":"SMITH"},{"data":"1","floor":42,"key":"LIFT"},{"floor":44,"key":"RECALL"},{"data":"2","floor":49,"key":"LIFT"},{"data":"3","floor":53,"key":"LIFT"}],"neow_cost":"TEN_PERCENT_HP_LOSS","seed_source_timestamp":1589672654272100,"circlet_count":0,"master_deck":["AscendersBane","Strike_G","Strike_G","Defend_G","Defend_G","Survivor","Neutralize+1","Blade Dance+1","Dagger Throw","Backflip+1","Reflex+1","Glass Knife","Blade Dance+1","Acrobatics","Envenom+1","Cloak And Dagger+1","Backstab+1","Tactician+1","Calculated Gamble+1","Cloak And Dagger+1","Calculated Gamble+1"],"special_seed":0,"relics":["Ring of the Snake","Shuriken","Kunai","Black Star","Tingsha","Omamori","Lizard Tail","PreservedInsect","Tiny Chest","Ninja Scroll","Odd Mushroom","TheAbacus","WristBlade","Molten Egg 2","StrikeDummy","Vajra","Regal Pillow","Nunchaku","Snake Skull","Ancient Tea Set","Calling Bell","Happy Flower","Kunai","WingedGreaves","Girya","Bag of Marbles","Ice Cream","Mummified Hand","Bottled Tornado","Juzu Bracelet","Bird Faced Urn","Incense Burner","Shuriken","White Beast Statue","Strawberry"],"potions_floor_usage":[50],"damage_taken":[{"damage":0.0,"enemies":"Small Slimes","floor":1.0,"turns":3.0},{"damage":0.0,"enemies":"Jaw Worm","floor":2.0,"turns":2.0},{"damage":10.0,"enemies":"Lagavulin","floor":7.0,"turns":4.0},{"damage":3.0,"enemies":"3 Sentries","floor":10.0,"turns":3.0},{"damage":0.0,"enemies":"The Mushroom Lair","floor":11.0,"turns":2.0},{"damage":0.0,"enemies":"2 Louse","floor":14.0,"turns":2.0},{"damage":0.0,"enemies":"The Guardian","floor":16.0,"turns":10.0},{"damage":0.0,"enemies":"2 Thieves","floor":18.0,"turns":2.0},{"damage":0.0,"enemies":"Chosen","floor":20.0,"turns":2.0},{"damage":7.0,"enemies":"Snake Plant","floor":21.0,"turns":3.0},{"damage":0.0,"enemies":"Shelled Parasite and Fungi","floor":22.0,"turns":3.0},{"damage":0.0,"enemies":"Gremlin Leader","floor":23.0,"turns":2.0},{"damage":0.0,"enemies":"Slavers","floor":27.0,"turns":3.0},{"damage":0.0,"enemies":"Book of Stabbing","floor":30.0,"turns":2.0},{"damage":0.0,"enemies":"Centurion and Healer","floor":31.0,"turns":2.0},{"damage":0.0,"enemies":"Automaton","floor":33.0,"turns":5.0},{"damage":0.0,"enemies":"3 Shapes","floor":35.0,"turns":2.0},{"damage":0,"enemies":"Orb Walker","floor":37,"turns":1},{"damage":0,"enemies":"Jaw Worm Horde","floor":39,"turns":2},{"damage":0,"enemies":"Nemesis","floor":40,"turns":1},{"damage":0,"enemies":"Reptomancer","floor":41,"turns":1},{"damage":0,"enemies":"Spire Growth","floor":45,"turns":1},{"damage":0,"enemies":"Nemesis","floor":46,"turns":1},{"damage":0,"enemies":"2 Orb Walkers","floor":47,"turns":1},{"damage":0,"enemies":"Writhing Mass","floor":48,"turns":2},{"damage":0,"enemies":"Awakened One","floor":50,"turns":2},{"damage":0,"enemies":"Time Eater","floor":51,"turns":4},{"damage":0,"enemies":"Shield and Spear","floor":55,"turns":2},{"damage":54,"enemies":"The Heart","floor":56,"turns":5}],"seed_played":"5194424827899291205","potions_obtained":[{"floor":1.0,"key":"SteroidPotion"},{"floor":2.0,"key":"SkillPotion"},{"floor":14.0,"key":"LiquidMemories"},{"floor":35.0,"key":"Block Potion"},{"floor":41,"key":"CunningPotion"},{"floor":48,"key":"Energy Potion"}],"is_trial":false,"path_per_floor":["M","M","?","$","?","R","E","?","T","E","?","R","$","M","R","B",null,"M","?","M","M","M","E","?","R","T","E","R","T","E","M","R","B",null,"M","$","M","?","M","E","E","R","T","R","M","E","?","M","R","B","B",null,"R","$","E","B",null],"character_chosen":"THE_SILENT","items_purchased":["Reflex","TheAbacus","Shuriken","Energy Potion"],"campfire_rested":0,"item_purchase_floors":[13,13,54,54],"current_hp_per_floor":[59,59,59,59,52,52,42,42,42,39,39,39,39,39,39,39,55,55,55,55,48,48,48,48,48,48,48,48,48,48,48,48,48,57,57,57,57,57,57,57,57,57,57,57,57,57,59,60,60,60,60,60,60,60,67,13],"gold":40,"neow_bonus":"ONE_RARE_RELIC","is_prod":false,"is_daily":false,"chose_seed":false,"campfire_upgraded":6,"win_rate":0,"timestamp":1607521308,"path_taken":["M","M","?","$","?","R","E","?","T","E","?","R","$","M","R","BOSS","M","?","M","M","M","E","?","R","T","E","R","?","E","M","R","BOSS","M","$","M","?","M","E","E","R","T","R","M","E","?","M","R","BOSS","BOSS","R","$","E","BOSS"],"build_version":"2020-11-30","purchased_purges":3,"victory":true,"max_hp_per_floor":[60,60,60,60,60,60,60,60,60,60,60,60,60,60,60,60,60,60,60,60,60,60,60,60,60,60,60,60,60,60,60,60,60,60,60,60,60,60,60,60,60,60,60,60,60,60,60,60,60,60,60,60,60,60,67,67],"relic_stats":{"Regal Pillow":0,"Happy Flower":[8],"counters":[29,75],"Tingsha":[241],"PreservedInsect":413,"Snake Skull":[190],"Juzu Bracelet":1,"Lizard Tail":0,"Nunchaku":[26],"TheAbacus":[114],"Shuriken":[138],"Mummified Hand":[8],"Bird Faced Urn":[3],"Tiny Chest":1,"Black Star":9,"Kunai":[185],"obtain_stats":[{"Ice Cream":41,"Regal Pillow":27,"Vajra":26,"Snake Skull":30,"Juzu Bracelet":46,"Incense Burner":47,"Bottled Tornado":43,"Ancient Tea Set":30,"Lizard Tail":7,"Nunchaku":27,"TheAbacus":13,"WristBlade":17,"Ninja Scroll":10,"Mummified Hand":41,"Strawberry":55,"Tiny Chest":10,"WingedGreaves":34,"Kunai":0,"Ring of the Snake":0,"Girya":40,"Happy Flower":34,"Tingsha":0,"PreservedInsect":9,"Omamori":7,"Odd Mushroom":11,"White Beast Statue":55,"Calling Bell":34,"Shuriken":0,"Bird Faced Urn":46,"Molten Egg 2":23,"Black Star":0,"Bag of Marbles":40,"StrikeDummy":23},{"Ice Cream":21,"Regal Pillow":13,"Vajra":12,"Snake Skull":14,"Juzu Bracelet":23,"Incense Burner":24,"Bottled Tornado":21,"Ancient Tea Set":14,"Lizard Tail":3,"Nunchaku":13,"TheAbacus":5,"WristBlade":7,"Ninja Scroll":4,"Mummified Hand":21,"Strawberry":28,"Tiny Chest":4,"WingedGreaves":16,"Kunai":0,"Ring of the Snake":0,"Girya":20,"Happy Flower":16,"Tingsha":0,"PreservedInsect":3,"Omamori":3,"Odd Mushroom":5,"White Beast Statue":28,"Calling Bell":16,"Shuriken":0,"Bird Faced Urn":23,"Molten Egg 2":12,"Black Star":0,"Bag of Marbles":20,"StrikeDummy":12},{"Ice Cream":57,"Regal Pillow":41,"Vajra":38,"Snake Skull":43,"Juzu Bracelet":59,"Incense Burner":60,"Bottled Tornado":57,"Ancient Tea Set":43,"Lizard Tail":9,"Nunchaku":41,"TheAbacus":14,"WristBlade":26,"Ninja Scroll":12,"Mummified Hand":57,"Strawberry":70,"Tiny Chest":12,"WingedGreaves":50,"Kunai":0,"Ring of the Snake":0,"Girya":56,"Happy Flower":50,"Tingsha":0,"PreservedInsect":9,"Omamori":9,"Odd Mushroom":14,"White Beast Statue":70,"Calling Bell":50,"Shuriken":0,"Bird Faced Urn":59,"Molten Egg 2":38,"Black Star":0,"Bag of Marbles":56,"StrikeDummy":38}],"Ring of the Snake":[58]},"card_choices":[{"not_picked":["Expertise","Slice"],"picked":"Dagger Throw","floor":1.0},{"not_picked":["Dagger Throw","Quick Slash","PiercingWail"],"picked":"SKIP","floor":2.0},{"not_picked":["Leg Sweep","Heel Hook","Flechettes"],"picked":"SKIP","floor":7.0},{"not_picked":["Deadly Poison","Distraction","Footwork"],"picked":"SKIP","floor":10.0},{"not_picked":["Venomology","Underhanded Strike"],"picked":"Backflip","floor":11.0},{"not_picked":["Poisoned Stab","Outmaneuver","Bane"],"picked":"SKIP","floor":14.0},{"not_picked":["Unload","Burst"],"picked":"Glass Knife","floor":16.0},{"not_picked":["Setup","PiercingWail"],"picked":"Blade Dance","floor":18.0},{"not_picked":["Dagger Spray+1","Backflip"],"picked":"Acrobatics","floor":20.0},{"not_picked":["Distraction","Bane+1","All Out Attack"],"picked":"SKIP","floor":21.0},{"not_picked":["Choke+1","Backflip","Setup"],"picked":"SKIP","floor":22.0},{"not_picked":["Crippling Poison","Sucker Punch+1"],"picked":"Envenom","floor":23.0},{"not_picked":["Distraction+1","Masterful Stab+1","Sucker Punch+1"],"picked":"SKIP","floor":27.0},{"not_picked":["Distraction","Dagger Throw+1","Flying Knee+1"],"picked":"SKIP","floor":30.0},{"not_picked":["All Out Attack+1","Finisher+1"],"picked":"Backstab+1","floor":31.0},{"not_picked":["Cloak And Dagger","Quick Slash+1","Flying Knee+1"],"picked":"SKIP","floor":35.0},{"not_picked":["Sucker Punch+1","Deadly Poison"],"picked":"Cloak And Dagger+1","floor":37},{"not_picked":["Outmaneuver+1","Doppelganger","Prepared"],"picked":"SKIP","floor":39},{"not_picked":["Night Terror","All Out Attack+1"],"picked":"Calculated Gamble+1","floor":40},{"not_picked":["Calculated Gamble+1","Leg Sweep","All Out Attack+1"],"picked":"SKIP","floor":41},{"not_picked":["Dagger Throw+1","Endless Agony+1","Dagger Spray+1"],"picked":"SKIP","floor":45},{"not_picked":["Footwork","Crippling Poison","Backflip"],"picked":"SKIP","floor":46},{"not_picked":["Reflex","Blade Dance+1","Slice+1"],"picked":"SKIP","floor":48},{"not_picked":["Burst","Deadly Poison","Poisoned Stab+1"],"picked":"SKIP","floor":55}],"player_experience":1081873,"relics_obtained":[{"floor":7.0,"key":"Omamori"},{"floor":7.0,"key":"Lizard Tail"},{"floor":9.0,"key":"PreservedInsect"},{"floor":10.0,"key":"Tiny Chest"},{"floor":10.0,"key":"Ninja Scroll"},{"floor":11.0,"key":"Odd Mushroom"},{"floor":23.0,"key":"Molten Egg 2"},{"floor":23.0,"key":"StrikeDummy"},{"floor":26.0,"key":"Vajra"},{"floor":27.0,"key":"Regal Pillow"},{"floor":27.0,"key":"Nunchaku"},{"floor":30.0,"key":"Snake Skull"},{"floor":30.0,"key":"Ancient Tea Set"},{"floor":34.0,"key":"Happy Flower"},{"floor":34.0,"key":"Kunai"},{"floor":34.0,"key":"WingedGreaves"},{"floor":40,"key":"Girya"},{"floor":40,"key":"Bag of Marbles"},{"floor":41,"key":"Ice Cream"},{"floor":41,"key":"Mummified Hand"},{"floor":43,"key":"Bottled Tornado"},{"floor":46,"key":"Juzu Bracelet"},{"floor":46,"key":"Bird Faced Urn"},{"floor":47,"key":"Incense Burner"},{"floor":55,"key":"White Beast Statue"},{"floor":55,"key":"Strawberry"}],"event_choices":[{"cards_removed":["Defend_G"],"damage_healed":0.0,"max_hp_gain":0.0,"max_hp_loss":0.0,"gold_gain":0.0,"event_name":"The Cleric","player_choice":"Card Removal","floor":3.0,"gold_loss":75.0,"damage_taken":0.0},{"cards_removed":["Strike_G"],"damage_healed":0.0,"max_hp_gain":0.0,"max_hp_loss":0.0,"gold_gain":0.0,"event_name":"Golden Wing","player_choice":"Card Removal","floor":5.0,"gold_loss":0.0,"damage_taken":7.0},{"damage_healed":0.0,"max_hp_gain":0.0,"max_hp_loss":0.0,"gold_gain":150.0,"event_name":"Liars Game","player_choice":"AGREE","floor":8.0,"gold_loss":0.0,"damage_taken":0.0,"cards_obtained":["Doubt"]},{"damage_healed":0.0,"max_hp_gain":0.0,"max_hp_loss":0.0,"gold_gain":0.0,"event_name":"Mushrooms","player_choice":"Fought Mushrooms","floor":11.0,"gold_loss":0.0,"damage_taken":0.0},{"cards_removed":["Strike_G"],"damage_healed":0.0,"max_hp_gain":0.0,"max_hp_loss":0.0,"gold_gain":0.0,"event_name":"Beggar","player_choice":"Gave Gold","floor":19.0,"gold_loss":75.0,"damage_taken":0.0},{"damage_healed":0.0,"max_hp_gain":0.0,"max_hp_loss":0.0,"gold_gain":0.0,"event_name":"The Library","player_choice":"Read","floor":24.0,"gold_loss":0.0,"damage_taken":0.0,"cards_obtained":["Cloak And Dagger"]},{"damage_healed":0,"gold_gain":0,"cards_transformed":["Defend_G"],"player_choice":"Transformed","damage_taken":0,"max_hp_gain":0,"max_hp_loss":0,"event_name":"Transmorgrifier","floor":38,"gold_loss":0,"cards_obtained":["Setup"]},{"damage_healed":0,"gold_gain":0,"player_choice":"Fight","damage_taken":0,"max_hp_gain":0,"max_hp_loss":0,"event_name":"Mysterious Sphere","floor":47,"gold_loss":0}],"is_beta":false,"boss_relics":[{"not_picked":["Coffee Dripper","Ring of the Serpent"],"picked":"WristBlade"},{"not_picked":["Fusion Hammer","Philosopher\u0027s Stone"],"picked":"Calling Bell"}],"items_purged_floors":[13,36,54],"is_endless":false,"potions_floor_spawned":[1,2,14,16,18,21,22,27,35,37,41,47,48],"ascension_level":20}}